3970 6348
890 635 1411 811 DIVI
1601 633 2265 809 BRUN
2277 633 2604 810 ΟΝ
2612 635 2845 809 IS

1259 925 1908 984 CARTHUSIANORUM
1945 926 2432 985 lNSTITUTORIS

394 1135 1216 1284 OPERUM
1329 1135 1997 1286 TOMUS
2107 1136 2470 1284 SEU
2552 1133 3054 1284 PARS
3165 1131 3308 1284 ΙΙ

1660 1414 2061 1473 CONTINENS

614 1595 1385 1747 EXPOSITIONES
1473 1599 1579 1747 IN
1670 1597 2018 1748 OMNES
2108 1597 2683 1750 EPISTOLAS
2744 1599 3095 1750 PAULI

1253 1860 1769 1924 RECENSITUS
1813 1860 1920 1924 ET
1965 1861 2467 1924 EMENDATUS

206 2046 428 2108 Studio
461 2064 534 2108 ac
560 2046 775 2109 labore
804 2047 875 2108 P.
910 2048 1223 2111 Theodori
1253 2049 1525 2124 Perna-:1,
1563 2049 1970 2129 Campensis,
2033 2050 2428 2113 Coloniensis
2479 2049 2827 2111 Carthusiae
2884 2049 3153 2125 alumni;
3206 2048 3395 2129 idque
3441 2048 3521 2110 de

721 2155 1037 2217 voluntate
1068 2157 1583 2217 reverendissimi
1613 2157 1821 2217 Patris
1853 2157 2198 2235 generalis,
2233 2158 2423 2217 totius
2453 2156 2691 2217 ordinis
2719 2156 3009 2217 ministri.

1850 2346 1957 2416 Ego
1989 2348 2183 2400 autem
2210 2344 2360 2400 sicut
2388 2344 2535 2401 oliva
2561 2344 2871 2415 fructifera
2896 2343 2962 2398 in
2993 2342 3154 2399 domo
3185 2342 3305 2399 Dei.

2265 2441 2432 2513 (Psal.
2466 2457 2548 2511 LI,
2582 2458 2726 2497 vers.
2762 2440 2877 2510 to.)

1207 2802 1711 2867 VENERABILI
1752 2804 1836 2866 IN
1879 2801 2234 2866 CHRISTO
2279 2802 2527 2864 PATRI

1753 2984 1972 3029 DOMINO

982 3146 1536 3247 HEGTORI
1615 3147 2065 3246 HOENIO
2096 3207 2123 3260 ,
2206 3147 2753 3259 VITENSI,

451 3375 835 3438 Carthasim
870 3377 1275 3438 Trevirensis
1305 3378 1560 3455 Priori,
1595 3395 1674 3437 ac
1695 3378 2057 3455 provinciae
2085 3376 2302 3437 Rheni
2340 3375 2696 3437 Visitatori
2722 3372 3273 3454 prudentissimo.

260 3670 621 3742 Alphonsus,
672 3670 958 3743 Aragoniae
985 3687 1102 3741 rex,
1160 3678 1220 3726 ut
1247 3671 1332 3727 vir
1378 3679 1494 3727 erat
1540 3669 1734 3726 litteris
1780 3678 1834 3726 et
1879 3685 2070 3727 earum
2098 3670 2396 3727 cultoribus
2424 3670 2672 3742 apprime
2702 3670 2937 3737 deditus,
2970 3685 3095 3726 cum
3119 3669 3414 3743 aliquando
3442 3670 3514 3727 de

177 3769 575 3840 pretiosarum
628 3783 809 3823 rerum
851 3768 1073 3837 jactura
1115 3785 1300 3824 sermo
1330 3769 1642 3835 haberetur,
1686 3768 1983 3824 admodum
2029 3768 2331 3824 reverende
2360 3768 2416 3822 in
2463 3768 2681 3823 Christo
2711 3768 2888 3835 Pater,
2918 3775 3211 3839 persancte
3233 3766 3521 3824 afﬁrmavit

76 3866 89 3879 '
172 3867 340 3922 malle
371 3882 439 3922 se
471 3881 755 3939 gemmas,
788 3866 1017 3922 uniones
1047 3881 1113 3923 ac
1138 3866 1480 3939 margaritas,
1513 3881 1649 3938 quas
1689 3865 1905 3938 quidem
1935 3865 2249 3937 possidebat
2275 3865 2334 3920 in
2361 3881 2581 3921 omnem
2611 3873 2880 3921 terrarum
2920 3865 3111 3922 orbem
3139 3864 3518 3921 diffamatissi-

172 3980 318 4031 mas,
345 3980 530 4038 quam
561 3963 733 4018 libros
764 3963 1171 4036 qualescunque
1199 3963 1485 4020 amittere:
1514 3963 1773 4018 nimirum
1795 3963 2075 4033 judicabat
2102 3962 2273 4018 libros
2296 3979 2419 4019 esse
2448 3962 2795 4019 scientiarum
2827 3962 3046 4032 scrinia,
3062 3963 3366 4018 animorum
3379 3978 3517 4034 pas-

165 4078 293 4131 cua,
329 4063 609 4119 divorum
639 4061 879 4128 oracula;
909 4077 1011 4117 nec
1039 4060 1354 4117 damnosius
1382 4061 1661 4117 hominem
1691 4062 1761 4116 ab
1791 4062 1899 4117 ulla
1926 4077 1983 4117 re
2013 4076 2175 4133 quam
2203 4060 2352 4116 hisce
2383 4061 2608 4118 conchis
2636 4068 2689 4116 et
2719 4059 2998 4117 canalibus
3010 4059 3291 4132 sapientiae
3319 4061 3516 4117 abesse

164 4177 360 4232 posse.
426 4159 607 4230 Quod
639 4159 686 4215 si
742 4158 833 4215 ille
861 4174 964 4215 nec
992 4159 1272 4214 immensis
1303 4160 1497 4231 Opibus
1526 4159 1812 4216 aestimavit
1842 4174 2193 4232 quoscunque
2245 4158 2432 4227 libros,
2466 4158 2677 4214 nullum
2705 4158 2906 4232 quippe
2926 4158 3150 4214 rebatur
3176 4158 3314 4215 adeo
3342 4158 3514 4215 insul-

160 4276 283 4315 sum
306 4259 563 4331 reperiri
595 4257 727 4329 quin
756 4256 955 4313 micam
984 4257 1222 4329 aliquam
1253 4273 1401 4313 sanae
1431 4257 1693 4313 doctrinae
1725 4264 1957 4329 saperet;
1990 4264 2189 4329 quanto
2217 4256 2394 4328 pretio
2434 4256 2675 4327 pendant
2702 4263 2917 4328 oportet
2947 4254 3288 4311 Carthusiani
3327 4255 3504 4313 clien-

161 4369 245 4415 tes
277 4356 645 4415 sanctissimi
682 4356 1001 4428 patriarchze
1033 4355 1116 4411 sui
1146 4356 1439 4426 volumina,
1472 4356 1670 4428 quibus
1699 4356 1975 4429 religiosae
2003 4354 2356 4427 perfectionis
2384 4354 2629 4411 medulla
2660 4362 2714 4411 et
2741 4353 3018 4426 incognita
3048 4354 3143 4410 illa
3162 4352 3289 4410 ﬁliis
3319 4354 3507 4413 surculi

159 4458 462 4514 dulcitudo
496 4454 891 4513 concluditur?
919 4456 1046 4511 Hth
1074 4454 1318 4526 profecto
1350 4455 1648 4526 spiritualis
1676 4453 1900 4526 penaria
1929 4462 2072 4523 sunt,
2105 4454 2176 4509 ad
2205 4453 2451 4509 omnium
2476 4453 2821 4508 alumnorum
2857 4459 3162 4510 vestrorum
3192 4455 3502 4509 nec’essita-

156 4566 270 4613 tem
301 4558 389 4614 sic
422 4557 731 4621 instructa,
765 4561 818 4608 et
849 4568 1021 4610 sacrae
1051 4553 1535 4609 Carthusianorum
1563 4552 1781 4609 familiae
1809 4552 2047 4624 prOpria,
2080 4552 2260 4608 alieno
2289 4559 2348 4607 ut
2387 4559 2695 4607 commeatu
2722 4551 2857 4606 nihil
2885 4559 3065 4625 egeat,
3099 4550 3167 4606 iis
3194 4566 3328 4608 vero
3356 4550 3501 4607 defi-

156 4655 464 4721 cientibus,
502 4667 645 4707 mox
673 4658 983 4705 exterorum
1011 4650 1265 4706 ordinum
1294 4650 1590 4722 implorare
1619 4650 2006 4706 abundantiam
2050 4658 2361 4723 cogeretur.
2395 4651 2524 4707 Haec
2562 4648 2860 4705 domestica
2888 4648 3165 4718 viridaria,
3198 4665 3319 4721 quae
3348 4651 3501 4708 salu-

148 4754 439 4810 berrimas
470 4748 658 4823 aegris
688 4748 944 4820 sanisque
984 4748 1179 4804 animis
1225 4748 1426 4805 herbas
1466 4764 1532 4805 ac
1572 4749 1788 4806 radices
1815 4748 2190 4821 suppeditant.
2230 4748 2361 4805 Haec
2389 4748 2617 4821 vestigia
2646 4747 2911 4822 angelicae
2939 4746 3222 4817 doctrinae,
3253 4765 3417 4822 quam
3442 4758 3503 4808 ut

149 4851 417 4909 hmredes
452 4848 549 4904 sui
583 4854 965 4919 sequerentur,
998 4846 1345 4905 beatissimus
1374 4848 1553 4904 Bruno
1581 4848 1755 4903 tribus
1774 4857 1900 4920 post
1929 4863 1989 4903 se
2019 4847 2387 4903 monumentis
2417 4846 2799 4921 consignatam
2828 4845 3068 4919 reliquit.

217 4947 623 5007 Ulterioribus
672 4945 1027 5016 supersedeo;
1054 4945 1170 5014 jam
1197 4946 1343 5001 enim
1371 4946 1725 5018 conspicaris,
1788 4946 2118 5003 venerabilis
2143 4945 2201 5000 in
2247 4945 2463 5002 Christo
2508 4946 2684 5013 Pater,
2731 4961 2897 5018 quem
2933 4944 2989 5000 in
3032 4960 3260 5017 scopum
3302 4946 3499 5019 hujus-

150 5048 301 5104 modi
332 5063 369 5104 a
402 5061 505 5102 me
540 5042 972 5100 commemorari
1001 5051 1173 5115 coepta
1202 5043 1330 5111 sint,
1354 5044 1610 5100 videlicet
1636 5052 1694 5099 ut
1724 5044 1854 5099 satis
1884 5044 1979 5099 tibi
2010 5043 2212 5101 factum
2233 5044 2448 5114 judices
2477 5043 2731 5100 semestri
2748 5042 3014 5099 industria
3042 5059 3183 5111 mea,
3218 5043 3310 5117 qui
3339 5059 3504 5102 curas

149 5156 201 5204 et
231 5146 551 5205 facultates
586 5156 659 5198 eo
688 5140 913 5208 contuli,
947 5157 1056 5213 quo
1076 5140 1423 5197 haereditaria
1451 5140 1543 5197 illa
1573 5141 1858 5215 suppellex
1886 5158 2115 5214 Operum
2146 5142 2257 5199 divi
2294 5141 2619 5215 patriarchae
2649 5140 2818 5200 vestri
2845 5157 2877 5196 a
2902 5141 3131 5214 pulvere
3159 5156 3225 5199 ac
3245 5143 3503 5215 squalore

144 5262 403 5304 errorum
438 5241 687 5300 tandem
718 5240 1118 5312 detergeretur,
1152 5248 1205 5297 et
1225 5240 1471 5313 vestigia,
1505 5257 1627 5313 quae
1655 5240 1785 5310 dixi,
1820 5240 2060 5297 caelestis
2089 5241 2371 5310 doctrina),
2404 5258 2508 5297 usu
2537 5249 2588 5297 et
2618 5240 2879 5312 temporis
2908 5240 3260 5297 diuturnitate
3297 5258 3503 5314 prope-

142 5347 377 5402 modum
410 5342 641 5409 deleta,
678 5336 1052 5394 reformarem.
1084 5340 1262 5410 Atque
1291 5339 1410 5395 haec
1439 5338 1619 5395 omnia
1640 5339 1756 5395 zelo
1786 5339 2047 5395 excitatus
2097 5340 2162 5397 Β.
2198 5340 2257 5396 Ρ.
2293 5341 2381 5409 V.,
2433 5355 2555 5413 quae
2584 5354 2617 5395 a
2637 5338 2895 5411 praesenti
2948 5337 3165 5395 interitu
3206 5337 3505 5398 vindicavit

149 5444 203 5500 in
258 5437 666 5511 Lotharingia
716 5436 1053 5492 Carthusiam
1109 5436 1455 5505 Rutilanam;
1488 5437 1875 5494 Trevirensem
1908 5453 2042 5494 vero
2071 5454 2138 5509 ea
2167 5438 2445 5511 vigilantia
2473 5438 2754 5512 hucusque
2784 5444 2985 5508 tuetur,
3018 5436 3179 5494 citius
3206 5445 3265 5493 ut
3294 5440 3506 5511 Argum

149 5542 332 5610 fallas,
370 5555 557 5614 quam
594 5536 658 5591 in
687 5534 839 5591 illam
869 5535 982 5591 vitii
1010 5534 1195 5606 facies,
1227 5535 1531 5593 excubante
1562 5537 1797 5594 Hectore
1827 5537 2057 5606 Hoenio,
2091 5536 2315 5610 irrepat.

215 5641 358 5712 Quae
371 5653 518 5699 cum
551 5634 645 5691 ita
664 5632 790 5701 sint,
816 5633 958 5690 sicut
978 5633 1231 5691 dubitare
1257 5633 1426 5700 nolim
1446 5633 1579 5707 quin
1590 5633 1910 5692 clarissimis
1938 5634 2351 5707 utilissimisque
2378 5634 2583 5706 passim
2611 5632 2946 5691 facinoribus
2964 5633 3137 5706 ipsius
3165 5649 3358 5691 omnes
3376 5632 3509 5689 boni

375 5767 656 5823 ΡΑτιιοι..
689 5758 873 5817 CLIII.

3265 5761 3285 5813 1
