3970 6462
439 400 497 449 11
982 400 1036 450 S.
1079 393 1436 449 BRU‘NONIS
1475 392 2129 448 CARTHUSIANORUM
2175 389 2657 445 lNSTlTUTORlS
2698 389 2848 444 OPP.
2891 390 3068 444 PARS
3107 391 3173 443 ll.
3662 390 3728 441 12

431 519 733 590 nimiopere
762 518 1080 585 afﬁciantur,
1105 519 1174 573 ita
1204 528 1255 574 et
1287 519 1581 575 secundum
1613 520 1752 572 hunc
1783 526 1984 572 tomum
2014 516 2220 588 praefati
2253 517 2317 570 D.
2351 515 2637 584 anonis,
2669 531 2830 586 quem
2862 515 2930 569 ad
2960 514 3198 569 universi
3231 514 3287 568 S.
3317 511 3524 568 ordinis
3546 513 3720 568 vestri

435 617 856 673 emolumentum
895 617 1099 685 recudi,
1133 626 1185 672 et
1213 619 1278 672 R.
1312 619 1368 672 P.
1406 618 1467 672 V.
1503 616 1815 688 singulatim
1848 630 2162 686 nuncupare
2210 614 2385 669 visum
2433 622 2532 682 est,
2571 621 2782 685 gratum
2813 621 3163 685 optatumque
3209 612 3312 683 ipsi
3358 611 3725 667 obventurum

436 715 671 771 confido.
707 708 908 770 Valeat.

509 811 750 867 Coloniae
779 811 1030 884 Agripp.,
1065 809 1204 883 prid.
1241 809 1470 868 Kalend.
1507 812 1702 870 Octob.
1737 814 1894 866 1611.

1735 908 2078 964 Venerabilis
2108 908 2161 961 in
2192 906 2406 961 Christo
2492 907 2554 961 ll.
2585 907 2642 960 P.
2678 906 2740 960 V.

1956 1004 2326 1061 obscrvantiss
2339 1044 2352 1058 .

2301 1103 2638 1155 Banxannus
2669 1100 2972 1163 Guanam,
2999 1099 3132 1155 civis
3162 1107 3214 1155 et
3245 1101 3542 1174 bibliOpola

2745 1197 3104 1252 Coloniensis.

1375 1516 1758 1650 DIVI
1855 1511 2804 1649 BRUNONIS

749 1755 1600 1904 EXPOSITIO
1693 1752 1858 1894 IN
1966 1748 2792 1892 EPISTOLAS
2885 1746 3388 1890 PAULI.

1636 1990 1738 2086 So
1826 1985 2513 2083 HIERONYMI

1335 2225 1376 2279 ι
1437 2214 1872 2280 PR/EFATIO
1931 2213 2012 2273 IN
2067 2209 2521 2274 EPISTOLAS
2578 2209 2844 2271 PAULI.

523 2570 762 2625 Primum
793 2567 1050 2640 (ἱππίων
1080 2579 1246 2637 quam
1272 2570 1391 2634 Ροδί
1413 2560 1727 2633 Evangelia,
1763 2575 1880 2630 (lum
1903 2574 2034 2627 δυβ-
2055 2565 2112 2623 Α
2141 2571 2296 2642 quasi
2347 2571 2656 2625 destructor
2695 2568 2835 2641 legis
2886 2567 3020 2622 falsa
3071 2567 3378 2639 suspicione
3407 2567 3733 2633 habebatur,

450 2660 783 2731 plementum
830 2656 969 2727 legis
1016 2663 1155 2714 sunt,
1191 2661 1242 2706 et
1273 2652 1325 2705 in
1357 2651 1550 2722 quibus
1596 2649 1751 2703 nobis
1793 2645 2042 2715 exempla

451 2757 503 2803 et
546 2753 819 2818 praecepta
859 2744 1075 2799 vivendi
1107 2741 1417 2812 plenissime
1447 2739 1657 2810 digesta
1685 2744 1826 2802 sunt,
1853 2735 2041 2788 volue-

450 2835 515 2890 rit
537 2835 828 2906 Apostolus
850 2834 948 2886 has
969 2830 1237 2901 Epistolas
1251 2829 1318 2882 ad
1337 2827 1575 2900 singulas
1598 2822 2044 2880 Ecclesiasdesti-

453 2940 606 2978 nare.
658 2924 771 2976 Hac
819 2929 996 2975 autem
1045 2934 1208 2974 causa
1257 2917 1455 2971 factum
1486 2915 1714 2978 videtur,
1749 2922 1804 2966 ut
1837 2911 2043 2967 scilicet

462 3012 613 3066 initia
637 3010 908 3065 nascentis
947 3008 1226 3072 Ecclesiae,
1265 3005 1420 3060 novis
1446 3004 1627 3060 causis
1660 3001 2038 3066 existentibus,

454 3099 796 3172 praeveniret,
823 3106 874 3153 et
904 3105 962 3151 ut
989 3095 1277 3167 prmsentia
1315 3102 1477 3164 atque
1507 3091 1737 3146 orientia
1766 3097 2042 3144 resecaret

454 3188 601 3254 vitia;
635 3195 686 3242 et
713 3194 835 3258 post
865 3185 1065 3239 futuras
1083 3183 1392 3238 excluderet
1423 3180 1770 3252 quaestiones,
1793 3176 2042 3246 exemplo

453 3277 859 3348 prophetarum,
885 3273 973 3344 qui
1003 3281 1124 3343 post
1155 3272 1354 3327 editam
1401 3270 1580 3341 legem
1626 3267 1818 3338 Moysi,
1853 3267 1906 3319 in
1936 3281 2044 3337 qua

455 3365 635 3420 omnia
665 3363 762 3418 Dei
793 3362 1049 3417 mandata
1095 3361 1434 3432 legebantur,
1486 3357 1834 3412 nihilominus
1864 3363 2044 3408 tamen

453 3452 697 3508 doctrina
744 3466 840 3505 sua
887 3449 1125 3504 rediviva
1173 3463 1391 3517 semper
1436 3445 1620 3516 p0puli
1664 3458 2044 3514 compressere

453 3549 710 3612 peccata;
759 3547 810 3594 et
856 3547 1077 3609 propter
1123 3537 1428 3606 exemplum
1467 3533 1706 3598 vivendi,
1758 3533 1928 3585 libros
1976 3530 2043 3584 ad

453 3637 694 3684 nostram
742 3627 905 3682 etiam
974 3625 1290 3680 memoriam
1341 3623 1774 3677 transmiserunt.
1835 3619 2045 3674 Deinde

453 3717 708 3789 quaeritur
759 3731 853 3770 cur
879 3730 988 3769 non
1017 3712 1245 3782 amplius
1275 3727 1438 3783 quam
1467 3711 1657 3765 decem
1687 3708 1960 3778 Epistolas
1976 3707 2045 3761 ad

453 3804 730 3860 Ecclesias
759 3802 1054 3873 scripserit.
1090 3802 1291 3856 Decem
1321 3807 1444 3854 sunt
1486 3799 1649 3866 enim,
1683 3812 1807 3853 cum
1829 3811 1895 3851 ea
1925 3811 2046 3867 quae

451 3893 647 3949 dicitur
680 3892 749 3946 ad
788 3893 1068 3957 Hebrzeos;
1102 3906 1228 3945 nam
1257 3889 1477 3960 reliqum
1507 3895 1737 3958 quatuor
1777 3885 1845 3939 ad
1875 3885 2044 3940 disci-

453 3982 609 4053 pulos
630 3980 940 4052 specialiter
971 3987 1093 4034 sunt
1139 3985 1424 4050 porrectae.
1458 3977 1526 4032 Ut
1579 3975 1892 4030 ostenderet
1924 3974 2039 4028 No-

455 4086 582 4125 vum
634 4086 741 4124 non
799 4069 1113 4139 discrepare
1161 4083 1194 4122 a
1250 4065 1434 4121 Veteri
1490 4065 1852 4128 Testamento,
1902 4071 1953 4117 et
1984 4078 2041 4117 se

454 4165 638 4214 contra
685 4157 864 4230 legem
912 4173 1022 4212 non
1070 4156 1252 4211 facere
1282 4153 1472 4225 Moysi,
1507 4153 1576 4207 ad
1610 4167 1895 4205 numerum
1917 4151 2033 4222 pri-

454 4262 664 4302 morum
695 4246 955 4318 Decalogi
986 4245 1364 4299 mandatorum
1413 4257 1537 4295 suas
1568 4240 1841 4312 Epistolas
1869 4239 2040 4294 desti-

453 4336 620 4399 navit;
651 4343 700 4389 ct
732 4343 857 4406 quot
888 4334 979 4388 ille
1027 4332 1314 4404 praeceptis
1342 4347 1373 4385 a
1404 4332 1685 4385 Pharaone
1718 4328 1944 4382 instituit
1973 4329 2042 4382 1i-

453 4424 692 4491 beratos,
724 4423 945 4478 totidem
967 4421 1054 4477 hic
1075 4420 1331 4490 Epistolis
1361 4436 1391 4473 a
1421 4419 1620 4473 diaboli
1649 4425 1702 4472 et
1721 4417 2044 4473 idololatriae

455 4512 715 4568 servitute
765 4512 957 4567 edocet
1013 4509 1331 4580 acquisitos.
1389 4509 1528 4562 Nam
1577 4514 1630 4561 et
1676 4507 1810 4560 duas
1834 4507 2044 4560 tabulas

453 4601 716 4672 lapideas,
777 4601 1006 4655 duorum
1053 4605 1497 4652 testamentorum
1527 4595 1758 4666 figuram
1789 4596 2044 4650 habuisse

454 4689 557 4745 viri
672 4687 1017 4743 eruditissimi
1109 4685 1463 4741 tradiderunt.
1539 4685 1838 4754 Epistolam
1911 4700 2044 4739 sane

455 4794 576 4850 quae
602 4777 674 4832 ad
721 4777 981 4832 Hebr-eos
1020 4774 1292 4844 scribitur,
1334 4773 1554 4845 quidam
1602 4773 1753 4828 Pauli
1781 4789 1891 4828 non
1922 4789 2046 4828 esse

456 4865 744 4935 afﬁrmant,
803 4880 871 4919 eo
929 4863 1072 4935 quod
1131 4879 1237 4918 non
1290 4863 1354 4916 sit
1401 4863 1516 4930 ejus
1570 4862 1787 4918 nomine
1818 4862 2041 4928 titulata,

458 4963 511 5010 et
559 4962 781 5026 prOpter
829 4951 1095 5008 sermonis
1148 4951 1376 5023 stylique
1427 4951 1763 5006 distantiam:
1817 4950 1913 5006 sed
1958 4957 2048 5004 aut

458 5043 734 5108 Barnabas,
754 5042 903 5110 juxta
933 5039 1322 5095 Tertullianum
1352 5059 1365 5105 ;
1398 5048 1489 5094 aut
1507 5041 1683 5105 Lucae,
1701 5041 1855 5109 juxta
1885 5055 2049 5110 quos-

459 5131 606 5195 dam;
671 5129 756 5184 vel
806 5135 953 5184 certe
1001 5128 1310 5194 Clementis,
1359 5129 1608 5199 discipuli
1653 5127 2044 5198 apostolorum,

460 5226 513 5274 et
544 5217 784 5288 episcopi
806 5217 1063 5272 Romana:
1082 5216 1344 5272 Ecclesiae
1361 5225 1483 5287 post
1499 5217 1771 5287 apostolos
1793 5215 2044 5270 ordinati.

461 5306 668 5374 Quibus
712 5305 1149 5376 respondendum
1181 5315 1297 5360 est:
1333 5306 1389 5360 Si
1431 5314 1715 5376 propterea
1753 5303 1903 5358 Pauli
1941 5319 2050 5359 non

461 5393 576 5458 erit,
651 5393 774 5464 quia
848 5394 962 5462 ejus
1035 5411 1144 5450 non
1215 5394 1379 5449 habet
1442 5410 1661 5460 nomen,
1742 5408 1876 5463 ergo
1948 5409 2050 5447 nec

465 5482 694 5551 alicujus
738 5482 858 5547 erit,
911 5482 1033 5554 quia
1077 5483 1275 5537 nullius
1316 5483 1535 5537 nomine
1584 5480 1867 5547 titulatur;
1904 5481 2050 5552 quod

468 5571 515 5625 si
565 5571 950 5628 inconveniens
1016 5571 1420 5642 absurdumque
1464 5579 1564 5636 est,
1636 5571 1804 5641 ipsius
1871 5569 2049 5642 magis

467 5676 592 5716 esse
622 5661 969 5717 concedenda
991 5669 1092 5731 est,
1127 5677 1249 5733 quae
1278 5667 1424 5714 tanto
1454 5659 1716 5715 doctrinae
1747 5675 1858 5715 suae
1878 5659 2052 5731 fulget

466 5747 702 5822 eloquio.
755 5749 861 5806 Sed
915 5749 1173 5822 quoniam
1207 5748 1349 5819 apud
1390 5748 1742 5804 Hebrmorum
1781 5746 2053 5805 Ecclesias

2143 2660 2312 2713 voluit
2362 2659 2522 2713 tacito
2577 2658 2794 2712 nomine
2859 2657 2926 2711 de
2984 2656 3176 2728 ﬁguris
3221 2657 3358 2726 legis
3403 2664 3454 2711 et
3504 2656 3736 2711 veritate

2141 2748 2337 2801 Christi
2369 2747 2599 2800 reddere
2622 2747 2903 2806 rationem,
2929 2762 2996 2799 ne
3019 2746 3198 2798 odium
3222 2744 3454 2798 nominis
3484 2744 3537 2797 in
3557 2743 3736 2798 fronte

2142 2835 2471 2905 przetitulati,
2522 2835 2808 2888 utilitatem
2855 2833 3163 2887 excluderet
3203 2833 3470 2888 lectionis.
3498 2833 3620 2886 Non
3651 2840 3733 2886 est

2142 2939 2273 2977 sane
2318 2923 2516 2976 mirum
2548 2923 2591 2975 si
2613 2921 2955 2992 eloquentior
2999 2922 3244 2976 videatur
3273 2920 3328 2974 in
3381 2921 3624 2991 proprio,
3675 2920 3731 2975 id

2143 3020 2226 3066 est
2273 3011 2498 3065 l-Iebneo
2548 3026 2708 3081 quam
2741 3010 2793 3063 in
2843 3009 3153 3081 peregrino,
3204 3009 3258 3062 id
3303 3017 3385 3063 est
3429 3009 3481 3062 in
3513 3010 3727 3076 Graeco,

2143 3115 2251 3170 quo
2282 3107 2492 3154 craterae
2539 3097 2792 3168 Epistola:
2835 3106 2958 3150 sunt
2988 3098 3221 3168 scriptae.
3242 3112 3516 3151 sermone.
3554 3099 3734 3152 Movet

2143 3188 2304 3242 etiam
2335 3187 2601 3257 quosdam
2633 3201 2802 3257 quare
2833 3186 3194 3241 Romanorum
3216 3185 3456 3255 Epistola
3487 3185 3540 3238 in
3560 3185 3735 3255 primo

2144 3277 2212 3329 sit
2261 3275 2456 3346 posita,
2516 3291 2638 3330 cum
2688 3290 2810 3328 eam
2863 3291 2972 3328 non
3037 3274 3213 3344 primo
3276 3274 3534 3344 scriptam
3593 3272 3733 3328 ratio

2143 3363 2470 3418 manifestet.
2495 3364 2631 3416 Nam
2653 3364 2792 3418 hanc
2819 3379 2877 3417 se
2924 3362 3361 3432 proﬁciscentem
3408 3361 3732 3431 Hierosoly-

2143 3468 2286 3506 mam
2319 3451 2602 3521 scripsisse
2634 3460 2871 3517 testatur,
2905 3466 3025 3505 cum
3049 3450 3356 3504 Corinthios
3387 3459 3440 3504 et
3461 3450 3596 3503 alios
3619 3451 3736 3519 jam

2145 3549 2290 3605 ante,
2324 3548 2381 3594 ut
2427 3540 2781 3594 ministerium
2830 3539 2975 3609 quod
3010 3555 3194 3593 secum
3242 3547 3553 3608 portaturus
3593 3546 3734 3605 erat,

2145 3626 2486 3699 colligerent,
2519 3627 2708 3682 litteris
2736 3627 3048 3682 adhortatus
3093 3627 3178 3681 sit.
3213 3627 3319 3680 Sed
3351 3626 3475 3681 inde
3506 3627 3740 3700 intelligi

2147 3716 2369 3787 quidam
2424 3715 2607 3770 volunt
2655 3716 2723 3769 ita
2769 3732 2960 3769 omnes
3019 3715 3288 3786 Epistolas
3346 3715 3640 3780 ordinatas,
3681 3723 3742 3770 ut

2146 3805 2320 3874 prima
2350 3813 2658 3874 poneretur,
2691 3804 2938 3875 quamvis
2957 3804 3230 3874 posterior
3257 3803 3418 3857 fuerit
3443 3803 3736 3871 destinata,

2073 3901 2205 3975 But
2259 3910 2359 3963 per
2405 3893 2646 3965 singulas
2692 3893 2964 3962 Epistolas
3006 3893 3262 3963 gradibus
3293 3891 3360 3946 ad
3409 3891 3738 3962 perfectiora

2143 3981 2434 4036 veniretur.
2490 3982 2855 4036 Romanorum
2912 3995 3149 4051 namque
3203 3979 3450 4051 plerique
3499 3979 3574 4035 2
3627 3987 3740 4034 tam

2143 4069 2308 4124 rudes
2359 4077 2532 4138 erant,
2581 4077 2638 4123 ut
2683 4085 2792 4123 non
2832 4068 3202 4140 intelligerent
3249 4068 3350 4122 Dei
3399 4083 3458 4122 se
3482 4067 3656 4140 gratia
3686 4075 3741 4123 et

2143 4175 2253 4214 non
2284 4159 2396 4212 suis
2444 4157 2652 4212 meritis
2701 4173 2824 4212 esse
2854 4157 3106 4222 salvatos,
3142 4166 3187 4212 et
3215 4157 3284 4212 ob
3305 4158 3411 4212 hoc
3440 4156 3548 4210 duo
3597 4156 3742 4212 inter

2145 4263 2202 4301 se
2224 4246 2406 4317 p0puli
2436 4244 2826 4300 conﬂictarent.
2865 4245 3076 4300 Idcirco
3118 4245 3240 4300 illos
3269 4244 3514 4317 indigere
3545 4245 3742 4300 asserit

2145 4335 2366 4406 corrigi,
2447 4334 2576 4389 vitia
2631 4333 2944 4406 gentilitatis
3018 4333 3199 4404 priora
3279 4348 3739 4390 commemorans.

2147 4424 2453 4479 Corinthiis
2508 4430 2688 4478 autem
2729 4423 2844 4491 jam
2887 4421 3015 4477 dicit
3061 4420 3300 4476 scientia:
3357 4421 3583 4492 gratiam
3615 4437 3742 4477 esse

2145 4528 2481 4578 concessam,
2514 4519 2566 4565 et
2594 4527 2702 4566 non
2735 4519 2839 4564 tam
2892 4526 3081 4565 omnes
3129 4509 3390 4579 increpat,
3423 4526 3584 4581 quam
3639 4525 3743 4566 cur

2144 4608 2431 4671 peccantes
2459 4615 2567 4655 non
2611 4599 3033 4669 increpaverunt
3065 4598 3430 4669 reprehendit;
3464 4598 3601 4653 sicut
3630 4598 3738 4654 ait:

2145 4689 2389 4744 Auditur
2415 4691 2570 4743 inter
2592 4705 2679 4744 vos
2725 4688 3049 4758 fornicatio.
3093 4689 3157 4742 Et
3207 4687 3402 4742 iterum
3438 4701 3450 4740 :
3488 4687 3734 4758 Congre-

2143 4779 2290 4849 gatis
2325 4778 2470 4833 vobis
2517 4793 2645 4832 cum
2682 4793 2802 4834 meo
2854 4777 3085 4848 spiritu,
3144 4776 3366 4830 tradere
3414 4776 3740 4846 hujusmodi

2144 4867 2391 4920 Satanae.
2425 4866 2485 4919 In
2526 4865 2787 4931 secunda,
2811 4881 2941 4920 vero
2973 4864 3235 4919 Corinthii
3266 4863 3566 4929 laudantur,
3599 4873 3654 4918 et
3681 4872 3742 4920 ut

2144 4953 2323 5023 magis
2353 4969 2418 5010 ac
2474 4954 2654 5026 magis
2709 4952 2990 5024 proﬁciant
3037 4960 3467 5019 commonentur,
3525 4954 3743 5009 Galatae

2147 5058 2278 5097 vero
2302 5043 2416 5111 jam
2451 5043 2649 5096 nullius
2695 5041 2938 5096 criminis
2985 5049 3306 5114 arguuntur,
3358 5041 3463 5095 nisi
3492 5041 3597 5097 hoc
3621 5049 3742 5096 tan-

2147 5138 2279 5198 tum,
2314 5130 2458 5201 quod
2493 5129 2857 5186 callidissimis
2883 5129 3352 5200 pseudoapostolis
3374 5128 3741 5184 crediderunt.

2148 5218 2372 5290 Ephesii
2420 5235 2551 5274 sane
2597 5218 2747 5273 nulla
2776 5218 3222 5289 reprehensione,
3257 5217 3353 5271 sed
3383 5216 3552 5271 multa
3584 5217 3746 5273 laude

2150 5315 2274 5360 sunt
2317 5307 2487 5380 digni,
2546 5307 2669 5379 quia
2727 5305 2887 5362 ﬁdem
2943 5305 3298 5378 apostolicam
3362 5313 3742 5360 servaverunt.

2150 5396 2539 5467 Philippenses
2578 5395 2734 5450 etiam
2782 5395 2953 5450 multo
2999 5394 3175 5467 magis
3213 5394 3610 5461 collaudantur,
3644 5394 3742 5465 qui

2149 5499 2252 5539 nec
2281 5484 2471 5539 audire
2500 5484 2718 5555 quidem
2749 5483 2917 5539 falsos
2945 5483 3219 5555 apostolos
3249 5482 3553 5538 voluerunt.
3581 5482 3748 5538 Thes-

2149 5573 2528 5628 salonicenses
2557 5571 2907 5627 nihilominus
2937 5571 2993 5625 in
3041 5571 3254 5626 duabus
3310 5569 3566 5641 Epistolis
3593 5569 3746 5624 omni

2149 5659 2310 5715 laude
2338 5661 2701 5732 prosequitur,
2727 5676 2793 5716 eo
2839 5660 2984 5732 quod
3014 5675 3125 5715 non
3151 5658 3327 5715 solum
3356 5657 3518 5714 ﬁdem
3547 5657 3748 5714 incon-

2153 5763 2370 5804 cussam
2428 5749 2764 5807 servaverint
2820 5748 3082 5806 veritatis.
3147 5748 3246 5805 sed
3307 5746 3468 5803 etiam
3507 5745 3564 5802 in
3609 5762 3749 5816 per-
