3970 6458
198 394 254 444 13
326 435 335 444 .
679 384 1054 440 EXPOSITIO
1095 386 1168 438 ΙΝ
1207 384 1586 440 EPISTOLAS
1628 384 1852 439 PAULI.
1884 414 1952 424 —
1983 383 2285 440 PROLOG.
2328 386 2400 439 IN
2438 387 2653 442 EPIST.
2696 387 2790 440 AD
2823 385 2993 442 ROM.
3423 391 3491 442 14

205 510 464 568 secutione
512 510 712 566 civium
745 510 942 565 fuerint
977 517 1290 565 constantes
1333 509 1555 565 inventi.
1607 509 1788 566 Colos—
1806 511 1862 570 A
1889 509 1958 564 Et
1982 527 2072 565 vos
2086 513 2299 580 fratres
2322 511 2641 566 imitatores
2663 513 2808 582 facti
2831 511 2970 567 estis
2991 511 3375 568 Ecclesiarum
3389 512 3488 566 Dei

204 617 377 658 senses
408 608 593 655 autem
625 601 756 654 tales
782 608 956 666 erant,
1010 609 1086 666 ut,
1120 616 1241 655 cum
1275 599 1342 652 ab
1391 599 1651 669 Apostolo
1683 598 1784 652 visi

205 688 548 760 corporaliter
576 706 685 744 non
715 689 974 755 fuissent,
1011 689 1112 744 hac
1144 689 1305 743 laude
1338 689 1488 760 digni
1519 688 1786 743 haberen-

203 788 296 834 tur.
324 780 442 834 Etsi
463 795 711 851 corpore,
733 778 922 850 inquit,
942 780 1140 835 absens
1173 795 1318 844 sum,
1343 779 1436 832 sed
1464 778 1674 849 spiritu
1702 794 1786 834 υθ-

204 869 402 924 biscum
433 884 582 934 sum,
626 869 894 938 gaudens,
931 873 984 923 et
1025 868 1219 924 videns
1249 868 1505 923 ordinem
1535 870 1788 922 vestrum

209 957 396 1027 (Calas.
432 973 492 1026 ιι,
521 959 597 1026 5).
659 959 738 1012 De
768 958 1008 1014 Hebraeis
1041 973 1172 1012 vero
1203 957 1333 1028 quid
1361 956 1651 1011 dicendum
1685 963 1785 1022 est,

202 1061 416 1117 quorum
499 1047 1038 1113 Thessalonicenses,
1088 1047 1180 1118 qui
1234 1045 1522 1117 plurimum
1589 1044 1789 1100 laudati

199 1142 334 1204 sunt,
367 1134 668 1191 imitatores
698 1135 820 1192 facti
851 1152 974 1192 esse
1005 1135 1278 1192 dicuntur.
1331 1135 1480 1191 Sicut
1511 1133 1630 1206 ipse
1660 1133 1737 1189 ait
1769 1150 1782 1189 :

1894 616 2015 671 quia
2036 604 2172 654 sunt
2202 601 2264 655 in
2287 600 2481 655 Iudaea
2500 620 2518 654 :
2541 601 2733 655 eadem
2751 603 2906 656 enim
2924 602 3078 673 passi
3098 603 3234 657 estis
3264 605 3321 657 et
3341 617 3434 657 vos
3455 617 3490 656 α

1893 689 2304 744 contribulibus
2323 691 2548 754 vestris,
2575 706 2696 761 qua:
2717 691 2879 744 etilli
2898 707 2934 745 a
2969 689 3217 746 Iudaeis?
3248 690 3296 759 (Ι
3330 689 3485 745 Thes.

1890 792 1950 847 ιι,
1989 778 2066 846 1.)
2088 777 2247 848 Apud
2289 777 2440 848 ipsos
2470 793 2687 850 quoque
2729 778 2991 834 Hebraeos
3022 779 3214 834 eadem
3241 794 3490 834 comme-

1890 874 2082 931 morat,
2108 865 2295 921 dicens
2317 886 2334 922 :
2356 867 2498 922 Nam
2528 870 2584 922 et
2606 867 2814 922 vinctis
2844 870 3292 940 co-mpassiestis,
3325 873 3380 924 et
3397 885 3490 924 ra-

1885 956 2088 1026 pinam
2102 956 2374 1012 bonorum
2404 959 2722 1011 vestrorum
2748 972 2878 1012 cum
2901 957 3102 1028 gaudio
3136 958 3485 1030 suscepistis,

1891 1049 2291 1115 cognoscentes
2334 1060 2428 1100 vos
2477 1046 2676 1101 habere
2715 1046 3010 1102 meliorem
3054 1050 3110 1102 et
3157 1051 3489 1104 manentem

1893 1135 2276 1190 substantiam
2307 1135 2491 1202 (Hebr.
2524 1148 2582 1201 x,
2619 1136 2731 1205 34).

817 1418 1223 1484 PROLOGUS
1267 1419 1658 1483 SPECIALIS
1699 1419 1781 1483 IN
1824 1417 2264 1482 EPISTOLAM
2307 1419 2412 1482 AD
2455 1418 2850 1484 ROMANOS.

263 1605 489 1662 Romani
518 1613 642 1661 sunt
671 1607 759 1678 qui
791 1624 854 1662 ex
894 1607 1099 1662 Judaais
1129 1616 1181 1663 et
1228 1607 1483 1680 gentibus
1528 1605 1786 1664 credide-
1806 1609 1859 1668 B
1891 1623 2110 1677 semper
2158 1606 2214 1660 in
2262 1606 2482 1662 deserto
2523 1614 2713 1662 contra
2740 1607 3029 1662 Dominum
3058 1609 3441 1664 murmurastis
3478 1625 3490 1665 :

195 1703 331 1750 runt.
364 1695 430 1750 Hi
463 1696 700 1767 superba
729 1697 1075 1752 contentione
1105 1698 1362 1752 volebant
1391 1713 1451 1752 se
1472 1697 1790 1753 alterutrum

196 1801 528 1856 supponere.
569 1785 706 1840 Nam
737 1786 908 1842 Judaei
938 1787 1190 1842 dicebant
1215 1804 1227 1842 :
1260 1789 1375 1843 Nos
1399 1806 1584 1843 sumus
1611 1803 1789 1860 popu-

195 1872 276 1927 lus
304 1873 424 1942 Dei,
459 1889 599 1945 quos
627 1875 696 1928 ab
741 1875 894 1930 initio
923 1875 1109 1930 dilexit
1145 1885 1199 1932 et
1227 1877 1377 1946 fovit,
1409 1893 1511 1933 nos
1551 1878 1790 1934 circum-

195 1962 290 2018 cisi
333 1979 400 2018 ex
462 1979 669 2035 genere
719 1963 1009 2032 Abraham,
1070 1974 1257 2022 sancta
1309 1966 1696 2023 descendimus
1725 1983 1792 2023 ex

197 2051 382 2122 stirpe,
444 2060 497 2106 et
544 2061 702 2107 notus
731 2061 879 2108 retro
921 2055 1063 2125 apud
1090 2055 1330 2111 Judaeam
1379 2064 1584 2111 tantum
1622 2058 1789 2112 Deus.

191 2141 303 2195 Nos
331 2141 402 2196 de
423 2141 661 2213 Egypto
684 2141 856 2212 signis
877 2144 975 2198 Dei
1006 2152 1058 2198 et
1077 2145 1364 2200 virtutibus
1385 2145 1618 2213 liberati,
1639 2162 1793 2202 mare

194 2229 338 2285 sicco
391 2231 846 2301 pertransivimus
903 2233 1064 2303 pede,
1095 2249 1218 2289 cum
1276 2233 1525 2291 inimicos
1575 2242 1794 2290 nostros

191 2318 507 2390 gravissimi
552 2319 747 2376 fluctus
795 2320 1154 2377 involverent.
1201 2323 1374 2378 Nobis
1421 2323 1556 2394 pluit
1599 2339 1795 2379 manna

191 2408 461 2462 Dominus
493 2408 547 2463 in
595 2409 832 2474 deserto,
867 2418 918 2465 et
966 2411 1118 2482 quasi
1149 2409 1275 2466 ﬁliis
1307 2413 1418 2467 suis
1446 2413 1668 2468 caeleste
1697 2429 1795 2485 pa-

192 2495 377 2550 bulum
404 2497 753 2553 ministravit.
814 2500 928 2554 Nos
965 2499 1054 2555 die
1102 2508 1374 2572 noctuque
1430 2501 1485 2556 in
1541 2502 1797 2558 columna

192 2585 354 2640 nubis
399 2586 660 2658 ignisque
708 2589 1005 2658 praecessit,
1067 2597 1125 2643 ut
1177 2589 1336 2645 nobis
1398 2591 1453 2644 in
1501 2590 1648 2646 invio
1694 2591 1798 2646 iter

189 2675 525 2730 ostenderet.
561 2679 757 2747 Atque,
783 2685 840 2730 ut
875 2685 1072 2732 caetera
1102 2678 1217 2746 ejus
1238 2679 1382 2734 circa
1410 2696 1510 2735 nos
1532 2680 1796 2735 immensa

189 2761 461 2819 beneficia
491 2772 794 2831 taceamus,
826 2781 926 2820 nos
957 2765 1057 2821 soli
1084 2766 1235 2840 digni
1257 2767 1455 2823 fuimus
1485 2769 1586 2824 Dei
1616 2769 1794 2842 legem

189 2851 466 2922 accipere,
505 2861 562 2908 et
610 2869 801 2909 vocem
834 2854 934 2909 Dei
984 2855 1255 2927 loquentis
1305 2857 1509 2923 audire,
1570 2859 1797 2929 ejusque

1891 1696 1961 1750 ad
1990 1696 2298 1768 Egyptum,
2334 1696 2478 1750 unde
2510 1711 2609 1751 vos
2639 1712 2800 1750 manu
2817 1696 2994 1752 valida
3023 1697 3276 1769 ejecerat,
3309 1698 3493 1754 redire

1891 1785 2190 1856 cupientes.
2226 1784 2369 1854 Quid
2399 1785 2553 1856 plura
2573 1786 2601 1840 7
2632 1786 2711 1840 Ita
2732 1793 2919 1856 patres
2949 1787 3117 1843 vestri
3147 1788 3341 1843 crebra
3371 1803 3496 1859 pro-

1892 1873 2176 1930 vocatione
2251 1873 2546 1928 Dominum
2619 1873 3006 1942 irritaverunt,
3064 1883 3122 1930 ut
3191 1891 3386 1931 omnes
3441 1877 3497 1930 in

1894 1978 2080 2018 eremo
2127 1970 2490 2029 morerentur,
2542 1977 2644 2018 nec
2684 1962 2807 2034 plus
2837 1980 2904 2019 ex
2952 1963 3259 2020 senioribus
3307 1980 3498 2021 eorum

1895 2068 2057 2123 quam
2089 2051 2216 2120 {duo
2262 2051 2511 2107 homines
2566 2059 2772 2107 terram
2829 2053 3273 2124 repromissionis
3327 2053 3506 2109 intra-

1895 2147 2036 2194 rent.
2071 2140 2179 2195 Sed
2226 2140 2354 2212 quid
2402 2141 2624 2213 antiqua
2678 2140 3024 2213 replicamus,
3084 2159 3227 2209 cum,
3284 2143 3496 2199 etiamsi

1894 2227 1984 2283 illa
2013 2229 2234 2285 minime
2265 2228 2555 2299 fecissetis,
2589 2231 2658 2286 de
2681 2231 2787 2286 hoc
2834 2231 2952 2287 solo
2980 2247 3143 2288 nemo
3172 2248 3272 2288 vos
3300 2233 3498 2303 dignos

1896 2317 2057 2374 venia
2081 2318 2347 2387 judicaret
2378 2319 2524 2390 quod
2555 2319 2844 2374 Dominum
2875 2320 3169 2388 Christum,
3201 2321 3500 2393 propheta-

1903 2423 2027 2460 rum
2055 2423 2272 2478 semper
2301 2407 2458 2462 vobis
2486 2408 2712 2464 vocibus
2741 2409 3153 2480 repromissum,
3183 2425 3292 2465 non
3324 2410 3500 2466 solum

1903 2495 2185 2566 suscipere
2213 2496 2482 2567 noluistis,
2526 2498 2623 2552 sed
2673 2498 2836 2553 etiam
2884 2507 3056 2555 morte
3099 2501 3341 2571 pessima
3367 2517 3502 2571 per-

1899 2584 2108 2639 emistis
2120 2585 2148 2639 ?
2163 2585 2339 2653 Quem
2355 2593 2413 2640 ut
2429 2602 2530 2641 nos
2551 2587 2931 2660 cognovimus,
2948 2588 3130 2642 statim
3147 2589 3500 2658 credidimus,

1900 2690 2023 2728 cum
2057 2674 2216 2729 nobis
2247 2675 2316 2729 de
2345 2690 2412 2730 eo
2440 2683 2597 2730 antea
2617 2691 2728 2731 non
2758 2675 2918 2732 fuerit
2945 2677 3325 2747 praedicatum.
3348 2679 3504 2734 Unde

1900 2763 2165 2832 probatur
2193 2764 2358 2834 quod,
2384 2763 2429 2818 si
2460 2764 2620 2819 idolis
2644 2765 2989 2832 servivimus,
3014 2783 3123 2822 non
3155 2767 3506 2822 obstinationi

1901 2851 2117 2917 mentis,
2153 2851 2252 2906 sed
2293 2851 2620 2924 ignorantiae
2659 2853 3051 2926 deputandum.
3093 2853 3198 2924 Qui
3229 2855 3375 2911 enim
3405 2871 3505 2912 co-

187 2953 534 3010 cognoscere
558 2941 906 2997 voluntatem.
939 2943 1000 2997 In
1021 2959 1129 3015 qua
1147 2943 1274 3017 lege
1293 2945 1453 3000 nobis
1493 2947 1798 3018 promissus
1825 2973 1871 3034 Ο
1899 2939 2114 3013 gnitum
2168 2939 2312 2996 illico
2368 2941 2668 3012 SCQUimUI‘,
2715 2943 2846 2998 olim
2889 2944 3076 3016 utique
3123 2961 3502 3017 sequeremur,

189 3035 270 3082 est
301 3029 576 3099 Christus,
611 3031 682 3084 ad
712 3046 850 3102 quos
897 3031 1058 3086 etiam
1088 3031 1206 3103 ipse
1236 3049 1297 3088 se
1327 3034 1547 3090 venisse
1577 3042 1804 3090 testatus

187 3123 288 3181 est,
316 3117 514 3173 dicens
561 3133 574 3172 :
603 3120 723 3174 Non
744 3121 873 3176 veni
918 3121 1035 3176 nisi
1062 3122 1134 3176 ad
1163 3138 1287 3177 oves
1335 3139 1457 3195 qua:
1506 3126 1805 3196 perierant

187 3204 386 3262 domus
420 3207 604 3262 Israel
626 3208 987 3279 (Matth.)xv,
1010 3212 1104 3281 24)
1129 3229 1142 3277 ;
1167 3226 1290 3266 cum
1311 3227 1409 3266 vos
1443 3227 1605 3268 canes
1625 3213 1804 3284 potius

187 3309 352 3364 quam
405 3295 666 3351 homines
724 3297 1098 3368 appellaverit.
1134 3300 1436 3372 Equumne
1467 3317 1603 3373 ergo
1637 3310 1720 3357 est
1749 3309 1805 3356 ut

185 3381 334 3437 idola
363 3384 537 3439 hodie
581 3385 921 3452 deserentes,
959 3387 1156 3457 quibus
1187 3389 1258 3443 ab
1287 3389 1440 3444 initio
1460 3389 1802 3457 deservistis,

186 3471 346 3526 nobis
379 3474 790 3545 comparemini
822 3483 913 3542 ;et
954 3491 1063 3531 non
1093 3477 1270 3548 potius
1301 3478 1354 3532 in
1401 3479 1806 3551 proselytorum

184 3558 365 3616 locum
398 3578 470 3617 ex
502 3563 651 3634 legis
703 3563 1022 3620 auctoritate
1076 3573 1128 3620 et
1158 3567 1551 3623 consuetudine
1582 3569 1810 3640 depute-

182 3649 365 3706 mini?
397 3652 475 3706 Et
539 3653 648 3707 hoc
691 3652 869 3724 ipsum
919 3669 1028 3708 non
1081 3655 1458 3724 merebamini,
1518 3657 1622 3712 nisi
1677 3658 1806 3730 quia

184 3737 339 3812 larga
379 3756 616 3812 semper
645 3741 745 3796 Dei
793 3742 1081 3799 clementia
1119 3744 1288 3800 voluit
1330 3761 1428 3801 vos
1473 3747 1542 3801 ad
1563 3755 1803 3803 nostram

183 3823 556 3885 imitationem
624 3830 926 3887 admittere.
994 3831 1200 3889 Gentes
1264 3834 1424 3889 etiam
1500 3836 1804 3891 econtrario

184 3918 646 3987 respondebant:
696 3918 910 3987 Quanto
957 3921 1102 3975 enim
1149 3923 1359 3992 majora
1400 3939 1536 3996 erga
1569 3940 1666 3980 vos
1703 3925 1805 3980 Dei

178 4001 460 4062 beneficia
509 4007 888 4078 narraveritis,
938 4016 1088 4065 tanto
1135 4011 1360 4081 majoris
1409 4027 1508 4068 vos
1561 4014 1804 4071 criminis

182 4111 312 4151 reos
363 4112 500 4152 esse
554 4097 950 4152 monstrabitis.
1006 4099 1237 4170 Semper
1264 4100 1407 4155 enim
1436 4102 1521 4157 his
1553 4104 1804 4160 omnibus

185 4184 489 4240 cxstitistis
522 4185 743 4258 ingrati.
777 4187 915 4241 Nam
945 4187 1078 4258 ipsis
1106 4189 1340 4260 pedibus
1367 4191 1564 4261 quibus
1595 4193 1804 4248 aridum

177 4289 332 4328 mare
363 4274 675 4344 transistis,
709 4275 977 4331 ludebatis
1009 4285 1131 4333 ante
1160 4277 1306 4333 idola
1335 4297 1456 4351 quae
1487 4279 1720 4348 fecistis;
1754 4291 1802 4340 et

1907 3029 1953 3084 si
1985 3036 2150 3084 antea
2196 3030 2670 3100 cognovissemus.
2723 3032 2812 3088 Sic
2835 3040 3019 3088 autem
3067 3048 3165 3090 vos
3195 3033 3262 3089 de
3284 3034 3507 3106 generis

1904 3116 2184 3173 nobilitate
2205 3118 2442 3187 jactatis,
2477 3120 2635 3192 quasi
2667 3135 2778 3177 non
2806 3137 3024 3177 morum
3071 3121 3297 3179 imitatio
3325 3123 3508 3196 magis

1905 3222 2068 3278 quam
2098 3207 2337 3263 carnalis
2366 3208 2618 3264 nativitas
2648 3207 2788 3264 ﬁlios
2828 3226 2926 3266 vos
2949 3210 3113 3268 faciat
3128 3228 3252 3269 esse
3280 3219 3506 3268 sancto-

1909 3310 2047 3349 rum.
2105 3295 2354 3367 Denique
2398 3297 2550 3352 Esau
2580 3305 2633 3352 et
2682 3299 2878 3356 Ismael
2919 3315 3044 3356 cum
3074 3300 3144 3356 de
3190 3300 3359 3373 stirpe
3401 3300 3510 3355 sint

1905 3383 2140 3439 Abrahae
2167 3427 2180 3451 ,
2233 3385 2458 3440 minime
2516 3394 2698 3441 tamen
2753 3387 2809 3442 in
2857 3386 2980 3443 filiis
3036 3396 3378 3460 reputantur.
3411 3389 3509 3446 His

1908 3470 2086 3527 taliter
2109 3472 2513 3541 altercantibus,
2547 3475 2844 3546 Apostolus
2875 3493 2936 3532 se
2982 3477 3223 3532 medium
3269 3479 3510 3550 interpo-

1906 3576 2064 3626 nens,
2100 3561 2170 3616 ita
2226 3563 2462 3633 partium
2511 3563 2716 3618 dirimit
2763 3565 3116 3636 quaestiones,
3167 3574 3227 3621 ut
3255 3574 3508 3622 neutrum

1906 3664 2096 3704 eorum
2127 3666 2225 3705 sua
2260 3651 2470 3720 justitia
2498 3652 2728 3708 salutem
2760 3654 3027 3710 meruisse
3056 3653 3362 3721 conﬁrmet,
3385 3671 3508 3711 am-

1907 3736 2006 3791 bos
2034 3753 2168 3794 vero
2197 3739 2431 3810 pupulas
2463 3747 2518 3795 et
2548 3741 2784 3798 scienter
2812 3749 2866 3798 et
2896 3743 3142 3816 graviter
3169 3743 3467 3816 deliquisse
3493 3763 3506 3800 :

1905 3825 2122 3882 Iudaeos
2187 3829 2405 3899 quidem
2459 3831 2603 3901 quod
2647 3847 2748 3902 per
2806 3832 3319 3902 praevaricationem
3366 3833 3507 3906 legis

1905 3915 2081 3970 Deum
2106 3916 2553 3974 inhonoraverint
2575 3937 2590 3986 ;
2623 3927 2818 3993 gentes
2839 3937 2973 3976 vero
2991 3923 3159 3993 quod,
3184 3939 3305 3978 cum
3322 3923 3504 3994 cognio

1905 4010 2016 4057 tum
2046 4004 2115 4059 de
2145 4015 2390 4062 creatura
2411 4008 2726 4064 Creatorem
2749 4017 2807 4064 ut
2833 4011 3008 4066 Deum
3030 4011 3321 4067 debuerint
3340 4027 3506 4068 vene-

1906 4093 2031 4162 rati,
2087 4094 2320 4164 gloriam
2370 4097 2484 4164 ejus
2514 4097 2570 4151 in
2591 4114 2754 4153 manu
2799 4097 2942 4155 facta
2973 4101 3303 4157 mutaverint
3334 4099 3507 4156 simu-

1906 4180 2052 4236 lacra
2077 4199 2090 4236 :
2121 4191 2379 4256 utrosque
2408 4185 2589 4253 etiam,
2614 4186 2864 4243 similiter
2912 4188 3128 4244 veniam
3159 4197 3505 4256 consecutos,

1906 4270 2147 4342 aequales
2177 4289 2300 4328 esse
2331 4275 2688 4330 veracissima
2735 4276 2948 4332 ratione
2977 4277 3334 4346 demonstrat,
3366 4295 3510 4350 prae-

176 4361 301 4434 ipso
331 4379 433 4419 ore
466 4379 586 4435 quo
617 4363 781 4434 paulo
825 4372 951 4421 ante
999 4366 1069 4421 ob
1127 4383 1318 4422 necem
1354 4334 1803 4427 adversariorum
1825 4334 1878 4397 Β
1906 4375 1996 4414 561‘
2002 4359 2097 4414 lim
2141 4377 2266 4416 cum
2293 4362 2350 4417 in
2393 4364 2584 4419 eadem
2605 4365 2729 4438 lege
2773 4365 3097 4437 Ρτεὲάίοίυῐη
3125 4374 3180 4422 ει
3206 4367 3427 4423 Indicos
3456 4374 3511 4423 εί

177 4452 421 4507 Domino
455 4453 850 4519 cantaveratis,
899 4454 1194 4510 simulacra
1241 4456 1397 4512 vobis
1431 4457 1549 4513 fieri
1603 4459 1674 4516 3
1711 4477 1804 4532 po-

174 4540 462 4610 poscistis.
522 4540 640 4595 Illis
689 4541 860 4598 oculis
909 4544 1106 4613 quibus
1160 4546 1474 4602 venerando
1516 4547 1691 4603 Deum
1748 4549 1804 4604 in

175 4630 322 4685 nube
373 4629 472 4686 vel
503 4630 641 4701 igne
689 4631 1007 4702 conspicere
1054 4633 1330 4704 solebatis,
1384 4635 1677 4694 simulacra
1721 4639 1804 4694 in-

179 4718 514 4775 tuebamini.
579 4720 779 4775 Manna
836 4737 1062 4794 quoque
1109 4723 1266 4779 vobis
1313 4723 1533 4780 fastidio
1588 4725 1704 4795 fuit,
1750 4736 1804 4783 et

1902 4455 2098 4520 gentes
2154 4450 2226 4504 ad
2275 4451 2475 4507 Christi
2523 4451 2689 4508 ﬁdem
2729 4455 3011 4510 vocandos
3058 4471 3183 4512 esse
3213 4455 3506 4523 ostendat;

1905 4537 2267 4608 quamobrem
2314 4540 2559 4597 vicissim
2603 4557 2700 4599 eos
2747 4543 3058 4613 bumilians,
3108 4544 3180 4599 ad
3222 4559 3415 4617 pacem
3454 4551 3508 4601 et

1903 4627 2255 4683 concordiam
2295 4629 2640 4687 cohortatur.

1588 4853 2105 4913 ARGUMENTUM.

245 4944 494 5024 Romani
530 4951 660 4998 sunt
689 4944 861 5024 partis
892 4945 1077 5000 Italiae.
1111 4947 1485 5024 Hipraeventi
1504 4958 1626 5004 sunt
1657 4967 1690 5005 a
1722 4951 1874 5008 falsis
1904 4954 2194 5024 apostolis,
2229 4963 2282 5011 et
2312 4956 2412 5011 sub
2442 4957 2662 5014 nomine
2702 4959 2920 5018 Domini
2979 4963 3153 5020 nostri
3181 4965 3312 5023 Jesu
3345 4966 3504 5023 Chrid

177 5015 240 5094 sti
273 5017 326 5070 in
351 5018 576 5106 legent,
596 5024 648 5071 et
677 5015 969 5106 prophetas!
1003 5026 1158 5071 erant
1173 5015 1408 5106 inducti.
1446 5022 1796 5106 llos‘revoclat
1825 5015 2118 5106 Apostolus
2147 5015 2215 5081 ad
2247 5044 2429 5083 veram
2478 5037 2532 5085 et
2576 5015 2954 5104 evangelicam
2980 5015 3164 5092 fidem
3183 5015 3506 5106 ,iscri'b'ens

178 5086 258 5141 eis
286 5103 318 5142 a
349 5086 657 5154 Corintho,
689 5086 791 5158 per
819 5089 1079 5156 Phoeben,
1112 5089 1414 5146 ministram
1443 5092 1707 5150 Ecclesiae
1736 5086 2121 5153 Cenchrensis.

179 5246 3188 5280 —___———_________.____________________

1109 5407 1710 5515 PROLOGUS
1779 5430 1880 5517 B.
1973 5432 2580 5522 BRUNONIS.

241 5608 446 5664 Paulus
476 5607 736 5663 nondum
765 5608 991 5665 Romam
1012 5620 1257 5684 venerat,
1284 5615 1382 5670 sed
1403 5631 1504 5686 per
1533 5616 1797 5687 quosdam

171 5695 481 5769 discipulos
517 5695 602 5750 ibi
625 5697 1008 5768 praedicantes,
1035 5699 1195 5756 ﬁdem
1219 5712 1573 5775 susceperant
1593 5705 1799 5778 aliquot

171 5783 428 5854 Romani,
466 5784 682 5858 partim
708 5787 976 5859 gentiles,
1009 5791 1205 5862 partim
1232 5793 1444 5865 Judaei,
1477 5793 1617 5852 inter
1661 5811 1798 5867 quos

1909 5625 2027 5673 erat
2055 5619 2444 5676 inconveniens
2474 5621 2772 5678 altercatio.
2832 5623 3121 5679 Certabant
3160 5625 3307 5682 enim
3336 5625 3510 5685 Judaei

1907 5723 1967 5763 se
1997 5707 2200 5765 debere
2230 5709 2474 5780 praeferri
2503 5711 2819 5782 gentilibus,
2856 5720 2908 5767 et
2935 5713 3172 5785 gentiles
3201 5717 3506 5774 econtrario

1907 5796 2190 5870 digniores
2215 5799 2419 5856 Judaeis
2455 5799 2659 5858 debere
2691 5817 2751 5857 se
2779 5799 2895 5857 fieri
2925 5801 3266 5860 asserebant.
3327 5805 3509 5862 Causa
