3970 6472
472 408 539 461 15
1028 407 1085 464 8.
1126 406 1480 463 BRUNONIS
1519 405 2163 464 CARTHUSIANORUM
2204 407 2683 465 lNSTlTUI'ORIS
2721 408 2872 464 OPP.
2914 408 3091 464 PARS
3130 409 3196 463 II.
3689 410 3754 464 16

466 514 776 584 ,Ιιιᾶωοτιιηι
805 529 921 586 haec
969 539 1099 600 erat,
1133 532 1257 603 quia
1305 530 1657 602 repromissio
1684 531 1844 600 hujus
1875 531 2056 586 salva-
2078 534 2131 592 Α
2161 546 2256 585 seu
2287 531 2539 602 gentiles,
2572 532 2640 586 ad
2671 530 2832 586 fidem
2862 547 3182 598 conversos;
3216 532 3283 587 de
3302 532 3497 603 quibus
3526 533 3581 586 in
3607 532 3751 589 hunc

468 616 629 672 tionis
661 617 801 674 facta
829 627 946 674 erat
982 619 1224 690 patribus
1252 635 1461 685 eorum,
1495 628 1551 673 ut
1573 620 1863 685 Abraham,
1889 619 2062 674 David

474 712 527 761 et
548 706 756 761 caeteris
788 726 803 773 ;
853 707 977 778 quia
1011 707 1174 762 etiam
1206 716 1259 763 et
1305 709 1452 762 Deus
1486 707 1592 762 illis
1626 708 1853 763 dederat
1882 708 2061 780 legem

470 802 525 848 et
553 792 865 865 prophetas,
902 811 1024 866 quae
1052 797 1238 850 omnia
1277 796 1681 867 presignabant
1710 795 2063 851 salvationem

473 898 575 953 per
602 882 875 938 Christum
907 882 1163 950 futuram,
1212 884 1457 956 gentium
1486 892 1666 939 autem
1710 884 1764 938 in
1781 883 1929 939 nullo
1961 885 2061 939 ho-

473 986 596 1025 rum
610 972 934 1027 meminerat
955 990 970 1039 ;
1002 972 1233 1044 ideoque
1251 987 1345 1027 eos
1366 973 1532 1045 digne
1552 971 1922 1043 praeferendos
1940 988 2061 1027 esse

472 1059 728 1131 gentibus
756 1060 812 1114 in
842 1061 947 1116 hac
995 1060 1309 1116 salvatione.
1358 1061 1673 1117 Econtrario
1705 1061 1936 1134 gentiles
1966 1076 2063 1130 op-

472 1148 767 1218 ponebant,
802 1148 929 1203 ideo
958 1149 1175 1204 Iudaeos
1203 1148 1406 1204 debere
1446 1149 1675 1219 judicari
1705 1149 2058 1221 indigniores,

471 1235 597 1307 quia
624 1236 670 1291 si
699 1236 847 1292 Deus
877 1243 1081 1292 tantam
1103 1252 1289 1292 eorum
1319 1237 1658 1310 diligentiam
1687 1238 1973 1303 habuerat,
2005 1244 2064 1291 ut

473 1340 594 1395 quae
629 1324 909 1395 prmmissa
957 1333 1081 1379 sunt
1106 1324 1213 1379 illis
1250 1325 1533 1391 tribueret,
1578 1326 1680 1395 ipsi
1724 1326 1780 1380 in
1809 1326 2063 1380 omnibus

471 1411 627 1466 abusi
656 1411 868 1467 fuerant
898 1412 1055 1467 bonis
1092 1413 1192 1468 Dei
1216 1431 1230 1467 :
1259 1414 1668 1484 praevaricando
1689 1413 1868 1487 legem
1898 1428 2062 1485 quam

473 1499 703 1555 dederat
734 1518 749 1555 :
781 1500 1177 1555 contemnendo
1205 1502 1498 1572 prophetas
1541 1518 1676 1573 quos
1705 1502 1929 1556 miserat
1956 1519 1969 1555 :
1993 1502 2063 1556 ad

470 1587 718 1643 ultimum
748 1588 1088 1644 Salvatorem
1118 1588 1221 1643 sibi
1268 1590 1498 1645 missum
1553 1591 1877 1645 damnantes
1930 1606 2062 1645 cru-

475 1675 554 1731 cis
581 1676 860 1748 patibulo;
892 1691 1063 1749 quare
1083 1678 1263 1747 potius
1293 1678 1347 1732 in
1376 1678 1460 1733 his
1480 1678 1711 1749 deprimi
1732 1693 1894 1750 quam
1923 1677 2065 1733 exal-

472 1764 574 1818 tari
619 1765 915 1835 deberent;
976 1767 1072 1821 sed
1131 1766 1236 1837 ipsi
1281 1767 1514 1839 gentiles
1569 1760 1762 1822 merito
1819 1766 2066 1837 praeferri

2161 619 2378 673 modum
2406 619 2550 691 agit:
2571 620 2983 690 comprimendo
3014 620 3248 691 primum
3278 621 3529 692 gentiles,
3564 637 3632 676 ne
3664 620 3750 675 ef-

2160 705 2387 761 ferendo
2417 724 2495 773 se,
2531 724 2627 762 seu
2657 707 2725 762 de
2757 708 3043 778 sapientia,
3076 725 3172 763 seu
3220 708 3288 763 de
3330 708 3576 764 libertate
3605 709 3754 765 arbi-

2162 794 2265 859 trii,
2299 795 2483 867 sicque
2512 794 2848 851 detrahendo
2879 797 3071 868 gratiae
3101 796 3318 863 Christi,
3341 796 3666 852 arbitrentur
3693 813 3752 852 se

2160 881 2440 953 digniores
2483 883 2538 937 in
2566 882 2671 938 fide
2721 883 3048 955 quibuslibet
3079 885 3171 955 qui
3205 883 3366 939 fidem
3390 885 3750 955 susceperint,

2160 986 2281 1024 cum
2314 986 2414 1040 per
2442 970 2673 1042 gratiam
2704 971 2802 1026 Dei
2833 971 3008 1026 solam
3042 970 3176 1025 fides
3208 979 3261 1026 et
3293 971 3531 1027 salvatio
3562 972 3760 1027 tribua-

2163 1065 2268 1112 tur.
2302 1058 2356 1112 Si
2388 1059 2532 1113 enim
2590 1060 2658 1113 de
2707 1059 2882 1115 libero
2931 1060 3154 1115 arbitrio
3195 1077 3253 1114 se
3306 1059 3557 1129 efferunt,
3607 1060 3662 1114 in
3691 1075 3757 1116 eo

2161 1146 2345 1217 utique
2374 1146 2661 1216 plurimum
2685 1148 2764 1202 rei
2804 1156 2947 1213 sunt,
2979 1164 3102 1203 cum
3136 1148 3423 1203 habuerint
3452 1148 3757 1203 naturalem

2162 1234 2460 1301 scientiam,
2496 1252 2600 1306 qua
2631 1251 2967 1306 cognoscere
3007 1244 3231 1307 possent
3274 1244 3574 1292 creatorem
3599 1252 3757 1292 suum

2163 1322 2279 1377 sine
2311 1322 2460 1378 omni
2487 1323 2732 1390 docente,
2764 1324 3104 1396 negligentes
3127 1325 3757 1390 Creatorem,creaturas

2162 1410 2544 1477 adoraverunt,
2580 1419 2632 1466 et
2660 1420 2859 1467 cratera
2887 1412 3075 1478 multa,
3110 1413 3180 1468 ad
3208 1412 3619 1483 deprimendam
3638 1412 3757 1467 ela-

2162 1499 2365 1553 tionem
2410 1500 2690 1569 gentilium
2729 1499 2897 1570 ponit.
2930 1501 2990 1554 In
3044 1501 3400 1571 depressione
3437 1507 3617 1555 autem
3655 1501 3757 1555 Ju-

2167 1587 2430 1654 dazorum,
2461 1588 2587 1658 quia
2607 1604 2703 1643 eos
2738 1588 2914 1659 magis
2931 1589 3230 1643 obstinatos
3258 1588 3446 1653 sensit,
3489 1588 3644 1661 quasi
3665 1587 3760 1660 qui

2161 1674 2347 1746 plures
2379 1692 2573 1731 causas
2620 1677 2994 1744 obtenderent,
3028 1677 3227 1733 diutius
3258 1677 3590 1745 immoratur,
3624 1691 3761 1748 pro-

2165 1763 2303 1817 bans
2338 1778 2446 1818 non
2468 1780 2594 1819 esse
2618 1765 3045 1835 superbiendum
3074 1766 3155 1821 eis
3172 1766 3218 1820 si
3247 1766 3428 1838 legem
3457 1774 3509 1821 et
3524 1766 3766 1836 prophe-

472 1851 757 1920 deberent,
808 1852 918 1922 qui,
950 1859 1007 1907 ut
1051 1852 1289 1923 primum
1334 1851 1619 1906 audierunt
1656 1851 1885 1906 verbum
1933 1851 2057 1916 Dei,
2090 1890 2144 1950 B
2168 1859 2247 1906 tas
2273 1852 2602 1918 habuerunt,
2659 1869 2803 1921 cum,
2840 1853 2897 1908 in
2953 1853 3147 1925 quibus
3191 1854 3414 1924 placare
3469 1853 3766 1908 Dominum

472 1940 636 1996 fidem
656 1939 737 1995 4
757 1948 1133 2011 susceperunt,
1158 1948 1210 1995 et
1229 1939 1276 1995 si
1292 1948 1417 1995 ante
1435 1955 1543 1995 non
1558 1940 1917 2006 crediderant,
1941 1941 2064 2011 quia

472 2044 575 2084 nec
603 2028 782 2099 legem
798 2044 899 2083 nec
918 2029 1216 2099 prophetas
1235 2028 1558 2093 habuerant,
1584 2028 1924 2083 excusabiles
1941 2045 2064 2085 sese

472 2117 811 2172 asserebant.
845 2116 1022 2185 Quam
1054 2116 1377 2172 seditionem
1392 2116 1519 2187 quia
1543 2115 1813 2186 discipuli,
1834 2131 2063 2187 quorum

472 2205 854 2275 praedicatione
893 2205 1147 2261 conversi
1176 2204 1408 2270 fuerant,
1456 2204 1654 2259 sedare
1682 2220 1792 2260 non
1822 2204 2062 2260 sufficie-

473 2293 622 2355 bant.
655 2294 922 2349 miserunt
961 2293 1030 2348 ad
1076 2292 1336 2357 Paulum,
1368 2300 1427 2347 ut.
1472 2308 1570 2363 per
1599 2292 1918 2364 magistrum
1965 2291 2061 2365 [id]

472 2380 770 2449 efficerent,
794 2382 864 2437 ad
881 2381 1026 2454 quod
1046 2381 1340 2437 auctoritas
1366 2396 1552 2437 eorum
1575 2380 1913 2437 insufficiens
1926 2390 2059 2437 erat.

475 2472 590 2527 Hac
617 2480 799 2526 autem
829 2470 1025 2525 Paulus
1053 2477 1278 2541 accepta
1296 2469 1603 2538 occasione,
1636 2469 1825 2524 scribit
1854 2469 1923 2524 ad
1942 2469 2063 2525 illos

472 2558 616 2615 hanc
645 2559 948 2630 epistolam,
985 2558 1041 2613 in
1064 2573 1174 2630 qua
1218 2558 1504 2614 materiam
1551 2558 1722 2613 habes
1766 2558 2058 2625 Romanos,

2165 1940 2501 2004 debuissent,
2532 1942 2940 2011 praevaricando
2965 1958 3183 2012 semper
3204 1941 3530 1997 offenderint
3557 1942 3762 1997 Deum.

2163 2028 2291 2083 llaec
2321 2036 2374 2083 et
2402 2028 2510 2083 alia
2564 2029 2735 2086 multa
2763 2030 2830 2083 ad
2874 2030 3303 2100 compescendos
3339 2030 3557 2085 Iudaeos
3586 2029 3766 2084 addu-

2163 2114 2252 2180 cit,
2285 2124 2336 2171 et
2365 2132 2429 2170 eo
2460 2115 2564 2171 fine
2614 2117 2692 2172 sic
2722 2117 2835 2187 agit
2863 2125 2919 2172 ut
2974 2125 3255 2188 ntrosque,
3289 2118 3506 2172 Judazos
3536 2124 3590 2172 et
3615 2132 3765 2189 gen-

2164 2203 2303 2268 tiles,
2338 2204 2585 2273 subjiciat
2614 2204 2801 2276 gratiae
2829 2204 2947 2272 Dei,
2997 2206 3282 2261 credentes
3313 2205 3443 2259 nihil
3474 2204 3767 2276 provenire

2162 2290 2364 2345 Iudaeis
2395 2308 2461 2345 ex
2492 2308 2715 2363 genere,
2740 2292 2864 2363 lege
2897 2292 2981 2347 vel
3006 2294 3287 2363 prOphetis
3310 2312 3325 2360 ;
3349 2308 3525 2364 neque
3546 2291 3772 2365 gentili-

2164 2378 2265 2433 bus
2295 2393 2368 2433 ex
2397 2379 2703 2451 ignorantia
2726 2395 2888 2452 quam
2917 2380 3235 2449 obtendunt,
3264 2396 3362 2438 seu
3390 2396 3458 2436 ex
3476 2380 3653 2436 libero
3679 2395 3771 2435 ar-

2164 2466 2347 2523 bitrio.

1418 2915 1964 3002 EPISTOLA
2028 2915 2174 2999 AD
2244 2914 2819 3000 ROMANOS.

949 3127 1173 3183 CAPUT
1202 3126 1491 3182 PRIMUM.

555 3238 574 3261 ι
612 3212 809 3268 Paulus
852 3228 1044 3267 servus
1092 3212 1222 3267 Jesu
1265 3211 1483 3281 Christi,
1516 3221 1738 3268 vocatus
1767 3212 2064 3283 apostolus,

482 3323 505 3353 ι
539 3308 867 3374 segregatus
897 3300 953 3354 in
980 3299 1339 3371 Evangelium
1384 3300 1503 3366 Dei,
1537 3301 1682 3371 quod
1710 3308 1832 3356 antc
1856 3299 2066 3371 promi-

478 3410 502 3440 ι
538 3396 683 3444 serat
711 3404 808 3459 per
853 3388 1145 3459 prophetas
1191 3402 1320 3443 suos
1348 3387 1405 3442 in
1443 3388 1738 3459 Scripturis
1767 3388 1967 3444 sanctis
1998 3389 2067 3444 de

479 3498 502 3530 ς
539 3476 678 3532 Filio
711 3492 828 3543 suo,
878 3475 969 3547 qui
997 3475 1170 3532 factus
1219 3483 1302 3531 est
1330 3476 1380 3531 ei
1411 3493 1476 3531 ex
1523 3477 1730 3532 semine
1772 3476 1943 3532 David
1973 3492 2066 3531 se-

483 3587 505 3617 α
541 3564 778 3621 cundum
809 3579 1029 3621 carnem
1049 3604 1063 3632 ,
1100 3564 1190 3635 qui
1219 3564 1635 3635 praedestinatus
1665 3573 1745 3620 est
1774 3565 1938 3619 Filius
1966 3564 2067 3620 Dei

481 3677 503 3702 α
538 3653 593 3708 in
635 3652 859 3720 virtute,
914 3652 1212 3707 secundum
1243 3652 1501 3723 Spiritum
1530 3652 1972 3709 sanctificationis
2001 3667 2067 3708 ex

480 3764 501 3789 ιι
537 3741 939 3796 resurrectione
1017 3748 1352 3796 mortuorum
1406 3741 1534 3796 Jesu
1592 3740 1791 3797 Christi
1851 3740 2068 3795 Domini

481 3851 504 3882 ι
537 3829 732 3895 nostri,
761 3844 861 3900 per
890 3844 1050 3900 quem
1096 3828 1408 3900 accepimus
1452 3829 1682 3902 gratiam
1710 3838 1763 3883 et
1790 3828 2067 3899 apostola-

482 3939 505 3969 ι
531 3926 662 3981 tum,
697 3916 766 3972 ad
789 3916 1151 3972 obediendum
1168 3916 1294 3972 fidei
1323 3917 1379 3972 in
1408 3917 1659 3973 omnibus
1689 3916 1943 3989 gentibus
1970 3930 2068 3987 pro

484 4027 507 4058 ι
538 4005 758 4061 nomine
787 4005 900 4074 ejus
930 4023 943 4059 :
978 4004 1033 4059 in
1080 4004 1274 4076 quibus
1295 4005 1426 4061 estis
1475 4014 1527 4060 et
1556 4022 1653 4061 vos
1709 4005 1885 4061 vocati
1938 4005 2069 4059 Jesu

485 4114 508 4145 ι
553 4093 752 4150 Christi
782 4111 797 4159 ;
828 4093 1079 4149 omnibus
1108 4093 1198 4165 qui
1229 4102 1354 4148 sunt
1382 4094 1569 4149 Romae
1597 4093 1807 4148 dilectis
1837 4093 1936 4148 Dei
1967 4107 2068 4147 vo-

486 4206 508 4231 «ι
544 4182 680 4238 catis
712 4181 911 4237 sanctis
928 4182 1115 4236 Gratia
1143 4181 1298 4237 vobis
1321 4189 1373 4236 et
1392 4197 1494 4252 pax
1515 4197 1548 4237 a
1568 4183 1683 4237 Deo
1702 4183 1876 4247 Patre,
1899 4188 1953 4236 et
1969 4182 2071 4237 Do-

487 4293 508 4318 «
547 4270 693 4325 mino
720 4277 910 4325 nostro
939 4270 1066 4326 Iesu
1085 4269 1321 4324 Christo.
1346 4270 1586 4324 Primum
1616 4270 1830 4341 quidem
1862 4269 2070 4342 gratias

487 4381 509 4406 α
549 4374 653 4431 ago
682 4358 798 4415 Deo
840 4372 964 4413 meo
1008 4373 1107 4429 per
1130 4359 1319 4413 Jesum
1366 4357 1639 4413 Christum
1676 4373 1775 4429 pro
1820 4358 2070 4413 omnibus

491 4469 513 4495 α
548 4447 703 4502 vobis
737 4464 751 4502 :
781 4445 903 4518 quia
932 4444 1068 4501 fides
1114 4454 1295 4501 vestra
1340 4446 1690 4502 annuntiatur
1718 4446 1774 4501 in
1819 4446 2070 4502 universo

490 4556 512 4586 ι
546 4535 774 4590 mundo.
814 4534 992 4590 Testis
1013 4534 1159 4589 enim
1187 4533 1317 4589 mihi
1340 4541 1422 4589 est
1470 4535 1636 4603 Deus,
1669 4534 1757 4591 cui
1786 4535 1968 4590 servio
2014 4533 2069 4589 in

491 4644 513 4674 α
550 4623 738 4694 spiritu
760 4638 884 4677 meo
912 4622 968 4676 in
997 4622 1299 4694 Evangelio
1326 4622 1444 4677 Filii
1475 4623 1592 4689 ejus
1614 4664 1627 4691 ,
1663 4624 1809 4695 quod
1837 4623 1954 4678 sine
1983 4622 2071 4677 in-

490 4732 513 4763 ¢
547 4711 894 4766 termissione
917 4709 1237 4765 memoriam
1267 4709 1433 4766 vestri
1462 4709 1599 4766 facio
1616 4727 1835 4782 semper
1864 4712 1919 4765 in
1948 4725 2073 4767 ora-

490 4820 513 4850 ¢
546 4799 786 4855 tionibus
815 4798 950 4853 meis
984 4812 996 4851 :
1032 4797 1351 4863 obsecrans,
1376 4798 1422 4852 si
1452 4799 1722 4870 quomodo
1738 4801 1955 4856 tandem
1973 4799 2073 4855 ali-

491 4908 514 4940 ι
551 4887 767 4959 quando
814 4900 1141 4957 prosperum
1158 4885 1258 4940 iter
1301 4886 1533 4941 habeam
1561 4887 1615 4941 in
1643 4887 1917 4944 voluntate
1970 4888 2072 4945 Dei

491 4996 515 5026 ι
558 4974 812 5031 veniendi
840 4972 910 5028 ad
941 4988 1058 5028 vos.
1090 4972 1353 5028 Desidero
1374 4973 1518 5028 enim
1546 4974 1728 5030 videre
1757 4991 1876 5042 vos,
1899 4982 1957 5030 ut
1975 4976 2072 5031 ali-

489 5086 511 5111 ι
547 5062 676 5135 quid
705 5060 985 5132 impertiar
1004 5060 1160 5114 vobis
1206 5060 1396 5132 gratiae
1425 5062 1737 5133 spiritualis,
1769 5063 1835 5117 ad
1864 5062 2071 5119 conﬁr-

488 5171 511 5202 ι
546 5149 780 5206 mandos
808 5164 907 5203 vos
940 5165 955 5202 :
986 5147 1040 5202 id
1067 5155 1152 5203 est
1195 5148 1354 5203 simul
1382 5150 1651 5206 consolari
1682 5151 1738 5205 in
1767 5151 1942 5218 vobis,
1973 5167 2093 5223 per.

488 5260 510 5291 ι
554 5254 676 5294 eam
699 5253 819 5308 quas
850 5235 1079 5291 invicem
1109 5244 1191 5291 est
1221 5234 1383 5293 fidem
1421 5245 1658 5294 vestram
1689 5246 1849 5311 atque
1867 5255 2067 5295 meam.

487 5350 509 5375 κ
545 5325 686 5381 Nolo
715 5332 898 5379 autem
925 5339 1023 5378 vos
1052 5324 1327 5397 ignorare,
1362 5325 1574 5397 fratres,
1608 5326 1736 5399 quia
1765 5343 1910 5399 saepe
1939 5343 2069 5399 pro-

489 5438 511 5463 α
549 5411 707 5485 posui
746 5411 930 5468 venire
958 5412 1026 5466 ad
1055 5428 1172 5479 vos,
1207 5422 1260 5469 et
1287 5414 1590 5485 prohibitus
1619 5431 1738 5470 sum
1767 5431 1940 5487 usque
1968 5416 2069 5471 ad-

486 5525 508 5549 .
546 5502 671 5570 huc,
693 5507 751 5555 ut
777 5499 1009 5572 aliquem
1036 5500 1269 5557 fructum
1302 5502 1531 5558 habeam
1554 5510 1608 5558 et
1636 5504 1693 5557 in
1722 5503 1898 5569 vobis,
1931 5502 2071 5560 sicut

489 5614 511 5638 ι
546 5598 600 5645 et
625 5588 679 5643 in
701 5589 913 5645 caeteris
940 5589 1212 5663 gentibus.
1244 5590 1451 5648 Graecis
1478 5606 1545 5648 ac
1559 5592 1826 5661 Barbaris,
1858 5591 2071 5664 sapien-

484 5701 507 5727 α
544 5677 686 5733 tibus
715 5693 777 5734 ac
794 5677 1170 5750 insipientibus
1198 5678 1413 5735 debitor
1438 5695 1580 5749 sum,
1607 5679 1684 5735 ita
1720 5680 1868 5752 quod
1897 5680 1954 5735 in
1979 5695 2068 5736 me

464 5787 506 5817 ,ι
540 5774 848 5840 promptum
894 5774 976 5825 est
1022 5776 1075 5825 et
1104 5767 1280 5837 vobis,
1314 5767 1407 5840 qui
1435 5767 1623 5825 Romae
1650 5768 1801 5835 estis,
1834 5784 2069 5842 evange-

2099 3128 2145 3188 Ο
2170 3148 2191 3173 α
2227 3125 2415 3181 lizare.
2455 3125 2578 3180 Non
2627 3124 2772 3180 enim
2829 3125 3097 3180 erubesco
3145 3124 3518 3196 Evangelium.
3572 3126 3765 3181 Virtus

2172 3235 2195 3265 ι
2230 3214 2375 3269 enim
2405 3212 2506 3268 Dei
2534 3220 2617 3268 est
2657 3212 2712 3266 in
2756 3213 2984 3268 salutem
3042 3214 3188 3268 omni
3246 3213 3510 3279 eredenti,
3569 3214 3775 3270 Judaeo

2172 3323 2195 3352 ι
2228 3302 2483 3373 primum,
2521 3308 2573 3355 et
2602 3301 2816 3357 Graeco.
2839 3302 3055 3355 Justitia
3074 3302 3218 3356 enim
3238 3301 3337 3356 Dei
3369 3301 3422 3355 in
3455 3317 3521 3356 eo
3549 3302 3776 3357 revela-

2171 3411 2194 3440 ι
2230 3398 2318 3444 tur
2347 3405 2412 3445 ex
2444 3389 2550 3444 fide
2570 3390 2625 3443 in
2654 3388 2836 3453 ﬁdem,
2857 3390 2993 3445 sicut
3024 3390 3284 3460 scriptum
3304 3397 3386 3444 est
3419 3406 3432 3443 :
3463 3389 3648 3445 Justus
3666 3406 3777 3445 au-

2172 3499 2195 3527 ε
2230 3485 2337 3532 tem
2370 3493 2436 3532 ex
2466 3476 2572 3531 fide
2593 3477 2741 3533 vivit.
2777 3478 3063 3533 Revelatur
3092 3477 3234 3533 enim
3282 3478 3363 3532 ira
3390 3476 3490 3532 Dei
3520 3477 3589 3532 de
3619 3478 3778 3534 coelo

2172 3585 2195 3615 ι
2232 3581 2393 3635 super
2421 3581 2639 3621 omnem
2669 3566 3002 3636 impietatem
3031 3573 3085 3620 et
3131 3565 3442 3633 injustitiam
3478 3566 3781 3622 hominum

2172 3676 2193 3705 «
2228 3669 2416 3709 eorum
2458 3654 2552 3724 qui
2580 3655 2866 3708 veritatem
2912 3654 3012 3708 Dei
3055 3653 3109 3707 in
3156 3653 3409 3721 injustitia
3464 3652 3726 3709 detinent
3760 3672 3776 3710 :

2173 3762 2195 3792 ι
2239 3742 2365 3812 quia
2397 3742 2543 3812 quod
2571 3750 2759 3797 notum
2787 3750 2867 3796 est
2893 3742 2964 3797 5
2992 3741 3111 3806 Dei,
3133 3740 3476 3795 manifestum
3506 3749 3589 3796 est
3620 3742 3684 3797 in
3708 3742 3783 3797 il-

2173 3852 2194 3877 α
2238 3829 2323 3884 lis.
2356 3830 2503 3884 Deus
2534 3829 2678 3885 enim
2708 3829 2816 3883 illis
2862 3829 3139 3884 revelavit.
3175 3828 3475 3883 lnvisibilia
3504 3829 3657 3883 enim
3689 3830 3782 3902 ip-

2176 3938 2197 3970 ι
2229 3917 2344 3972 sius
2373 3933 2406 3972 a
2425 3924 2681 3973 creatura
2708 3917 2895 3972 mundi
2925 3933 3025 3987 per
3053 3931 3119 3971 ea
3149 3932 3270 3987 quae
3286 3915 3425 3971 facta
3448 3924 3574 3971 sunt
3603 3917 3786 3974 intel-

2172 4027 2194 4053 ιι
2231 4005 2372 4061 lecta
2400 4005 2821 4076 conspiciuntur,
2871 4005 3204 4076 sempiterna
3232 4020 3448 4076 quoque
3495 4005 3618 4073 ejus
3650 4006 3783 4061 vir-

2174 4114 2197 4144 ¢
2231 4101 2320 4148 tus
2349 4102 2403 4148 et
2419 4093 2695 4158 divinitas,
2718 4094 2791 4147 ita
2819 4101 2873 4148 ut
2895 4093 3002 4147 sint
3018 4092 3435 4148 inexcusabiles.
3460 4092 3604 4161 Quia
3639 4109 3786 4150 cum

2174 4205 2195 4229 ιι
2233 4182 2620 4254 cognovissent
2650 4183 2844 4247 Deum,
2884 4196 2994 4236 non
3024 4181 3162 4236 sicut
3209 4182 3383 4236 Deum
3412 4178 3786 4251 gloriﬁcave-

2175 4290 2198 4320 α
2233 4277 2377 4333 runt,
2410 4278 2501 4324 aut
2535 4270 2741 4340 gratias
2784 4276 3055 4341 egerunt:
3089 4268 3187 4324 sed
3230 4276 3567 4324 evanuerunt
3589 4269 3655 4325 in
3680 4286 3791 4329 co-

2176 4378 2198 4408 ι
2230 4357 2583 4430 gitationibus
2605 4358 2736 4425 suis,
2769 4364 2822 4412 et
2847 4357 3196 4413 obscuratum
3218 4364 3301 4411 est
3349 4356 3619 4427 insipiens
3676 4374 3791 4415 cor

2088 4478 2140 4537 D
2175 4469 2197 4493 ιι
2234 4461 2443 4501 eorum.
2478 4445 2753 4513 Dicentes,
2786 4444 2933 4500 enim
2953 4460 3013 4501 se
3042 4460 3165 4500 esse
3197 4444 3491 4515 sapientes,
3516 4445 3677 4501 stulti
3704 4448 3793 4502 fa-

2176 4554 2199 4584 ι
2234 4534 2307 4589 cti
2337 4541 2478 4589 sunt.
2531 4534 2601 4587 Et
2667 4540 3018 4588 mutaverunt
3045 4532 3279 4605 gloriam
3335 4532 3792 4603 incorruptibilis

2175 4643 2198 4673 ι
2238 4621 2359 4688 Dei,
2390 4621 2448 4676 in
2477 4622 2885 4677 similitudinem
2901 4621 3156 4693 imaginis
3186 4620 3553 4691 corruptibilis
3582 4622 3796 4680 homi-

2175 4731 2198 4761 ι
2233 4710 2340 4776 nis,
2371 4718 2425 4765 et
2453 4710 2753 4776 volucrum,
2796 4717 2850 4764 et
2881 4709 3315 4781 quadrupedum,
3340 4717 3393 4764 et
3421 4719 3792 4778 serpentum.

2174 4823 2195 4845 α
2232 4799 2461 4868 Propter
2477 4799 2620 4870 quod
2642 4797 2863 4853 tradidit
2881 4797 3003 4853 illos
3032 4799 3181 4853 Deus
3198 4796 3253 4851 in
3271 4796 3545 4851 desideria
3575 4801 3797 4858 cordis

2176 4906 2200 4937 ι
2234 4900 2425 4941 eorum
2471 4885 2526 4940 in
2571 4886 2986 4952 immunditiam,
3040 4893 3097 4939 ut
3136 4884 3474 4940 contumeliis
3521 4883 3797 4944 afficiant

2176 4997 2199 5022 α
2231 4989 2464 5045 corpora
2490 4989 2592 5029 sua
2647 4974 2703 5028 in
2746 4973 3053 5044 semetipsis
3086 4990 3100 5027 :
3135 4973 3261 5045 quia
3290 4980 3800 5033 commutaverunt

2174 5083 2197 5113 «
2242 5062 2523 5118 veritatem
2553 5062 2655 5117 Dei
2685 5062 2741 5117 in
2762 5061 3123 5128 mendacium,
3146 5069 3200 5115 et
3229 5061 3527 5127 coluerunt,
3561 5070 3626 5117 et
3662 5081 3799 5121 ser-

2173 5173 2196 5197 ι
2232 5150 2447 5206 vierunt
2474 5158 2736 5207 creatura
2764 5150 2943 5221 potius
2973 5165 3136 5220 quam
3152 5149 3417 5216 Creatori,
3442 5149 3653 5221 quiest
3676 5153 3797 5211 be-

2174 5258 2197 5289 «
2232 5238 2478 5294 nedictus
2505 5238 2561 5293 in
2591 5238 2812 5294 saecula.
2846 5241 3038 5293 Amen.
3066 5238 3361 5307 Propterea
3389 5238 3620 5293 tradidit
3652 5241 3800 5300 illos

2174 5347 2197 5378 α
2232 5327 2380 5382 Deus
2407 5328 2463 5382 in
2492 5327 2778 5399 passiones
2807 5326 3141 5399 ignominiae.
3160 5326 3299 5380 Nam
3330 5324 3544 5381 feminae
3573 5342 3800 5387 eorum

2172 5439 2194 5463 ιι
2231 5415 2650 5471 immutaverunt
2679 5414 2977 5470 naturalem
3022 5430 3200 5481 usum,
3232 5413 3288 5468 in
3319 5429 3443 5469 eum
3478 5430 3657 5472 usum
3692 5421 3803 5493 qui

2174 5525 2196 5555 ι
2230 5512 2315 5560 est
2344 5513 2535 5561 contra
2572 5512 2842 5559 naturam.
2893 5502 3151 5559 Similiter
3198 5510 3375 5556 autem
3406 5509 3460 5557 et
3506 5509 3797 5575 masculi,

2173 5613 2195 5643 ι
2232 5591 2418 5648 relicto
2440 5591 2669 5647 naturali
2696 5608 2798 5647 usu
2826 5590 3062 5660 feminae,
3094 5597 3417 5646 exarserunt
3444 5589 3502 5644 in
3531 5590 3804 5654 deside-

2171 5703 2193 5728 ι
2228 5680 2321 5734 riis
2351 5680 2465 5735 suis
2492 5680 2548 5735 in
2590 5680 2824 5736 invicem
2854 5697 2868 5735 :
2919 5678 3147 5735 masculi
3173 5677 3228 5733 in
3274 5676 3551 5734 masculos
3582 5685 3803 5757 turpi—

2170 5789 2193 5820 ι
2228 5769 2471 5827 tudinem
2500 5776 2809 5843 operantes,
2842 5776 2897 5824 et
2937 5766 3269 5837 mercedem,
3303 5781 3466 5840 quam
3497 5773 3805 5846 oportuit,
