3970 6462
255 399 314 453 17
895 394 1275 452 EXPOSITIO
1316 396 1388 451 ΙΝ
1424 394 1805 451 EPISTOLAS
1842 391 2067 451 PAULI.
2101 427 2170 436 —
2201 395 2277 451 IN
2314 395 2529 451 EPIST.
2574 396 2666 451 AD
2706 394 2875 451 ROM.
3475 392 3539 446 18

254 546 273 571 ι
308 518 500 577 erroris
529 520 614 577 sui
637 520 691 576 in
722 521 1029 592 semetipsis
1078 520 1426 593 recipientes.
1458 521 1529 576 Et
1559 521 1698 577 sicut
1725 535 1834 576 non
1856 521 1907 580 Α
1940 520 2070 575 satis
2097 521 2253 592 prius
2282 520 2458 576 mirati
2490 519 2721 588 fuerant,
2767 519 3051 575 audientes
3078 516 3305 573 Paulum
3333 514 3538 587 praedi-

251 634 271 661 ι
302 610 664 682 probaverunt
696 611 869 665 Deum
890 611 1097 665 habere
1127 610 1181 664 in
1214 610 1424 675 notitia,
1457 610 1682 665 tradidit
1710 610 1833 665 illos

250 723 270 748 α
302 701 437 755 Deus
457 698 512 753 in
543 698 836 770 reprobum
868 708 1111 764 sensum,
1144 709 1201 754 ut
1238 698 1437 754 faciant
1468 714 1535 754 ea
1575 715 1695 770 qua:
1723 713 1833 753 non

249 807 269 839 ι
295 787 613 844 conveniunt
647 804 660 842 :
692 788 929 859 repletos
957 788 1105 843 omni
1127 787 1426 860 iniquitate,
1455 786 1680 853 malitia,
1714 786 1831 842 for-

245 899 265 929 ι
297 876 582 941 nicatione,
627 876 873 943 avaritia,
924 876 1204 947 nequitia:
1237 876 1430 947 plenos
1472 876 1695 943 invidia,
1725 877 1830 931 ho-

241 987 263 1017 ι
294 964 527 1033 micidio,
559 965 927 1034 contentione,
969 965 1116 1031 dolo,
1170 965 1536 1038 malignitate;
1572 980 1831 1020 susurro-

248 1075 269 1106 ι
301 1070 415 1117 nes,
448 1054 810 1123 detractores,
845 1055 962 1109 Deo
989 1053 1243 1121 odibiles,
1271 1055 1716 1119 contumeliosos,
1750 1070 1833 1109 su-

237 1162 258 1193 ι
294 1142 512 1213 perbos,
563 1142 756 1208 elatos,
802 1143 1113 1198 inventores
1160 1143 1451 1208 malorum,
1515 1143 1831 1215 parentibus

234 1255 254 1278 α
291 1247 395 1286 non
423 1231 762 1297 obedientes,
785 1232 1124 1302 insipientes,
1158 1231 1568 1303 incompositos.
1604 1233 1721 1287 sine
1751 1230 1829 1286 af-

236 1341 257 1370 ι
290 1319 538 1384 fectione,
591 1320 801 1392 absque
845 1319 1073 1385 foedere,
1109 1320 1227 1375 sine
1268 1321 1671 1376 misericordia.
1723 1320 1830 1389 Qui

231 1429 252 1459 ι
284 1424 405 1464 cum
428 1408 693 1476 justitiam
710 1409 811 1465 Dei
831 1409 1237 1481 cognovissent,
1270 1424 1378 1465 non
1408 1409 1787 1465 intellexerunt
1813 1427 1827 1465 :

228 1518 249 1549 ι
283 1496 535 1569 quoniam
582 1498 673 1570 qui
721 1498 847 1553 talia
894 1506 1081 1570 agunt,
1131 1498 1285 1571 digni
1315 1507 1441 1554 sunt
1468 1507 1641 1554 morte
1676 1515 1688 1553 :
1720 1513 1827 1554 non

230 1609 252 1634 ιι
285 1586 461 1641 solum
490 1586 585 1657 qui
618 1602 680 1642 ea
708 1586 933 1653 faciunt,
982 1588 1082 1643 sed
1134 1588 1299 1642 etiam
1346 1588 1436 1660 qui
1485 1588 1832 1643 consentiunt

225 1697 247 1722 ι
282 1673 625 1731 facientibus.
665 1698 687 1724 ιο

861 1779 1183 1820 EXPOSITIO.

1935 617 2149 665 cantem
2180 611 2453 683 gentibus,
2480 626 2641 682 quem
2663 625 2940 681 nunquam
2961 607 3227 673 viderant,
3244 606 3542 661 dederunt-

1935 714 2039 770 que
2061 699 2230 754 Paulo
2246 707 2297 754 et
2316 699 2581 754 Barnabas
2601 699 2819 753 dextras
2841 697 3115 753 societatis
3135 696 3349 767 (Galat.
3374 710 3434 760 ιι,
3457 696 3535 764 9),

1933 788 2299 858 approbantes
2345 788 2650 844 doctrinam
2708 803 2915 855 eorum,
2948 802 3118 859 seque
3159 784 3303 839 idem
3332 784 3540 855 praedi-

1932 891 2061 930 care
2091 876 2334 932 dicentes
2367 895 2379 932 :
2406 878 2527 931 Non
2556 877 2703 948 quod
2742 876 2967 930 Paulum
2998 880 3386 931 consecrarent
3408 888 3542 944 apo-

1932 964 2152 1031 stolum,
2186 982 2348 1037 quem
2376 966 2493 1037 ipse
2524 967 2670 1021 Deus
2712 972 3145 1033 consecraverat,
3178 963 3275 1019 sed
3302 977 3540 1019 concor-

1931 1053 2126 1109 dantes
2154 1054 2457 1111 doctrinam
2487 1055 2626 1124 ejus,
2658 1062 2715 1109 ut
2744 1054 2801 1109 hi
2852 1054 2945 1126 qui
2987 1070 3089 1125 per
3118 1068 3216 1108 eos
3246 1059 3537 1109 converte-

1932 1151 2133 1209 rentur,
2166 1144 2325 1198 unius
2358 1151 2410 1199 et
2440 1144 2685 1213 ejusdem
2707 1142 2835 1199 fidei
2865 1159 2923 1197 se
2946 1158 3069 1197 esse
3098 1142 3405 1198 crederent.
3439 1140 3539 1196 Vel

1930 1239 2261 1304 segregatus
2292 1248 2322 1288 a
2350 1232 2509 1305 lege;
2544 1233 2673 1305 quia
2702 1248 2824 1289 cum
2853 1247 2959 1305 ego
2990 1232 3295 1303 pharisaeus
3320 1273 3334 1297 ,
3367 1230 3423 1286 id
3454 1238 3539 1285 est

1930 1329 2132 1385 custos,
2167 1330 2218 1376 et
2252 1321 2318 1375 de
2349 1322 2641 1393 praecipuis
2683 1321 2737 1376 in
2783 1320 2906 1393 lege
2936 1336 3135 1386 essem,
3171 1328 3225 1374 et
3253 1334 3458 1393 genere
3487 1326 3542 1375 et

1931 1410 2171 1476 scientia,
2207 1410 2399 1465 videns
2428 1427 2545 1466 eam
2576 1426 2686 1465 non
2724 1410 2904 1466 valere
2933 1409 3002 1465 ad
3034 1408 3409 1474 salvationem,
3443 1423 3538 1463 se-

1928 1498 2114 1569 paravi
2145 1514 2232 1554 me
2253 1499 2321 1553 ab
2342 1515 2426 1554 ea.
2452 1499 2591 1569 Quia
2609 1499 2656 1554 si
2684 1515 2790 1573 ego
2810 1499 2900 1572 qui
2920 1506 3104 1554 tantus
3133 1513 3284 1554 eram
3303 1498 3358 1553 in
3389 1496 3533 1568 lege,

1928 1586 2111 1658 legem
2141 1588 2381 1653 deserui,
2414 1596 2619 1660 quanto
2637 1588 2816 1661 magis
2841 1603 2941 1644 vos
2970 1587 3039 1642 ab
3056 1602 3122 1643 ea
3151 1586 3409 1643 recedere
3440 1586 3537 1641 de-

1929 1675 2088 1743 betis,
2125 1676 2216 1749 qui
2250 1676 2415 1749 longe
2437 1692 2524 1732 me
2545 1676 2834 1732 inferiores
2853 1677 2986 1732 estis
3011 1676 3039 1732 ?
3059 1677 3189 1732 Haec
3209 1675 3396 1731 ultima
3418 1691 3540 1731 sen-

1928 1764 2097 1819 tentia
2118 1772 2326 1835 spectat
2348 1764 2418 1820 ad
2437 1765 2658 1821 Judaros
2678 1773 2907 1832 tantum,
2936 1766 3086 1837 prior
3105 1779 3237 1820 vero
3257 1765 3329 1820 ad
3357 1772 3538 1820 utros-

292 1870 444 1927 Sicut
473 1886 596 1925 mos
632 1878 715 1926 est
742 1871 795 1925 in
835 1871 1116 1943 Epistolis,
1149 1871 1378 1928 salutem
1410 1872 1702 1944 prmmittit,
1738 1872 1826 1928 di-
1855 1885 1907 1946 Β
1930 1869 2055 1926 que-
2110 1854 2403 1946 Ηυρυεφξς
2452 1854 2853 1911 commendavit
2894 1855 3177 1946 propriam
3218 1869 3533 1946 perierim

218 1976 347 2015 cens
378 1978 392 2013 :
430 1960 629 2015 Paulus
660 1960 752 2032 qui
799 1961 951 2032 prius
982 1961 1181 2017 Saulus
1211 1977 1240 2015 a
1274 1961 1435 2017 Saule
1457 1970 1509 2017 et
1538 1978 1734 2035 genus,
1767 1969 1820 2018 et

219 2064 438 2115 nomen,
472 2057 527 2104 et
545 2049 806 2105 saevitiam
837 2058 1091 2105 traxerat.
1117 2051 1233 2107 Hoc
1261 2059 1443 2107 autem
1463 2066 1662 2106 nomen
1684 2052 1819 2106 Pau-

216 2145 330 2203 tus,
383 2138 618 2193 Hebraea
655 2138 844 2211 lingua
890 2147 1049 2194 sonat
1091 2140 1323 2212 quietus.
1375 2140 1529 2196 Unde
1560 2140 1699 2195 sicut
1747 2155 1819 2196 ex

215 2227 557 2292 auctoritate,
590 2228 718 2300 quia
747 2229 851 2284 hoc
895 2244 1094 2285 nomen
1138 2229 1283 2300 apud
1316 2244 1508 2284 omnes
1546 2237 1731 2284 notum
1764 2237 1819 2286 et

210 2315 534 2371 honorabile
565 2325 698 2383 erat,
720 2317 799 2373 sic
827 2317 985 2372 etiam
1009 2335 1073 2373 ex
1095 2318 1411 2374 auctoritate
1444 2333 1537 2373 sua
1569 2318 1713 2373 valet
1742 2319 1819 2373 ad

211 2404 592 2461 intentionem.
643 2406 743 2461 Hic
781 2406 926 2462 enim
974 2406 1171 2462 Paulus
1202 2415 1257 2462 ut
1304 2408 1516 2478 quietos
1558 2416 1611 2462 et
1659 2416 1812 2462 tran-

206 2493 406 2565 quillos
436 2494 581 2549 inter
627 2511 688 2551 se
744 2496 997 2551 redderet
1044 2496 1321 2551 Romanos
1351 2496 1613 2563 intendit;
1645 2496 1731 2552 vel
1771 2496 1817 2551 si

203 2582 400 2637 Paulus
431 2583 628 2639 Latine
660 2583 887 2650 dicatur,
951 2584 1102 2656 quasi
1146 2585 1413 2655 modicus,
1446 2585 1640 2640 iterum
1674 2586 1812 2641 bene

204 2671 272 2725 ad
305 2687 447 2727 rem.
484 2671 586 2727 Hic
614 2671 758 2727 enim
803 2672 1004 2728 laborat
1033 2680 1092 2728 ut
1138 2672 1431 2741 Romanos,
1483 2673 1729 2730 modicos
1765 2682 1817 2730 et

202 2760 439 2816 humiles
468 2777 576 2833 per
604 2760 887 2831 epistolam
906 2762 1168 2829 redditos,
1202 2762 1445 2832 subjiciat
1477 2762 1663 2836 gratiae
1692 2764 1813 2818 Dei.

205 2851 447 2916 Paulus,
476 2849 723 2922 inquam,
750 2867 941 2906 servus
971 2850 1182 2907 Christi
1210 2854 1360 2907 Iesu.
1392 2851 1527 2921 Quia
1562 2853 1814 2907 omnibus

200 2938 380 2993 modis
406 2940 477 2993 ad
510 2939 865 2995 humilitatem
918 2940 1253 2995 suadendam
1293 2940 1382 2996 hic
1410 2941 1657 3009 intendit,
1690 2942 1814 2997 ideo

193 3027 403 3081 nomini
433 3027 740 3100 dignitatis,
773 3044 971 3085 nomen
1015 3028 1307 3100 praeposuit
1352 3029 1687 3085 humilitatis.
1723 3030 1815 3085 Di-

191 3130 324 3171 cens
358 3134 372 3170 :
411 3116 621 3171 Paulus
651 3132 841 3172 servus
870 3116 1069 3172 Christi
1115 3118 1244 3173 Jesu
1292 3119 1441 3189 regis
1470 3127 1521 3173 et
1551 3120 1813 3175 sacerdo-

190 3203 276 3269 tis,
313 3204 407 3276 qui
440 3205 601 3260 solus
630 3221 823 3275 regere
853 3205 1012 3273 valet,
1046 3213 1210 3278 atque
1249 3207 1559 3278 vespertino
1590 3224 1690 3263 suo
1720 3226 1812 3263 sa-

188 3292 397 3348 criﬁcio
425 3294 671 3350 salvare.
698 3294 900 3349 Servus
927 3294 1087 3349 etiam
1116 3297 1264 3361 Jesu,
1296 3295 1349 3351 id
1368 3305 1449 3352 est
1480 3296 1800 3363 Salvatoris,

188 3390 391 3452 praeter
421 3399 594 3456 quem
616 3398 779 3438 nemo
801 3383 1011 3439 salvare
1038 3383 1233 3440 sufﬁcit
1266 3399 1278 3438 :
1315 3385 1393 3441 sic
1422 3394 1475 3440 et
1500 3401 1599 3441 vos
1629 3402 1808 3441 exem-

186 3470 277 3541 plo
307 3488 437 3527 meo
468 3471 609 3526 nihil
643 3472 711 3527 de
740 3472 894 3527 vobis
931 3472 1231 3537 contidatis,
1271 3473 1368 3529 sed
1397 3474 1611 3545 penitus
1641 3475 1809 3544 subji-

180 3560 400 3615 ciamini
423 3560 683 3616 servituti
698 3562 826 3616 Jesu
851 3561 1071 3616 Christi.
1095 3561 1314 3629 Paulus,
1338 3561 1580 3634 inquam,
1614 3579 1807 3619 servus

178 3650 377 3705 Christi
407 3651 570 3717 Jesu,
589 3654 816 3707 vocatus
838 3667 938 3722 per
960 3650 1192 3722 gratiam
1220 3651 1337 3717 Dei,
1371 3667 1477 3706 non
1509 3652 1700 3708 merito
1730 3653 1807 3708 le-

180 3738 266 3811 gis
296 3739 386 3794 vel
415 3738 673 3811 generis,
705 3739 802 3794 sed
824 3754 925 3811 per
945 3739 1118 3795 solam
1139 3740 1397 3813 gratiam,
1428 3740 1495 3795 ad
1527 3742 1632 3797 hoc
1653 3750 1710 3796 ut
1741 3742 1807 3797 sit

177 3831 499 3900 apostolus,
536 3828 696 3897 cujus
738 3828 1046 3885 auctoritati
1091 3845 1191 3885 vos
1216 3829 1440 3885 obedire
1471 3830 1669 3885 bonum
1703 3840 1803 3886 est.

180 3916 279 3971 Vel
309 3918 523 3972 Paulus
575 3916 876 3988 apostolus,
938 3933 1047 3973 non
1086 3916 1141 3972 in
1172 3918 1408 3984 occulto,
1459 3920 1557 3974 sed
1587 3928 1807 3975 vocatus

169 4005 240 4060 ab
269 4007 567 4073 omnibus,
604 4006 731 4078 quia
751 4007 862 4075 jam
892 4022 1085 4062 omnes
1112 4016 1489 4079 cognoverunt
1518 4024 1604 4064 me
1634 4025 1662 4063 a
1692 4010 1808 4064 Deo

171 4103 571 4151 consecratum
604 4095 931 4166 apostolum,
980 4096 1122 4151 unde
1153 4096 1331 4170 magis
1376 4096 1506 4151 mihi
1537 4097 1807 4153 obedien-

169 4184 298 4239 dum
331 4194 443 4241 est.
477 4184 623 4255 Qum
653 4192 881 4256 utraque
930 4184 1199 4241 sententia
1244 4185 1388 4241 valet
1419 4185 1487 4240 ad
1519 4194 1808 4258 utrumque

169 4274 469 4344 populum,
506 4273 760 4328 Judaeum
793 4290 885 4327 seu
910 4273 1167 4345 gentilem
1198 4273 1690 4345 comprimendum.
1716 4276 1808 4330 Di-

168 4363 348 4418 versis
379 4363 577 4419 modis
610 4362 927 4418 vocationes
948 4362 1048 4417 Dei
1080 4352 1232 4418 fiunt.
1265 4362 1364 4419 Hic
1394 4371 1576 4418 autem
1607 4364 1808 4420 Paulus

162 4461 392 4508 vocatus
427 4459 543 4517 est,
580 4458 635 4507 et
684 4468 783 4522 per
829 4449 1174 4507 aﬁlictionem
1220 4453 1468 4523 corporis
1534 4453 1805 4519 exterius;

162 4551 214 4597 et
241 4558 350 4614 per
378 4557 593 4598 vocem
625 4540 824 4595 Christi
855 4540 1087 4596 dicentis
1120 4559 1133 4596 :
1163 4542 1366 4607 Saule,
1402 4542 1536 4615 quid
1561 4559 1652 4598 me
1669 4559 1801 4615 per-

1925 1951 2038 1998 tum
2068 1959 2169 2014 per
2198 1943 2571 2010 humilitatem,
2609 1951 2722 1999 tum
2753 1960 2853 2015 per
2889 1944 3284 2000 auctoritatem.
3318 1943 3417 1999 Hic
3445 1944 3535 1998 in-

1921 2031 2050 2104 cipit
2119 2033 2502 2087 commendare
2546 2032 2987 2103 prardicationem
3055 2048 3231 2103 suam,
3288 2032 3530 2089 dicens:

1921 2121 2276 2194 Segregatus,
2323 2122 2568 2193 inquam,
2622 2138 2720 2177 seu
2750 2136 2783 2177 a
2812 2122 2954 2193 lege,
3007 2138 3104 2177 seu
3152 2122 3220 2176 ab
3271 2121 3536 2193 apostolis

1918 2208 2056 2274 aliis,
2092 2210 2321 2265 veniens
2344 2212 2403 2265 in
2426 2212 2797 2281 Evangelium
2818 2210 3247 2282 praedicandum.
3280 2212 3533 2285 Evange—

1917 2298 2047 2353 lium
2082 2298 2283 2354 bonum
2337 2300 2581 2354 nuntium
2612 2300 2827 2369 dicitur,
2880 2300 3236 2371 Evangelium
3266 2300 3389 2357 dico
3412 2302 3527 2358 Dei.

1916 2387 2068 2443 Nova
2100 2386 2185 2443 lex
2208 2388 2307 2443 Dei
2335 2388 2645 2459 specialiter
2664 2405 2788 2445 esse
2809 2389 3029 2456 dicitur,
3054 2389 3146 2461 qui
3176 2405 3285 2444 non
3303 2405 3402 2461 per
3430 2389 3533 2444 mi-

1916 2476 2164 2543 nistrum,
2198 2477 2295 2531 sed
2345 2493 2464 2532 eam
2508 2494 2610 2548 per
2653 2477 2927 2549 propriam
2974 2493 3269 2550 personam
3316 2478 3524 2535 docuit.

1916 2566 2085 2620 Vetus
2114 2574 2295 2621 autem
2327 2566 2412 2621 lex
2444 2582 2540 2638 per
2569 2566 2826 2639 angelum
2858 2568 2981 2622 data
3010 2575 3094 2622 est
3123 2567 3316 2638 Moysi,
3349 2575 3402 2623 et
3430 2583 3534 2639 per

1917 2654 2140 2725 Moysen
2171 2654 2298 2710 data
2329 2663 2411 2710 est
2441 2656 2681 2722 Iudaeis;
2729 2671 2900 2728 quare
2939 2672 3047 2712 non
3077 2656 3147 2711 ita
3192 2656 3411 2728 proprie
3438 2656 3529 2712 di-

1915 2743 2052 2798 citur
2074 2759 2196 2798 esse
2220 2743 2338 2807 Dei,
2358 2742 2503 2816 quod
2518 2744 2901 2816 Evangelium,
2925 2748 3250 2816 ante‘quam
3280 2744 3526 2814 daretur,

1912 2833 2255 2904 promiserat
2284 2834 2451 2897 Deus,
2483 2840 2541 2887 ut
2563 2832 2654 2888 ille
2683 2832 2776 2905 qui
2806 2833 3033 2888 daturus
3051 2841 3185 2889 erat.
3213 2833 3529 2889 Promittere

1914 2920 2059 2975 enim
2099 2920 2351 2976 convenit
2383 2921 2452 2986 ei,
2487 2920 2579 2993 qui
2628 2937 2744 2976 rem
2792 2922 3121 2992 promissam
3165 2922 3393 2977 daturus
3422 2930 3527 2977 est.

1915 3009 2070 3065 Unde
2088 3009 2235 3064 Deus
2255 3009 2474 3081 quidem
2495 3010 2747 3081 promisit
2770 3029 2784 3077 ;
2806 3012 3086 3082 prophetae
3106 3026 3241 3067 vero
3261 3011 3409 3068 velut
3422 3012 3530 3066 mi-

1913 3097 2087 3165 nistri,
2121 3115 2223 3155 nec
2243 3099 2379 3154 dare
2395 3106 2664 3170 potentes,
2703 3100 3090 3170 praedixerunt.
3123 3101 3182 3179 In
3211 3101 3317 3157 hoc
3345 3109 3528 3157 autem

1914 3188 2060 3259 quod
2091 3188 2165 3243 ait
2194 3188 2370 3244 Deum
2400 3189 2505 3244 hoc
2535 3189 2859 3259 promisisse
2887 3189 2955 3244 ab
2985 3197 3210 3257 aeterno,
3236 3198 3389 3245 notat
3415 3206 3528 3246 ma-

1843 3253 1888 3314 Ο
1908 3253 2074 3348 gnam
2105 3276 2444 3348 diligentiam
2476 3253 2575 3333 Dei
2606 3277 2775 3334 fuisse
2809 3279 2864 3333 in
2892 3278 2996 3335 hoc
3026 3253 3345 3351 Evangelia,
3379 3280 3525 3352 quod

1909 3373 2036 3422 ante
2067 3365 2395 3437 promiserat
2420 3383 2523 3439 per
2539 3366 2863 3439 praphctas,
2898 3367 2953 3422 id
2977 3375 3057 3422 est
3078 3384 3176 3438 per
3189 3384 3285 3424 eos
3316 3369 3407 3441 qui
3437 3368 3521 3424 fu-

1909 3462 2032 3511 tura
2060 3455 2451 3526 praeviderunt.
2488 3456 2555 3510 Et
2590 3456 2712 3528 quia
2742 3455 2961 3511 fuerunt
2982 3456 3199 3529 quidam
3227 3458 3524 3529 pythonico

1908 3543 2097 3614 spiritu
2144 3543 2314 3599 futura
2357 3544 2736 3615 praedicantes,
2787 3544 3005 3616 quidam
3056 3545 3219 3601 etiam
3267 3546 3524 3602 divinitus

1905 3630 2154 3702 inspirati
2201 3634 2607 3704 prophetantes,
2658 3642 2717 3688 ut
2763 3634 3002 3700 Balaam,
3036 3651 3138 3691 nec
3186 3643 3369 3691 tamen
3400 3635 3523 3691 offi-

1907 3721 2051 3776 cium
2117 3722 2222 3778 hoc
2251 3736 2285 3776 a
2331 3723 2446 3777 Deo
2487 3722 2770 3788 habentes,
2831 3722 3159 3779 determinat
3221 3725 3518 3795 prophetas

1908 3825 2055 3878 suos,
2089 3810 2182 3881 qui
2225 3819 2274 3865 et
2333 3810 2613 3866 scientiam
2667 3810 2988 3878 futurorum,
3050 3820 3103 3868 et
3155 3812 3518 3868 ministerium

1905 3899 2271 3970 prephetandi
2300 3914 2333 3954 a
2362 3899 2478 3955 Deo
2508 3908 2857 3971 acceperunt.
2891 3902 2957 3956 Et
2985 3908 3043 3955 ut
3089 3902 3207 3958 haec
3236 3902 3518 3973 prophetia

1906 3995 2169 4058 perpetuo
2184 3996 2451 4057 maneret,
2471 3989 2737 4059 promissa
2759 3997 2842 4044 est
2862 3992 2924 4045 in
2950 3990 3262 4063 Scripturis
3274 3992 3514 4057 sanctis,

1907 4076 1963 4131 id
2000 4084 2083 4132 est
2111 4076 2199 4132 vel
2226 4093 2327 4148 per
2357 4077 2615 4148 Spiritum
2660 4086 2907 4134 sanctum
2939 4079 3119 4145 editis,
3164 4079 3249 4134 vel
3280 4079 3517 4135 sanctifi-

1907 4165 2157 4221 cantibus
2188 4181 2284 4221 eos
2313 4166 2425 4238 qui,
2459 4166 2597 4222 sicut
2626 4167 2917 4238 Scriptura:
2945 4168 3162 4233 docent,
3194 4175 3511 4239 operantur.

1906 4253 2006 4309 Hic
2034 4254 2345 4327 ingreditur
2374 4255 2909 4311 commendationem
2931 4255 3147 4324 Christi,
3181 4271 3214 4311 a
3235 4272 3342 4327 quo
3371 4273 3517 4328 prae-

1906 4342 2076 4398 missa
2096 4344 2588 4409 commendatione,
2620 4346 2736 4414 ejus
2760 4361 2819 4401 se
2842 4346 3123 4415 accepisse
3154 4346 3513 4416 apostolatum

1906 4431 2036 4488 dicit
2078 4448 2090 4487 :
2122 4432 2429 4503 Scripturis,
2461 4433 2605 4500 dico,
2630 4434 2830 4489 habitis
2859 4434 2926 4489 de
2947 4435 3108 4490 Filio.
3142 4433 3335 4489 Omnis
3365 4434 3511 4490 enim

1907 4521 2210 4591 Scriptura,
2243 4522 2343 4576 etsi
2375 4522 2445 4576 de
2476 4523 2633 4577 Patre
2666 4539 2763 4577 seu
2791 4522 2861 4577 de
2893 4522 3094 4592 Spiritu
3140 4531 3331 4578 sancto
3359 4532 3508 4596 agat,

157 4610 417 4705 seq—ueris
444 4635 471 4687 .9
501 4631 657 4702 (Act.
693 4644 771 4695 ix,
807 4629 887 4700 4.)
916 4629 1230 4686 etinteriori
1259 4610 1629 4701 inspiratione.
1664 4610 1804 4686 Pau-

1915 4610 2182 4681 praacipue
2212 4611 2281 4665 de
2311 4610 2444 4665 Filio
2474 4611 2690 4665 videtur
2719 4626 2904 4683 agere,
2930 4610 3058 4682 quia
3089 4626 3426 4683 quaecunque
3455 4612 3513 4666 in

156 4718 243 4775 lus
275 4720 369 4777 hic
401 4723 766 4793 segregatus,
822 4734 929 4775 non
984 4719 1313 4775 determinat
1345 4734 1377 4774 a
1426 4735 1557 4792 quo,
1606 4720 1703 4775 sed
1749 4720 1803 4775 in

155 4810 309 4880 quid,
340 4810 575 4866 scilicet
606 4810 670 4863 in
702 4809 1092 4879 Evangelium.
1138 4808 1496 4882 Segregatus,
1551 4808 1795 4881 inquam,

158 4898 243 4953 vel
273 4899 349 4953 ab
380 4898 518 4953 aliis
550 4895 854 4967 apostolis;
886 4895 1014 4969 quia
1044 4895 1122 4951 illi
1152 4896 1429 4953 constituti
1448 4906 1572 4952 sunt
1601 4897 1795 4969 praadi-

156 4995 383 5043 catores
415 4985 771 5052 Iudaeorum,
815 5001 921 5058 ego
953 4993 1135 5041 autem
1184 4986 1451 5060 gentium.
1485 4986 1621 5041 Cum
1651 4985 1798 5041 enim

156 5076 361 5131 Paulus
393 5075 474 5132 ad
509 5073 683 5129 ﬁdem
716 5088 1033 5133 conversus.
1068 5073 1365 5131 instructus
1396 5082 1541 5129 esset
1571 5091 1669 5145 per
1691 5074 1795 5129 ali-

149 5174 281 5236 quot
303 5165 434 5221 dies
469 5181 505 5219 a
538 5162 827 5233 discipulis
843 5163 933 5234 qui
954 5171 1102 5218 erant
1118 5163 1371 5220 Damasci
1392 5164 1540 5233 (Act.
1565 5179 1644 5230 ιχ,
1677 5165 1790 5230 27),

148 5254 418 5310 continuo
441 5254 521 5309 de
553 5250 774 5307 Christo
791 5250 1150 5325 inSyuagoga
1178 5253 1376 5308 docere
1407 5251 1587 5323 coepit,
1623 5268 1791 5324 quare

143 5344 494 5415 praepositus
530 5339 791 5396 Damasci
821 5340 986 5395 voluit
1017 5357 1140 5396 eum
1172 5342 1659 5413 comprehendere,
1692 5342 1789 5397 sed

1910 4699 2203 4770 Scripturis
2249 4699 2507 4770 pradicta
2556 4699 2729 4768 fuere,
2763 4715 2863 4771 per
2908 4698 3101 4755 Filium
3133 4709 3511 4756 consummata

1905 4796 2046 4843 sunt.
2084 4789 2160 4844 De
2192 4789 2345 4856 Filio,
2380 4788 2523 4854 dico,
2556 4805 2666 4844 non
2696 4788 2972 4860 adoptivo,
3032 4789 3130 4843 sed
3185 4806 3305 4855 suo,
3339 4789 3394 4844 id
3423 4797 3508 4845 est

1902 4876 2349 4933 consubstantiali
2380 4877 2483 4949 ipsi
2532 4886 2586 4932 et
2634 4886 2927 4933 coaeterno.
2981 4878 3086 4945 Qui
3133 4878 3301 4932 Filius
3330 4877 3508 4934 factus

1900 4970 2003 5035 est,
2038 4965 2094 5021 id
2124 4974 2207 5022 est
2236 4965 2499 5021 facturam
2532 4967 2825 5037 quamdam
2856 4967 3086 5037 accepit.

1969 5072 2188 5129 Diceret
2220 5071 2414 5144 aliquis
2444 5088 2458 5127 :
2496 5071 2639 5141 Quid
2687 5074 2789 5128 hoc
2829 5080 2911 5127 est
2942 5072 3213 5141 miraculi,
3256 5081 3310 5128 ut
3339 5073 3505 5129 Filius

1896 5177 2017 5217 cum
2049 5162 2210 5217 Patre
2240 5161 2601 5233 sempiternus
2633 5160 2807 5217 factus
2848 5162 2915 5215 sit
2947 5161 3000 5216 in
3033 5170 3278 5234 tempore
3299 5163 3328 5218 ‘P
3358 5164 3506 5218 Con-

1894 5258 1973 5306 tra
2000 5250 2102 5307 hoc
2134 5250 2207 5305 ait
2241 5250 2465 5306 :Factus
2488 5258 2569 5305 est
2590 5250 2735 5318 dico,
2771 5265 2877 5305 non
2900 5251 3197 5306 secundum
3217 5251 3503 5317 Deitatem,

1891 5339 2317 5396 sedsecundum
2341 5356 2594 5403 carnem.
2630 5355 2795 5412 quam
2808 5338 2862 5393 in
2889 5356 2948 5394 se
2970 5339 3166 5395 Deitati
3195 5340 3503 5411 personali-

141 5447 173 5485 a
195 5433 471 5487 fratribus
496 5429 585 5486 6
617 5446 718 5501 per
749 5445 960 5483 murum
999 5430 1385 5507 demissuszest
1413 5430 1466 5485 in
1499 5438 1701 5501 sporta,
1736 5439 1788 5487 et
1889 5436 1971 5484 ter
1988 5428 2157 5484 univit
2180 5428 2231 5483 in
2254 5437 2515 5499 tempore.
2542 5430 2777 5484 Carnem
2795 5427 2939 5495 dico,
2961 5437 3300 5500 assumptam
3321 5446 3397 5485 ea:
3416 5446 3501 5486 se-

140 5522 217 5578 sic
248 5522 438 5578 avasit
473 5534 683 5575 manus
700 5518 837 5587 ejus,
872 5527 924 5574 et
944 5519 1071 5574 inde
1092 5520 1222 5574 abiit
1252 5520 1306 5574 in
1335 5520 1610 5584 Arabiam,
1642 5537 1781 5592 prae-

140 5611 331 5667 dicans
364 5612 448 5666 ibi
481 5608 756 5681 gentibus
785 5608 959 5663 tribus
1006 5610 1183 5676 annis,
1215 5617 1340 5681 post
1370 5626 1507 5682 quos
1539 5609 1699 5664 rediit
1728 5608 1783 5663 in

138 5701 527 5767 Hierusalem,
567 5697 753 5773 ibique
783 5697 989 5753 invenit
1028 5699 1249 5755 Petrum
1287 5706 1340 5757 et
1366 5699 1653 5767 Jacobum,
1689 5698 1782 5773 qui

1886 5520 2060 5584 mine,
2097 5517 2149 5571 id
2181 5525 2262 5573 est
2294 5534 2359 5573 ex
2381 5533 2541 5572 carne
2556 5516 2733 5572 David
2755 5539 2772 5586 ;
2798 5517 3098 5573 secundum
3117 5534 3293 5590 genus
3312 5518 3503 5573 matris

1886 5606 2105 5671 Christi,
2137 5605 2194 5661 in
2235 5621 2345 5679 qua
2389 5605 2652 5662 facturam
2683 5606 2860 5661 carnis
2890 5606 3117 5677 accepit.
3151 5606 3237 5671 Ei,
3271 5606 3501 5669 scilicet,

1885 5697 2020 5763 Deo,
2054 5695 2107 5752 id
2138 5704 2222 5753 est
2249 5695 2319 5753 ad
2350 5694 2839 5757 manifestationem
2861 5695 2981 5753 Dei.
3014 5694 3134 5753 Nisi
3162 5695 3308 5753 enim
3339 5694 3500 5753 Chri-
