3970 6482
476 361 541 411 19
1034 355 1090 409 S.
1132 352 1484 408 BRUNONIS
1524 348 2165 408 CARTHUSIANORUM
2206 350 2687 408 INSTITUTORIS
2728 350 2879 407 OPP.
2924 352 3098 406 PARS
3138 352 3201 408 ll.
3696 358 3769 411 20

473 488 589 536 stus
617 494 835 536 carnem
866 484 1181 543 assumeret,
1214 490 1344 532 rara
1371 474 1459 532 vel
1498 475 1648 531 nulla
1675 475 1743 531 de
1772 476 1889 531 Deo
1919 473 2063 529 noti—
2090 476 2145 535 Α
2165 472 2317 541 ﬁdes,
2364 490 2474 530 non
2512 476 2877 546 superbiendo
2921 476 3189 548 deregare
3244 476 3432 548 gratiae
3474 477 3613 545 Dei;
3660 478 3774 533 hoc

473 568 547 622 tia
573 567 883 623 hominibus
911 574 1073 621 esset.
1107 565 1355 620 Christus
1402 564 1648 619 similiter
1674 564 1741 619 de
1777 564 2066 618 Salomone

475 673 574 712 seu
603 657 829 712 Roboan
846 663 1000 710 natus
1020 670 1142 710 esse
1163 654 1269 710 dici
1288 661 1476 725 posset
1494 672 1509 719 ;
1529 654 1625 707 sed
1650 652 1778 724 quia
1798 653 1866 707 ad
1888 652 2067 706 Abra-

474 746 606 800 ham
633 752 686 800 et
714 744 884 799 David
914 743 1069 799 facta
1110 751 1235 798 sunt
1264 742 1714 813 repromissiones
1734 742 1803 796 de
1833 740 2064 805 Christo,

475 834 601 889 ideo
630 833 699 888 de
726 832 899 888 altero
930 847 1140 898 eorum,
1166 830 1253 886 vel
1282 839 1510 902 utroque
1538 838 1695 884 natus
1724 846 1846 885 esse
1875 829 2068 883 dicitur

474 923 696 993 ubique.
728 922 825 977 Hic
854 928 1034 976 autem
1064 935 1233 977 causa
1261 927 1342 974 est
1391 934 1559 991 quare
1589 919 1741 973 sileat
1772 918 2063 983 Abraham,

477 1018 528 1065 et
555 1017 835 1081 praponat
864 1009 1055 1064 David.
1090 1009 1190 1063 Per
1214 1008 1488 1063 Abraham
1509 1007 1652 1061 enim
1665 1006 1815 1075 justi,
1840 1006 1967 1077 quia
1988 1005 2071 1073 ju-

475 1107 592 1153 stus
604 1097 702 1153 fuit
722 1117 737 1164 ;
757 1114 857 1169 per
875 1097 1050 1152 David
1064 1104 1379 1167 peccatores
1392 1095 1729 1166 plerumque,
1746 1095 1868 1165 quia
1889 1094 2069 1166 gravi-

473 1195 556 1243 ter
583 1186 830 1258 deliquit,
861 1185 1211 1256 accipiuntur.
1234 1183 1341 1239 Sed
1361 1184 1449 1239 hic
1470 1183 1535 1237 ad
1557 1192 1871 1254 peccatores
1891 1198 2070 1237 sermo

476 1283 607 1341 erat,
623 1275 812 1346 utique
834 1291 892 1329 se
913 1281 1231 1344 peccatores
1250 1271 1653 1337 confiterentur,
1678 1271 1874 1325 Paulus
1904 1270 2073 1325 inten-

477 1363 669 1429 debat;
700 1371 755 1418 et
782 1362 987 1417 idcirco
1008 1360 1182 1415 David
1203 1361 1259 1414 in
1281 1360 1604 1415 memoriam
1621 1367 1966 1430 peccatorum
1985 1359 2072 1414 hic

476 1451 675 1523 posuit.
691 1450 796 1519 Qui
817 1450 1058 1506 Christus
1078 1449 1384 1520 intempore
1406 1448 1619 1521 quidem
1642 1447 1815 1503 factus
1836 1455 1951 1513 est;
1975 1446 2073 1501 sed

479 1541 548 1598 '7
583 1540 651 1595 ab
679 1547 882 1595 aeterno
908 1539 1368 1609 prwdestinatus,
1401 1537 1453 1591 id
1484 1544 1566 1591 est
1598 1535 1990 1607 praeordinatus
2018 1541 2072 1589 et

475 1628 771 1699 dispositus
799 1635 882 1682 est
904 1627 1081 1681 Filius
1129 1626 1231 1682 Dei
1278 1642 1422 1691 esse,
1474 1625 1800 1679 assumendo
1830 1639 2071 1679 carnem.

472 1717 718 1774 Christus
745 1715 869 1771 dico
895 1714 1196 1771 secundum
1225 1714 1374 1785 quod
1418 1713 1586 1767 Filius
1615 1713 1715 1767 Dei
1747 1720 1825 1767 est
1853 1728 2074 1782 perma-

468 1822 605 1861 nens
634 1806 698 1860 in
727 1806 959 1872 virtute,
984 1803 1039 1857 id
1060 1812 1143 1858 est
1174 1802 1231 1857 in
1266 1802 1458 1857 eadem
1496 1801 1792 1856 divinitatis
1836 1801 2071 1872 potentia
2100 1829 2152 1889 B

468 1910 686 1965 semper
712 1908 833 1949 cum
865 1894 1041 1947 Patre.
1073 1892 1190 1947 Nec
1218 1890 1518 1946 secundum
1547 1890 1815 1945 Deitatem
1853 1889 2072 1960 prcede-

470 1983 715 2049 stinatus,
761 1981 860 2037 sed
902 1980 1202 2036 secundum
1248 1979 1424 2034 solam
1468 1978 1877 2033 humanitatem.
1924 1979 2075 2032 Prae-

467 2071 748 2127 destinare
787 2069 932 2125 enim
979 2069 1049 2124 de
1094 2085 1151 2124 re
1198 2084 1319 2140 quae
1346 2083 1457 2123 non
1502 2075 1585 2122 est
1629 2067 1867 2132 dicitur;
1910 2066 2075 2121 Filius

472 2167 653 2215 autem
712 2158 813 2214 Dei
860 2158 915 2212 in
961 2156 1230 2229 principio
1276 2172 1496 2227 semper
1544 2154 1661 2209 fuit.
1709 2155 1815 2209 Sed
1864 2155 1992 2226 quia
2019 2155 2074 2209 in

476 2247 690 2303 Christo
738 2247 862 2302 duae
907 2254 1110 2301 naturae
1171 2245 1604 2311 considerantur,
1653 2243 1824 2299 altera
1866 2243 2069 2311 divina,

470 2337 640 2392 altera
694 2337 952 2401 humana,
1000 2342 1219 2406 propter
1258 2334 1540 2405 utriusque
1587 2332 1899 2387 substantiae
1928 2332 2072 2385 indi-

468 2425 642 2481 visam
674 2423 927 2495 copulam
972 2422 1170 2478 dicitur
1216 2422 1539 2493 plerumque
1586 2422 1655 2476 de
1700 2421 1884 2475 divina
1927 2420 2071 2492 quod

467 2512 746 2585 proprium
777 2520 860 2567 est
887 2514 1138 2568 humana:
1168 2529 1182 2567 :
1216 2519 1274 2566 ut
1319 2510 1427 2578 hic,
1475 2509 1568 2564 ubi
1613 2509 1806 2565 dicitur
1851 2510 2069 2580 praede-

470 2602 699 2657 stinatus
752 2600 936 2667 Filius,
983 2601 1131 2673 quod
1172 2599 1226 2655 in
1274 2606 1471 2654 natura
1524 2598 1751 2653 Deitatis
1806 2614 1929 2652 esse
1974 2614 2070 2653 ne-

471 2691 626 2763 quit;
658 2706 721 2746 ea
752 2689 1101 2745 similitudine
1145 2705 1271 2762 qua,
1320 2686 1726 2745 considerantes
1754 2687 1809 2741 in
1850 2686 2069 2742 homine

472 2795 674 2851 corpus
717 2786 772 2835 et
818 2778 1075 2845 animam,
1126 2778 1443 2849 plerumque
1489 2784 1711 2849 propter
1755 2775 2066 2830 afﬁnitatem

470 2867 659 2924 dicunt
702 2868 772 2922 de
815 2867 992 2921 anima
1036 2867 1182 2939 quod
1246 2867 1522 2937 proprium
1581 2874 1662 2921 est
1708 2864 1925 2935 corpori
1949 2906 1964 2931 ,
2014 2872 2068 2919 et

474 2971 776 3012 eeonverso
810 2971 822 3009 :
855 2954 1002 3026 quod
1037 2971 1212 3027 genus
1251 2954 1467 3010 dicendi
1495 2954 1551 3008 in
1579 2954 1792 3010 Christo
1838 2969 2066 3023 expres-

472 3044 586 3099 sius
641 3043 912 3113 convenit,
944 3058 1073 3099 cum
1117 3043 1191 3097 ibi
1234 3043 1397 3098 homo
1443 3043 1609 3107 Deus,
1643 3050 1695 3096 et
1725 3043 1871 3097 Deus
1901 3042 2064 3095 homo

473 3132 705 3188 dicatur.
738 3133 799 3187 In
824 3129 1042 3187 homine
1071 3146 1203 3187 vero
1224 3145 1424 3202 corpus
1454 3130 1712 3197 animam,
1748 3138 1800 3185 et
1829 3129 2064 3184 animam

470 3236 673 3291 corpus
700 3219 887 3276 dicere
916 3235 1024 3275 non
1069 3219 1213 3275 licet.

542 3309 675 3363 Cum
705 3316 882 3364 autem
912 3307 1215 3374 referimus,
1248 3308 1328 3364 sic
1375 3307 1468 3379 qui
1508 3307 1768 3372 Christus,
1815 3314 2067 3361 neutram

466 3400 719 3449 naturam
750 3392 1108 3449 excludimus.
1140 3392 1248 3447 Sed
1281 3408 1403 3448 cum
1449 3407 1547 3462 per
1588 3399 1770 3462 partes
1808 3391 2057 3462 exsequi-

468 3498 609 3548 mur,
644 3481 789 3553 quod
835 3480 1031 3537 divinae
1079 3480 1332 3537 convenit
1367 3479 1585 3545 divinae,
1628 3479 1771 3550 quod
1818 3480 2067 3534 humana:

470 3569 828 3627 attribuamus
870 3570 1137 3625 humanae.
1191 3569 1455 3637 Christus,
1502 3568 1746 3640 inquam,
1777 3568 2065 3638 praedesti-

468 3667 631 3715 natus
660 3666 745 3714 est
772 3657 889 3713 ﬁeri
918 3659 1081 3713 homo
1114 3675 1127 3713 :
1160 3672 1271 3714 non
1300 3673 1365 3713 ex
1394 3656 1834 3727 concupiscentia
1862 3657 2061 3722 carnis,

468 3747 568 3804 sed
588 3747 903 3804 secundum
926 3747 1217 3817 spiritum,
1240 3746 1295 3800 id
1313 3754 1395 3801 est
1418 3746 1486 3800 de
1508 3744 1707 3816 Spiritu
1733 3753 1919 3800 sancto
1945 3760 2069 3801 con-

469 3843 659 3908 ceptus
688 3843 787 3891 est.
825 3834 1082 3906 Spiritum
1112 3835 1235 3891 dico
1275 3835 1752 3903 sanctificationis
1774 3854 1792 3889 :
1819 3834 1911 3905 qui
1942 3850 2067 3889 eum

469 3921 827 3981 sanctificavit
871 3923 927 3977 in
980 3931 1137 3978 utero
1193 3923 1402 3990 matris,
1463 3923 1756 3978 immunem
1801 3921 2005 3978 factum
2033 3938 2067 3977 a

470 4012 730 4085 peccatis.
790 4010 928 4080 Quia
984 4011 1231 4066 Christus
1280 4010 1446 4065 Filius
1473 4011 1573 4065 Dei
1625 4011 1694 4065 sit
1740 4011 1794 4065 in
1847 4011 2063 4077 virtute,

467 4108 696 4173 apparet
716 4117 789 4156 ea:
810 4101 1228 4157 resurrectione
1256 4104 1629 4164 mortuorum,
1653 4116 1753 4171 per
1783 4100 1885 4155 hoc
1919 4100 2066 4171 quod

468 4205 763 4261 resurgens
793 4205 827 4244 a
855 4188 1101 4254 mortuis,
1127 4196 1367 4243 mortuos
1388 4187 1514 4243 fecit
1547 4204 1838 4259 resurgere
1859 4205 2063 4258 secum,

468 4279 615 4350 quod
644 4278 830 4349 utique
861 4276 1166 4332 inauditum
1197 4274 1373 4332 facere
1402 4292 1513 4331 non
1551 4286 1755 4348 posset,
1787 4277 1891 4332 nisi
1918 4279 2066 4333 Deus

469 4374 632 4423 esset.
685 4368 1016 4421 Mortuorum
1069 4365 1192 4420 dico
1245 4381 1356 4420 non
1412 4365 1671 4433 omnium,
1722 4366 1818 4421 sed
1876 4382 2066 4421 eorum

469 4462 674 4510 tantum
705 4454 797 4526 qui
826 4453 1040 4509 fuerunt
1070 4455 1298 4509 Domini
1318 4456 1503 4510 nostri
1521 4456 1653 4510 Jesu
1693 4453 1919 4511 Christi.
1942 4456 2066 4509 Non

2166 572 2341 617 autem
2373 565 2572 619 debere
2603 563 2738 633 ﬁeri,
2771 582 2871 636 pro
2915 566 3143 620 nomine
3174 566 3313 634 ejus,
3347 565 3400 620 id
3438 574 3521 620 est
3550 567 3615 620 ad
3638 566 3770 637 glo-

2169 652 2306 706 riam
2337 653 2569 707 nominis
2599 654 2716 708 Dei.
2751 654 2815 708 In
2858 655 3073 725 quibus,
3103 653 3157 707 id
3186 662 3268 707 est
3297 655 3434 708 inter
3462 670 3600 726 quas
3629 671 3772 725 gen-

2169 748 2266 806 tes,
2302 742 2435 797 estis
2457 757 2554 795 vos
2583 741 2831 807 Romani,
2865 751 2915 796 et
2933 742 3183 812 gentiles,
3215 742 3459 796 etJudmi
3490 745 3694 809 vocati,
3718 743 3773 799 id

2166 838 2249 883 est
2278 846 2376 900 per
2404 832 2743 885 vocationem
2773 831 2965 903 gratiae
2992 830 3111 885 Dei.
3139 832 3261 885 Non
3293 848 3357 886 ex
3376 832 3570 887 merito
3590 841 3776 887 vestro

2168 918 2237 972 ad
2266 917 2427 972 fidem
2458 919 2616 975 electi
2645 920 2794 985 estis,
2815 920 3056 990 inquam,
3078 922 3208 975 Jesu
3240 920 3469 990 Christi,
3502 921 3557 974 id
3588 928 3670 976 est
3700 921 3775 975 ad

2169 1006 2273 1061 hoc
2302 1014 2357 1061 ut
2388 1007 2504 1060 sitis
2532 1009 2661 1061 Jesu
2709 1007 2906 1063 Christi
2931 1026 2946 1074 ;
2994 1008 3118 1079 quia
3161 1008 3207 1062 si
3236 1008 3399 1063 modo
3426 1008 3599 1063 Judaei
3644 1008 3772 1064 vel-

2169 1094 2279 1149 lent
2334 1095 2567 1164 objicere
2623 1113 2683 1151 se
2739 1112 2847 1151 non
2902 1097 3105 1151 debere
3161 1097 3351 1165 subjici
3412 1097 3590 1162 Paulo,
3643 1113 3773 1153 cum

2170 1182 2411 1253 gentium
2456 1191 2660 1239 tantum
2716 1184 2990 1255 apostolus
3029 1184 3116 1250 sit,
3159 1193 3422 1240 errarent.
3472 1186 3774 1257 Postquam

2170 1271 2314 1326 enim
2343 1271 2484 1326 inter
2513 1281 2705 1343 gentes
2735 1274 2996 1340 habitant,
3028 1274 3096 1328 de
3144 1274 3445 1341 apostolatu
3476 1274 3591 1342 ejus
3621 1284 3768 1343 sunt,

2171 1360 2325 1428 cujus
2355 1369 2405 1415 et
2434 1371 2645 1431 gentes,
2678 1369 2733 1416 ut
2765 1362 2810 1415 si
2838 1363 2999 1417 modo
3046 1362 3269 1433 quilibet
3328 1362 3648 1433 alienigenae
3678 1380 3775 1419 ve-

2172 1449 2320 1504 niant
2348 1448 2402 1503 in
2434 1450 2765 1519 episcOpium
2811 1451 3059 1521 aliquod,
3112 1451 3320 1505 etiamsi
3349 1451 3564 1506 natione
3606 1451 3773 1507 alieni

2176 1547 2318 1608 sunt,
2351 1548 2571 1610 propter
2600 1539 2979 1594 habitationem
3011 1548 3190 1594 tamen
3218 1540 3671 1610 computabantur
3700 1540 3773 1595 de

2175 1629 2293 1698 ipso
2324 1629 2619 1698 episcopio.
2653 1628 2741 1683 Sic
2773 1628 2845 1681 illi
2876 1628 3068 1693 Judaei,
3100 1629 3221 1699 quia
3252 1629 3320 1682 ad
3351 1637 3543 1699 gentes
3570 1637 3771 1685 contu-

2176 1717 2347 1771 lerant
2371 1734 2448 1781 se,
2480 1717 2531 1769 in
2546 1717 2799 1788 gentibus
2824 1717 3239 1786 deputabuntur.
3276 1718 3490 1783 Paulus,
3524 1718 3771 1789 inquam,

2176 1801 2297 1855 talis
2327 1808 2380 1855 et
2410 1801 2550 1867 talis,
2575 1801 2852 1871 apostolus
2881 1801 2999 1865 Dei,
3026 1800 3213 1856 scribit
3234 1802 3487 1857 omnibus
3518 1804 3613 1874 qui
3629 1807 3772 1857 sunt

2178 1892 2379 1945 Romw.
2415 1890 2483 1945 Ut
2514 1897 2694 1943 autem
2713 1888 2959 1943 infideles
2980 1889 3245 1955 excludat,
3268 1890 3449 1944 subdit
3481 1891 3773 1946 :omnibus

2179 1977 2300 2032 dico
2331 1978 2552 2033 dilectis
2584 1979 2699 2043 Dei,
2733 1977 2786 2031 id
2816 1986 2898 2032 est
2927 1994 3062 2049 quos
3094 1979 3239 2032 Deus
3288 1979 3482 2051 diligit,
3516 1986 3568 2033 et
3596 1986 3654 2033 ut
3685 1978 3774 2033 sui

2175 2063 2367 2121 tierent
2396 2066 2696 2137 praeelegit.
2749 2066 2843 2119 His
2895 2066 3018 2121 dico
3076 2083 3139 2121 ex
3195 2067 3480 2122 dilectione
3510 2075 3561 2122 et
3590 2067 3774 2140 gratia

2174 2155 2275 2210 Dei
2306 2156 2511 2210 vocatis
2544 2156 2779 2221 sanctis,
2811 2154 2865 2209 id
2914 2163 2995 2209 est
3041 2156 3110 2210 ad
3157 2156 3262 2211 hoc
3306 2164 3363 2210 ut
3410 2157 3517 2211 sint
3564 2157 3771 2224 sancti,

2175 2243 2242 2298 sit
2274 2245 2417 2299 vobis
2438 2246 2643 2314 gratia,
2676 2243 2729 2297 id
2760 2251 2842 2297 est
2888 2243 3135 2298 remissio
3174 2253 3519 2315 peccatorum
3558 2254 3775 2301 vestro-

2173 2348 2326 2398 rum;
2370 2338 2427 2388 et
2452 2350 2589 2403 pax,
2626 2332 2679 2386 id
2710 2340 2791 2386 est
2821 2333 3183 2404 tranquillitas
3211 2334 3393 2399 animi,
3428 2343 3479 2389 et
3506 2351 3775 2406 perseve-

2172 2421 2343 2475 rantia
2367 2420 2422 2474 in
2452 2420 2627 2486 bonis,
2659 2438 2693 2476 a
2722 2423 2829 2476 Deo
2859 2421 2951 2493 qui
2999 2430 3196 2492 potest,
3245 2424 3417 2478 Patre
3463 2429 3679 2490 nostro,
3716 2433 3773 2479 et

2172 2509 2296 2564 ideo
2326 2508 2657 2563 voluntatem
2700 2510 2901 2575 habet;
2932 2513 2985 2565 et
3016 2527 3050 2564 a
3097 2512 3328 2566 Domino
3359 2514 3489 2568 Jesu
3520 2512 3769 2579 Christo,

2171 2598 2262 2669 qui
2291 2597 2533 2652 similiter
2563 2605 2616 2652 et
2646 2597 2757 2653 vult
2797 2606 2851 2652 et
2898 2606 3094 2669 potest.
3137 2600 3329 2653 Paulus
3384 2600 3667 2672 multiplici
3719 2611 3776 2658 et

2170 2701 2372 2757 aspera
2401 2686 2774 2756 increpatione
2805 2695 3149 2742 correcturus
3187 2688 3477 2758 Romanos,
3521 2698 3579 2743 ut
3607 2690 3775 2745 beni-

2169 2792 2276 2845 gne
2309 2775 2606 2829 sustineant
2653 2791 2846 2846 aspera
2878 2794 2999 2847 qua:
3045 2777 3288 2832 dicturus
3330 2786 3412 2831 est
3458 2778 3527 2846 ei,
3560 2794 3774 2851 eosque

2168 2862 2271 2916 sibi
2301 2863 2492 2917 reddat
2522 2863 2823 2931 benivolos,
2854 2865 3099 2935 praedicit
3141 2882 3219 2931 se,
3264 2866 3463 2937 gratias
3511 2876 3775 2938 agentem

2167 2952 2284 3005 Deo
2312 2967 2410 3021 pro
2440 2951 2595 3005 bonis
2625 2970 2746 3023 quae
2794 2954 2905 3022 jam
2962 2964 3307 3024 acceperunt,
3340 2964 3394 3009 et
3422 2955 3489 3010 de
3537 2956 3621 3010 his
3651 2974 3778 3029 qua:

2165 3040 2341 3095 adhuc
2371 3041 2677 3095 necessaria
2721 3050 2846 3095 sunt
2876 3042 2981 3095 illis
3024 3044 3171 3097 omni
3218 3043 3576 3099 sollicitudine
3607 3061 3775 3101 orare

2166 3124 2359 3178 Deum.
2419 3123 2586 3191 Quasi
2635 3125 2887 3180 diceret:
2936 3126 3057 3198 Ego
3104 3126 3171 3181 de
3210 3127 3557 3182 instructione
3599 3131 3774 3185 vestri

2167 3212 2330 3265 multa
2358 3212 2599 3267 dicturus
2621 3230 2739 3267 sum
2761 3214 2936 3279 vobis,
2962 3214 3057 3269 sed
3087 3215 3322 3285 primum
3346 3216 3419 3272 8
3444 3225 3567 3271 ante
3584 3219 3776 3273 omnia

2168 3300 2348 3355 dicam
2398 3302 2543 3372 quod
2593 3302 2827 3373 amplius
2873 3304 3003 3357 mihi
3050 3312 3264 3376 gratum
3297 3314 3395 3371 est,
3445 3313 3496 3360 et
3542 3305 3611 3360 de
3659 3323 3772 3378 quo

2167 3389 2337 3459 magis
2369 3407 2484 3444 sum
2516 3391 2774 3446 sollicitus
2807 3410 2819 3446 :
2853 3393 2957 3448 hoc
2988 3393 3213 3457 scilicet,
3261 3397 3478 3465 gratias
3505 3412 3607 3464 ago
3633 3398 3770 3451 Deo.

2167 3478 2379 3532 Gratias
2410 3495 2575 3551 agere
2606 3481 2741 3545 Deo,
2773 3488 3034 3536 esttotum
3065 3482 3181 3536 Deo
3209 3483 3513 3552 attribuere,
3549 3491 3602 3537 et
3633 3484 3775 3540 nihil

2168 3567 2390 3622 homini.
2438 3568 2593 3623 Unde
2641 3567 2760 3623 ait:
2813 3569 3028 3624 Gratias
3066 3586 3172 3643 ago
3221 3572 3357 3637 Deo,
3400 3572 3454 3627 id
3510 3580 3591 3626 est
3622 3572 3775 3627 bona

2171 3672 2294 3726 quae
2317 3656 2428 3724 jam
2460 3656 2515 3710 in
2542 3656 2699 3712 vobis
2729 3658 2909 3725 video,
2941 3660 3132 3729 gratiae
3162 3660 3261 3715 Dei
3309 3660 3544 3725 ascribo,
3579 3668 3629 3715 et
3659 3677 3777 3716 non

2167 3744 2325 3799 vobis
2363 3760 2375 3799 :
2404 3746 2513 3800 Deo
2542 3763 2681 3814 meo,
2708 3747 2798 3817 qui
2820 3747 3052 3818 quodam
3077 3748 3304 3818 spiritali
3322 3748 3584 3820 [speciali]
3604 3750 3777 3805 modo

2165 3848 2322 3887 meus
2340 3842 2441 3887 est.
2469 3837 2577 3889 Per
2597 3836 2785 3889 Iesum
2806 3834 3110 3903 Christum,
3132 3854 3290 3907 quem
3322 3838 3496 3891 solum
3528 3838 3776 3894 medium

2166 3922 2343 3976 habeo
2373 3922 2513 3976 inter
2541 3939 2627 3977 me
2658 3931 2710 3977 et
2742 3924 2934 3978 Deum.
2980 3926 3088 3979 Vos
3118 3934 3295 3979 autem
3328 3942 3423 3996 per
3468 3942 3555 3980 me
3585 3934 3777 3983 trans-

2165 4010 2253 4065 itis
2286 4010 2355 4064 ad
2388 4010 2679 4078 Christum,
2714 4020 2765 4066 et
2794 4028 2890 4082 per
2918 4012 3191 4067 Christum
3221 4014 3289 4067 ad
3320 4014 3513 4068 Deum.
3547 4014 3615 4069 Et
3643 4015 3775 4072 ideo

2166 4098 2371 4170 gratias
2428 4099 2550 4154 dico
2606 4116 2707 4169 per
2772 4100 3064 4155 Christum.
3126 4101 3292 4155 Vobis
3349 4111 3525 4157 autem
3575 4106 3775 4174 gratia

2166 4187 2398 4258 agenda:
2428 4195 2548 4241 sunt
2578 4204 2679 4258 per
2709 4204 2796 4243 me
2830 4188 3067 4254 Christo,
3100 4197 3151 4244 et
3199 4189 3276 4244 sic
3304 4190 3439 4245 Deo.
3501 4191 3775 4248 Fortassis

2166 4283 2412 4346 putarent
2449 4276 2625 4345 alteri,
2659 4275 2744 4331 vel
2772 4276 2942 4331 Judaei
2992 4277 3184 4346 solum,
3220 4278 3304 4333 vel
3335 4279 3585 4349 gentiles,
3620 4283 3774 4352 quod

2166 4380 2267 4435 pro
2298 4364 2482 4419 alteris
2514 4372 2718 4419 tantum
2742 4365 2941 4436 gratias
2971 4375 3176 4438 ageret,
3209 4367 3263 4421 id
3295 4376 3376 4421 est
3404 4368 3546 4421 bona
3574 4385 3774 4424 eorum

2167 4452 2273 4507 soli
2306 4453 2493 4523 gratize
2525 4454 2623 4507 Dei
2653 4454 2984 4521 ascriberet;
3018 4471 3085 4508 ne
3108 4471 3207 4524 per
3253 4455 3356 4510 hoc
3385 4456 3521 4510 alter
3549 4457 3606 4510 in
3635 4458 3775 4514 alte-

467 4544 613 4599 eniir.
642 4541 891 4598 infideles
921 4557 1106 4598 secum
1134 4558 1422 4614 resurgere
1463 4542 1609 4599 fecit.
1639 4544 1792 4600 Unde
1821 4544 2071 4599 dicuntur
2090 4538 2144 4597 D
2176 4558 2295 4596 rum
2325 4559 2383 4596 se
2413 4540 2621 4607 efferat,
2654 4543 2726 4596 ait
2759 4560 2771 4596 :
2801 4560 2902 4614 pro
2933 4544 3079 4598 vobis
3100 4544 3378 4607 Romanis,
3415 4562 3511 4599 seu
3532 4545 3649 4600 sitis
3671 4547 3773 4602 Ju-

461 4631 540 4687 illi
613 4631 956 4702 potissimum
1024 4632 1431 4686 consurrexisse
1492 4631 1738 4699 Christo,
1792 4632 1883 4703 qui
1948 4649 2071 4688 cum

466 4720 747 4774 Abraham
777 4719 833 4773 in
889 4718 1076 4773 Ebron
1132 4720 1328 4790 sepulti
1382 4727 1525 4775 sunt.
1558 4723 1665 4776 Per
1693 4737 1857 4793 quem
1884 4722 2070 4775 Iesum

471 4808 745 4863 Christum
791 4808 1108 4877 accepimus
1150 4808 1478 4879 gratiam,id
1532 4816 1613 4863 est
1668 4809 2066 4865 remissionem.

460 4894 679 4960 Paulus,
713 4903 770 4949 ut
798 4894 991 4949 melius
1011 4895 1366 4951 humilitatem
1393 4897 1639 4963 suadeat,
1671 4913 1870 4953 nomen
1898 4898 2073 4952 humi-

456 4983 623 5038 litatis
653 4983 921 5054 praeponit
949 4983 1154 5039 nomini
1183 4984 1479 5055 dignitatis.
1541 4987 1865 5056 Accepimus
1906 4986 2070 5041 etiam

459 5073 841 5144 apostolatum
862 5073 924 5127 in
941 5073 1197 5129 omnibus
1216 5075 1493 5143 gentibus.
1510 5074 1741 5145 Spiritus
1770 5075 1914 5129 enim
1934 5090 2067 5129 san-

460 5168 580 5215 ctus
610 5159 927 5230 Apostolum
956 5161 1199 5232 gentium
1227 5178 1316 5216 me
1366 5162 1661 5227 constituit,
1691 5162 1782 5217 ubi
1814 5162 1888 5217 ait
1919 5181 1932 5216 :
1966 5164 2067 5219 Se-

464 5251 690 5320 gregate
711 5248 854 5304 mihi
875 5250 1190 5305 Barnabam
1209 5254 1265 5305 et
1285 5251 1531 5305 Paulum
1550 5252 1621 5306 ad
1647 5266 1805 5322 opus,
1831 5252 1904 5306 ad
1925 5252 2067 5324 quod

466 5337 775 5406 assumpsit
807 5336 1129 5411 [assumpsi]
1161 5354 1249 5393 eos
1280 5338 1425 5407 (Act.
1456 5353 1580 5405 xm,
1610 5339 1687 5410 2).
1721 5340 2063 5410 Accepimus,

461 5423 707 5494 inquam,
740 5425 795 5478 in
823 5425 1077 5498 gentibus
1136 5426 1518 5496 apostolatum,
1572 5427 1646 5482 ad
1701 5428 2065 5483 obediendum

463 5511 616 5582 ﬁdei,
652 5511 705 5567 id
734 5514 912 5568 estad
940 5514 1043 5570 hoc
1091 5522 1149 5568 ut
1198 5513 1617 5585 praedicaremus
1648 5513 1831 5585 ﬁdem,
1864 5524 1915 5570 et
1943 5525 2064 5586 post

464 5608 747 5671 acceptam
778 5602 959 5669 fidem,
992 5601 1361 5657 obedicndum
1389 5618 1511 5657 esse
1540 5602 1624 5658 his
1662 5620 1781 5675 quae
1810 5605 2064 5660 admonet

2172 4630 2296 4697 diei,
2333 4647 2426 4686 seu
2456 4630 2708 4701 gentiles,
2741 4631 2995 4685 omnibus
3026 4648 3130 4703 ago
3169 4632 3394 4704 gratias,
3429 4642 3479 4687 et
3511 4634 3668 4689 bona:
3700 4635 3774 4691 fi-

2172 4719 2260 4774 dei
2291 4728 2487 4773 vestraa
2508 4719 2610 4789 ipsi
2632 4719 2731 4773 soli
2752 4720 2984 4774 ascribo.
3010 4721 3343 4775 Determinat
3369 4722 3511 4776 unde
3558 4724 3775 4794 gratias

2171 4815 2316 4879 agat,
2350 4808 2584 4862 dicens:
2638 4808 2767 4862 Inde
2811 4808 3011 4880 gratias
3056 4810 3171 4863 Deo
3219 4809 3413 4875 refero,
3462 4812 3592 4883 quia
3630 4813 3776 4879 ﬁdes

2169 4898 2269 4951 Dei
2298 4898 2361 4950 in
2392 4898 2538 4952 vobis
2567 4901 2669 4952 est.
2702 4897 2770 4951 Et
2800 4905 2977 4950 vestra
3009 4897 3144 4952 fides
3167 4898 3321 4951 vobis
3340 4898 3469 4952 solis
3500 4916 3607 4954 non
3637 4917 3776 4971 pro-

2169 4983 2296 5047 ficit,
2331 4985 2427 5038 sed
2474 4985 2864 5040 annuntiatur
2903 4988 2963 5040 in
3005 4987 3267 5041 universo
3296 4988 3526 5042 mundo.
3569 4989 3777 5046 Audito

2169 5072 2313 5127 enim
2343 5073 2485 5145 quod
2514 5074 2698 5128 Romen
2728 5074 2791 5126 sit
2819 5082 3038 5143 recepta
3083 5073 3219 5129 ﬁdes
3266 5076 3482 5142 Christi,
3533 5093 3654 5148 qua:
3684 5088 3777 5133 est

2167 5170 2325 5231 caput
2354 5162 2520 5228 orbis,
2556 5161 2855 5232 suscipiunt
2885 5178 3003 5216 eam
3050 5163 3248 5228 czeteri,
3300 5162 3560 5220 imitando
3607 5176 3777 5236 caput

2167 5266 2342 5304 suum.
2379 5251 2516 5305 Vere
2548 5250 2705 5304 bonae
2739 5259 2935 5305 vestra:
2966 5250 3090 5305 fidei
3115 5252 3228 5320 jam
3278 5252 3535 5314 habitum,
3577 5256 3776 5323 gratim

2166 5338 2266 5393 Dei
2300 5339 2454 5393 bonze
2487 5339 2729 5405 ascribo,
2764 5339 2886 5409 quia
2916 5338 2973 5392 in
3002 5339 3336 5394 orationibus
3380 5340 3516 5394 meis
3552 5358 3774 5399 memo-

2165 5426 2301 5481 riam
2332 5427 2495 5481 vestri
2542 5427 2715 5493 facio,
2775 5427 2831 5481 id
2888 5435 2969 5481 est
3000 5444 3099 5498 pro
3160 5428 3320 5482 bonis
3377 5446 3497 5499 quae
3539 5430 3779 5488 habituri

2164 5516 2295 5570 estis
2324 5516 2499 5571 Deum
2528 5532 2689 5571 orans
2721 5515 2823 5587 ipsi
2868 5523 3040 5570 totum
3078 5517 3316 5572 ascribo.
3352 5518 3406 5571 Si
3450 5518 3591 5572 enim
3626 5520 3777 5576 bona

2164 5612 2286 5675 post
2314 5603 2474 5660 tidem
2505 5604 2795 5672 venientia,
2830 5604 2929 5659 Dei
2968 5605 3152 5676 gratiae
3200 5606 3559 5677 ascribuntur,
3592 5611 3776 5666 maxi-
