3970 6552
265 419 324 473 21
921 414 1300 472 EXPOSITIO
1341 415 1413 470 IN
1452 412 1832 470 EPISTOI.AS
1873 411 2093 468 PAULI.
2128 442 2197 452 —
2228 413 2298 467 IN
2338 413 2560 469 EPIST.
2610 414 2702 468 AD
2744 412 2916 468 ROM.
3512 412 3578 466 22

272 558 358 597 me
386 557 487 614 pro
523 542 632 598 fide
661 541 888 616 agendae
915 549 1041 597 sunt
1069 541 1259 615 gratiae
1277 543 1410 606 Deo,
1447 556 1569 613 qua:
1597 539 1873 595 hominem
1903 538 1958 598 Α
1981 535 2129 592 laudi
2159 536 2283 603 sint,
2319 545 2374 593 et
2403 537 2602 592 Paulus
2633 538 2702 594 de
2750 554 2935 594 errore
2979 553 3168 593 eorum
3197 534 3450 602 doluerit,
3485 541 3577 590 ut-

277 631 344 686 de
395 631 529 686 solis
577 631 820 702 peccatis
865 630 1026 685 trahit
1053 631 1122 685 ad
1147 630 1432 699 justitiam.
1471 631 1539 684 Et
1569 629 1716 700 quod
1754 643 1876 682 me-

285 721 525 775 moriam
568 722 742 775 vestri
759 721 928 791 facio,
950 719 1095 774 mihi
1131 719 1296 774 testis
1332 723 1416 774 est
1440 719 1582 774 Deus
1605 737 1624 784 ;
1647 733 1810 790 quem
1833 715 1878 769 si

283 809 351 862 ad
383 807 778 864 testificandum
811 808 956 880 quod
985 806 1182 862 falsum
1229 815 1313 864 est
1341 807 1688 873 advocarem,
1724 804 1877 859 falsi-

282 896 404 951 tatis
434 913 586 952 reum
602 897 782 966 judica
793 913 927 952 rem.

357 985 625 1040 Fortassis
654 986 862 1042 diceret
891 985 1088 1059 aliquis
1120 1004 1133 1040 :
1167 984 1306 1054 Quia
1337 986 1512 1041 Deum
1554 1001 1666 1040 non
1695 999 1874 1047 curas,

280 1074 404 1129 ideo
435 1074 628 1130 leviter
671 1091 792 1130 eum
835 1073 984 1130 falsa:
1033 1074 1113 1130 rei
1151 1082 1344 1129 testem
1393 1075 1645 1129 advocas.
1681 1073 1880 1127 Contra

287 1163 390 1218 hoc
419 1163 491 1216 ait
527 1179 538 1217 :
577 1163 677 1219 Cui
707 1164 822 1218 Deo
842 1180 946 1235 ego
968 1164 1182 1230 servio;
1211 1181 1404 1218 servus
1426 1173 1603 1217 autem
1625 1161 1692 1216 ad
1722 1161 1879 1215 testi-

284 1251 522 1306 monium
585 1251 853 1318 falsitatis,
902 1252 1189 1307 Dominum
1235 1268 1345 1307 non
1392 1261 1632 1308 vocaret.
1690 1250 1881 1306 Servio

287 1340 468 1413 utique
500 1342 614 1397 Deo
645 1342 705 1397 in
734 1343 943 1414 spiritu
970 1358 1111 1409 meo,
1145 1341 1200 1396 id
1238 1349 1319 1396 est
1352 1357 1418 1396 ex
1447 1341 1738 1404 voluntate,
1771 1355 1879 1394 non

286 1445 351 1483 ex
383 1430 664 1485 coactione
689 1449 703 1495 ;
738 1430 823 1484 vel
853 1430 909 1483 in
932 1430 1142 1501 spiritu,
1168 1429 1222 1484 id
1239 1438 1449 1485 estnon
1470 1429 1523 1483 in
1546 1428 1876 1493 carnalibus,

287 1517 385 1573 sed
417 1517 470 1572 in
501 1518 872 1589 spiritualibus
893 1519 1072 1574 servio
1090 1520 1223 1574 Deo.
1249 1519 1582 1574 Determinat
1603 1519 1658 1572 in
1688 1533 1792 1590 qua
1824 1533 1880 1572 re

287 1607 510 1672 serviat,
544 1607 748 1662 scilicet
779 1609 842 1663 in
872 1609 1192 1679 Evangelia,
1225 1607 1277 1662 id
1301 1609 1454 1662 estin
1476 1607 1880 1662 annuntiatione

289 1695 406 1750 Filii
437 1696 572 1764 ejus.
600 1697 714 1751 Hoc
744 1705 923 1751 autem
954 1696 1232 1752 servitium
1259 1697 1432 1769 magis
1461 1705 1588 1752 tunc
1620 1696 1882 1767 temporis

282 1793 495 1857 gratum
517 1793 629 1839 erat
653 1787 787 1849 Deo,
809 1786 1109 1856 praedicare
1126 1785 1356 1858 gloriam
1379 1785 1594 1850 Christi,
1620 1785 1737 1840 Filii
1759 1785 1877 1840 Dei.

1979 643 2086 697 que
2117 642 2361 682 errorem
2390 627 2457 681 ab
2488 627 2567 682 eis
2593 627 2802 683 auferat
2841 626 3104 683 sollicitus
3139 627 3228 682 sit.
3262 623 3572 690 Consolari,

1979 715 2222 787 inquam,
2256 716 2508 771 desidero
2534 716 2588 770 in
2620 716 2775 771 vobis
2800 733 2903 789 per
2929 717 3099 786 ﬁdem
3127 719 3377 772 vestram
3404 717 3573 786 atque

1978 822 2164 861 meam
2199 823 2212 858 :
2245 804 2442 860 factam
2473 821 2616 871 eam,
2668 805 2722 859 id
2753 813 2835 860 est
2861 805 3026 860 talem
3057 821 3180 878 quae
3209 812 3292 860 est
3319 803 3575 867 invicem,

1979 893 2030 948 id
2063 901 2146 949 est
2175 910 2295 965 quae
2325 894 2574 950 eamdem
2623 893 3051 950 vicissitudinem
3090 893 3309 958 habeat,
3354 898 3412 946 ut
3440 890 3582 946 sicut

1980 982 2118 1038 fides
2165 999 2282 1036 mea
2338 990 2504 1037 totum
2562 983 2786 1038 ascribit
2843 983 3028 1053 gratia:
3086 982 3206 1047 Dei,
3266 980 3344 1036 sic
3400 985 3580 1036 vestra

1981 1072 2158 1128 faciat.
2192 1071 2292 1126 Vel
2320 1071 2478 1126 aliter
2510 1089 2522 1126 :
2559 1071 2841 1127 Consolari
2873 1071 3019 1142 cupit
3052 1088 3151 1142 per
3197 1069 3360 1125 fidem
3399 1083 3580 1124 meam

1981 1158 2182 1215 factam
2224 1169 2478 1226 vestram,
2532 1167 2588 1215 ut
2631 1176 2792 1216 omne
2834 1160 3031 1215 bonum
3063 1159 3300 1215 credatis
3329 1174 3451 1214 esse
3481 1173 3583 1228 per

1982 1249 2209 1320 gratiam
2239 1249 2376 1315 Dei;
2410 1249 2573 1304 fidem
2623 1258 2861 1304 vestram
2905 1249 3049 1318 dico,
3102 1247 3297 1304 factam
3349 1263 3488 1315 eam,
3517 1245 3575 1300 id

1983 1346 2065 1392 est
2093 1339 2274 1406 talem,
2323 1356 2445 1411 qua:
2491 1343 2576 1394 est
2605 1339 2848 1394 invicem
2883 1382 2895 1402 ,
2930 1337 2983 1392 id
3015 1345 3094 1392 est
3125 1337 3288 1392 modo
3319 1351 3418 1391 suo
3451 1333 3577 1389 sub-

1983 1426 2334 1494 servientem,
2368 1435 2422 1481 ut
2454 1426 2588 1483 sicut
2619 1443 2723 1499 ego
2753 1427 2922 1498 (quod
2953 1425 3201 1499 magistri
3249 1424 3354 1495 est)
3384 1423 3577 1495 praeci-

1983 1515 2182 1587 piendo
2210 1515 2400 1582 doceo,
2435 1516 2514 1572 sic
2547 1532 2642 1572 vos
2673 1516 2842 1588 (quod
2871 1515 3263 1586 discipulorum
3311 1515 3416 1581 est)
3443 1513 3582 1568 obe-

1983 1605 2184 1660 dieudo
2229 1605 2474 1660 discatis.
2527 1605 2643 1675 Ego
2686 1605 2872 1676 utique
2919 1603 3231 1658 desideravi
3274 1602 3462 1658 venire
3511 1601 3581 1656 ad

1983 1709 2102 1759 vos,
2137 1693 2234 1748 sed
2265 1709 2374 1748 non
2416 1695 2586 1765 potui,
2625 1697 2759 1766 quia
2783 1694 3102 1765 prohibitus
3142 1710 3290 1748 sum.
3326 1689 3582 1745 Prohibi-

1983 1782 2160 1836 tiones
2206 1783 2288 1837 hie
2347 1782 2674 1854 quandoque
2723 1781 2925 1837 fiebant
2961 1781 3128 1837 Paulo
3172 1796 3274 1852 per
3319 1779 3582 1851 Spiritum

288 1874 420 1928 Inde
449 1873 580 1928 mihi
612 1874 764 1928 testis
795 1882 876 1929 est
907 1875 1050 1930 Deus
1097 1875 1243 1946 quod
1273 1875 1334 1929 in
1364 1875 1712 1930 orationibus
1742 1875 1882 1930 meis
1905 1899 1956 1958 B
1987 1880 2252 1940 sanctum,
2297 1871 2614 1943 plerumque
2683 1888 2783 1942 per
2844 1870 3089 1942 pericula
3149 1869 3440 1934 latronum,
3485 1885 3584 1922 seu

288 1961 428 2016 facio
459 1962 779 2017 memoriam
827 1964 1014 2028 vestri,
1063 1963 1117 2017 id
1166 1971 1248 2018 est
1296 1962 1437 2019 facio
1467 1964 1641 2018 Deum
1669 1979 1884 2018 memo-

288 2067 403 2105 rem
434 2051 622 2116 vestri,
648 2051 765 2106 sine
797 2051 1221 2118 intermissione,
1256 2053 1382 2124 quia
1413 2067 1687 2123 nunquam
1719 2067 1886 2106 orans

285 2140 583 2195 intermitto
613 2155 730 2195 vos.
766 2142 954 2195 Posset
976 2141 1194 2213 quidem
1215 2157 1377 2196 orare
1400 2141 1569 2195 semel
1598 2140 1652 2194 in
1675 2157 1881 2206 mense,

286 2236 341 2284 et
368 2229 447 2284 sic
477 2244 668 2300 parum
700 2237 843 2284 esset
875 2246 970 2284 eos
1010 2237 1138 2285 tunc
1183 2246 1293 2285 non
1323 2230 1664 2285 intermissos
1694 2229 1883 2284 fuisse.

287 2317 416 2372 Ideo
447 2317 557 2372 ait:
607 2319 666 2372 In
710 2318 1052 2374 orationibus
1095 2335 1333 2392 semper,
1374 2319 1428 2373 id
1476 2327 1558 2373 est
1605 2319 1750 2374 omni
1798 2319 1886 2375 die

286 2406 632 2473 continuatis,
698 2407 1022 2462 memoriam
1095 2409 1258 2463 vestri
1310 2408 1504 2473 habeo,
1554 2424 1662 2462 non
1713 2408 1886 2464 solum

287 2510 474 2560 orans,
506 2495 604 2550 sed
653 2496 812 2550 etiam
861 2497 1176 2566 obsecrans,
1226 2497 1282 2551 in
1327 2497 1654 2568 quibusdam
1696 2513 1886 2553 sacra-

289 2583 486 2639 mentis
516 2592 569 2639 et
623 2584 1082 2652 conjurationibus
1120 2586 1293 2640 Deum
1340 2586 1536 2640 obnixe
1585 2586 1882 2657 postulans,

290 2675 342 2728 si
371 2673 654 2727 exauditus
686 2672 917 2729 habeam
946 2675 1060 2729 iter
1099 2674 1364 2730 veniendi
1397 2675 1468 2728 ad
1497 2691 1609 2730 vos.
1643 2675 1884 2729 Habeam

294 2761 437 2817 dico.
474 2762 748 2829 Quomodo
778 2761 834 2816 id
863 2771 944 2817 est
971 2762 1074 2816 sub
1105 2778 1430 2835 quacunque
1446 2763 1753 2819 difficultate
1782 2765 1887 2819 hoc

287 2849 461 2918 fieret,
495 2867 592 2906 seu
621 2850 909 2917 latronem,
942 2868 1038 2906 seu
1070 2859 1449 2923 tempestatem
1480 2869 1587 2906 non
1617 2869 1882 2908 curarem.

291 2940 530 2995 Habeam
562 2940 664 2994 hoc
695 2940 935 2995 tandem.
971 2941 1027 2995 In
1058 2942 1160 2996 hoc
1191 2942 1428 2996 ostendit
1458 2957 1518 2996 se
1549 2942 1639 2996 diu
1671 2943 1888 2996 deside-

290 3044 465 3094 rasse,
511 3043 615 3084 nec
660 3028 903 3099 potuisse
951 3046 1011 3084 se
1058 3029 1290 3086 efﬁcere.
1339 3031 1584 3086 Habeam
1630 3031 1734 3086 iter
1781 3029 1886 3086 ali-

290 3117 526 3188 quando,
560 3116 614 3170 id
645 3116 815 3172 estin
862 3133 1189 3190 quocunque
1235 3127 1498 3190 tempore,
1544 3136 1639 3175 seu
1686 3120 1883 3186 hieme,

289 3222 385 3260 seu
415 3213 600 3260 aestate
630 3206 734 3262 hoc
783 3205 954 3272 fieret,
1008 3222 1118 3262 non
1165 3223 1435 3263 curarem.
1471 3210 1601 3263 Item
1634 3209 1758 3264 dico
1789 3224 1886 3280 pro

288 3294 480 3366 Spiritu
510 3294 565 3348 iu
593 3295 717 3361 hoc,
749 3303 806 3348 ut
837 3295 980 3367 quod
1001 3295 1125 3351 volo
1147 3295 1440 3361 efficerem,
1476 3306 1528 3352 et
1549 3298 1674 3368 quia
1702 3297 1884 3352 multae

288 3399 377 3438 res
408 3382 660 3439 effectum
693 3384 916 3449 habent,
950 3401 1070 3456 quae
1100 3386 1216 3440 Deo
1244 3386 1552 3457 displicent,
1588 3386 1738 3442 addit
1770 3404 1784 3441 :
1820 3389 1884 3443 In

287 3474 647 3528 voluntatem
675 3473 802 3529 Dei.
835 3473 951 3527 Nisi
969 3474 1113 3528 enim
1135 3475 1281 3529 Deus
1300 3476 1403 3530 hoc
1425 3475 1606 3542 vellet,
1631 3476 1884 3532 effectum

285 3562 446 3630 hujus
477 3561 554 3616 rei
588 3561 766 3632 potius
795 3562 994 3618 nollem
1045 3578 1209 3634 quam
1247 3579 1534 3635 cuperem.
1581 3565 1708 3620 Ideo
1739 3565 1884 3621 volui

288 3650 475 3706 venire
495 3650 563 3704 ad
594 3666 710 3715 vos,
753 3651 880 3722 quia
910 3651 1163 3707 desidero
1210 3654 1396 3709 videre
1426 3671 1515 3709 vos
1543 3669 1554 3707 :
1585 3655 1655 3708 ad
1683 3655 1786 3710 hoc
1817 3660 1883 3710 ut

290 3740 592 3812 impertiar
619 3740 766 3795 vobis
783 3740 997 3810 aliquid
1015 3743 1234 3812 gratias.
1261 3743 1370 3797 Vos
1398 3743 1616 3814 quidem
1649 3745 1882 3815 gratiam

289 3827 414 3883 fidei
436 3829 547 3896 jam
578 3828 805 3894 habetis,
841 3829 936 3884 sed
953 3846 1096 3898 cum,
1129 3830 1198 3885 ad
1219 3831 1522 3886 custodiam
1553 3833 1731 3901 hujus,
1765 3832 1884 3889 alite

290 3916 480 3989 gratia:
509 3925 831 3988 opportunae
860 3926 1060 3984 essent,
1093 3927 1151 3973 ut
1179 3920 1355 3990 gratia
1386 3920 1624 3987 unitatis,
1659 3938 1766 3976 non
1797 3930 1884 3977 ta-

287 4022 414 4061 men
477 4005 796 4060 determinat
858 4021 1021 4079 quam
1069 4008 1346 4079 gratiam;
1381 4009 1503 4081 quia
1549 4011 1882 4066 ministraret

286 4095 366 4150 eis
397 4111 614 4149 omnem
643 4094 790 4150 illam
821 4111 982 4167 quam
1012 4096 1222 4152 videret
1252 4099 1643 4154 necessariam.
1677 4101 1883 4171 Imper-

285 4183 388 4238 tiar
413 4184 534 4239 dico
579 4183 780 4255 aliquid
830 4185 1037 4255 gratiae,
1089 4201 1196 4240 non
1246 4187 1542 4253 saecularis,
1577 4197 1634 4243 ut
1661 4197 1805 4244 esset
1837 4190 1882 4244 si

289 4272 604 4328 conciliaret
633 4273 756 4327 illos
785 4290 910 4329 cum
946 4274 1274 4346 quibuslibet
1303 4276 1642 4348 principibus
1670 4278 1879 4345 mundi,

286 4362 385 4416 sed
407 4361 594 4434 gratia:
624 4364 966 4434 spiritualis,
999 4363 1055 4418 id
1085 4373 1167 4418 est
1197 4381 1316 4436 quae
1338 4365 1515 4437 gratia
1535 4367 1735 4421 nutriat
1766 4367 1882 4438 spi-

286 4451 448 4504 ritum
497 4450 553 4504 in
598 4451 764 4505 vitam
801 4460 1084 4506 aeternam.
1135 4453 1217 4508 Ne
1265 4454 1403 4509 forte
1451 4455 1684 4527 gratiam
1733 4455 1880 4523 fidei,

288 4556 453 4612 quam
484 4555 514 4593 a
544 4539 829 4611 discipulis
859 4540 1011 4595 Pauli
1040 4552 1377 4613 acceperant,
1411 4544 1654 4599 inutilem
1685 4546 1880 4616 opina-

1987 1968 2366 2030 tempestatum
2419 1961 2474 2014 in
2516 1960 2667 2015 mari.
2704 1959 2883 2029 Quare
2912 1969 3095 2015 autem
3117 1959 3306 2015 venire
3333 1957 3583 2030 prohibi-

1984 2057 2071 2104 tus
2103 2066 2242 2114 sum,
2277 2051 2405 2105 nolo
2439 2067 2527 2105 vos
2560 2052 2842 2120 ignorare,
2875 2052 3090 2120 fratres
3118 2048 3224 2103 mei
3255 2048 3311 2102 in
3339 2046 3469 2102 fide.

2059 2139 2115 2193 Si
2147 2138 2292 2193 enim
2315 2154 2537 2194 causam
2570 2138 2730 2208 hujus
2759 2138 3140 2210 prohibitionis
3171 2137 3466 2210 diligenter
3495 2136 3584 2191 in-

1988 2227 2229 2298 quiratis,
2283 2227 2437 2283 vobis
2477 2227 2716 2299 proderit
2757 2228 2825 2282 ad
2865 2228 3279 2293 correctionem,
3324 2226 3452 2280 dum
3485 2242 3586 2297 pro

1987 2325 2211 2388 peccato
2233 2316 2594 2372 contentionis
2616 2326 2809 2372 vestra:
2832 2333 2917 2372 me
2940 2333 3062 2372 esse
3083 2315 3413 2388 prohibitum
3436 2315 3591 2370 intel-

1985 2405 2186 2478 ligetis.
2203 2407 2317 2462 Hoc
2334 2405 2552 2477 inquam
2570 2407 2698 2463 nolo
2713 2422 2802 2461 vos
2819 2407 3082 2476 ignorare
3099 2406 3226 2477 quia
3240 2421 3384 2477 saepe
3401 2420 3592 2477 propo-

1985 2497 2080 2550 sui
2101 2497 2290 2551 venire
2307 2494 2380 2550 ad
2397 2512 2506 2562 vos,
2523 2500 2578 2551 et
2589 2495 2907 2568 prohibitus
2933 2512 3059 2551 sum
3080 2495 3270 2550 venire
3293 2509 3466 2566 usque
3490 2492 3590 2548 ad-

1989 2584 2116 2640 huc.
2141 2584 2243 2640 Ubi
2263 2584 2336 2638 ait
2358 2584 2560 2652 adhuc,
2601 2584 2836 2640 ostendit
2863 2601 2922 2639 se
2962 2583 3236 2638 multoties
3257 2582 3586 2654 prohibitum

1987 2689 2128 2738 esse,
2149 2673 2302 2745 quasi
2326 2673 2559 2728 diceret:
2581 2673 2886 2744 Sicutsaepe
2898 2673 3181 2744 proposui,
3205 2673 3285 2727 sic
3301 2688 3447 2742 saepe
3469 2687 3588 2743 pro-

1985 2763 2188 2818 hibitus
2226 2761 2320 2817 fui.
2364 2763 2578 2828 Venire,
2618 2761 2856 2834 inquam,
2899 2762 3162 2832 proposui
3199 2761 3267 2816 ad
3305 2776 3423 2827 vos,
3464 2760 3590 2816 ideo

1987 2856 2051 2907 ut
2084 2850 2317 2905 habeam
2349 2851 2410 2905 in
2440 2851 2610 2915 vobis,
2637 2850 2783 2922 quod
2805 2859 2856 2905 et
2877 2849 3050 2905 habeo
3081 2850 3136 2904 in
3164 2849 3304 2919 aliis,
3339 2850 3588 2922 aliquem

1984 2942 2262 3011 fructum,
2295 2939 2346 2993 id
2374 2947 2474 3004 est,
2509 2939 2594 2994 vel
2623 2948 2681 2993 ut
2712 2955 2810 2994 vos
2827 2955 2913 2993 me
2935 2939 3164 2994 docente
3187 2938 3438 3007 correcti,
3474 2937 3588 2993 fru-

1986 3028 2234 3084 ctificetis
2281 3028 2336 3082 in
2383 3028 2615 3095 melius;
2650 3028 2736 3083 vel
2765 3036 2822 3084 ut
2870 3044 2976 3101 ego
3025 3027 3259 3084 fructum
3311 3028 3586 3084 mercedis

1986 3117 2264 3188 recipiam,
2301 3116 2423 3189 quia
2470 3117 2712 3173 laboravi
2755 3117 2808 3171 in
2850 3117 3025 3172 vobis.
3061 3116 3322 3185 Habeam,
3354 3116 3498 3184 dico,
3532 3117 3589 3171 in

1986 3207 2160 3273 vobis,
2194 3209 2342 3263 sicut
2373 3207 2550 3262 habeo
2580 3209 2642 3262 in
2661 3210 2882 3264 caeteris
2909 3207 3188 3279 gentibus,
3217 3206 3271 3262 id
3303 3215 3404 3272 est,
3437 3215 3494 3261 ut
3519 3207 3588 3262 si-

1987 3305 2078 3352 cut
2130 3296 2266 3351 alias
2310 3305 2504 3368 gentes
2533 3297 2695 3353 docui
2742 3296 2928 3352 omnia
2975 3296 3180 3352 referre
3227 3296 3421 3368 gratiae
3463 3296 3583 3365 Dei,

1987 3386 2065 3440 sic
2095 3393 2148 3440 et
2186 3401 2285 3441 vos
2315 3386 2493 3441 edocti
2525 3401 2557 3440 a
2586 3402 2674 3440 me
2703 3385 2847 3440 idem
2882 3384 3106 3451 faciatis,
3141 3400 3242 3441 nec
3272 3399 3306 3440 a
3335 3386 3586 3441 doctrina

1985 3474 2156 3529 vestri
2187 3482 2238 3530 et
2267 3474 2495 3530 aliarum
2533 3475 2776 3548 gentium
2823 3490 3046 3530 cessare
3092 3489 3232 3546 queo
3257 3493 3272 3540 ;
3301 3489 3408 3547 ego
3439 3474 3585 3530 enim

1985 3564 2199 3619 debitor
2253 3580 2399 3629 sum,
2447 3563 2503 3618 id
2547 3571 2630 3619 est
2667 3580 2734 3619 ex
2773 3563 2956 3619 debito
3003 3564 3260 3635 prindico,
3304 3564 3384 3620 sic
3442 3563 3586 3619 enim

1985 3652 2117 3706 mihi
2147 3661 2228 3706 est
2251 3653 2548 3721 injunctum
2578 3668 2608 3706 a
2637 3652 2835 3723 Spiritu
2867 3661 3085 3718 sancto,
3120 3653 3324 3708 Grauis
3355 3670 3422 3709 ac
3451 3653 3583 3709 bar-

1986 3743 2153 3797 baris.
2188 3743 2391 3797 Praeter
2419 3741 2643 3797 Graecos
2664 3757 2856 3797 omnes
2876 3750 3069 3815 gentes
3092 3749 3249 3798 vocat
3271 3741 3536 3798 barbaros
3569 3761 3583 3798 :

1986 3831 2082 3886 sed
2127 3830 2308 3887 Graeci
2357 3847 2572 3903 semper
2613 3831 2934 3902 sapientiam
2978 3848 3092 3903 pra:
3137 3831 3351 3887 caeteris
3397 3833 3586 3888 sectati

1985 3927 2127 3985 sunt,
2164 3928 2216 3974 et
2247 3920 2410 3974 etiam
2440 3921 2495 3974 in
2514 3920 2725 3976 Graecia
2749 3920 2947 3976 Paulus
2967 3919 3198 3992 primum
3223 3921 3500 3976 Ecclesias
3515 3921 3585 3977 de

1985 4009 2241 4082 gentibus
2281 4009 2585 4076 constituit;
2617 4009 2752 4064 etin
2790 4008 2897 4064 illis
2945 4025 3041 4064 seu
3071 4008 3300 4075 Graecis,
3334 4026 3431 4065 seu
3461 4009 3587 4065 bar-

1985 4098 2151 4162 baris,
2197 4097 2414 4153 debitor
2452 4115 2591 4164 sum,
2645 4099 2998 4170 sapientibus
3046 4103 3102 4155 et
3142 4100 3586 4171 insipientibus;

1986 4187 2112 4258 quia
2140 4188 2282 4258 apud
2332 4186 2554 4242 Graecos
2593 4196 2718 4242 sunt
2751 4188 3029 4259 sapientes
3057 4196 3111 4243 et
3142 4187 3498 4260 insipientes;
3533 4197 3586 4244 et

1985 4276 2065 4332 sic
2095 4277 2238 4347 apud
2287 4275 2570 4331 barbaros.
2615 4278 2682 4331 Et
2731 4277 2869 4332 sicut
2915 4277 3037 4332 aliis
3087 4277 3342 4348 gentibus
3382 4277 3580 4345 debeo,

1985 4365 2064 4422 sic
2086 4365 2300 4420 debitor
2329 4382 2450 4420 sum
2482 4367 2872 4430 evanqelizare
2892 4367 3057 4430 vobis,
3089 4366 3294 4421 Judmis
3324 4374 3376 4420 et
3406 4367 3585 4438 genti-

1983 4453 2126 4508 libus
2157 4455 2458 4520 conversis,
2490 4455 2585 4526 qui
2607 4457 2792 4511 Romae
2811 4457 2974 4510 estis.
3014 4453 3171 4522 Quod
3192 4455 3398 4511 scilicet
3419 4471 3586 4511 evan-

1983 4542 2217 4615 gelizare
2261 4547 2586 4615 promptum
2626 4548 2732 4612 est,
2767 4542 2817 4599 id
2853 4551 2935 4598 est
2965 4552 3214 4613 paratum
3245 4552 3346 4610 est,
3381 4561 3582 4600 secun-

282 4637 491 4696 rentur,
525 4629 651 4700 quia
678 4629 810 4684 dixit
840 4646 898 4684 se
916 4629 1168 4685 daturum
1189 4631 1296 4686 illis
1317 4633 1570 4703 gratiam,
1606 4634 1678 4688 ait
1711 4651 1722 4689 :
1757 4622 1952 4690 NonD
1982 4632 2109 4686 dum
2141 4633 2245 4687 hoc
2279 4631 2424 4703 quod
2453 4632 2516 4686 in
2551 4648 2640 4687 me
2687 4641 2786 4700 est,
2819 4631 2874 4686 id
2906 4639 2990 4686 est
3018 4631 3072 4686 in
3104 4639 3365 4703 quantum
3395 4634 3462 4688 ad
3494 4651 3584 4690 me

282 4718 406 4772 dico
435 4726 491 4772 ut
513 4717 790 4788 impertiar
819 4718 972 4773 vobis
1005 4720 1237 4790 gratiam
1268 4721 1338 4776 ad
1358 4721 1678 4776 initiandum
1697 4738 1794 4778 vos
1825 4723 1880 4778 in

281 4805 389 4861 fide
409 4806 595 4878 (fidem
609 4807 752 4862 enim
771 4822 958 4861 sanam
979 4809 1309 4878 accepistis),
1335 4810 1432 4866 sed
1453 4813 1526 4866 ad
1543 4813 1884 4881 conﬁrman-

280 4897 376 4950 dos
414 4913 523 4962 vos,
578 4895 632 4950 id
672 4904 751 4950 est
795 4897 860 4949 ad
900 4896 1330 4952 confirmandam
1362 4897 1526 4954 fidem
1557 4909 1792 4955 vestram
1825 4901 1879 4956 in

280 4985 365 5039 his
395 5002 515 5056 quae
547 4983 709 5040 fidem
757 4986 1002 5040 comitari
1046 4986 1264 5056 debent,
1297 4987 1502 5044 scilicet
1532 4997 1587 5044 ut
1619 4989 1879 5046 unitatem

282 5074 551 5129 habeatis.
590 5074 706 5128 Nec
736 5073 872 5129 alter
892 5075 1123 5129 alterum
1144 5075 1470 5148 digniorem,
1493 5093 1588 5133 seu
1607 5078 1879 5150 indignio-

282 5180 398 5218 rem
429 5163 610 5235 gratia
659 5161 757 5217 Dei
789 5163 1064 5231 judicetis.
1112 5164 1226 5220 Hoc
1274 5165 1418 5237 quod
1461 5165 1584 5221 dico
1628 5167 1880 5223 desidero

285 5252 361 5308 9
379 5251 701 5309 continuare
731 5267 849 5319 vos,
875 5252 928 5306 id
959 5261 1037 5307 est
1068 5253 1322 5309 desidero
1342 5257 1626 5311 consolari
1644 5257 1707 5311 in
1733 5257 1880 5313 vobis

279 5344 474 5398 simul.
523 5341 628 5397 Ubi
668 5340 743 5394 ait
786 5340 945 5394 simul
995 5340 1287 5407 consolari,
1330 5343 1567 5398 ostendit
1595 5360 1654 5399 se
1686 5345 1754 5400 de
1785 5362 1879 5401 er-

280 5447 400 5485 rore
424 5446 615 5485 eorum
647 5429 926 5495 doluisse;
961 5430 1051 5483 ubi
1081 5430 1151 5484 ait
1177 5432 1371 5495 simul,
1403 5432 1575 5486 innuit
1607 5434 1751 5505 quod
1780 5451 1882 5506 per

275 5517 573 5570 doctrinam
605 5531 759 5568 suam
791 5515 1107 5569 consolandi
1152 5523 1308 5580 sunt;
1343 5525 1394 5570 et
1425 5525 1648 5588 propter
1677 5527 1880 5573 utrum-

271 5622 375 5676 quc
405 5603 792 5676 aequanimiter
819 5603 1022 5658 debere
1055 5620 1150 5658 eos
1178 5604 1412 5659 tolerare
1459 5607 1753 5676 quamlibet
1783 5624 1876 5662 as-

270 5712 463 5769 peram
497 5692 929 5764 increpationem
963 5692 1134 5760 Pauli,
1167 5709 1289 5750 cum
1330 5703 1380 5749 et
1409 5711 1509 5766 per
1539 5696 1644 5752 hoc
1674 5712 1876 5755 conso-

1981 4722 2231 4792 pertinet.
2285 4721 2474 4776 Videte
2523 4737 2591 4775 ne
2638 4736 2735 4776 vos
2781 4721 3080 4792 imparatos
3121 4721 3401 4777 auditores
3431 4724 3583 4780 inve-

1981 4811 2148 4864 niam.
2193 4811 2335 4866 Vere
2374 4818 2684 4880 promptum
2733 4819 2814 4865 est
2852 4811 2906 4864 in
2954 4827 3060 4878 me,
3107 4826 3215 4884 ego
3260 4811 3405 4867 enim
3463 4829 3582 4868 non

1982 4901 2243 4955 erubesco
2273 4901 2660 4970 Evangelium.
2704 4899 2899 4954 Tribus
2947 4899 3122 4954 modis
3154 4900 3430 4956 erubescit
3459 4903 3582 4973 quis

1980 4988 2340 5060 Evangelium
2367 5006 2378 5042 :
2405 4989 2490 5045 vel
2523 5004 2646 5044 cum
2666 4989 2916 5043 miserias
2934 4988 3151 5053 Christi,
3175 5005 3414 5055 crucem,
3434 5007 3584 5046 mor-

1981 5086 2108 5145 tem,
2144 5085 2286 5142 etc.,
2337 5077 2496 5133 stulte
2541 5077 2942 5133 verecundatur
2973 5077 3311 5148 praedicare;
3344 5079 3430 5135 vel
3460 5097 3583 5136 cum

1981 5175 2233 5237 corrupte
2263 5166 2477 5233 vivens,
2521 5167 2783 5236 justitiam
2833 5167 2984 5220 timet
3036 5166 3358 5238 praedicare,
3391 5185 3461 5224 ne
3492 5186 3583 5225 re-

1979 5255 2351 5325 prehendatur
2371 5255 2530 5310 aliter
2554 5256 2777 5320 docere,
2804 5262 2856 5310 et
2877 5255 3037 5310 aliter
3058 5255 3238 5311 vivere
3262 5275 3276 5322 ;
3309 5257 3394 5313 vel
3417 5257 3584 5332 [cum]

1980 5343 2050 5397 ad
2098 5343 2569 5399 confirmationem
2612 5343 3018 5415 pmdicationis
3059 5359 3172 5398 sum
3217 5344 3384 5400 virtus
3419 5347 3586 5401 mira-

1980 5431 2227 5486 culorum
2255 5431 2458 5488 deficit.

2054 5521 2163 5576 Sed
2196 5521 2394 5576 Paulus
2425 5520 2573 5576 nullo
2601 5523 2794 5576 horum
2831 5521 2994 5575 modo
3025 5520 3405 5578 erubescebat.
3441 5525 3582 5579 Pro-

1980 5617 2165 5679 pterea
2188 5626 2296 5665 non
2318 5610 2584 5665 erubesco
2606 5609 2963 5681 Evangelium
2996 5626 3009 5662 :
3043 5626 3180 5664 nam
3199 5610 3251 5664 in
3282 5612 3585 5684 Evangelio

1981 5706 2178 5770 pra?le
2207 5703 2295 5755 est
2331 5697 2461 5752 mihi
2494 5699 2674 5754 virtus
2705 5699 2832 5766 Dei,
2868 5713 2973 5768 qua
3005 5705 3057 5752 et
3095 5708 3318 5769 peccata
3348 5699 3581 5768 dimitto,
