3970 6424
455 315 523 369 23
1014 311 1068 364 S.
1111 309 1465 366 BRUNONIS
1505 308 2143 365 CARTHUSIANORUM
2184 306 2668 364 INSTITUTORIS
2708 307 2857 363 OPP.
2903 307 3074 361 PARS
3116 307 3180 360 ll.
3674 300 3745 362 24

460 443 514 491 et
540 433 798 490 miracula
827 449 1044 506 operor.
1089 433 1249 502 Quod
1294 433 1652 507 Evangelium
1680 433 1823 499 dico,
1858 432 2047 488 valens
2074 432 2513 504 Acognitionem
2588 432 2655 486 de
2717 432 2849 496 Deo,
2922 446 3081 502 quam
3147 429 3462 485 naturaliter
3516 429 3740 497 habent,

460 524 609 580 omni
638 523 881 579 credenti
909 522 966 577 in
1011 521 1315 577 habendam
1346 522 1576 577 salutem
1606 538 1707 593 per
1754 522 1916 575 ﬁdem
1946 538 2050 593 qua

461 612 690 668 credidit
714 630 727 667 :
751 612 905 666 omni
921 611 1331 678 credentidico,
1348 610 1553 666 scilicet
1572 612 1760 667 Juttaao
1774 612 2047 682 primum,

459 708 708 773 tempore
754 699 1030 766 credenti;
1079 699 1135 753 in
1180 699 1369 754 Iudaea
1416 699 1558 754 enim
1602 698 1762 768 cmpit
1808 698 2051 753 Ecclesia

462 789 678 845 Christi.
712 787 969 844 Credenti
1007 787 1165 843 etiam
1201 789 1404 854 Greece,
1439 787 1491 841 id
1513 795 1594 842 est
1623 786 1894 859 gentibus,
1928 787 2051 857 quia

462 877 639 934 Graeci
698 875 997 933 secundum
1047 876 1326 931 scientiam
1377 883 1539 947 caput
1587 882 1741 931 erant
1787 874 2048 945 gentium,

459 966 585 1022 ideo
614 982 715 1038 per
744 964 967 1021 Graecos
997 981 1352 1037 quoscunque
1384 964 1614 1037 gentiles
1646 962 1928 1035 signiﬁcat.
1952 963 2051 1018 Vel

457 1055 533 1110 ita
563 1054 921 1127 Evangelium
951 1054 1099 1108 salus
1140 1062 1221 1109 est
1257 1054 1500 1109 credenti
1537 1054 1742 1120 Judzeo,
1776 1060 1827 1107 et
1858 1053 2052 1107 Grmco

461 1143 719 1215 primum,
752 1142 804 1197 id
834 1150 916 1197 est
958 1141 1209 1207 maxime,
1262 1141 1388 1213 quia
1436 1140 1788 1196 sufﬁcientem
1819 1140 2052 1195 salutem

466 1231 617 1287 dabit
647 1231 885 1302 utrique.
934 1231 1072 1286 Vere
1124 1247 1225 1302 per
1254 1230 1614 1302 Evangelium
1641 1230 1868 1284 habetur
1893 1228 2047 1296 ﬁdes,

464 1328 517 1376 et
563 1337 660 1391 per
708 1318 870 1375 ﬁdem
914 1319 1058 1374 salus
1097 1327 1316 1374 aeterna.
1358 1320 1499 1375 Nam
1547 1319 1601 1373 in
1646 1334 1710 1373 eo
1752 1317 2052 1388 Evangelio

462 1410 751 1465 revelatur
780 1416 832 1463 et
862 1408 1174 1481 cognitione
1203 1415 1252 1462 et
1275 1407 1617 1474 habitudine;
1650 1423 1721 1462 ear
1740 1407 1868 1476 ﬁde,
1899 1406 1953 1460 id
1970 1414 2053 1460 est

463 1514 563 1570 per
592 1496 755 1551 ﬁdem
811 1504 863 1551 et
917 1496 1214 1566 Evangelio
1256 1504 1570 1566 acceptam,
1597 1496 1853 1567 justitia,
1888 1494 1941 1549 id
1973 1501 2053 1547 est

463 1585 737 1642 exsecutio
756 1584 1023 1639 bonorum
1043 1600 1287 1656 Operam,
1309 1601 1410 1655 per
1440 1584 1499 1640 1
1514 1583 1592 1639 0
1610 1584 1799 1655 quamj
1832 1583 2047 1637 tstitiam

461 1675 690 1731 habetur
718 1673 864 1729 salus
892 1682 1115 1729 aeterna.
1150 1672 1291 1742 Quia
1320 1672 1366 1728 si
1386 1689 1485 1745 per
1504 1672 1861 1743 Evangelium
1892 1671 2048 1739 ﬁdes,

2152 521 2237 575 vel
2268 522 2466 575 habere
2497 528 2746 591 possunt,
2777 535 2896 574 eam
2933 519 3212 584 detinent,
3239 518 3292 572 id
3325 526 3405 573 est
3443 520 3741 583 retrahunt,

2151 625 2218 663 ne
2252 610 2393 681 quod
2431 617 2625 663 natura
2656 609 2913 680 exigeret,
2949 608 3202 663 ascendat
3232 607 3299 661 ad
3330 606 3529 679 aliquid
3562 608 3744 678 magis

2151 698 2219 751 de
2251 698 2365 752 Deo
2396 697 2824 769 agnoscendum.
2873 696 3123 750 Detinent
3167 696 3350 766 utique
3389 711 3507 749 eam
3550 697 3611 750 in
3642 698 3741 750 in-

2141 787 2394 857 justitia,
2428 786 2482 840 id
2512 792 2593 839 est
2621 801 2717 856 per
2742 784 2879 838 mala
2910 801 3031 856 qum
3071 791 3385 854 operantur.
3421 785 3561 838 Vere
3592 784 3746 856 impii

2151 874 2429 930 veritatem
2451 874 2548 929 Dei
2569 873 2646 929 sic
2669 874 2943 939 detinent;
2976 876 3105 946 quia
3128 873 3268 946 quod
3289 878 3487 928 notum
3509 877 3594 929 est
3616 875 3737 943 Dei,

2152 962 2206 1017 id
2235 970 2316 1017 est
2364 962 2509 1034 quod
2558 961 2814 1033 cognosci
2856 969 3033 1033 potest
3063 962 3130 1016 de
3161 962 3296 1031 Deo,
3327 962 3456 1015 illud
3487 964 3741 1035 manife-

2152 1056 2303 1107 stum
2335 1055 2436 1117 est,
2471 1051 2515 1105 si
2546 1067 2652 1105 non
2684 1051 2737 1104 in
2766 1058 2889 1105 actu
2911 1050 3010 1116 rei,
3035 1058 3212 1105 tamen
3244 1052 3302 1105 in
3328 1052 3464 1120 illis,
3498 1050 3551 1104 id
3583 1052 3741 1107 estin

2153 1140 2453 1194 rationibus
2482 1156 2688 1207 eorum,
2721 1148 2772 1194 et
2802 1139 2854 1193 in
2878 1139 3111 1209 potentia
3135 1139 3438 1193 intellectus
3461 1138 3562 1194 sui.
3598 1140 3741 1194 Vere

2154 1229 2296 1301 quod
2327 1237 2512 1283 notum
2535 1238 2615 1283 est
2646 1229 2763 1294 Dei,
2798 1228 3142 1282 manifestum
3175 1236 3253 1281 est
3286 1228 3462 1281 inillis
3491 1228 3743 1283 omnibus

2153 1318 2531 1389 potentialiter.
2579 1318 2718 1371 Nam
2764 1320 2908 1373 Deus
2939 1319 3327 1388 manifestam"!
3359 1317 3412 1370 in
3444 1324 3565 1371 actu
3596 1319 3737 1385 illis,

2154 1407 2207 1461 id
2237 1414 2320 1462 est
2352 1407 2674 1478 quibusdam
2708 1406 2940 1473 illorum,
2984 1408 3086 1461 hoc
3117 1407 3257 1477 quod
3290 1414 3476 1459 notum
3509 1413 3586 1459 est
3618 1406 3739 1461 Dei.

2228 1494 2385 1564 Quod
2416 1496 2459 1549 si
2500 1496 2820 1567 quibusdam
2852 1496 3142 1550 revelatum
3175 1503 3256 1549 est
3288 1495 3339 1548 in
3362 1504 3501 1560 actu,
3533 1502 3745 1550 constat

2154 1583 2275 1656 quia
2330 1584 2675 1639 manifestum
2733 1593 2815 1639 est
2872 1585 2925 1638 in
2983 1584 3239 1655 potentia.
3300 1583 3452 1638 Plato
3510 1584 3653 1638 enim
3692 1590 3748 1638 et

2156 1672 2368 1744 quidam
2435 1673 2742 1745 philosophi
2815 1674 3125 1728 naturaliter
3190 1680 3561 1745 cognoverunt
3619 1688 3744 1727 esse

461 1781 560 1837 per
590 1762 754 1819 ﬁdem
794 1770 974 1818 autem
1008 1761 1236 1832 justitia,
1286 1778 1388 1833 per
1429 1761 1690 1830 justitiam
1732 1776 1861 1816 vero
1908 1760 2051 1815 salus
2081 1791 2132 1851 B
2153 1779 2319 1816 unum
2348 1763 2659 1817 Creatorem
2692 1764 2948 1829 omnium,
2986 1781 3093 1818 non
3126 1772 3303 1818 tamen
3335 1762 3449 1818 sine
3478 1762 3745 1833 adjutrice

463 1861 683 1919 aeterna,
717 1851 880 1923 igitur
908 1867 1008 1922 per
1024 1850 1381 1922 Evangelium
1402 1850 1548 1905 salus
1573 1868 1587 1917 ;
1619 1849 1767 1904 addit
1797 1849 2051 1922 quiddam

464 1941 716 2014 amplius,
745 1941 890 2014 quod
920 1940 991 1995 ad
1021 1956 1139 1995 rem
1169 1939 1329 2006 valet,
1361 1939 1439 1995 sic
1474 1954 1486 1993 :
1518 1940 1815 1995 Revelatur
1844 1954 1917 1994 ex
1944 1938 2052 2007 ﬁde

464 2030 643 2086 eundo
698 2030 762 2085 in
814 2029 1005 2099 ﬁdem.
1062 2029 1185 2084 Non
1243 2028 1321 2084 sic
1375 2027 1447 2082 ait
1502 2034 1559 2082 ut
1616 2027 1860 2082 diversas
1916 2026 2053 2081 ﬁdes

463 2119 751 2193 intelligat,
804 2118 903 2174 sed
949 2125 1006 2173 ut
1055 2116 1249 2173 doceat
1307 2115 1509 2172 multos
1563 2116 1768 2187 gradus
1828 2132 1950 2170 esse
1998 2115 2051 2169 in

463 2208 591 2265 ﬁde.
650 2206 880 2265 Romani
934 2221 1121 2262 sanam
1170 2205 1390 2278 quidem
1437 2204 1600 2260 ﬁdem
1647 2204 1919 2260 habebant
1984 2203 2051 2258 de

464 2297 699 2366 Christo,
733 2295 832 2353 sed
879 2294 935 2350 in
974 2295 1081 2350 hoc
1109 2294 1383 2363 errabant,
1415 2294 1537 2366 quia
1569 2308 1675 2348 non
1706 2292 1887 2347 omnia
1917 2308 2051 2365 gra-

462 2387 551 2444 tiae
578 2385 680 2443 Dei
710 2384 1075 2441 attribuebant
1109 2401 1122 2437 :
1153 2383 1208 2438 in
1241 2398 1350 2455 quo
1375 2383 1552 2454 gradu
1574 2381 1698 2437 ﬁdei
1728 2381 1924 2436 Paulus
1955 2398 2051 2437 eos

457 2477 642 2533 locare
672 2474 918 2531 intendit.
951 2473 1032 2528 Ex
1064 2471 1171 2528 ﬁde
1197 2472 1427 2527 habetur
1450 2471 1675 2542 justitia,
1720 2479 1771 2525 et
1800 2470 1925 2525 inde
1956 2486 2051 2525 sa-

458 2566 565 2623 lus.
600 2566 758 2623 Sicut
800 2564 1077 2636 scriptum
1107 2565 1191 2619 est
1222 2560 1277 2615 in
1315 2560 1570 2616 Habacuc
1606 2561 1873 2632 propheta
1907 2577 1919 2614 :
1951 2562 2050 2615 Ju-

457 2658 578 2713 stus
592 2658 787 2711 autem
802 2669 877 2709 ea:
894 2650 1004 2722 ﬁde
1027 2652 1161 2706 vivit
1183 2650 1405 2719 (Habac.
1426 2664 1484 2715 ιι,
1510 2650 1584 2720 4).
1610 2649 1714 2704 Per
1733 2649 2048 2719 prophetam

457 2742 747 2802 conﬁrmat
813 2739 1171 2814 Evangelium
1203 2757 1218 2807 ;
1249 2737 1323 2795 ait
1372 2738 1516 2793 enim
1570 2738 1832 2809 propheta
1894 2755 1908 2792 :
1968 2738 2050 2793 Ex

453 2831 561 2889 ﬁde
591 2848 712 2905 quae
760 2847 860 2902 per
895 2828 1255 2900 Evangelium
1283 2828 1535 2894 habetur,
1568 2825 1624 2881 ﬁt
1652 2827 1815 2883 homo
1847 2827 2046 2895 justus,

454 2922 597 2979 bene
650 2917 955 2991 operando,
1005 2925 1057 2973 et
1092 2933 1193 2988 per
1234 2914 1497 2985 justitiam
1556 2915 1687 2970 vivit
1747 2914 1800 2969 in
1850 2924 2051 2970 aeterna

456 3010 648 3066 salute.
694 3009 985 3078 [lucusque
1033 3004 1308 3060 blanditus
1362 3012 1444 3059 est
1488 3003 1767 3069 Romanis,
1816 3004 2048 3060 dicendo

454 3116 514 3156 se
544 3096 836 3154 sollicitum
863 3095 934 3151 de
963 3093 1137 3150 salute
1158 3108 1362 3159 eorum,
1396 3099 1453 3147 ut
1473 3106 1629 3164 aequo
1659 3092 1840 3148 animo
1871 3093 2048 3149 susci-

454 3188 605 3261 piant
642 3184 1005 3243 correctiones
1048 3181 1315 3253 Apostoli.
1375 3180 1475 3238 Hic
1526 3188 1704 3236 autem
1734 3181 1913 3253 primo
1942 3198 2047 3255 ag-

457 3276 704 3350 greditur
741 3273 992 3348 gentiles,
1016 3287 1153 3344 quos
1184 3269 1392 3326 facilius
1421 3286 1585 3341 posse
1613 3270 1814 3343 corrigi
1845 3270 2042 3327 intelli-

456 3367 556 3441 git,
598 3372 657 3420 ut
710 3371 901 3436 postea
944 3359 1144 3416 diutius
1192 3359 1249 3414 in
1314 3357 1679 3415 confutatione
1734 3359 2049 3415 Judaeorum

459 3455 814 3517 immoretur;
846 3457 1085 3507 attamen
1126 3456 1306 3504 autem
1352 3448 1432 3504 sic
1478 3447 1667 3504 dicens
1696 3447 1999 3521 ingreditur
2034 3464 2046 3503 :

458 3544 601 3601 Vere
633 3560 700 3599 ex
742 3540 849 3597 ﬁde
882 3539 1092 3611 justitia
1120 3557 1135 3606 ;
1159 3546 1211 3594 et
1240 3554 1306 3594 ex
1327 3537 1537 3607 justitia
1584 3536 1749 3593 salus.
1782 3539 1923 3593 Nam
1952 3554 2052 3610 per

460 3632 797 3690 contrarium
826 3647 900 3687 ea:
930 3630 1248 3701 impietate,
1284 3626 1340 3683 id
1367 3634 1449 3682 est
1479 3644 1545 3683 ex
1561 3643 1669 3682 non
1701 3625 1827 3693 ﬁde,
1858 3644 1955 3683 seu
1985 3644 2052 3682 ex

457 3720 765 3778 idololatria
795 3718 1038 3790 sequitur
1064 3717 1374 3789 injustitia,
1392 3716 1445 3770 id
1477 3723 1559 3771 est
1587 3715 1733 3770 mala
1762 3732 1928 3787 opera
1953 3736 1967 3783 ;
2001 3724 2054 3771 et

461 3827 531 3867 ex
558 3808 816 3879 injustitia
842 3806 1087 3880 sequitur
1116 3808 1206 3863 ira
1235 3807 1355 3872 Dei,
1387 3804 1445 3859 id
1472 3812 1554 3859 est
1581 3804 1858 3860 damnatio
1888 3813 2052 3860 teter-

460 3915 548 3967 na,
600 3898 760 3954 saluti
807 3896 1114 3966 contraria,
1173 3896 1319 3968 quod
1363 3893 1776 3967 aequipollenter
1826 3893 1904 3949 sic
1932 3893 2051 3948 ait:

462 3987 605 4043 Vere
650 4004 718 4043 ex
765 3985 868 4042 ﬁde
914 3985 1187 4043 revelatur
1225 3984 1457 4054 justitia;
1489 3991 1540 4039 et
1584 3982 1666 4038 sic
1713 3982 1883 4037 salus.
1915 3981 2055 4036 Nam

462 4093 633 4150 super
665 4092 889 4133 omnem
917 4076 1273 4148 impietatem
1306 4090 1317 4129 :
1353 4088 1518 4144 super
1547 4071 1695 4139 dicit,
1726 4072 1799 4127 ad
1828 4070 2054 4142 opposi-

464 4166 666 4221 tionem
714 4164 1039 4236 impietatis;
1072 4171 1125 4219 et
1153 4179 1277 4219 cum
1324 4162 1456 4218 dicit
1495 4161 1849 4233 impietatem,
1880 4159 2055 4230 magis

467 4263 547 4310 est
578 4268 740 4326 quam
785 4254 832 4307 si
881 4253 1089 4310 diceret
1118 4268 1309 4309 omnes
1347 4251 1564 4323 impios.
1600 4249 1658 4307 Si
1686 4250 1830 4307 enim
1860 4248 2055 4321 impios

465 4343 693 4409 diceret,
726 4358 919 4398 omnes
962 4341 1178 4413 quidem
1226 4340 1442 4413 impios,
1477 4340 1575 4395 sed
1604 4355 1714 4393 non
1742 4353 1841 4409 pro
1871 4337 2056 4408 singu-

465 4432 534 4487 lis
562 4430 929 4503 impietatibus
958 4429 1345 4501 opprimendos
1373 4429 1598 4485 diceret.
1634 4427 1742 4483 Sed
1772 4442 1897 4483 cum
1928 4425 2056 4481 dicit

2152 1852 2321 1923 gratia
2353 1852 2471 1907 Dei.
2506 1852 2705 1907 Probat
2728 1853 2871 1923 quod
2898 1855 3044 1907 Deus
3076 1853 3400 1923 quibusdam
3431 1860 3553 1907 actu
3585 1868 3742 1907 reve-

2151 1940 2279 1996 lavit
2322 1942 2444 2008 hoc,
2498 1949 2549 1995 et
2590 1942 2810 1996 modum
2860 1942 3205 1996 revelationis
3252 1941 3450 2006 subdit,
3501 1942 3737 1996 dicens:

2154 2029 2291 2084 Vere
2344 2030 2491 2084 Deus
2548 2029 2869 2101 quibusdam
2918 2030 3196 2085 revelavit.
3251 2031 3390 2085 Nam
3433 2030 3747 2086 invisibilia

2151 2121 2330 2193 ipsius
2374 2120 2570 2174 divina:
2620 2120 2872 2175 essentia:
2928 2121 3358 2191 conspiciuntur
3402 2137 3436 2175 α
3474 2123 3746 2175 creatura

2151 2210 2371 2279 mundi,
2403 2225 2505 2265 nec
2544 2210 2777 2265 obscure
2832 2210 2927 2265 sed
2980 2210 3157 2265 lucide
3189 2209 3478 2275 intellecta,
3508 2225 3609 2283 per
3638 2211 3748 2266 illa

2152 2316 2272 2370 qua:
2292 2316 2358 2354 ea
2382 2303 2559 2366 sunt;
2590 2315 2689 2369 per
2718 2298 3004 2353 invisibilia
3051 2299 3264 2354 Patrem
3299 2299 3583 2369 signiﬁcat,
3619 2299 3750 2371 quia

2151 2388 2360 2443 anullo
2417 2388 2564 2443 ducit
2617 2388 2963 2460 principium,
3026 2389 3161 2445 sicut
3218 2388 3384 2443 Filius
3428 2399 3480 2445 et
3513 2389 3746 2460 Spiritus

2152 2484 2428 2531 sanctusa
2480 2478 2655 2532 Patre.
2719 2478 2845 2533 ldeo
2900 2485 3077 2532 autem
3131 2477 3398 2549 pluralem
3453 2495 3746 2533 numerum

2151 2566 2349 2638 posuit,
2383 2567 2508 2638 quia
2556 2565 2841 2622 inﬁrmitas
2887 2568 3109 2622 humani
3156 2567 3461 2623 intellectus
3490 2584 3599 2623 non
3630 2567 3748 2623 suf-

2150 2654 2260 2711 ﬁcit
2316 2655 2664 2711 considerare
2714 2656 2770 2711 in
2827 2657 2961 2726 Deo,
3022 2656 3125 2711 nisi
3161 2674 3257 2728 per
3302 2657 3749 2729 interpositiones

2151 2752 2474 2817 temporum,
2512 2763 2631 2817 quae
2653 2746 2708 2800 in
2737 2762 2802 2802 eo
2834 2746 3099 2801 naturalia
3128 2755 3179 2802 et
3209 2746 3369 2801 simul
3401 2754 3522 2801 sunt
3551 2755 3604 2802 et
3633 2764 3748 2803 uno

2151 2834 2257 2890 ictu
2278 2835 2348 2905 (si
2372 2833 2489 2889 ﬁeri
2508 2838 2707 2906 potest)
2721 2835 3135 2890 consideranda.
3154 2837 3511 2907 Sempiterna
3533 2853 3750 2909 quoque

2152 2925 2335 2979 virtus
2365 2927 2505 2995 ejus,
2540 2924 2594 2977 id
2624 2932 2705 2979 est
2728 2925 2843 2992 ejus
2864 2924 3059 2978 divinae
3087 2924 3356 2990 essentiae,
3377 2925 3527 2980 idest
3549 2924 3740 2990 Filius,

2155 3011 2247 3082 qui
2295 3011 2466 3066 virtus
2514 3020 2569 3066 et
2597 3012 2864 3083 sapientia
2902 3012 3076 3066 Patris
3124 3012 3339 3079 dicitur,
3374 3030 3589 3084 semper
3620 3029 3748 3069 cum

2155 3101 2316 3156 Patre
2346 3108 2598 3166 aeternus,
2633 3105 2687 3156 et
2712 3100 3002 3166 divinitas,
3036 3100 3090 3155 id
3120 3109 3201 3155 est
3232 3101 3465 3156 bonitas.
3498 3102 3653 3158 Unde
3692 3111 3751 3157 et

2150 3190 2319 3244 bonos
2367 3189 2631 3253 homines,
2682 3188 2895 3243 divinos
2934 3204 3206 3244 vocamus.
3257 3191 3508 3256 Bonitas,
3560 3190 3615 3245 id
3661 3200 3751 3247 est

2150 3278 2365 3333 dilectio
2438 3279 2554 3347 ejus
2630 3277 2828 3332 divina:
2902 3278 3172 3343 essentiaa,
3244 3279 3452 3335 scilicet
3508 3280 3747 3351 Spiritus

2152 3375 2394 3433 sanctus,
2455 3366 2546 3438 qui
2587 3366 2719 3421 nihil
2766 3366 2910 3420 aliud
2942 3375 3025 3421 est
3067 3384 3227 3438 quam
3279 3368 3494 3423 bonitas
3542 3378 3596 3424 et
3653 3370 3745 3424 di-

2151 3454 2311 3511 lectio
2383 3455 2553 3510 Patris
2626 3463 2676 3510 et
2742 3455 2879 3510 Filii.
2957 3458 3103 3523 Haec,
3164 3457 3401 3529 inquam,
3468 3458 3632 3513 virtus
3690 3467 3747 3514 et

2161 3542 2221 3600 1
2246 3544 2305 3599 1
2348 3543 2602 3598 divinitas
2638 3545 3045 3615 conspiciuntur
3076 3545 3363 3611 intellecta,
3398 3563 3498 3617 per
3527 3563 3593 3602 ea
3623 3565 3746 3619 quae

2154 3632 2296 3687 facta
2327 3640 2472 3687 sunt.
2501 3633 2674 3688 Homo
2705 3634 2847 3687 enim
2880 3634 3165 3689 invisibilia
3195 3635 3503 3705 intelligere
3532 3636 3740 3707 nequit,

2153 3721 2258 3777 nisi
2286 3737 2386 3791 per
2415 3736 2480 3776 ea
2492 3738 2610 3792 quin
2634 3721 2795 3776 videt.
2823 3722 2930 3776 Sed
2947 3738 3068 3777 cum
3090 3724 3282 3793 aspicit
3304 3723 3537 3794 aliquem
3557 3740 3744 3796 regem

2154 3809 2337 3880 magni
2366 3810 2595 3880 imperii,
2629 3826 2727 3880 per
2754 3826 2879 3865 eum
2901 3812 3300 3881 quodammodo
3321 3812 3587 3883 intelligit,
3620 3829 3745 3867 eum

2155 3915 2344 3971 regem
2383 3899 2548 3971 longe
2577 3900 2835 3967 majorem
2867 3901 2958 3971 qui
2988 3901 3146 3954 istum
3176 3901 3405 3956 creavit.
3446 3902 3579 3956 Cum
3612 3918 3746 3958 vero

2156 3988 2301 4043 videt
2349 3988 2595 4043 virtutem
2657 4005 2752 4043 seu
2810 3989 3125 4059 sapientiam
3184 3988 3238 4043 in
3293 3990 3490 4061 aliquo,
3545 3990 3750 4061 cogitat

2155 4076 2321 4132 multo
2367 4078 2545 4149 magis
2594 4076 2843 4131 virtutem
2892 4094 3015 4133 esse
3045 4087 3098 4133 et
3128 4078 3446 4148 sapientiam
3474 4079 3529 4132 in
3559 4096 3624 4134 eo
3655 4081 3751 4151 qui

2156 4166 2304 4220 dedit
2332 4165 2429 4220 illi.
2476 4166 2566 4221 Sic
2602 4166 2671 4221 de
2720 4166 2959 4221 bonitate
3006 4184 3101 4222 seu
3149 4167 3437 4223 dilectione
3483 4168 3601 4233 Dei,
3644 4185 3749 4239 per

2157 4249 2453 4305 bonitatem
2501 4258 2761 4305 creaturae
2803 4259 2980 4321 potest
3027 4252 3303 4322 cognosci.
3356 4253 3507 4307 lianc
3564 4260 3749 4307 autem

2156 4338 2408 4393 virtutem
2451 4346 2505 4393 et
2546 4338 2885 4393 divinitatem
2934 4339 2988 4393 in
3018 4340 3133 4394 Deo
3162 4340 3481 4395 naturaliter
3510 4356 3749 4411 pensare

2159 4425 2480 4493 suﬁ'ecisset,
2515 4428 2615 4482 etsi
2647 4427 2740 4482 illa
2767 4428 3009 4497 nomina,
3044 4428 3098 4481 id
3129 4436 3210 4482 est
3241 4429 3405 4483 Filius
3436 4437 3488 4484 et
3518 4429 3750 4500 Spiritus

470 4536 689 4578 omnem
717 4520 1069 4591 impietatem,
1120 4527 1174 4574 et
1210 4534 1401 4575 omnes
1448 4517 1643 4588 impios
1678 4531 1777 4587 pro
1807 4514 2053 4585 singulis,
2081 4506 2128 4564 D
2160 4524 2377 4571 sanctus
2407 4516 2744 4587 ignorarent.
2779 4517 2926 4570 Idem
2955 4517 3099 4570 enim
3121 4525 3203 4571 est
3234 4517 3403 4571 virtus
3424 4526 3477 4573 et
3496 4518 3752 4575 divinitas

467 4610 835 4683 impietatibus
862 4607 1169 4681 puniendos
1194 4622 1318 4663 esse
1346 4606 1602 4661 insinuat.
1632 4605 1808 4675 Super
1841 4619 2060 4659 omnem

404 4696 411 4701 ’
471 4700 654 4771 utique
701 4698 1068 4769 impietatem;
1113 4712 1179 4751 ex
1210 4712 1316 4768 qua
1353 4693 1669 4750 inﬁdelitate
1714 4693 1967 4765 procedit
2003 4693 2060 4747 in

465 4787 691 4857 justitia,
740 4786 796 4841 id
845 4793 928 4841 est
969 4800 1233 4856 perversa
1281 4783 1542 4857 cogitatio
1572 4782 1659 4838 vel
1688 4782 1930 4854 Operatio
1959 4800 1975 4849 ;
2008 4789 2061 4837 et

475 4891 641 4947 super
670 4889 889 4930 omnem
918 4871 1229 4942 injustitiam
1248 4874 1554 4941 revelatur,
1588 4870 1643 4925 id
1664 4880 1748 4925 est
1776 4869 2061 4942 cognosci-

475 4971 564 5018 tur
612 4978 737 5018 esse
784 4962 866 5016 ira
902 4960 1004 5017 Dei
1051 4959 1262 5015 venturi
1308 4959 1376 5015 de
1420 4958 1559 5015 cmlo
1607 4960 1661 5014 in
1706 4959 1793 5013 die
1837 4958 2051 5028 judicii.

474 5053 626 5107 Tunc
656 5051 801 5107 enim
831 5049 1158 5106 revelabitur
1204 5047 1288 5102 his
1319 5048 1411 5120 qui
1440 5064 1612 5120 usque
1642 5048 1713 5103 ad
1740 5048 1885 5103 diem
1913 5047 2061 5101 illum

475 5156 586 5195 non
641 5138 973 5195 crediderint
1020 5136 1292 5191 Christum
1339 5153 1460 5192 esse
1496 5136 1736 5205 judicem
1798 5134 2059 5191 omnium.

476 5228 578 5284 Vel
605 5231 694 5285 ira
721 5229 822 5283 Dei
844 5229 1129 5283 revelatur
1165 5226 1229 5281 de
1259 5228 1410 5292 creto,
1459 5226 1582 5297 quia
1613 5226 1787 5296 ipsum
1818 5224 2063 5279 elemen-

475 5317 673 5371 tumin
720 5323 911 5371 ornatu
950 5323 1003 5370 et
1046 5313 1250 5369 factura
1298 5330 1397 5369 sua
1444 5314 1680 5369 ostendit
1715 5313 2065 5368 metuendam

478 5421 601 5460 esse
656 5404 792 5459 iram
850 5404 985 5472 ejus,
1046 5402 1138 5473 qui
1192 5402 1357 5457 talem
1428 5410 1735 5457 creaturam
1790 5400 2062 5457 formavit.

479 5493 787 5561 Revelatur,
813 5493 1051 5564 inquam,
1075 5492 1163 5546 ira
1183 5508 1352 5563 super
1374 5492 1727 5563 injustitiam
1750 5491 2063 5556 hominum,

480 5597 673 5638 eorum
702 5581 979 5636 hominum
1008 5581 1150 5645 dico,
1192 5583 1288 5654 qui
1318 5581 1636 5645 veritatem,
1688 5578 1738 5632 id
1771 5586 1851 5632 est
1884 5594 2067 5633 veram

2162 4621 2257 4660 seu
2277 4604 2496 4660 dilectio
2514 4605 2632 4669 Dei,
2658 4604 2803 4675 quod
2826 4605 2989 4658 Filius
3012 4614 3064 4660 et
3081 4605 3311 4676 Spiritus
3333 4614 3554 4663 sanctus
3575 4607 3752 4663 virtus

2161 4701 2215 4749 et
2243 4694 2493 4748 divinitas
2541 4692 2642 4748 Dei
2670 4710 2769 4763 per
2809 4708 2875 4748 ea
2912 4710 3032 4765 qua:
3068 4703 3251 4749 sancta
3281 4704 3405 4749 sunt
3435 4695 3756 4768 intelligun-

2160 4790 2265 4836 tur.
2299 4782 2384 4837 Ita
2412 4785 2477 4836 ut
2506 4782 2753 4836 homines
2782 4783 2901 4837 sint
2919 4784 3333 4838 inexcusabiles
3356 4799 3419 4837 ex
3444 4785 3565 4849 hoc,
3591 4787 3746 4856 quia,

2162 4886 2291 4926 cum
2338 4872 2726 4940 cognovissent
2770 4873 2964 4938 Deum,
3007 4871 3052 4924 si
3098 4887 3208 4926 non
3248 4881 3389 4936 actu,
3438 4880 3620 4928 tamen
3649 4891 3755 4944 per

2162 4959 2461 5030 potentiam
2491 4959 2607 5026 ejus
2651 4958 2956 5014 intellectus
3003 4959 3281 5028 naturalis,
3320 4978 3433 5016 non
3462 4963 3754 5033 gloriﬁca-

2164 5052 2368 5103 verunt
2385 5049 2579 5115 Deum,
2605 5047 2835 5102 colendo
2850 5056 2902 5103 et
2921 5048 3239 5103 honorando
3258 5066 3380 5104 eum
3402 5052 3551 5105 sicut
3573 5052 3756 5107 Deum

2164 5140 2264 5192 aut
2309 5137 2522 5207 gratias
2562 5140 2817 5205 egerunt,
2859 5136 2913 5190 id
2944 5144 3025 5190 est
3068 5137 3212 5192 bona
3240 5138 3585 5209 cogitationis
3615 5155 3753 5207 sua},

2164 5240 2274 5279 non
2303 5225 2487 5295 gratiae
2530 5224 2651 5292 Dei,
2692 5225 2788 5279 sed
2831 5224 2933 5279 sibi
2977 5225 3353 5280 attribuerunt.
3386 5228 3502 5281 Deo
3533 5227 3754 5298 quidem

2165 5328 2274 5367 non
2321 5320 2549 5384 egerunt
2588 5314 2810 5382 gratias,
2854 5314 2949 5368 sed
2987 5315 3047 5368 in
3078 5315 3509 5385 cogitationibus
3539 5317 3659 5371 suis
3690 5333 3754 5372 se

2166 5398 2453 5455 efferentes
2520 5405 2895 5470 evanuerunt,
2953 5417 2984 5454 a
3035 5402 3385 5457 similitudine
3446 5403 3596 5468 fumi,
3658 5405 3754 5474 qui

2168 5497 2368 5560 quanto
2425 5488 2545 5559 plus
2600 5489 2865 5555 ascendit,
2928 5498 3075 5545 tanto
3131 5491 3362 5561 amplius
3420 5491 3552 5544 nihil
3596 5489 3671 5559 ﬁt,
3706 5502 3763 5548 et

2168 5577 2296 5650 quia
2351 5578 2718 5648 superbiendo
2790 5587 3143 5650 evanuerunt,
3210 5581 3331 5635 ideo
3388 5596 3501 5645 cor,
3563 5580 3617 5635 id
3674 5592 3759 5637 est
