3970 6508
254 409 309 463 233
861 394 1245 452 EXPOSITIO
1285 395 1358 449 IN
1398 392 1778 450 EPISTOLAS
1820 392 2044 449 PAULI.
2083 423 2152 432 -—
2194 392 2268 447 IN
2307 391 2530 447 EPIST.
2574 391 2669 446 AD
2700 388 2872 447 ROM.
3492 392 3562 446 26

260 522 600 597 intelligentia
632 538 820 579 eorum
851 520 1005 594 prius
1031 520 1246 576 subtilis
1291 520 1591 578 obscurata
1621 522 1707 576 est
1736 519 1932 590 pro-A
1958 516 2087 589 quia
2116 516 2424 572 servierunt
2451 522 2717 572 creaturae
2746 521 2800 571 et
2844 528 2957 570 non
3006 512 3275 582 Creatori,
3326 512 3570 569 tradidit

257 623 358 688 pter
382 612 724 685 superbiam,
750 612 888 667 adeo
922 618 979 666 ut
996 608 1151 665 ﬁeret
1172 611 1470 684 insipiens.
1494 611 1848 665 Evanuerunt

260 704 440 776 utique.
474 703 619 757 Nam
678 702 932 757 dixerunt
991 700 1264 771 sapientes
1321 716 1445 755 esse
1476 715 1556 764 se,
1616 698 1673 752 id
1703 705 1785 752 est
1816 711 1850 751 a

259 792 454 864 seipsis,
491 791 613 847 sine
648 790 798 846 dono
846 790 965 858 Dei,
1032 788 1359 861 sapientiam
1418 804 1574 843 suam
1605 803 1747 842 esse.
1780 786 1850 840 Et

259 898 371 939 vere
397 897 498 937 cor
526 895 723 936 eorum
752 880 1103 935 obscuratum
1125 886 1207 933 est
1240 895 1253 932 :
1284 894 1409 932 nam
1439 879 1544 933 hoc
1574 877 1845 945 dicentes,

257 980 301 1028 et
326 970 389 1025 ita
436 986 562 1026 esse
610 968 898 1025 credentes
953 969 1097 1039 facti
1151 971 1288 1023 sunt
1347 968 1536 1031 stulti,
1573 972 1625 1020 et
1671 964 1751 1020 sic
1782 964 1852 1019 de

256 1059 496 1131 superbia
558 1058 613 1112 in
671 1056 1055 1131 ignorantiam,
1112 1055 1181 1111 de
1240 1054 1545 1129 ignorantia
1600 1054 1657 1109 in
1713 1052 1850 1108 stul-

258 1149 404 1204 titiam
436 1146 579 1218 lapsi
608 1145 926 1218 praicipitati
946 1152 1071 1200 sunt
1103 1162 1116 1199 :
1149 1144 1286 1200 adeo
1315 1145 1461 1216 quod
1480 1145 1853 1200 mutaverunt

229 1299 239 1308 θ
256 1235 477 1306 gloriam
499 1231 977 1303 incorruptibilis,
997 1230 1048 1284 id
1069 1238 1151 1285 est
1168 1229 1507 1286 invariabilis
1522 1230 1635 1295 Dei,
1652 1235 1855 1299 praeter

258 1338 401 1394 quem
431 1321 613 1377 omnis
645 1328 892 1376 creatura
920 1319 1217 1385 variabilis,
1252 1327 1306 1374 et
1337 1319 1461 1374 ideo
1490 1317 1855 1389 corruptibilis

253 1418 325 1466 est
339 1411 364 1477 ';
385 1408 618 1481 gloriam
639 1408 825 1481 utique
848 1408 964 1477 ejus
979 1408 1077 1463 Dei
1099 1411 1470 1464 mutaverunt
1484 1407 1657 1462 nonin
1669 1422 1855 1461 verum

254 1500 536 1563 hominem,
560 1498 661 1554 sed
683 1499 741 1552 in
764 1499 1069 1570 imaginem
1091 1498 1478 1569 corruptibilis
1501 1496 1767 1553 hominis.
1785 1496 1853 1550 Et

249 1596 301 1643 ut
328 1603 645 1660 expressum
679 1585 915 1642 facerent
945 1586 1048 1641 sibi
1077 1586 1450 1652 simulacrum,
1502 1592 1847 1640 mutaverunt

251 1678 345 1733 hoc
372 1677 425 1731 in
445 1676 858 1731 similitudinem
880 1674 1154 1748 imaginis,
1187 1675 1244 1730 id
1274 1684 1357 1730 est
1389 1675 1444 1730 in
1461 1675 1691 1730 similem
1722 1674 1856 1729 ima-

252 1768 446 1839 ginem,
481 1765 731 1821 colentes
759 1773 1063 1821 creaturam
1105 1764 1226 1820 loco
1274 1765 1569 1820 Creatoris.
1619 1763 1775 1817 Prius
1802 1762 1857 1817 in

251 1853 654 1910 similitudinem
676 1853 938 1921 hominis;
966 1854 1163 1909 dehinc
1183 1854 1235 1908 in
1258 1853 1668 1908 similitudinem
1693 1854 1853 1909 volu-
1873 1882 1926 1943 B

249 1961 433 2011 crum,-
451 1951 643 2015 postea
670 1942 726 1997 in
744 1942 1152 1998 similitudinem
1174 1943 1601 2016 quadrupedum
1621 1962 1635 2009 ;
1661 1950 1712 1997 et
1732 1950 1854 2013 post

250 2034 346 2089 hoc
374 2033 427 2087 in
454 2032 869 2087 similitudinem
899 2033 1250 2105 serpentium
1279 2039 1618 2087 mutaverunt
1649 2032 1854 2087 cuitum

249 2121 630 2193 etreligionem
642 2121 919 2177 Creatoris
936 2121 1187 2194 gentiles.
1210 2121 1359 2177 Sicut
1369 2121 1573 2176 dictum
1586 2130 1669 2176 est
1687 2136 1698 2175 :
1718 2120 1854 2189 Quia

247 2211 589 2267 inintellectu
608 2210 1008 2281 superbierunt,
1032 2210 1155 2265 ideo
1185 2210 1462 2267 intellectu
1491 2210 1687 2281 privati
1708 2217 1851 2265 sunt.

250 2299 380 2369 Quia
409 2300 613 2356 iterum
634 2298 944 2355 Creatorem
966 2307 1315 2371 respuerunt,
1339 2299 1395 2354 in
1416 2299 1625 2355 cultura
1641 2308 1854 2355 creatu-

248 2406 315 2444 ra:
343 2389 515 2461 puniti
548 2396 696 2444 sunt.
719 2389 913 2444 Iterum
944 2389 1089 2461 quia,
1121 2397 1175 2444 ut
1206 2397 1391 2444 natura
1411 2389 1660 2454 docebat,
1679 2389 1852 2444 Deum

246 2476 554 2551 gloriﬁcare
583 2477 888 2545 noluerunt,
921 2478 1038 2544 sed,
1063 2477 1131 2532 ad
1159 2478 1303 2551 quod
1346 2487 1543 2533 natura
1573 2493 1854 2549 repugna-

246 2567 349 2637 bat,
381 2574 672 2624 creaturas
697 2566 994 2633 coluerunt,
1025 2567 1151 2622 ideo
1181 2566 1250 2621 ad
1266 2575 1490 2639 peccata
1512 2584 1633 2639 quae
1664 2574 1856 2623 contra

245 2665 497 2711 naturam
531 2663 678 2722 sunt,
699 2656 936 2712 devoluti
955 2664 1101 2723 sunt,
1125 2656 1265 2712 sicut
1288 2656 1538 2729 sequitur
1572 2675 1585 2711 :
1612 2659 1853 2729 Propter

240 2745 397 2817 quod,
420 2745 476 2800 id
498 2753 587 2801 est
607 2744 732 2817 quia
760 2745 906 2817 quod
936 2753 1127 2801 contra
1147 2753 1393 2800 naturam
1417 2744 1531 2811 fuit,
1572 2753 1854 2802 creaturas

245 2833 553 2889 coluerunt.
586 2834 716 2889 Ideo
749 2834 1118 2889 subtrahendo
1166 2835 1415 2906 gratiam,
1452 2836 1693 2890 tradidit
1726 2836 1855 2891 illos

238 2924 378 2978 Deus
399 2924 462 2978 in
498 2923 785 2979 desideria
800 2923 983 2979 cordis
1012 2940 1225 2990 eorum,
1270 2931 1327 2978 ut
1356 2924 1539 2978 animo
1567 2931 1851 2994 cuperent.

239 3010 446 3068 Dehinc
474 3013 547 3067 in
596 3012 1047 3078 immunditiam,
1082 3012 1138 3066 id
1168 3020 1252 3067 est
1282 3012 1335 3066 in
1361 3028 1500 3084 opus
1530 3012 1855 3068 desideratze

238 3099 605 3156 immunditize
637 3116 650 3154 :
684 3101 751 3155 ad
784 3101 906 3170 hoc,
956 3100 1193 3173 inquam,
1230 3102 1308 3158 sic
1357 3102 1581 3157 tradidit
1610 3102 1754 3170 illos,
1789 3106 1855 3157 ut

237 3205 470 3261 corpora
491 3206 604 3246 sua
625 3190 899 3260 afﬁciant,
922 3189 975 3244 id
989 3198 1070 3245 est
1083 3190 1453 3246 contaminent
1469 3192 1852 3253 contumeliis,

235 3276 284 3331 id
317 3287 401 3333 est
430 3278 521 3333 his
559 3278 965 3349 pollutionibus,
1004 3296 1124 3351 qua:
1156 3280 1200 3335 si
1229 3280 1497 3335 violenter
1525 3280 1857 3336 inferrentur

237 3365 333 3429 eis,
368 3383 467 3438 pro
499 3383 710 3438 magna
738 3367 1068 3423 contumelia
1111 3369 1411 3435 haberent;
1460 3369 1692 3426 alliciant
1731 3369 1855 3425 dico

233 3456 293 3509 in
328 3457 687 3528 semetipsis,
728 3456 782 3510 id
834 3464 915 3511 est
962 3456 1049 3512 vel
1096 3458 1231 3513 alter
1267 3458 1324 3512 in
1380 3458 1629 3525 alterum,
1664 3458 1752 3514 vel
1800 3458 1856 3512 in

229 3544 573 3617 semetipsis.
625 3546 741 3600 Hoc
796 3545 1180 3601 intellexerunt
1254 3547 1455 3603 debere
1515 3546 1636 3604 fieri
1685 3563 1793 3603 non
1823 3563 1856 3603 a

234 3633 366 3699 Deo,
402 3634 499 3706 qui
538 3634 696 3705 prius
726 3633 793 3690 de
824 3634 1096 3691 intellectu
1126 3652 1186 3691 se
1215 3634 1532 3692 efferebant.

266 3721 427 3790 Quod
450 3722 599 3777 dixit
621 3724 873 3794 superius
886 3729 1254 3781 mutaverunt
1275 3728 1537 3796 gloriam,
1563 3726 1617 3781 id
1639 3727 1852 3797 repetit,

228 3819 281 3865 ut
310 3819 613 3868 enumeret
644 3812 838 3868 modos
869 3813 1199 3880 mutationis,
1225 3815 1415 3870 dicens
1449 3833 1462 3869 :
1499 3816 1603 3883 Qui
1625 3815 1857 3886 gentiles

225 3905 741 3958 eommutauerunt
800 3905 1118 3971 veritatem,
1176 3903 1232 3958 id
1298 3912 1381 3959 est
1429 3904 1629 3961 cultum
1693 3921 1857 3977 quem

230 3991 503 4045 naturalis
554 3990 763 4046 veritas
812 3992 1092 4047 asserebat
1136 3993 1501 4049 exhibendum
1555 4010 1677 4049 esse
1716 3995 1854 4060 Deo,

225 4081 285 4133 in
322 4081 729 4145 mendacium,
762 4080 815 4135 id
847 4088 926 4136 est
955 4081 1009 4135 in
1040 4090 1316 4137 creaturas
1354 4098 1490 4154 quas
1520 4083 1858 4139 mendaciter

226 4166 515 4240 fingebant
529 4184 661 4224 esse
678 4168 831 4236 deos,
854 4177 903 4225 et
920 4178 1209 4242 postquam
1230 4169 1517 4241 ﬁnxerunt,
1531 4173 1855 4240 coluerunt,

221 4256 276 4311 id
322 4267 407 4312 est
459 4258 841 4313 adoraverunt
886 4274 1002 4314 eos.
1055 4258 1264 4315 Dehinc
1328 4260 1490 4315 etiam
1537 4263 1859 4317 servierunt

223 4344 535 4415 offerendo,
574 4355 632 4402 et
664 4347 994 4403 immolando
1017 4353 1317 4405 creaturae.
1351 4349 1447 4404 His
1478 4349 1653 4404 tribus
1681 4350 1859 4405 modis

222 4443 585 4491 mutaverunt
631 4434 866 4508 gloriam
915 4436 1060 4492 Dei:
1125 4436 1281 4492 Prius
1329 4438 1663 4494 mendaciter
1695 4447 1857 4511 puta-

224 4533 419 4579 verunt
451 4524 675 4580 idolum
706 4541 827 4581 esse
855 4526 1070 4592 Deum;
1118 4526 1317 4582 dehinc
1344 4527 1666 4596 adorando;
1698 4528 1860 4583 tertio

220 4612 427 4668 hostias
476 4612 850 4669 immolando.

211 4701 531 4768 judicantes
566 4702 679 4758 hoc
703 4704 893 4774 potius
933 4720 1056 4759 esse
1105 4721 1274 4777 quam
1316 4706 1526 4761 servire
1578 4705 1850 4775 Creatori,

215 4792 306 4862 qui
336 4792 585 4847 Creator
615 4791 674 4845 in
722 4793 1004 4849 aversione
1054 4809 1244 4848 eorum
1309 4794 1442 4849 nihil
1492 4795 1717 4866 perdit:
1767 4798 1850 4851 est

220 4880 367 4936 enim
400 4881 753 4938 benedictus
778 4881 841 4936 in
862 4882 1043 4936 omnia
1069 4883 1297 4949 sweula,
1332 4882 1597 4956 quidquid
1626 4884 1855 4940 adorent

221 4969 294 5025 illi
329 4989 343 5025 :
378 4986 590 5035 amen,
646 4968 702 5023 id
742 4977 823 5024 est
878 4970 1121 5039 profecto
1178 4971 1251 5026 ita
1306 4980 1408 5027 est.
1467 4971 1629 5042 Quod
1657 4973 1854 5029 iterum

222 5060 485 5129 superius
518 5058 637 5113 ait:
670 5058 919 5114 Tradidit
944 5061 1073 5116 illos
1093 5061 1239 5116 Deus
1262 5062 1323 5116 in
1354 5062 1755 5131 desideria,hic
1774 5078 1859 5117 re-

224 5148 356 5218 petit
387 5149 572 5214 idem,
616 5154 675 5201 ut
704 5162 920 5218 poenam
938 5149 1154 5220 peccati
1174 5158 1455 5222 comparet
1474 5150 1576 5222 ipsi
1605 5159 1853 5223 peccato.

223 5236 362 5305 Quia
400 5238 579 5302 sicut,
612 5235 764 5308 quod
811 5246 1003 5292 natura
1043 5238 1313 5310 exigebat,
1357 5240 1605 5295 Creatori
1650 5241 1856 5297 cultum

227 5324 282 5383 1
301 5326 378 5384 2
412 5328 797 5397 denegantes,
832 5326 899 5380 ad
928 5342 1035 5381 non
1065 5328 1367 5383 naturalem
1398 5328 1603 5384 cultum
1641 5338 1857 5386 creatu-

217 5430 398 5471 rarum
431 5432 497 5471 se
533 5412 911 5483 contulerunt,
946 5416 1025 5472 sic
1055 5415 1157 5487 ipsi
1186 5415 1241 5470 in
1275 5431 1381 5472 non
1424 5417 1691 5473 naturalia
1721 5434 1856 5490 pec-

217 5514 333 5561 cata
360 5503 631 5561 devoluti
681 5510 823 5560 sunt.

286 5597 615 5650 Enumerat
674 5592 837 5646 etiam
888 5593 1063 5665 ipsum
1133 5602 1417 5666 peccatum
1476 5597 1750 5669 quomodo
1803 5596 1858 5651 in

218 5692 521 5758 utrumque
565 5697 768 5736 sexum
812 5682 881 5737 sit
926 5682 1204 5752 diffusum,
1258 5684 1496 5742 dicens:
1530 5688 1855 5760 PrOpterea,

1952 608 2083 662 illos
2102 608 2244 663 Deus
2259 606 2504 677 privatos
2518 604 2698 677 gratia
2711 620 2809 659 sua
2821 606 2884 660 in
2898 604 3190 676 passiones
3211 603 3562 673 ignominiw,

1951 695 2007 750 id
2035 703 2117 751 est
2146 695 2201 749 in
2228 693 2595 766 ignominiosa
2626 701 2851 765 peccata
2896 691 3099 765 [facta],
3133 708 3253 764 quae
3282 691 3408 747 licet
3436 706 3568 748 caro

1951 784 2094 839 male
2134 783 2565 855 concupisceret,
2612 790 2796 838 tamen
2842 782 2963 854 ipsa
3009 790 3203 837 natura
3252 779 3567 837 violentiam

1950 874 2282 945 patiebatur,
2316 873 2444 927 dum
2491 872 2546 927 in
2585 888 2646 928 se
2693 887 2802 927 non
2860 870 3175 926 naturaliter
3221 878 3561 942 cperaretur.

1951 964 2249 1018 Enumerat
2267 962 2551 1033 passiones
2572 961 2908 1035 ignominiae,
2953 960 3143 1016 dicens
3176 978 3189 1014 :
3214 958 3420 1015 Traditi
3441 966 3568 1013 sunt

1952 1052 2137 1124 utique
2168 1051 2223 1105 in
2246 1051 2604 1124 ignominias.
2636 1052 2778 1106 Nam
2803 1051 3036 1122 femina:
3056 1050 3250 1104 horum
3281 1047 3566 1120 gentilium

1953 1141 2408 1196 immutaverunt
2438 1141 2768 1196 naturalem
2815 1155 2984 1194 usum
3027 1138 3126 1193 viri
3161 1140 3222 1194 in
3252 1155 3381 1195 eum
3411 1154 3570 1193 usum

1955 1231 2051 1303 qui
2081 1234 2167 1286 est
2190 1233 2392 1286 contra
2435 1233 2733 1296 naturam,
2782 1236 2841 1283 ut
2885 1243 2995 1283 una
3031 1227 3343 1283 abuteretur
3372 1226 3562 1294 altera,

1956 1318 2080 1391 quia
2096 1318 2401 1373 naturalem
2422 1318 2622 1373 cultum
2642 1317 2883 1373 Creatori
2902 1324 3261 1389 negaverant.
3291 1316 3573 1373 Similiter

1957 1413 2170 1475 autem,
2202 1415 2262 1463 ut
2293 1406 2528 1473 feminae,
2579 1407 2841 1475 masculi,
2902 1408 3101 1464 relicto
3147 1406 3411 1462 naturali
3464 1421 3575 1460 usu

1956 1499 2210 1569 feminas,
2235 1500 2580 1553 exarserunt
2604 1497 2665 1551 in
2684 1496 2979 1551 desideriis
2999 1497 3120 1551 suis
3140 1495 3204 1549 in
3234 1496 3499 1560 inuicem;
3517 1501 3575 1549 ut

1958 1586 2097 1641 alter
2127 1586 2362 1641 alterum
2396 1586 2524 1657 igne
2554 1584 2795 1640 libidinis
2838 1583 3048 1641 incensi
3097 1582 3488 1654 concupierint,
3524 1590 3575 1637 et

1959 1675 2102 1731 sicut
2130 1675 2345 1730 animus
2374 1690 2565 1731 eorum
2586 1674 3018 1741 desideraverat,
3035 1689 3205 1744 opere
3225 1674 3572 1745 complentes

1962 1764 2402 1837 turpitudinem,
2418 1764 2659 1820 masculi
2674 1765 2735 1819 in
2748 1764 3043 1819 masculos.
3062 1765 3132 1819 Et
3143 1762 3221 1817 sic
3237 1762 3573 1834 recipientes

1958 1855 2272 1910 mercedem
2303 1855 2511 1909 erroris
2540 1854 2651 1922 sui,
2686 1851 2739 1907 id
2771 1859 2852 1908 est
2890 1867 3110 1923 poenam
3150 1850 3297 1905 illius
3326 1849 3563 1921 peccati.

1956 1942 2111 2011 Quia,
2159 1958 2284 1998 cum
2338 1942 2726 2016 cognovissent
2782 1943 2978 2009 Deum,
3035 1956 3145 1996 non
3204 1941 3342 1996 sicut
3396 1940 3573 1994 Deum

1955 2030 2416 2105 gloriﬁcaverunt,
2451 2032 2773 2102 recipientes
2800 2031 2940 2087 hanc
2986 2046 3097 2085 non
3124 2030 3179 2085 in
3210 2030 3407 2085 damno
3436 2044 3572 2100 pos-

1957 2120 2242 2186 sessionis,
2276 2121 2366 2176 vel
2395 2119 2666 2187 ﬁliorum,
2700 2120 2797 2175 sed
2826 2121 2889 2175 in
2917 2121 3253 2191 semetipsis,
3287 2118 3414 2192 quia
3465 2117 3571 2190 ipsi

1955 2209 2124 2264 iidem
2149 2211 2250 2264 hac
2284 2225 2449 2281 poena
2487 2209 2660 2280 puniti
2696 2218 2837 2264 sunt.
2865 2209 3042 2277 Quam
3057 2209 3242 2279 utique
3262 2208 3572 2264 mercedem

1955 2300 2227 2370 oportuit,
2254 2298 2309 2353 id
2330 2307 2413 2354 est
2435 2298 2772 2355 conveniens
2786 2297 2886 2354 fuit
2903 2313 2998 2354 eos
3019 2298 3300 2369 recipere;
3338 2304 3394 2352 ut
3424 2296 3569 2368 quia,

1956 2388 2104 2460 quod
2178 2396 2377 2443 natura
2452 2389 2707 2443 monebat
2764 2404 2834 2443 ne
2894 2386 3171 2454 facerent,
3250 2394 3572 2459 spreverunt

1956 2478 2272 2533 Creatorem
2297 2486 2351 2533 et
2381 2478 2750 2533 adoraverunt
2783 2485 3113 2545 creaturam,
3164 2484 3309 2532 recte
3340 2491 3570 2547 compa-

1955 2575 2131 2623 ratum
2159 2576 2243 2622 est
2273 2575 2349 2634 ut,
2383 2583 2485 2638 pro
2514 2568 2621 2624 hoc
2650 2584 2761 2622 non
2788 2566 3027 2622 naturali
3075 2574 3327 2638 peccato,
3363 2566 3417 2620 in
3459 2581 3567 2621 non

1954 2656 2198 2711 naturale
2226 2664 2513 2728 peccatum
2544 2664 2598 2712 et
2638 2672 2861 2727 poenam
2910 2655 3119 2727 peccati
3166 2654 3572 2726 praecipitaren-

1956 2753 2062 2800 tur.
2094 2746 2163 2800 Et
2191 2746 2360 2811 sicut,
2397 2745 2524 2817 quia
2554 2745 2608 2799 in
2668 2761 2777 2800 non
2818 2744 3053 2800 naturali
3113 2744 3261 2800 cultu
3308 2751 3572 2799 creaturae

1954 2841 2338 2905 peccaverunt,
2369 2850 2469 2905 per
2497 2849 2605 2889 non
2633 2833 2908 2889 naturalia
2946 2840 3173 2905 peccata
3202 2832 3377 2905 puniti
3406 2840 3571 2899 sunt;

1957 2923 2036 2978 sic
2067 2922 2190 2995 quia
2215 2940 2331 2980 non
2358 2924 2738 2995 probaverunt
2767 2924 2946 2978 Deum
2990 2924 3192 2978 habere
3238 2923 3303 2977 in
3333 2923 3566 2988 notitia,

1955 3011 2011 3066 id
2042 3020 2124 3066 est
2154 3012 2279 3083 quia
2308 3027 2417 3068 non
2447 3012 2753 3066 habuerunt
2794 3013 2965 3066 Deum
2998 3011 3053 3065 in
3103 3010 3417 3084 cognitione
3449 3025 3567 3076 sua,

1956 3117 2118 3173 quem
2148 3101 2343 3156 merito
2378 3100 2823 3173 cognoscendum
2868 3100 2987 3171 ipsa
3036 3108 3226 3155 natura
3282 3100 3568 3171 probabat,

1955 3192 2010 3246 id
2037 3198 2120 3246 est
2151 3191 2279 3263 quia
2311 3190 2363 3244 in
2393 3190 2704 3262 cognitione
2753 3188 2852 3244 Dei
2900 3189 3000 3244 sibi
3050 3189 3372 3244 naturaliter
3428 3204 3568 3246 con-

1956 3296 2134 3347 cessa,
2170 3280 2444 3335 abutendo
2491 3295 2558 3334 ea
2608 3296 2709 3351 per
2773 3279 3090 3351 superbiam
3150 3287 3566 3351 peccaverunt:

1956 3371 2080 3427 ideo
2106 3377 2413 3440 opportune
2466 3369 2780 3442 cognitione
2820 3368 2993 3440 priori
3042 3368 3264 3436 amissa,
3326 3369 3566 3425 tradidit

1958 3460 2087 3515 illos
2110 3462 2254 3515 Deus
2278 3460 2340 3515 in
2361 3460 2657 3530 reprobum
2677 3475 2930 3525 sensum,
2954 3457 3082 3531 quia
3114 3466 3266 3513 recto
3286 3474 3454 3513 sensu
3493 3457 3569 3512 uti

1956 3548 2269 3603 noluerunt.
2299 3547 2565 3614 Tradidit,
2600 3547 2842 3620 inquam,
2877 3546 2946 3601 ad
2993 3548 3118 3615 hoc,
3153 3551 3220 3603 ut
3248 3547 3473 3619 faciant
3503 3564 3571 3603 ea

1957 3654 2079 3710 quae
2110 3654 2224 3692 non
2253 3637 2629 3706 conveniunt,
2662 3636 2717 3691 id
2765 3644 2849 3692 est
2893 3652 3015 3708 quae
3044 3636 3164 3707 ipsa
3221 3644 3412 3691 natura
3439 3636 3571 3690 satis

1958 3734 2145 3797 aperte
2176 3725 2508 3797 intelligeret
2535 3741 2645 3781 non
2701 3725 3083 3781 convenientia
3140 3741 3285 3781 esse.
3330 3723 3570 3780 Primum

1958 3814 2087 3887 quia
2115 3830 2374 3871 concessa
2405 3814 2717 3888 cognitione
2747 3814 2906 3870 abusi
2962 3822 3105 3880 sunt,
3166 3821 3413 3885 putantes
3462 3815 3569 3870 hoc

1959 3904 2161 3959 bonum
2190 3903 2450 3958 naturalis
2501 3903 2809 3959 intellectus
2839 3920 2869 3958 a
2903 3920 2961 3958 se
3001 3911 3052 3959 et
3080 3919 3188 3959 non
3219 3919 3248 3956 a
3276 3904 3391 3958 Deo
3422 3919 3565 3968 esse,

1956 3993 2157 4065 privati
2214 4002 2339 4048 sunt
2420 4008 2686 4050 concesso
2767 3993 3081 4063 intellectu,
3141 4001 3194 4048 et
3252 3993 3570 4048 Creatorem

1960 4082 2398 4155 derelinquendo
2426 4090 2617 4138 contra
2663 4089 2915 4137 naturam
2944 4090 3228 4138 creaturas
3259 4080 3567 4147 coluerunt,

1962 4186 2136 4243 quare
2196 4171 2387 4227 iterum
2422 4188 2524 4243 per
2575 4171 2839 4226 naturalia
2894 4170 3067 4242 puniti
3123 4178 3268 4226 sunt.
3302 4170 3412 4227 Sed
3442 4169 3572 4242 quia

1958 4261 2136 4317 adhuc
2167 4276 2275 4316 non
2306 4260 2673 4332 poenituerunt
2723 4268 2847 4332 post
2902 4276 3012 4315 non
3059 4259 3348 4327 naturalia,
3378 4258 3435 4315 in
3465 4259 3572 4315 alia

1958 4351 2101 4405 mala
2131 4350 2450 4422 praecipitati
2481 4358 2625 4415 sunt,
2660 4350 2801 4406 sicut
2847 4350 3092 4422 sequitur
3123 4366 3136 4406 :

2030 4439 2159 4495 Illos
2232 4438 2452 4494 tradidit
2525 4439 2793 4495 Dominus
2845 4439 2900 4493 in
2953 4439 3245 4510 reprobum
3310 4454 3571 4504 sensum;

1960 4528 2083 4583 illos
2112 4528 2237 4584 dico
2276 4530 2518 4601 repletos
2548 4530 2707 4584 omni
2743 4528 3073 4601 iniquitate,
3122 4527 3246 4600 quia
3277 4535 3330 4582 et
3376 4543 3571 4583 omnes

930 4614 1242 4671 Servierunt
1291 4615 1476 4689 utique
1569 4624 1852 4682 creaturae,
1876 4612 1930 4672 D
1958 4617 2267 4689 iniquitates
2296 4617 2623 4683 habuerunt,
2656 4624 2709 4672 et
2737 4616 2983 4688 singulas
3031 4616 3103 4672 ad
3158 4616 3400 4688 plenum.
3431 4617 3569 4672 Cum

1957 4706 2091 4762 dixit
2147 4706 2297 4761 omni
2353 4706 2664 4777 iniquitate,
2740 4704 3159 4777 comprehendit
3207 4705 3389 4761 omnia
3444 4723 3569 4778 quae

1956 4803 2287 4867 sequuntur;
2320 4795 2420 4850 sed
2450 4802 2505 4850 ut
2558 4794 2739 4868 magis
2797 4794 2922 4851 illos
2988 4794 3288 4864 deterreat,
3346 4794 3569 4869 singula

1956 4900 2165 4958 genera
2216 4883 2513 4958 iniquitatis
2570 4893 2870 4951 enumerat,
2926 4884 3163 4941 dicens:
3222 4884 3365 4940 Vere
3420 4886 3571 4941 omni

1956 4974 2257 5046 iniquitate,
2293 4975 2422 5046 quia
2447 4974 2687 5045 repletos
2706 4975 2953 5030 malitia.
2979 4974 3245 5029 Malitiose
3266 4974 3412 5029 enim
3434 4990 3568 5047 age-

1958 5063 2089 5117 bant
2120 5062 2174 5117 in
2204 5062 2502 5134 proximos,
2535 5062 2838 5118 auferendo
2886 5063 3028 5119 bona
3068 5078 3280 5133 eorum,
3321 5064 3407 5119 vel
3438 5080 3567 5119 ver-

1958 5151 2180 5206 beribus
2209 5167 2305 5208 eos
2334 5150 2639 5208 alliciendo.
2672 5152 2931 5223 Repletos
2960 5153 3119 5207 etiam
3162 5154 3565 5225 fornicatione.

1958 5241 2393 5297 Fornicationem
2423 5250 2574 5297 vocat
2617 5241 2880 5313 quidquid
2912 5241 2969 5296 iit
3012 5250 3211 5313 praeter
3264 5241 3568 5314 legitimam

1958 5345 2208 5397 uxorem,
2264 5347 2386 5402 qua:
2439 5330 2577 5386 sicut
2630 5346 2792 5386 causa
2849 5332 3183 5403 generandae
3239 5331 3429 5404 prolis,
3488 5333 3568 5389 sic

1958 5435 2124 5475 causa
2155 5418 2389 5474 vitanda:
2420 5418 2791 5476 fornicationis
2834 5420 3047 5475 dicitur.
3101 5421 3358 5492 Repletos
3404 5421 3568 5478 etiam

1959 5509 2225 5575 avaritia,
2260 5506 2448 5564 illicite
2490 5509 2776 5565 retinendo
2832 5525 2948 5575 sua,
2984 5510 3069 5565 vel
3126 5511 3568 5582 concupiscendo

1959 5598 2138 5653 aliena
2170 5616 2184 5664 ;
2218 5605 2270 5652 et
2303 5597 2543 5669 repletos
2574 5600 2854 5672 nequitia.
2889 5599 2988 5654 Vel
3017 5614 3051 5654 a
3078 5615 3311 5671 nequeo,
3345 5601 3561 5671 nequis,

1960 5687 2101 5744 vela
2132 5685 2376 5755 nomine,
2410 5687 2555 5760 quod
2602 5696 2685 5743 est
2725 5703 2982 5762 nequam,
3033 5686 3232 5744 dicitur
3277 5688 3561 5763 nequitia;
