3970 6476
508 383 578 436 27
1061 387 1117 443 S.
1158 386 1512 445 BRUNONIS
1550 384 2190 446 CARTHUSIANORUM
2229 384 2714 443 INSTITUTORIS
2754 387 2912 445 ΟΡΡ.
2960 387 3135 445 PARS
3176 390 3240 444 II.
3717 387 3780 445 28

504 508 630 580 quia
657 518 936 583 nequeunt
964 528 1024 569 se
1053 513 1329 570 continere
1354 514 1421 569 ab
1448 513 1666 571 illicitis.
1692 513 1796 583 Qui
1825 521 2005 569 autem
2036 527 2095 567 se
2114 512 2171 571 Α
2203 531 2225 557 α
2262 508 2399 566 facis
2430 526 2514 580 ea,
2548 512 2675 583 quia
2705 520 2759 568 tu
2787 511 3016 585 effugies
3052 512 3316 581 judicium
3364 511 3463 568 Dei
3482 513 3512 568 Ἰ
3539 514 3619 567 An
3651 512 3787 569 divi-

503 597 782 654 continere
818 601 1022 672 nequit,
1055 617 1164 658 non
1204 610 1287 657 est
1330 602 1590 658 dicendus
1638 602 1852 675 aliquis.
1901 602 2095 657 Plenos

498 686 657 741 etiam
704 688 959 756 invidia;
1008 690 1153 762 quia,
1203 689 1328 747 licet
1374 706 1483 746 non
1530 692 1632 745 sibi
1695 692 1914 762 cupiant
1958 691 2100 745 bona

503 773 755 843 aliorum,
790 784 969 832 tamen
998 794 1093 833 eos
1131 794 1240 834 non
1282 779 1484 834 habere
1530 780 1731 835 vellent
1775 781 1893 835 haec
1920 779 2090 834 bona.

502 862 698 918 Plenos
727 864 889 920 etiam
922 866 1260 934 homicidiis,
1307 883 1427 939 qua
1470 884 1580 924 non
1608 869 1781 924 solum
1828 868 2098 938 manibus,

502 951 597 1005 sed
620 954 937 1010 tractatione
960 963 1012 1010 et
1034 971 1306 1011 consensu
1322 955 1474 1011 ﬁunt.
1490 957 1685 1012 Plenos
1706 958 2099 1024 contentione,-

502 1040 627 1109 quia
682 1040 821 1097 inter
877 1059 937 1098 se
1009 1043 1342 1100 clamoribus
1404 1052 1456 1100 et
1502 1046 1813 1116 opprobriis
1868 1045 2098 1118 litigant.

503 1127 697 1182 Plenos
743 1130 920 1197 dolo;
964 1132 1091 1203 quia
1138 1132 1287 1187 aliud
1336 1141 1502 1206 agunt
1539 1143 1591 1189 et
1640 1134 1787 1189 aliud
1835 1134 2098 1205 cogitant.

502 1215 699 1271 Plenos
726 1220 1090 1289 malignitate
1116 1242 1135 1289 ,-
1166 1221 1292 1293 quia
1313 1223 1583 1277 contraria
1618 1222 1939 1295 benignitati
1968 1239 2107 1277 sem-

506 1319 603 1373 per
630 1304 684 1359 in
711 1307 1078 1365 amaritudine
1104 1310 1268 1364 animi
1296 1317 1436 1365 sunt.
1461 1309 1565 1379 Qui
1587 1311 1751 1367 etiam
1782 1319 1904 1365 sunt
1922 1320 2110 1366 susur—'

502 1407 687 1458 rones,
721 1395 859 1449 mala
887 1396 956 1451 de
985 1398 1231 1468 proximo
1262 1398 1330 1453 ad
1366 1398 1668 1469 proximum
1718 1400 2104 1455 transferentes

501 1482 739 1548 occulte;
764 1484 1099 1541 detractores
1116 1487 1298 1555 etiam,
1324 1488 1469 1543 bona
1490 1505 1612 1560 quae
1631 1497 1754 1543 sunt
1773 1489 2099 1554 auferentes,

499 1569 643 1625 mala
662 1588 782 1643 quae
798 1589 905 1628 non
926 1583 1051 1629 sunt
1070 1575 1411 1647 imponentes
1425 1619 1437 1632 .
1462 1578 1543 1632 Ne
1563 1577 1679 1633 haec
1705 1578 1813 1633 duo
1828 1577 2009 1633 facilia
2032 1577 2106 1632 vi-

497 1655 787 1728 derentur;
821 1662 945 1733 quia
974 1678 1075 1734 pro
1112 1664 1296 1719 verbis
1344 1673 1555 1721 tantum
1585 1682 1694 1721 non
1723 1683 1783 1722 se
1815 1667 2106 1721 crederent

496 1745 763 1815 damnari,
807 1749 955 1807 13
989 1761 1254 1824 aggravet
1300 1755 1418 1810 haec
1473 1754 1602 1820 duo,
1635 1755 1819 1811 dicens
1854 1757 2104 1812 :Susur-

2202 618 2225 648 ι
2259 598 2359 653 tias
2391 600 2646 655 bonitatis
2678 602 2815 671 ejus,
2867 611 2919 657 et
2961 602 3251 672 patientize,
3294 610 3346 656 et
3372 601 3788 674 longanimitatis

2208 708 2227 738 ι
2261 688 2564 742 contemnis
2580 689 2607 742 ?
2630 690 2854 761 Ignoras
2877 691 3128 761 quoniam
3150 690 3453 763 benignitas
3476 690 3575 745 Dei
3590 690 3657 745 ad
3678 707 3787 761 pce-

2202 800 2223 823 «ι
2262 776 2541 832 nitentiam
2569 785 2621 833 te
2652 778 2916 834 adducit?
2963 780 3272 835 Secundum
3319 787 3498 833 autem
3541 779 3789 833 duritiam

2204 886 2227 915 ι
2260 872 2405 919 tuam
2434 873 2485 921 et
2522 866 2866 937 impmnitens
2913 884 3026 934 cor,
3080 868 3408 922 thesaurizas
3454 867 3547 921 tibi
3574 867 3711 921 iram
3739 867 3789 921 in

2205 977 2227 1001 α
2263 954 2351 1009 die
2377 954 2487 1019 iI'EP,
2520 962 2572 1010 et
2602 956 2947 1011 revelationis
2986 957 3115 1025 justi
3139 956 3328 1024 judicii
3375 956 3512 1023 Dei;
3545 956 3636 1029 qui
3663 957 3788 1011 red-

2207 1063 2229 1092 ι
2265 1042 2357 1097 det
2383 1043 2672 1114 unicuique
2703 1045 3002 1099 secundum
3049 1060 3215 1116 opera
3244 1047 3379 1115 ejus.
3431 1046 3527 1100 His
3572 1045 3787 1116 quidem

2207 1154 2230 1184 α
2265 1132 2355 1204 qui
2386 1133 2684 1187 secundum
2731 1133 3043 1203 patientiam
3091 1133 3219 1189 boni
3249 1134 3431 1204 Operis
3481 1133 3714 1206 gloriam
3743 1142 3794 1189 et

2208 1243 2228 1267 α
2266 1221 2528 1275 honorem
2555 1228 2605 1275 et
2635 1221 3093 1293 incorruptionem
3124 1229 3387 1294 quazrunt,
3436 1222 3597 1277 vitam
3627 1230 3789 1277 aeter—

2210 1330 2231 1359 ι
2271 1324 2419 1363 nam.
2452 1309 2547 1362 His
2579 1317 2759 1364 autem
2800 1310 2890 1382 qui
2938 1319 3059 1365 sunt
3105 1327 3172 1366 ex
3228 1310 3588 1379 contentione,
3621 1318 3673 1365 et
3703 1311 3792 1383 qui

2208 1420 2229 1444 «
2268 1412 2376 1451 non
2404 1398 2753 1469 acquiescunt
2782 1398 3009 1465 veritati,
3046 1400 3271 1455 credunt
3300 1408 3478 1453 autem
3511 1399 3791 1471 iniquitati,

2210 1506 2232 1536 ι
2267 1484 2350 1540 ira
2379 1493 2432 1540 et
2460 1486 2781 1558 indignatio.
2814 1487 3111 1542 Tribulatio
3142 1496 3191 1542 et
3222 1487 3475 1559 angustia
3504 1487 3556 1541 in
3578 1503 3793 1542 omnem

2211 1595 2233 1623 ι
2269 1574 2502 1628 animam
2534 1575 2766 1629 hominis
2793 1576 3072 1645 Operantis
3100 1577 3296 1630 malum
3323 1619 3335 1642 ,
3366 1575 3537 1630 Judaei
3564 1576 3793 1646 primum

2212 1685 2233 1713 ι
2266 1672 2318 1718 et
2349 1663 2557 1729 Graaci;
2591 1663 2763 1736 gloria
2784 1672 2963 1718 autem
2995 1673 3048 1719 et
3091 1665 3266 1719 honor
3286 1672 3337 1718 et
3358 1680 3460 1735 pax
3482 1665 3629 1719 omni
3676 1679 3800 1737 Ope-

2213 1773 2235 1802 ι
2273 1751 2415 1806 ranti
2444 1752 2666 1820 bonum,
2700 1753 2888 1807 Iudaeo
2910 1752 3142 1823 primum
3174 1761 3226 1807 et
3250 1753 3465 1808 Grazco.
3500 1754 3622 1808 Non
3654 1753 3797 1808 enim

496 1850 660 1890 rones
681 1841 737 1892 et
754 1838 1118 1906 detractores,
1144 1843 1374 1897 odibiles
1387 1844 1515 1899 Deo.
1534 1844 1644 1898 Eos
1661 1843 1825 1898 etiam
1841 1843 1964 1899 dico
1979 1861 2105 1900 con-
2124 1864 2175 1924 Β
2214 1862 2235 1888 ιι
2274 1848 2355 1894 est
2384 1841 2630 1911 acceptio
2661 1857 3021 1911 personarum
3050 1842 3191 1912 apud
3236 1843 3428 1896 Deum.
3480 1841 3799 1914 Quicunque

505 1926 847 1993 tumeliosos,
880 1926 934 1981 id
966 1936 1047 1982 est
1086 1930 1445 1985 contumelias
1485 1932 1828 2002 turpitudinis
1856 1931 2101 1987 inferen-

501 2019 584 2066 tes
612 2013 715 2067 sibi
743 2014 982 2070 vicissim
1007 2035 1022 2083 ;
1054 2020 1336 2091 superbos,
1368 2019 1424 2074 id
1470 2028 1551 2075 est
1581 2036 1641 2075 se
1670 2029 2100 2092 superponentes

500 2099 640 2167 aliis,
664 2102 1130 2175 velsuperponere
1152 2108 1427 2174 cupientes
1451 2126 1465 2174 ;
1492 2110 1688 2174 elatos,
1713 2109 1916 2181 quinec
1937 2125 2100 2180 pares

503 2186 627 2257 sibi,
657 2205 760 2245 nec
789 2207 848 2246 se
890 2193 1128 2262 majores
1183 2196 1293 2266 pati
1348 2204 1611 2267 possunt;
1656 2205 1715 2252 ut
1759 2198 1959 2267 Caesar,
2009 2198 2101 2270 qui

501 2274 673 2331 noluit
693 2279 805 2348 pati
834 2281 1095 2349 majorem
1136 2283 1472 2355 Pompeium,
1520 2301 1623 2341 nec
1679 2286 1966 2357 Pompeius
1995 2302 2099 2357 pa-

502 2378 618 2418 rem
649 2366 752 2420 sibi
783 2368 1057 2426 Caesarem
1078 2415 1091 2437 ,
1132 2373 1454 2430 inventores
1502 2375 1662 2429 etiam
1690 2376 1971 2431 malorum
2003 2392 2100 2430 seu

500 2452 768 2510 malarum
814 2460 1266 2514 consuetudinum
1338 2477 1433 2517 seu
1498 2470 1926 2531 tormentorum;
1985 2480 2101 2520 non

499 2541 661 2597 etiam
694 2545 1009 2603 obedientes
1033 2549 1345 2604 carnalibus
1360 2551 1709 2622 parentibus,
1734 2552 1878 2624 quod
1906 2561 2101 2607 natura

499 2630 751 2688 admonet
784 2635 946 2691 etiam
975 2636 1028 2690 in
1076 2637 1239 2707 pullis
1282 2638 1461 2694 avium
1488 2658 1502 2707 ;
1548 2641 1901 2713 insipientes,
1934 2641 1987 2695 id
2018 2657 2101 2703 est

498 2718 779 2777 indiscreti
809 2723 877 2777 ad
902 2725 1103 2779 bonum
1133 2733 1186 2780 et
1230 2727 1301 2781 ad
1348 2726 1587 2795 malum;
1622 2731 2017 2801 incompositos
2040 2739 2094 2786 et

499 2809 856 2879 vestimentis,
885 2820 939 2867 et
966 2830 1066 2884 per
1094 2814 1622 2871 immodiﬁcationem
1669 2818 2039 2873 membrorum
2075 2836 2088 2873 :

499 2912 598 2966 per
624 2898 741 2954 haec
770 2900 914 2954 enim
946 2919 1065 2972 quae
1093 2910 1248 2958 extra
1287 2904 1555 2970 videmus,
1609 2906 1687 2961 sic
1716 2906 1784 2961 de
1831 2906 2101 2962 interiori-

497 2984 601 3039 bus
629 3003 960 3057 pensamus;
993 2993 1116 3046 sine
1146 2992 1462 3062 a/Tectione,
1512 2993 1567 3047 id
1599 3002 1679 3049 est
1709 2994 1824 3049 sine
1853 2996 2099 3066 applica-

496 3073 641 3129 tione
670 3075 837 3131 animi
866 3078 935 3132 ad
979 3079 1198 3150 aliquod
1232 3081 1495 3153 dignum;
1541 3083 1740 3155 absque
1787 3084 2014 3154 ﬁndere,
2046 3084 2100 3139 id

502 3169 583 3216 est
615 3162 732 3219 sine
758 3165 1103 3238 colligatione
1133 3168 1299 3223 animi
1334 3184 1348 3223 :
1383 3170 1505 3241 quia
1561 3171 1703 3225 enim
1735 3170 1941 3227 foedera
1999 3189 2096 3227 va-

497 3248 608 3305 lent
653 3252 722 3307 ad
763 3255 1150 3311 nutrimentum
1199 3255 1345 3325 fidei,
1407 3266 1464 3313 ut
1506 3275 1722 3329 semper
1771 3259 2098 3330 multiplica-

498 3346 705 3408 rentur,
738 3342 1007 3411 prohibita
1032 3353 1155 3399 sunt
1183 3346 1442 3417 conjugia
1461 3346 1514 3401 in
1539 3347 1728 3402 eadem
1750 3349 2097 3419 cognatione,

496 3443 618 3499 quae
648 3429 755 3497 jam
786 3430 917 3485 satis
945 3432 1159 3489 vinculo
1202 3435 1617 3506 prOpinquitatis
1663 3435 1927 3491 fmderata
1974 3445 2096 3504 est;

495 3515 587 3586 qui
616 3517 777 3572 etiam
805 3528 929 3574 sunt
956 3523 1078 3576 sine
1126 3523 1511 3579 misericordia
1533 3544 1550 3579 :
1583 3524 1708 3595 quia
1767 3524 1812 3578 si
1843 3541 1980 3597 quos
2012 3526 2092 3580 vi-

497 3605 676 3660 derint
704 3608 950 3675 miseros,
982 3624 1087 3664 non
1116 3610 1315 3665 habent
1363 3610 1432 3666 ad
1490 3627 1584 3666 eos
1640 3612 1851 3668 viscera
1881 3613 2097 3667 miseri-

496 3694 716 3750 cordiae.
748 3697 807 3750 In
837 3696 920 3750 his
946 3698 1199 3756 omnibus
1230 3699 1463 3770 gentiles
1492 3716 1592 3770 pro
1640 3701 1940 3771 praemissis
1969 3717 2098 3772 pec-

499 3782 634 3838 catis
662 3784 833 3854 puniti
865 3793 1008 3840 sunt.
1042 3787 1148 3841 Sed
1180 3787 1306 3858 quia
1337 3788 1569 3843 necdum
1628 3804 1724 3859 per
1764 3789 1882 3845 haec
1920 3789 2100 3860 ι)ωηὶ-

499 3879 736 3942 tuerunt,
769 3874 1088 3946 praecipitati
1118 3884 1245 3931 sunt
1273 3875 1328 3930 in
1358 3876 1505 3931 aliud
1560 3877 1784 3943 malum,
1838 3884 1895 3932 ut
1925 3894 2095 3933 excae-

495 3961 602 4016 cati
663 3962 1043 4032 promitterent
1096 3964 1201 4018 sibi
1275 3964 1647 4036 impunitatem
1717 3974 2091 4037 peccatorum.

499 4048 655 4104 Unde
683 4049 760 4104 sic
788 4050 860 4104 ait
893 4066 906 4104 :
940 4051 1046 4120 Qui
1079 4052 1313 4122 gentiles
1338 4054 1591 4109 excaecati
1621 4061 1746 4107 sunt
1773 4071 1889 4110 non
1921 4056 2099 4110 intel-

501 4139 798 4205 lexerunt,-
830 4142 1095 4211 quoniam
1126 4140 1204 4195 illi
1234 4144 1331 4212 qui
1353 4142 1495 4197 talia
1523 4146 1722 4212 agunt,
1757 4150 1815 4196 ut
1843 4142 2101 4213 praedicta

499 4234 642 4292 sunt,
675 4228 832 4299 digni
859 4232 997 4283 sunt
1024 4233 1206 4285 morte
1236 4238 1461 4284 aeterna.
1483 4231 1597 4286 Hoc
1614 4231 1776 4285 modo
1806 4246 1912 4285 non
1944 4231 2099 4286 intel-

497 4314 761 4381 lexerunt,
776 4334 905 4372 cum
918 4317 1068 4387 prius
1080 4317 1401 4372 naturaliter
1412 4319 1763 4389 eognovissen
1774 4323 1795 4373 t
1798 4320 2097 4390 justitiam

497 4404 643 4460 Dei:
680 4421 785 4477 qua
841 4407 1152 4478 cognitione
1204 4406 1401 4477 privati
1456 4407 1581 4462 dicti
1610 4416 1765 4473 sunt,
1819 4408 1944 4480 quia
1973 4408 2099 4463 inde

499 4493 900 4563 super-bierunt.
918 4496 1084 4566 Digni
1102 4495 1284 4566 utique
1296 4500 1625 4551 suntmorte
1646 4516 1664 4551 :
1680 4512 1794 4551 non
1807 4498 1986 4552 solum
2000 4499 2100 4569 qui

2206 1952 2227 1975 «
2264 1929 2409 1984 enim
2439 1929 2556 1984 sine
2587 1928 2711 2001 lege
2741 1938 3122 1999 peccaverunt,
3150 1930 3266 1984 sine
3295 1929 3417 2001 lege
3446 1930 3723 2000 peribunt,
3749 1939 3800 1984 et

2204 2038 2226 2064 κ
2264 2016 2570 2088 quicunque
2603 2017 2657 2071 in
2685 2018 2807 2087 lege
2835 2025 3218 2088 peccaverunt,
3251 2034 3351 2089 per
3381 2018 3560 2087 legem
3586 2018 3802 2087 judica-

2203 2127 2224 2152 α
2262 2105 2478 2159 buntur.
2516 2106 2637 2160 Non
2666 2106 2810 2160 enim
2840 2106 3118 2161 auditores
3168 2106 3307 2177 legis
3342 2107 3471 2174 justi
3502 2114 3624 2160 sunt
3653 2108 3801 2178 apud

2202 2216 2223 2240 α
2252 2193 2443 2261 Deum,
2470 2193 2565 2248 sed
2596 2193 2832 2248 factores
2853 2194 3459 2266 legisjustiticabuntur.
3491 2195 3624 2249 Cum
3654 2196 3801 2251 enim

2202 2302 2225 2331 ι
2257 2289 2447 2351 gentes
2474 2298 2595 2353 qua
2624 2282 2805 2354 legem
2833 2298 2940 2337 non
2971 2283 3186 2347 habent,
3220 2282 3540 2337 naturaliter
3586 2298 3652 2338 ea
3682 2300 3806 2355 qua

2203 2391 2225 2421 α
2260 2370 2400 2443 legis
2429 2379 2551 2424 sunt
2575 2369 2797 2438 faciunt,
2844 2371 3108 2439 ejusmodi
3152 2370 3333 2443 legem
3363 2387 3470 2426 non
3512 2372 3800 2437 habentes,

2203 2482 2224 2506 «ι
2260 2459 2363 2529 ipsi
2394 2459 2496 2513 sibi
2526 2467 2649 2513 sunt
2681 2459 2762 2513 lex
2802 2473 2815 2512 :
2848 2459 2937 2530 qui
2983 2459 3273 2513 ostendunt
3315 2475 3452 2529 opus
3488 2459 3628 2531 legis
3659 2460 3805 2515 scri-

2202 2570 2224 2595 α
2261 2555 2410 2619 ptum
2441 2547 2494 2600 in
2525 2546 2782 2601 cordibus
2811 2547 2943 2614 suis,
2998 2547 3361 2601 testimonium
3403 2547 3667 2603 reddente
3698 2548 3808 2602 illis

2204 2654 2224 2687 ι
2261 2634 2588 2691 conscientia
2618 2635 2877 2705 ipsorum,
2913 2643 2964 2691 et
3011 2636 3149 2690 inter
3179 2652 3237 2691 se
3292 2636 3528 2691 invicem
3585 2636 3807 2709 cogita-

2204 2746 2226 2773 ι
2262 2724 2467 2778 tionum
2498 2724 2887 2791 accusantium,
2940 2731 3034 2778 aut
3079 2724 3239 2778 etiam
3287 2724 3718 2793 defendentium,
3754 2725 3810 2779 in

2202 2834 2223 2858 ιι
2257 2812 2345 2865 die
2373 2828 2496 2867 cum
2520 2811 2787 2879 judicabit
2816 2814 2964 2868 Deus
3010 2811 3218 2868 occulta
3266 2812 3565 2880 hominum,
3600 2828 3810 2868 secun-

2203 2921 2225 2951 α
2259 2901 2387 2954 dum
2418 2900 2769 2971 Evangelium
2799 2917 2999 2966 meum,
3032 2916 3131 2969 per
3171 2902 3375 2969 Jesum,
3418 2900 3717 2955 Christum.
3754 2902 3813 2957 Si

2202 3010 2225 3039 ι
2262 2996 2445 3043 autem
2475 2996 2530 3042 tu
2581 2989 2803 3043 Judaeus
2857 2988 3279 3061 cognominaris,
3312 2997 3367 3043 et
3422 2988 3723 3059 requiescis
3756 2990 3813 3043 in

2202 3100 2229 3128 α
2259 3076 2402 3148 lege,
2436 3085 2489 3131 et
2541 3077 2797 3148 gloriaris
2854 3077 2909 3131 in
2962 3078 3113 3142 Deo,
3176 3084 3229 3130 et
3276 3077 3417 3131 nosti
3474 3077 3811 3133 voluntatem

2209 3184 2228 3216 ι
2260 3165 2397 3231 ejus,
2432 3173 2484 3219 et
2524 3165 2729 3235 probas
2785 3164 3019 3230 utiliora,
3079 3166 3376 3219 instructus
3423 3181 3523 3235 per
3580 3165 3812 3245 legem;

2212 3275 2235 3305 ι
2268 3252 2496 3309 confidis
2526 3254 2757 3324 teipsum
2774 3270 2896 3308 esse
2915 3254 3106 3309 ducem
3133 3252 3585 3319 l4caacorum,
3619 3254 3817 3311 lumen

2208 3364 2231 3394 α
2265 3358 2449 3397 eorum
2488 3342 2572 3413 qui
2600 3342 2656 3396 in
2682 3342 2920 3396 tenebris
2951 3350 3093 3410 sunt,
3152 3343 3481 3398 eruditorem
3539 3343 3815 3413 insipien-

2206 3452 2228 3480 ι
2264 3430 2414 3497 tium,
2478 3432 2792 3502 magistrum
2849 3430 3167 3497 infantium;
3231 3431 3519 3486 habentem
3575 3430 3817 3487 formam

2205 3541 2227 3571 ι
2260 3520 2499 3575 scientiae
2526 3527 2578 3574 et
2606 3519 2846 3574 veritatis
2904 3521 2958 3574 in
3013 3520 3156 3593 lege.
3190 3519 3294 3588 Qui
3340 3535 3472 3590 ergo
3507 3518 3669 3573 alium
3702 3522 3819 3577 do-

2208 3630 2230 3659 «
2266 3626 2377 3675 ces,
2412 3609 2644 3679 teipsum
2674 3624 2781 3663 non
2812 3609 2977 3664 doces
3005 3629 3019 3675 ;
3064 3610 3153 3680 qui
3185 3608 3450 3679 praedicas
3476 3623 3587 3662 non
3616 3607 3819 3664 furan-

2207 3719 2229 3748 ι
2266 3698 2412 3761 dum,
2444 3697 2680 3762 furaris;
2714 3698 2804 3768 qui
2831 3697 2970 3753 dicis
3023 3713 3134 3752 non
3189 3696 3603 3765 mmchandum,
3664 3714 3817 3753 mte-

2207 3808 2228 3835 α
2264 3786 2441 3841 charis
2474 3805 2487 3851 ;
2524 3786 2614 3857 qui
2643 3785 2969 3840 abominaris
3025 3785 3189 3851 idola,
3249 3784 3594 3854 sacrilegium
3627 3783 3816 3853 facis;

2205 3897 2226 3921 ιι
2264 3874 2438 3946 quiin
2469 3874 2591 3946 lege
2620 3874 2891 3946 gloriaris,
2952 3891 3052 3945 per
3107 3872 3607 3944 praevaricationem
3665 3873 3823 3947 legis

2206 3981 2227 4014 ι
2264 3963 2436 4017 Deum
2466 3962 2779 4017 inhonoras.
2812 3963 3025 4017 Nomen
3082 3961 3226 4016 enim
3282 3960 3382 4015 Dei
3410 3976 3509 4031 per
3556 3976 3654 4015 vos
3684 3962 3823 4017 bla-

2205 4075 2226 4098 «
2263 4051 2577 4121 sphematur
2604 4050 2745 4105 inter
2764 4059 2975 4123 gentes,
3002 4050 3138 4105 sicut
3159 4049 3417 4119 scriptum
3436 4057 3536 4103 est.
3563 4050 3825 4106 Circum-

2204 4160 2226 4189 α
2264 4139 2398 4194 cisio
2427 4139 2648 4211 quidem
2675 4140 2916 4209 prodest,
2976 4138 3022 4192 si
3070 4138 3250 4209 legem
3298 4138 3595 4202 observes;
3630 4138 3677 4192 si
3710 4156 3823 4194 au-

2209 4249 2232 4279 ¢
2267 4236 2374 4283 tem
2406 4228 2792 4299 praevaricator
2822 4227 2959 4298 legis
2991 4227 3087 4296 sis,
3147 4226 3487 4282 circumcisio
3544 4233 3635 4280 tua
3664 4244 3827 4297 prie—

2202 4339 2223 4363 ιι
2264 4316 2474 4387 putium
2503 4315 2644 4371 facta
2700 4323 2800 4371 est.
2864 4315 2920 4369 Si
2976 4315 3140 4385 igitur
3193 4315 3515 4386 praaputium
3566 4314 3828 4383 justitias

2213 4427 2234 4451 α
2269 4404 2411 4476 legis
2442 4404 2727 4467 custodiat,
2761 4419 2943 4458 nonne
2972 4402 3294 4475 praeputium
3351 4402 3459 4457 illis
3490 4403 3544 4457 in
3577 4402 3832 4459 circum-

2203 4516 2225 4539 α
2263 4493 2525 4549 cisionem
2559 4492 2900 4563 reputabitur
2927 4492 2955 4545 ‘l
2983 4500 3035 4546 et
3058 4492 3316 4560 judicabit
3346 4491 3401 4545 id
3432 4492 3576 4563 quod
3606 4508 3673 4546 ex
3710 4510 3826 4547 na-

498 4571 2169 4661 faciunteaprzedicta,sedetiamquiconsentiuntfacien—D
2204 4602 2225 4632 α
2260 4589 2380 4637 tura
2407 4591 2490 4637 est
2519 4580 2864 4652 praeputium,
2923 4580 3103 4651 legem
3162 4595 3563 4643 consummans,
3599 4588 3674 4646 te,
3718 4582 3829 4653 qui

499 4671 667 4726 tibus.
689 4671 1028 4738 Consentire,
1064 4673 1363 4728 secundum
1392 4673 1754 4741 Ambrosium,
1788 4681 1872 4728 est
1901 4674 1946 4728 si
1976 4690 2094 4746 quae

498 4759 670 4830 possit
700 4761 1101 4830 reprehendere
1133 4768 1331 4826 taceat,
1364 4769 1457 4816 aut
1505 4762 1622 4817 hazc
1652 4762 1878 4816 audiens
1909 4762 2098 4817 adule-

498 4856 602 4903 tur.
638 4848 695 4904 Si
724 4864 858 4920 ergo
888 4847 1149 4904 facientes
1178 4850 1434 4920 praedicta
1474 4850 1633 4917 mala,
1670 4858 1723 4905 et
1753 4851 2097 4906 consentien-

496 4943 579 4990 tes
611 4936 709 5003 eis,
744 4936 1094 4992 damnatione
1124 4938 1273 5008 digni
1294 4948 1437 5005 sunt,
1462 4955 1622 4995 nemo
1643 4939 1924 5010 gentilium
1956 4954 2101 4994 mor-

502 5032 614 5079 tem
639 5025 782 5081 hanc
814 5024 1027 5080 evadet.

1171 5150 1395 5207 CAPUT
1444 5153 1512 5207 II.

574 5278 595 5301 ιι
634 5256 863 5326 Propter
906 5255 1052 5328 quod
1094 5257 1478 5313 inexcusabilis
1535 5274 1615 5323 es,
1648 5273 1682 5314 o
1728 5258 1892 5314 homo
1921 5257 2101 5313 omnis

503 5366 525 5396 ι
563 5343 655 5415 qui
680 5343 911 5412 judicas.
944 5345 1001 5398 In
1033 5360 1139 5416 quo
1170 5346 1314 5400 enim
1345 5346 1571 5401 alterum
1596 5346 1831 5415 judicas,
1865 5346 2119 5417 teipsum

506 5455 528 5480 ιι
567 5433 920 5488 condemnas.
954 5434 1162 5489 Eadem
1191 5434 1336 5489 enim
1364 5435 1484 5505 agis
1534 5450 1654 5505 quae
1704 5434 1935 5503 judicas.
1971 5435 2097 5491 Sci-

505 5542 526 5572 ι
562 5537 682 5575 mus
721 5521 865 5576 enim
911 5522 1165 5593 quoniam
1207 5522 1473 5592 judicium
1529 5522 1630 5578 Dei
1673 5530 1756 5577 est
1803 5523 2101 5578 secundum

506 5630 523 5662 ο
563 5609 845 5665 veritatem
874 5609 928 5665 in
958 5627 1054 5666 eos
1083 5611 1174 5683 qui
1203 5610 1333 5665 talia
1361 5618 1556 5682 agunt.
1594 5610 1889 5666 Existimas
1921 5620 2100 5668 autem

504 5720 525 5752 ι
561 5699 682 5767 hoc,
717 5716 750 5753 ο
778 5699 961 5766 homo,
998 5699 1089 5771 qui
1113 5698 1325 5769 judicas
1365 5714 1459 5754 eos
1498 5698 1590 5771 qui
1633 5699 1763 5754 talia
1806 5709 1991 5771 agunt,
2048 5709 2102 5756 et

2202 4694 2224 4720 α
2260 4687 2358 4742 per
2385 4671 2622 4725 litteram
2672 4676 2724 4723 et
2782 4669 3252 4725 circumcisionem
3304 4668 3699 4739 pravaricator
3762 4689 3831 4727 es

2202 4784 2222 4806 ο
2271 4759 2435 4830 legis.
2476 4760 2597 4813 Non
2631 4757 2773 4811 enim
2797 4758 2963 4828 quiin
2984 4757 3295 4826 manifesto,
3317 4758 3535 4811 Iudaeus
3566 4765 3686 4824 est;
3727 4776 3838 4816 ne-

2202 4869 2224 4898 ι
2261 4863 2366 4918 que
2397 4864 2519 4918 quae
2546 4846 2602 4900 in
2630 4845 2919 4900 manifesto
2949 4846 3003 4900 in
3059 4862 3227 4902 carne
3282 4854 3363 4900 est
3420 4845 3827 4916 circumcisio;

2203 4957 2225 4986 ι
2261 4935 2359 4991 sed
2388 4934 2562 5006 quiin
2591 4934 2929 5003 abscondito,
2960 4935 3180 4990 Judzeus
3227 4942 3328 4999 est,
3366 4942 3418 4989 et
3467 4933 3831 4993 circumcisio

2202 5047 2223 5071 α
2261 5023 2443 5078 cordis
2473 5022 2529 5077 in
2557 5022 2768 5093 spiritu,
2828 5038 2937 5077 non
2984 5023 3166 5078 littera
3190 5066 3202 5089 ,
3253 5023 3406 5092 cujus
3452 5022 3571 5077 laus
3600 5038 3722 5078 non
3758 5043 3836 5082 ex

2202 5135 2225 5160 α
2260 5112 2588 5180 hominibus,
2624 5110 2724 5166 sed
2752 5127 2819 5166 ex
2849 5112 2964 5167 Deo
2993 5119 3094 5167 est.
3138 5136 3158 5159 η

2872 5251 3168 5291 ΕΧΡΟΒῙΤΙΟ
3179 5278 3191 5289 .

2270 5343 2560 5415 Hucusque
2583 5342 2818 5415 gentiles
2846 5342 3146 5398 secundum
3175 5342 3417 5412 priorem
3449 5349 3643 5396 statum
3675 5347 3833 5402 satis

2200 5431 2595 5497 dehonestavit,
2638 5440 2857 5486 ostenso
2904 5431 3047 5502 quod
3095 5431 3164 5486 de
3209 5430 3515 5503 ignorantia
3556 5436 3839 5491 excusari

2198 5535 2306 5574 non
2337 5528 2563 5591 possunt
2595 5538 2608 5573 :
2640 5535 2763 5575 cum
2815 5519 3131 5574 naturaliter
3190 5519 3556 5589 cognitionem
3592 5518 3659 5573 de
3697 5523 3838 5580 Deo

2199 5608 2522 5674 habuerint,
2555 5624 2663 5679 qua
2690 5615 2917 5678 prOpter
2963 5615 3243 5679 peccatum
3293 5606 3485 5677 privati
3513 5614 3657 5661 sunt.
3701 5610 3840 5669 Hoc

2201 5704 2382 5752 autem
2413 5696 2482 5752 de
2513 5697 2644 5752 solis
2672 5696 2964 5769 gentilibus
3013 5695 3216 5751 dictum
3273 5694 3596 5750 transfundit
3637 5696 3743 5753 hic
3779 5702 3843 5757 in
