3970 6462
274 383 339 439 29

932 378 1314 438 EXPOSITIO
1354 380 1429 435 IN
1466 378 1845 438 EPISTOLAS
1885 376 2108 433 PAULI.
2154 408 2223 420 —
2261 379 2336 435 IN
2372 379 2593 437 EPIST.
2635 381 2731 436 AD
2770 379 2944 438 ROM.

3532 383 3601 435 30

280 513 573 580 utrosque,
605 507 663 563 id
684 514 768 564 est
794 506 851 562 in
873 506 1095 563 Judzeos
1122 513 1174 563 et
1195 505 1450 579 gentiles,
1473 506 1664 562 dicens
1684 513 1896 561 utrum-
1913 504 1969 564 Δ
1998 502 2129 558 dum
2157 519 2343 576 opera,
2377 505 2579 561 cadunt
2606 504 2662 561 in
2709 507 2814 563 hoc
2860 504 3081 574 malum,
3116 505 3264 579 quod
3295 503 3591 578 impunita-

284 612 391 667 que
422 596 699 668 populum
748 596 1193 652 inexcusabilem.
1229 594 1369 664 Quia
1399 594 1445 650 si
1500 595 1722 651 Iudaeus
1749 594 1895 650 dicat

284 700 342 739 se
371 683 548 741 fuisse
578 686 912 757 peculiarem
931 685 1194 757 populum
1226 684 1323 740 Dei
1353 684 1422 740 de
1462 700 1669 756 genere
1717 683 1893 738 Abra-

288 772 373 829 hae
402 782 620 842 natum,
680 775 862 848 legem
890 781 943 829 et
997 774 1296 845 prophetas
1350 773 1627 840 habuisse,
1660 788 1893 844 cumque

291 861 368 917 sic
400 863 520 918 Deo
551 863 787 920 dilectus
818 864 906 930 sit,
938 878 1049 918 non
1077 879 1200 919 esse
1220 863 1555 919 credendum
1579 862 1724 934 quod
1744 862 1894 917 Deus

292 951 436 1007 hunc
466 951 742 1022 permittat
767 952 951 1024 perire
1007 952 1146 1007 adeo
1204 951 1480 1022 dilectum,
1511 951 1639 1008 licet
1670 967 1893 1007 errave-

293 1039 381 1109 rit,
415 1040 865 1113 improperetque
895 1041 1087 1113 gentili
1116 1040 1264 1113 quod
1310 1040 1607 1097 salvatione
1636 1040 1893 1111 indignus

293 1129 382 1195 sit,
414 1130 569 1199 cujus
599 1147 702 1186 nec
732 1130 1029 1202 aliquando
1060 1132 1208 1186 Deus
1226 1146 1438 1186 memor
1468 1129 1657 1197 fuerit;
1693 1129 1740 1184 si
1760 1144 1892 1185 vero

293 1234 599 1275 econverso
630 1220 771 1276 dicat
802 1219 1022 1291 gentilis
1075 1219 1321 1276 Judaeum
1352 1219 1524 1275 salute
1582 1218 1887 1291 indignum,

295 1307 419 1379 quia
448 1324 574 1363 cum
602 1309 776 1364 Deum
807 1325 906 1380 per
935 1308 1115 1381 legem
1145 1309 1499 1380 cognoverit,
1518 1308 1660 1365 sicut
1716 1309 1893 1363 Deum

295 1394 607 1467 gloriﬁcare
664 1396 855 1459 noluit,
889 1414 1057 1469 seque
1109 1397 1235 1453 ideo
1292 1397 1695 1469 praeferendum
1739 1404 1895 1468 putet

290 1485 504 1554 Judaeo,
529 1485 673 1558 quia,
707 1493 765 1540 ut
792 1485 1030 1557 primum
1061 1486 1130 1541 de
1160 1487 1276 1542 Deo
1305 1486 1529 1557 audivit,
1562 1487 1743 1542 statim
1765 1501 1891 1543 cre-

288 1574 446 1642 didit,
480 1590 660 1647 neque
691 1591 845 1630 reum
867 1591 990 1632 esse
1021 1591 1212 1631 eorum
1242 1593 1365 1648 quae
1393 1592 1494 1648 per
1523 1575 1891 1650 ignorantiam

288 1662 540 1733 peccavit
590 1678 604 1717 :
658 1671 851 1719 contra
894 1671 1188 1737 utrumque
1231 1666 1347 1738 agit
1406 1666 1670 1736 Apstolus
1701 1665 1892 1721 dicens

285 1751 553 1824 gentilem
585 1751 655 1807 de
685 1751 995 1824 ignorantia
1029 1754 1476 1821 inexcusabilem,
1514 1754 1637 1827 quia
1667 1762 1890 1809 natura-

1994 599 2104 646 tem
2133 592 2236 647 sibi
2255 593 2585 664 pollicentur
2606 614 2619 661 ;
2643 601 2698 650 et
2726 595 2922 650 iterum
2950 612 3051 667 per
3080 594 3279 651 malum
3299 594 3590 667 impunita-

1994 680 2063 735 tis
2085 681 2187 735 sibi
2206 682 2508 753 promissae,
2531 691 2695 738 ruunt
2723 683 2778 738 in
2807 684 2976 753 aliud,
2997 684 3053 739 in
3069 684 3192 754 hoc,
3217 683 3425 741 scilicet
3440 683 3588 756 quod

1993 770 2290 826 abutuntur
2319 771 2556 827 bonitate
2587 780 2640 827 et
2667 773 2927 843 patientia
2954 772 3084 840 Dei,
3121 772 3267 846 quod
3321 772 3396 827 ibi
3422 787 3592 843 supra

1992 858 2085 928 ait,
2118 860 2242 931 quia
2271 868 2324 915 tu
2353 859 2584 930 effugies
2608 861 2875 931 judicium
2906 862 3026 929 Dei,
3050 862 3195 917 idem
3225 877 3395 933 supra
3415 860 3587 933 signi-

1993 946 2273 1016 ficaverat,
2314 948 2407 1004 ubi
2436 949 2531 1005 ait.
2563 951 2685 1007 Non
2732 951 3153 1007 intellexerunt
3185 952 3453 1023 quoniam
3490 952 3588 1024 qui

1994 1038 2137 1093 talia
2157 1042 2358 1111 agunt,
2382 1039 2539 1111 digni
2558 1043 2697 1096 sunt
2730 1044 2907 1096 morte
2937 1040 3115 1112 (Rom.
3147 1057 3186 1108 ι,
3220 1041 3332 1111 32);
3362 1040 3420 1095 in
3440 1047 3589 1096 utro-

1993 1143 2097 1198 que
2125 1141 2300 1200 agens
2328 1128 2397 1183 de
2426 1127 2765 1199 impunitate,
2790 1144 2952 1201 quem
2981 1129 3084 1184 sibi
3110 1129 3450 1202 promittunt.
3481 1128 3591 1185 Sed

1992 1214 2067 1269 ibi
2098 1223 2301 1270 tantum
2332 1216 2401 1272 de
2431 1217 2750 1290 gentilibus,
2774 1218 2863 1274 hic
2893 1234 3026 1274 vero
3055 1218 3124 1274 de
3154 1218 3395 1291 utrisque
3422 1217 3588 1273 intel-

1991 1303 2129 1377 ligit,
2151 1313 2203 1360 et
2218 1313 2339 1360 ante
2359 1307 2602 1377 putando
2620 1314 2671 1363 te
2683 1305 2929 1380 effugere
2934 1306 3198 1376 judicium
3211 1306 3331 1374 Dei,
3347 1316 3591 1363 contem-

1991 1392 2077 1447 nis
2097 1392 2311 1449 divitias
2322 1395 2437 1464 ejus
2458 1394 2717 1450 bonitatis
2735 1415 2748 1463 ;
2769 1396 2975 1452 dictum
2990 1412 3021 1450 a
3033 1396 3384 1452 similitudine
3404 1404 3593 1467 poten-

1990 1481 2093 1536 tis:
2125 1482 2281 1554 quisi
2302 1483 2609 1555 porrigeret
2630 1484 2816 1540 cibum
2838 1484 3023 1547 alicui,
3065 1485 3155 1540 ille
3183 1499 3316 1542 vero
3351 1484 3435 1541 cui
3465 1500 3593 1557 por-

1988 1570 2264 1644 rigeretur
2294 1571 2585 1643 indignans
2634 1589 2701 1629 eo
2756 1573 2833 1629 uti
2882 1574 3175 1645 projiceret
3249 1590 3393 1643 eum,
3427 1574 3589 1630 vide-

1990 1666 2143 1715 retur
2189 1660 2269 1717 sic
2324 1677 2589 1733 spernere
2647 1678 2753 1718 non
2806 1662 3007 1730 cibum,
3047 1663 3145 1719 sed
3186 1663 3429 1719 datorem
3457 1663 3587 1720 cibi.

1992 1748 2081 1804 Sic
2109 1748 2202 1804 ille
2232 1749 2326 1822 qui
2355 1750 2598 1806 abutitur
2627 1751 2868 1807 bonitate
2896 1752 3027 1818 Dei,
3059 1767 3171 1807 non
3198 1760 3356 1807 utens
3400 1768 3468 1808 ea
3520 1752 3590 1809 ad

283 1841 397 1895 lem
428 1839 615 1896 habuit
660 1841 1027 1914 cognitionem
1062 1859 1076 1898 :
1105 1842 1353 1899 Judmum
1411 1859 1545 1900 vero
1599 1843 1805 1899 frustra
1833 1842 1889 1899 in
1910 1866 1965 1927 Β
1992 1836 2409 1906 correctionem,
2460 1840 2530 1895 ad
2560 1855 2726 1912 quam
2757 1841 2906 1896 Deus
2935 1841 3046 1910 dat,
3070 1840 3159 1897 hic
3188 1857 3311 1897 reus
3341 1848 3423 1897 est
3476 1856 3589 1898 non

282 1929 415 2001 lege
443 1928 529 1985 vel
557 1946 761 2002 genere
791 1930 1041 2002 gloriari,
1082 1949 1209 1988 cum
1254 1948 1472 2004 semper
1500 1933 1738 1989 deterior
1765 1932 1888 1989 fue-
1990 1933 2198 1981 tantum
2217 1928 2642 1999 praeteritorum,
2666 1930 2768 1985 sed
2796 1929 2959 1985 etiam
2982 1937 3309 2001 contemptae
3328 1930 3590 2000 majesta-

281 2018 378 2083 rit,
414 2018 557 2073 unde
588 2018 867 2074 meliorari
907 2020 1184 2087 debuerit,
1245 2022 1654 2093 praevaricando
1683 2022 1885 2094 legem,

284 2107 399 2162 fide
428 2107 820 2179 degenerando
849 2109 918 2162 ab
946 2109 1241 2179 Abraham,
1274 2118 1327 2166 et
1349 2110 1566 2166 similia.
1602 2109 1770 2180 Quasi
1799 2111 1888 2166 di-

284 2203 442 2253 ceret
473 2213 487 2250 :
519 2198 760 2269 Propter
786 2198 946 2270 quod,
986 2198 1040 2253 id
1071 2206 1155 2255 est
1184 2199 1313 2271 quia
1342 2199 1436 2271 qui
1493 2199 1692 2256 faciunt
1721 2208 1773 2256 et
1795 2200 1889 2273 qui

280 2283 656 2351 consentiunt,
691 2285 841 2358 digni
871 2294 995 2341 sunt
1025 2295 1201 2343 morte
1235 2305 1249 2342 :
1281 2287 1407 2343 ideo
1436 2296 1514 2358 tu,
1547 2288 1707 2345 homo
1742 2303 1886 2344 una-

277 2373 510 2428 nimiter
538 2372 730 2429 vivens
760 2382 813 2429 et
837 2374 1169 2447 intelligens,
1201 2377 1381 2432 omnis
1409 2377 1631 2433 Iudaeus
1663 2386 1715 2434 et
1743 2394 1887 2451 gen-

277 2461 418 2530 tilis,
452 2462 861 2519 inexcusabilis
889 2480 966 2532 es,
1000 2473 1077 2534 tu,
1105 2465 1251 2532 dico,
1286 2467 1382 2539 qui
1401 2468 1650 2538 judicas,
1708 2467 1767 2523 id
1803 2474 1888 2523 est

276 2552 519 2607 damnas
550 2551 736 2608 alium.
768 2552 824 2609 Si
851 2553 996 2608 enim
1028 2562 1103 2623 tu,
1148 2554 1356 2620 Judaee,
1389 2556 1527 2611 dicis
1584 2563 1636 2612 te
1681 2556 1885 2628 praefe-

278 2640 521 2696 rendum
541 2640 751 2713 gentili,
785 2642 908 2713 quia
937 2642 1170 2699 dilectus
1201 2644 1318 2700 Deo
1346 2643 1535 2712 fueris,
1561 2662 1725 2717 quem
1747 2646 1885 2703 dicis

277 2745 393 2786 nec
420 2729 714 2802 aliquando
759 2747 1056 2787 memorem
1086 2732 1253 2788 fuisse
1281 2733 1536 2804 gentilis;
1568 2734 1655 2790 vel
1703 2734 1749 2790 si
1805 2742 1881 2802 tu,

279 2818 533 2892 gentilis,
565 2817 827 2889 praeferas
857 2827 909 2876 te
940 2830 1256 2877 excusatum
1279 2822 1763 2894 perignorantiam
1791 2825 1888 2879 Ju-

278 2908 431 2974 dzeo,
466 2908 555 2981 qui
585 2909 759 2963 Deum
790 2925 890 2980 per
918 2909 1102 2982 legem
1132 2910 1236 2966 sibi
1278 2912 1552 2984 cognitum
1583 2912 1884 2969 inhonora-

278 2997 372 3052 vit
400 3004 629 3069 uterque
661 2996 1049 3053 inexcusabilis
1078 3016 1138 3055 es
1172 3016 1185 3054 :
1223 3007 1276 3055 et
1304 3000 1543 3072 gentilis,
1576 3001 1701 3073 quia
1728 3009 1884 3057 natu-

282 3085 467 3141 ralem
496 3085 866 3157 cognitionem
913 3087 1136 3157 habuit;
1168 3098 1221 3145 et
1249 3090 1490 3157 Iudaeus,
1525 3106 1688 3162 quem
1716 3091 1802 3146 lex
1832 3099 1886 3147 et

270 3175 550 3231 naturalis
579 3174 886 3232 intellectus
929 3176 999 3233 de
1044 3179 1160 3234 Deo
1216 3178 1419 3235 docuit.
1481 3180 1624 3235 Vere
1651 3187 1882 3253 uterque

270 3263 673 3320 inexcusabilis
703 3280 783 3334 es,
819 3268 953 3339 quia
978 3268 1043 3321 in
1071 3283 1134 3322 eo
1164 3268 1506 3324 condemnas
1528 3271 1793 3341 teipsum,
1820 3272 1882 3325 in

268 3370 387 3427 quo
421 3358 484 3410 tu
501 3354 729 3425 judicas
760 3355 1026 3421 alterum,
1058 3355 1174 3411 sive
1201 3356 1419 3412 Judaeus
1448 3356 1729 3430 gentilem,
1766 3358 1883 3415 sive

271 3443 507 3516 gentilis
527 3443 797 3500 Judzeum.
830 3444 887 3499 Si
918 3444 1063 3500 enim
1093 3445 1181 3500 lex
1208 3445 1334 3501 data
1362 3446 1585 3502 damnat
1612 3447 1877 3516 Judaeum,

275 3532 411 3605 quia
443 3548 553 3587 non
612 3533 916 3589 custodivit
971 3549 1089 3589 eam
1124 3550 1137 3589 :
1169 3534 1254 3590 lex
1312 3536 1581 3591 naturalis
1636 3536 1885 3592 similiter

275 3638 396 3676 non
416 3621 690 3677 custodita
716 3623 941 3678 damnat
968 3623 1251 3695 gentilem.
1285 3624 1428 3680 Vere
1475 3625 1710 3696 teipsum
1740 3641 1880 3682 con-

277 3711 529 3766 demnas.
574 3712 717 3767 Nam
746 3719 801 3766 tu
845 3713 967 3785 agis
1006 3713 1203 3769 eadem
1231 3730 1353 3786 qut:
1370 3715 1622 3785 judicas,
1674 3714 1730 3770 id
1797 3724 1881 3771 est

276 3800 515 3855 damnas
545 3799 600 3854 in
639 3799 768 3856 alio.
802 3800 857 3855 Si
888 3800 1034 3857 enim
1087 3809 1162 3871 tu,
1211 3802 1451 3867 Iudaeus,
1474 3819 1577 3874 pro
1606 3804 1881 3875 praedictis

276 3888 546 3960 gentilem
560 3896 721 3961 putas
762 3888 1264 3958 damnandum,tibi
1304 3907 1432 3948 vero
1446 3892 1642 3949 eadem
1672 3894 1880 3951 scelera

188 4042 213 4056 ,
277 3978 492 4049 agenti,
553 3994 656 4050 pro
686 3978 811 4052 lege
828 3987 877 4035 et
903 3996 1107 4053 genere
1159 3989 1315 4053 putas
1348 3997 1473 4038 esse
1505 3984 1838 4054 parcendum
1860 4025 1874 4054 ,

278 4067 487 4123 frustra
506 4066 769 4139 opinaris.
806 4068 1152 4136 Econtrario,
1174 4070 1221 4125 si
1255 4078 1332 4139 tu,
1375 4071 1616 4142 gentilis,
1649 4073 1879 4129 damnas

273 4157 550 4223 Judaeum,
574 4157 703 4229 quia
730 4156 911 4229 legem
944 4157 1132 4213 habuit
1167 4166 1220 4214 et
1254 4175 1364 4215 non
1404 4161 1695 4218 custodivit
1734 4178 1874 4231 eam,

276 4246 336 4301 in
368 4260 437 4301 eo
457 4245 684 4301 damnas
696 4245 929 4317 teipsum
950 4247 1424 4319 praevaricatorem
1472 4250 1742 4305 naturalis
1790 4250 1877 4306 le-

278 4336 389 4406 gis.
418 4336 557 4390 Vere
578 4336 641 4390 in
667 4352 772 4408 quo
783 4337 1011 4408 judicas
1031 4338 1300 4408 alterum,
1322 4339 1563 4394 damnas
1608 4341 1873 4412 teipsum.

274 4425 414 4479 Nam
444 4439 565 4490 nos,
632 4425 725 4496 qui
777 4426 1115 4482 auctoritatis
1170 4442 1389 4498 magna:
1456 4443 1645 4484 sumus
1680 4470 1694 4495 ,
1748 4429 1872 4499 hoc,

277 4514 550 4585 quoniam
577 4517 781 4569 contra
813 4530 902 4570 eos
931 4517 1027 4588 qui
1057 4520 1236 4587 agunt
1270 4516 1415 4572 talia
1446 4516 1588 4573 sicut
1619 4517 1876 4588 praedicta

1905 3230 1954 3292 0

1988 2014 2076 2070 tis.
2108 2017 2350 2073 Divitias
2381 2017 2651 2075 bonitatis
2681 2018 2806 2074 ideo
2837 2018 2985 2085 dicit,
3020 2019 3147 2092 quia
3191 2020 3337 2075 Deus
3362 2027 3416 2075 et
3445 2027 3588 2075 tem-

1987 2104 2200 2175 poralia
2226 2106 2445 2162 abunde
2481 2107 2576 2163 dat
2612 2108 2792 2174 malis,
2826 2108 3023 2180 quibus
3050 2124 3152 2165 nec
3181 2108 3334 2180 digni
3380 2117 3586 2178 essent,

1991 2202 2066 2260 ut,
2102 2194 2519 2252 considerantes
2558 2196 2949 2271 benignitatem
2996 2198 3115 2265 Dei,
3149 2205 3493 2255 revertantur
3520 2198 3589 2255 ad

1988 2299 2132 2338 eum.
2169 2284 2271 2339 Dat
2310 2284 2474 2341 etiam
2514 2286 2815 2358 magistros
2863 2287 2956 2360 qui
3004 2287 3259 2355 doceant,
3291 2294 3346 2343 et
3383 2287 3587 2344 intelli-

1987 2372 2227 2444 gentiam
2257 2389 2366 2447 qua
2395 2374 2466 2430 ad
2504 2374 2679 2432 Deum
2723 2376 2923 2431 reverti
2970 2375 3177 2432 bonum
3220 2392 3344 2432 esse
3387 2376 3583 2445 sciant,

1987 2469 2039 2517 et
2068 2462 2237 2517 multa
2265 2462 2391 2518 alia.
2430 2466 2517 2519 An
2552 2463 2770 2520 divitias
2796 2464 3055 2521 bonitatis
3092 2466 3211 2536 ejus
3242 2466 3584 2533 contemnis,

1987 2558 2039 2605 et
2058 2550 2271 2607 divitias
2284 2554 2588 2625 patientia:
2607 2555 2749 2625 ejus,
2766 2554 2890 2625 quia
2906 2569 3015 2609 non
3034 2555 3090 2609 in
3110 2570 3219 2610 uno
3240 2555 3337 2610 sed
3358 2554 3413 2610 in
3432 2554 3585 2611 mille

1990 2640 2230 2709 peccatis
2270 2648 2322 2696 te
2352 2642 2586 2713 patitur;
2627 2650 2680 2697 et
2709 2641 2927 2697 divitias
2974 2642 3422 2714 longanimitatis,
3455 2644 3584 2716 quia

1986 2744 2087 2799 per
2122 2729 2290 2784 multa
2337 2738 2578 2802 tempora
2622 2731 3018 2788 correctionem
3063 2732 3140 2787 tui
3169 2732 3416 2801 sustinet,
3448 2748 3583 2789 ron-

1985 2818 2201 2886 temnis,
2235 2818 2477 2890 inquam,
2508 2821 2783 2892 ignorans
2815 2823 3085 2894 quoniam
3131 2822 3448 2894 benignitas
3483 2823 3585 2879 Dei

1984 2923 2086 2977 per
2116 2906 2433 2979 bonitatem,
2452 2909 2766 2979 patientiam
2796 2918 2851 2965 et
2895 2910 3384 2981 longanimitatem,
3416 2926 3586 2983 quan-

1986 3003 2099 3051 tum
2129 2996 2184 3052 in
2215 3013 2275 3053 se
2306 3006 2407 3064 est,
2440 2999 2673 3055 adducit
2710 3003 2763 3055 te
2791 2999 2864 3055 ad
2897 3001 3299 3071 paenitentiam
3325 3005 3349 3056 ἲ
3376 3000 3582 3072 Benig-

1985 3085 2125 3140 nitas
2155 3085 2274 3153 Dei,
2308 3094 2571 3159 quantum
2610 3087 2665 3143 in
2687 3104 2747 3143 se
2777 3096 2876 3155 est,
2936 3097 3097 3145 vocat
3125 3096 3178 3145 te
3208 3088 3279 3144 ad
3304 3089 3582 3162 pmniten-

1985 3174 2114 3229 tiam
2140 3193 2154 3241 ;
2185 3176 2282 3231 sed
2300 3177 2614 3233 secundum
2655 3177 2929 3233 duritiam
2962 3181 3144 3245 tuam,
3176 3177 3231 3233 id
3265 3186 3348 3234 est
3379 3193 3583 3235 secun-

1982 3262 2115 3319 dum
2134 3272 2289 3321 actus
2309 3273 2430 3321 tuos
2461 3266 2764 3322 obstinatos
2803 3267 2857 3321 in
2896 3267 3063 3334 malo,
3088 3276 3140 3323 et
3166 3267 3467 3324 secundum
3487 3284 3584 3325 cor

1981 3362 2134 3408 tuum
2156 3354 2521 3427 imptenitens
2532 3376 2552 3422 ;
2574 3355 2701 3426 quia
2719 3372 2820 3412 nec
2840 3371 2871 3410 a
2890 3356 3037 3411 malo
3049 3371 3213 3429 opere
3230 3356 3461 3426 recedis,
3477 3371 3583 3413 nec

1983 3450 2035 3497 te
2065 3441 2207 3498 male
2237 3443 2454 3514 operari
2484 3443 2766 3518 intelligis.
2792 3445 2929 3501 Sunt
2950 3445 3094 3501 enim
3125 3445 3343 3518 quidam
3372 3445 3429 3500 in
3457 3461 3582 3501 ma-

1980 3531 2049 3585 lis
2077 3532 2333 3603 operibus
2354 3532 2632 3600 obstinati,
2661 3533 2753 3606 qui
2802 3542 2983 3590 tamen
3012 3551 3071 3591 se
3098 3535 3241 3591 male
3261 3549 3430 3609 agere
3448 3551 3578 3592 cre-

1980 3619 2132 3674 dunt.
2156 3621 2255 3689 Tu,
2287 3621 2532 3694 inquam,
2578 3623 2880 3679 secundum
2908 3639 3004 3681 cor
3048 3623 3415 3695 impoenitens,
3449 3623 3579 3680 the-

1978 3710 2238 3767 saurizas
2271 3710 2374 3766 tibi
2415 3713 2584 3779 iram,
2631 3711 2687 3767 id
2726 3720 2809 3768 est
2845 3728 3155 3786 congregas
3181 3713 3279 3768 tibi
3301 3713 3582 3785 propriam

1979 3798 2388 3855 damnationem
2425 3799 2661 3856 futuram
2698 3804 2763 3858 in
2800 3802 2889 3859 die
2920 3804 3042 3869 iraa,
3075 3802 3132 3858 id
3160 3810 3244 3858 est
3271 3802 3582 3859 communis

1979 3888 2358 3944 damnationis
2383 3888 2698 3961 impiorum.
2722 3890 2822 3947 Die
2852 3891 2998 3946 enim
3044 3892 3409 3949 reuelationis
3429 3894 3584 3965 justi

1969 3977 2180 4048 judicii
2208 3978 2349 4047 Dei;
2370 3978 2497 4051 quia
2516 3978 2571 4034 in
2598 3979 2689 4036 die
2716 3979 2811 4035 illo
2838 3981 3087 4036 Christus
3109 3996 3233 4037 esse
3255 3980 3424 4051 judex
3452 3996 3579 4038 om-

1977 4065 2127 4120 nium
2163 4066 2419 4123 credetur
2446 4067 2515 4123 ab
2542 4068 2743 4140 impiis,
2768 4069 2859 4142 qui
2916 4086 3134 4142 semper
3179 4071 3285 4127 hoc
3334 4086 3578 4142 negave-

1978 4162 2125 4209 runt.
2157 4156 2309 4213 Tunc
2338 4157 2485 4212 enim
2507 4157 2712 4214 videbit
2742 4175 2869 4214 eum
2892 4159 3072 4215 omnis
3100 4174 3230 4216 caro
3264 4175 3277 4215 :
3309 4161 3406 4234 qui
3426 4160 3576 4217 Deus

1976 4243 2174 4299 reddet
2206 4248 2345 4301 tunc
2376 4247 2702 4320 unicuique,
2736 4255 2789 4304 et
2815 4248 3005 4305 ,ιυάωο
3050 4256 3102 4304 et
3132 4248 3342 4323 gentili,
3373 4265 3577 4306 secun-

1975 4332 2111 4389 dum
2143 4348 2313 4405 opera
2342 4338 2488 4407 ejus,
2506 4351 2616 4392 non
2644 4352 2875 4408 parcens
2900 4337 3088 4411 gentili
3117 4354 3219 4410 pro
3246 4338 3574 4412 ignorantia,

1974 4436 2079 4477 nec
2099 4422 2317 4478 salvans
2351 4424 2599 4481 Judmum
2621 4442 2724 4497 pro
2756 4426 2901 4499 lege,
2934 4426 3022 4482 vel
3069 4443 3276 4500 genere
3317 4427 3573 4484 Abraham

1975 4509 2135 4579 Quod
2164 4511 2298 4567 dixit
2326 4512 2382 4568 in
2424 4522 2559 4581 toto,
2592 4531 2694 4587 per
2742 4524 2929 4587 partes
2959 4517 3296 4588 exsequitur,
3342 4515 3571 4572 dicens:

278 4610 425 4668 sunt,
482 4607 568 4658 est
616 4603 902 4675 judicium
945 4606 1067 4674 Dei,
1125 4620 1234 4660 non
1277 4605 1579 4661 secundum
1609 4595 1946 4679 iguoran-D
1981 4600 2288 4673 Unicuique
2316 4602 2509 4659 reddet
2523 4604 2841 4661 secundum
2868 4620 3059 4677 opera.
3084 4606 3180 4660 His
3214 4604 3438 4678 quidem
3478 4608 3578 4679 qui

278 4691 407 4745 tiam
454 4706 618 4762 quam
686 4698 741 4744 tu
769 4734 786 4757 ,
820 4691 1041 4763 gentilis
1074 4733 1089 4761 ,
1122 4691 1319 4748 frustra
1373 4695 1667 4765 praetendis
1725 4712 1738 4749 :
1773 4710 1875 4751 nec

275 4779 578 4836 secundum
610 4796 788 4851 genus
816 4780 1070 4851 Abrahae,
1095 4781 1151 4836 in
1182 4797 1288 4854 quo
1319 4790 1393 4847 tu,
1438 4782 1645 4852 Iudaee,
1705 4783 1877 4856 glori-

279 4868 548 4936 aris,sed
594 4868 908 4925 secundum
961 4885 1155 4941 puram
1204 4872 1529 4938 veritatem,
1563 4871 1617 4925 id
1673 4880 1758 4928 est
1786 4889 1876 4929 se-

277 4958 510 5015 cundum
540 4965 698 5014 actus
729 4957 1088 5031 singulorum,
1129 4959 1305 5015 Judaei
1355 4968 1407 5015 et
1435 4960 1673 5032 gentilis,
1717 4959 1867 5017 15

274 5065 365 5104 nos
395 5051 657 5115 scimus;
691 5054 750 5100 tu
792 5055 973 5103 autem
1006 5048 1311 5115 existimas,
1344 5047 1400 5103 id
1453 5057 1535 5103 est
1569 5049 1710 5105 falso
1758 5050 1875 5122 Opi-

269 5140 410 5196 naris
457 5138 588 5206 hoc,
626 5152 663 5190 ο
693 5136 878 5203 homo,
913 5153 1011 5191 seu
1065 5137 1290 5192 Iudaeus
1315 5180 1331 5204 ,
1365 5153 1461 5193 seu
1507 5138 1749 5209 gentilis,
1781 5138 1876 5211 qui

259 5230 467 5303 judicas
499 5243 607 5283 eos
645 5224 737 5296 qui
766 5224 896 5279 talia
939 5234 1246 5298 aguntque
1268 5227 1534 5298 praedicta
1562 5236 1707 5297 sunt,
1731 5235 1785 5285 et
1812 5244 1876 5284 ea

261 5330 307 5378 tu
334 5322 459 5395 ipse
480 5316 648 5373 facis.
684 5314 818 5379 Hoc,
840 5315 1082 5386 inquam,
1114 5316 1437 5384 existimas,
1469 5319 1603 5389 quia
1636 5321 1703 5373 tu
1730 5317 1870 5389 effu-

251 5418 363 5489 gies
382 5408 697 5485 judicium
730 5404 845 5469 Dei,
881 5404 934 5460 id
983 5413 1066 5460 est
1095 5404 1240 5460 unde
1294 5404 1459 5460 alium
1505 5406 1870 5462 damnandum

242 5505 484 5578 judicas,
512 5514 587 5553 ex
623 5492 826 5549 eodem
846 5501 899 5548 te
928 5494 1253 5565 impunitum
1274 5494 1509 5551 evadere
1530 5495 1732 5551 credis.
1751 5496 1869 5551 Pri-

240 5611 385 5654 mum
418 5588 563 5665 quia
588 5589 791 5655 putant
810 5580 927 5637 fieri
939 5583 1209 5652 judicium
1230 5583 1330 5639 Dei
1348 5584 1647 5639 secundum
1670 5584 1868 5655 Digni-

240 5697 395 5745 tatem
432 5679 530 5736 vel
590 5671 982 5742 indignitatem
1028 5680 1478 5745 personarum,et
1507 5688 1614 5731 non
1663 5689 1867 5730 secun-

1978 4696 2101 4744 sunt
2130 4689 2259 4745 boni
2287 4692 2492 4763 aperis,
2516 4692 2571 4749 id
2598 4701 2678 4748 est
2702 4693 2794 4766 qui
2828 4693 2970 4749 bene
2992 4694 3205 4765 operati
3222 4702 3574 4752 suntsecun-

1977 4776 2112 4835 dum
2136 4783 2503 4851 patientiam,
2524 4782 2580 4839 id
2600 4791 2682 4840 est
2701 4799 2810 4839 non
2839 4784 3124 4840 abutentes
3153 4784 3410 4856 patientia
3446 4785 3570 4854 Dei,

1974 4875 2073 4931 sed
2089 4874 2433 4948 corrigentes
2450 4888 2511 4929 se
2523 4887 2647 4929 cum
2660 4872 3058 4929 sustinerentur
3070 4890 3101 4929 a
3112 4874 3248 4930 Deo.
3264 4873 3365 4930 Vel
3376 4889 3575 4932 secun-

1973 4965 2102 5019 dum
2129 4962 2460 5035 patientiam,
2485 4962 2609 5034 quia
2629 4962 3012 5034 mquanimiter
3034 4962 3401 5020 toleraverunt
3421 4980 3573 5036 qum-

1973 5068 2189 5125 cunque
2210 5053 2444 5109 adversa
2470 5067 2573 5123 pro
2592 5052 2730 5107 Deo.
2766 5052 2861 5107 His
2875 5052 3060 5125 utique
3084 5052 3278 5109 reddet
3304 5054 3570 5124 gloriam,

1971 5142 2027 5197 id
2055 5150 2135 5197 est
2165 5141 2463 5198 claritatem
2496 5140 2744 5213 corporis
2772 5148 2825 5198 et
2871 5140 3323 5198 illuminationem
3350 5141 3566 5198 animae.

1970 5232 2041 5286 Et
2054 5232 2248 5287 reddet
2270 5230 2559 5297 honorem,
2575 5229 2700 5302 quia
2713 5229 2768 5285 in
2789 5231 3078 5302 prasentia
3094 5231 3294 5287 Christi
3310 5230 3452 5288 inter
3463 5232 3569 5289 ho-

1970 5320 2246 5375 norabiles
2269 5318 2571 5392 ;quiacum
2615 5319 2829 5390 angelis
2843 5320 2944 5375 Dei
2967 5320 3157 5377 reddet
3182 5320 3343 5375 etiam
3374 5322 3568 5378 incor-

1971 5410 2317 5482 ruptionem,
2341 5408 2396 5462 id
2430 5415 2512 5464 est
2560 5416 2973 5479 permanentem
3012 5416 3208 5464 statum
3230 5408 3287 5463 in
3313 5408 3485 5481 gloria
3514 5418 3571 5467 et

1970 5498 2195 5565 honore,
2218 5514 2338 5569 quae
2353 5513 2452 5567 per
2466 5498 2661 5552 horam
2677 5496 2878 5553 habere
2892 5506 3117 5569 possent
3134 5505 3184 5552 et
3198 5497 3448 5568 perdere.
3473 5498 3570 5554 His

1967 5604 2090 5643 cum
2112 5589 2211 5643 hac
2221 5586 2676 5642 determinatione
2691 5586 2816 5642 dico
2827 5588 3205 5660 quaerentibus
3223 5587 3398 5643 vitam
3414 5592 3573 5644 aeter-

1968 5676 2186 5745 nam,id
2205 5676 2348 5733 estsi
2369 5677 2510 5733 bene
2531 5683 2822 5751 operentur
2833 5691 3019 5733 amore
3042 5675 3166 5733 vitae
3187 5683 3433 5745 interna;
3458 5692 3567 5734 non
