3970 6480
450 395 510 446 3i
995 397 1051 451 S.
1094 395 1444 452 BRUNONIS
1482 396 2128 453 CARTIIUSIANORUM
2170 396 2657 453 INSTITUTORIS
2697 396 2848 451 OPP.
2894 398 3067 452 PARS
3107 398 3172 451 Il.
3656 399 3721 451 32

450 524 757 587 quaerentes
777 517 903 575 inde
925 519 1242 591 temporalia
1263 519 1418 576 luera
1439 520 1524 576 vel
1550 521 1783 593 gloriam
1813 519 2029 584 mundi;
2053 521 2107 581 Α
2136 519 2352 585 dierint,
2385 520 2497 576 sive
2527 536 2648 576 eam
2678 521 3017 576 solummodo
3046 518 3254 591 operati
3272 519 3377 573 sint
3401 537 3416 585 ;
3447 518 3523 572 illi
3542 519 3723 589 justi-

454 604 539 659 his
555 606 646 677 qui
665 615 789 661 sunt
801 608 928 663 boni
943 609 1141 679 Operis,
1158 609 1237 665 sic
1254 610 1465 675 reddet;
1484 610 1568 665 his
1586 615 1779 665 autem
1797 611 1891 683 qui
1901 613 2040 664 sunt

453 708 529 747 ea:
558 697 942 763 contentione,
969 697 1022 751 id
1053 705 1135 752 est
1165 697 1257 768 qui
1288 714 1346 752 se
1367 699 1704 753 contentiose
1735 698 2037 753 alternatim

452 781 762 853 praeferunt,
797 784 900 840 hoc
929 785 1117 839 vitium
1146 786 1377 841 maxime
1407 787 1674 857 reposcit;
1696 786 1822 858 quia
1851 786 1904 840 in
1934 787 2038 841 hoc

450 868 790 938 laborabant,
825 880 878 928 et
905 874 975 928 ab
1005 875 1107 929 hoc
1136 890 1232 928 eos
1269 875 1550 930 deterrere
1580 875 1781 929 nititur.
1816 875 1930 939 llis,
1956 875 2039 928 in-

452 974 633 1029 quam,
650 960 741 1031 qui
754 963 1084 1017 contendunt
1096 964 1259 1036 etqui
1268 980 1383 1018 non
1398 966 1763 1036 acquiescant
1788 963 2035 1028 veritati,

451 1048 669 1117 quando
699 1050 899 1104 bonum
928 1051 1180 1106 suadetur
1201 1052 1307 1118 eis;
1328 1059 1385 1106 ut
1398 1053 1626 1107 Romani
1658 1053 1747 1124 qui
1780 1052 2038 1107 nolebant

450 1136 805 1206 acquiescere
817 1138 1097 1210 discipulis
1118 1140 1287 1206 Pauli,
1302 1142 1395 1196 sed
1407 1140 1704 1197 credebant
1722 1141 2033 1213 iniquitati,

453 1224 808 1293 praeferentes
831 1244 889 1282 se
919 1228 1058 1283 alter
1085 1230 1259 1294 alteri;
1284 1230 1367 1283 his
1393 1230 1578 1301 utique
1606 1230 1705 1284 erit
1731 1232 1821 1284 ira
1845 1274 1859 1296 ,
1890 1229 1941 1283 id
1958 1237 2038 1284 est

452 1320 659 1368 aeterna
688 1316 983 1383 damnatio,
1019 1326 1070 1372 et
1100 1318 1222 1371 talis
1252 1318 1334 1373 ira
1350 1335 1471 1390 quae
1493 1318 1557 1371 sit
1582 1318 1921 1389 indignatio.
1940 1319 2039 1371 Im-

453 1401 528 1471 pii
570 1402 713 1457 enim
758 1403 811 1458 in
862 1404 1044 1475 ignem
1099 1406 1261 1476 positi
1316 1407 1561 1479 graviter
1617 1407 2039 1479 indignabuntur

455 1489 559 1543 sibi
587 1490 741 1561 ipsis,
775 1494 917 1563 quod
946 1494 1088 1549 male
1118 1494 1350 1567 egerint,
1385 1503 1436 1550 et
1481 1495 1693 1549 interim
1723 1495 1852 1549 dum
1904 1494 2035 1548 illud

448 1577 712 1645 judicium
729 1582 1046 1648 morabitur,
1061 1584 1123 1638 in
1136 1600 1356 1638 omnem
1379 1587 1632 1639 animam
1655 1583 1895 1638 hominis
1913 1599 2038 1654 ope-

456 1668 644 1722 rantis
702 1668 853 1725 16
893 1672 1130 1727 malum.
1170 1671 1351 1727 Judaei
1389 1671 1512 1727 dico
1555 1674 1827 1744 primum,
1859 1672 1911 1725 id
1957 1680 2038 1725 est

453 1756 686 1811 maxime
715 1759 989 1828 operantis
1011 1760 1246 1827 malum;
1280 1761 1406 1832 quia
1436 1769 1489 1815 et
1519 1761 1794 1826 naturalis,
1827 1768 1879 1815 et
1899 1761 2039 1815 datae

454 1843 594 1933 legis
615 1861 739 1899 reus
759 1855 860 1912 est,
881 1852 937 1902 et
958 1849 1152 1914 erci,
1168 1849 1219 1903 id
1243 1857 1325 1904 est
1346 1846 1584 1921 gentilis‘,
1599 1850 1689 1921 qui
1720 1849 1789 1904 de
1807 1849 2037 1903 naturali
2058 1874 2110 1933 Β

450 1930 574 2002 lege
604 1933 780 1988 solum
825 1936 1089 2007 arguitur,
1146 1937 1200 1990 in
1240 1938 1476 1992 animam
1508 1938 1786 2008 operantis
1815 1938 2035 1993 malum.

449 2019 622 2075 Judaei
670 2020 1040 2078 indifferenter
1087 2032 1139 2078 et
1170 2024 1345 2080 Graeci
1384 2026 1486 2080 erit
1535 2026 1845 2091 tribulatio,
1879 2025 1934 2079 id
1958 2032 2039 2078 est

454 2107 727 2165 damnatio
756 2116 815 2167 et
840 2114 1121 2183 angustia.
1157 2115 1270 2169 Hoc
1301 2121 1383 2169 est
1411 2114 1544 2168 illud
1572 2114 1716 2185 quod
1750 2114 1879 2167 dixit
1909 2113 2039 2167 indi-

453 2197 661 2267 gnatio,
698 2198 826 2270 quia
850 2200 1175 2256 determinat
1204 2203 1273 2257 de
1302 2202 1449 2258 malo
1479 2203 1626 2273 quod
1656 2201 1897 2269 fieret,et
1919 2210 2040 2272 post

442 2283 703 2352 judicium
726 2295 780 2341 et
812 2296 955 2343 ante.
990 2290 1069 2344 De
1118 2290 1262 2345 bono
1302 2306 1432 2345 vero
1463 2306 1569 2345 non
1592 2298 1732 2358 ante,
1778 2291 1874 2344 sed
1918 2298 2039 2361 post

444 2373 707 2441 judicium
737 2376 885 2441 dicit,
919 2377 1049 2448 quid
1088 2377 1164 2431 illi
1193 2378 1424 2433 futurum
1448 2379 1517 2434 sit
1545 2379 1759 2435 interim
1789 2379 1916 2433 dum
1939 2394 2037 2433 ve-

448 2460 627 2517 niatur
655 2463 724 2518 ad
748 2464 1030 2533 judicium.
1078 2465 1340 2537 Operanti
1383 2468 1588 2522 malum
1614 2469 1713 2523 erit
1744 2467 2034 2521 tribulatio.

450 2548 613 2605 Omni
642 2567 773 2607 vero
802 2554 1045 2623 operanti
1076 2554 1278 2609 bonum
1313 2570 1326 2609 :
1355 2558 1542 2612 Iudaeo
1582 2556 1879 2611 secundum
1912 2564 2037 2610 tem-

449 2653 554 2709 pus
575 2641 825 2710 primum
858 2642 997 2697 bene
1046 2644 1291 2713 Operanti
1319 2663 1332 2709 ;
1364 2644 1418 2697 in
1445 2645 1633 2699 Judaea
1665 2644 1807 2698 enim
1838 2643 2038 2713 princi-

446 2726 595 2796 pium
625 2728 813 2783 habuit
843 2731 1084 2786 Ecclesia
1120 2732 1311 2786 Christi
1336 2751 1349 2799 ;
1379 2737 1435 2788 et
1463 2734 1666 2801 Graeco,
1702 2732 1753 2786 id
1784 2740 1865 2787 est
1895 2749 2030 2803 gen—

446 2814 544 2880 tili,
568 2817 837 2887 posterius
859 2826 1101 2890 tempore
1116 2823 1383 2892 aperanti
1402 2823 1627 2885 bonum,
1644 2821 1742 2876 erit
1762 2823 1960 2893 gloria,
1982 2821 2036 2875 id

446 2912 528 2957 est
550 2903 642 2959 illa
671 2906 887 2960 claritas
907 2912 963 2963 et
996 2908 1191 2973 honor,
1216 2909 1343 2980 quia
1371 2909 1511 2964 inter
1530 2910 1882 2964 honorabiles
1904 2909 2032 2975 erit;

446 2995 504 3046 et
529 3008 670 3064 pax,
702 2994 756 3048 id
787 3002 869 3048 est
894 2995 949 3048 in
977 2995 1155 3067 gloria
1176 3005 1229 3050 et
1250 2998 1457 3052 honore
1487 2998 1737 3051 diuturna
1767 2998 2035 3068 tranquil-

447 3078 591 3133 litas.
653 3082 790 3136 Vere
827 3082 1015 3137 Judmo
1071 3092 1123 3137 et
1169 3085 1358 3154 gentili
1404 3084 1774 3140 indifferenter
1823 3086 2038 3139 dabitur

449 3168 646 3239 gloria,
681 3169 724 3223 si
757 3169 1098 3226 solummodo
1125 3172 1265 3227 bene
1295 3174 1505 3245 operati
1536 3174 1664 3229 sint.

514 3257 650 3311 Nam
678 3259 829 3332 apud
845 3260 1019 3315 Deum
1047 3277 1162 3315 non
1184 3265 1267 3317 est
1299 3264 1547 3333 acceptio
1576 3270 2039 3335 personarum,ut

444 3345 690 3401 Judaeum
722 3347 861 3403 male
899 3356 1152 3422 agentem
1199 3349 1390 3414 salvet,
1438 3350 1565 3422 quia
1592 3350 1779 3405 habuit
1807 3351 1985 3423 legem
2021 3371 2036 3419 ;

444 3434 702 3506 gentilem
734 3436 871 3491 bene
916 3437 1165 3492 meritum
1213 3439 1487 3510 reprobet,
1540 3439 1666 3510 quia
1704 3455 1812 3494 non
1843 3439 1939 3493 fuit
1968 3440 2037 3495 de

448 3537 614 3578 carne
672 3525 922 3591 Abrahae,
982 3526 1137 3595 cujus
1191 3525 1354 3582 ﬁdem
1430 3527 1625 3583 melius
1681 3535 1763 3582 est
1818 3527 2032 3593 imitari,

451 3627 611 3682 quam
642 3613 710 3667 ab
753 3629 819 3668 eo
874 3614 1073 3671 lineam
1131 3615 1352 3687 generis
1407 3617 1655 3683 trahere;
1714 3632 1838 3672 cum
1882 3617 2037 3670 multi

447 3699 517 3754 de
574 3701 869 3757 Abrahami
917 3718 1101 3772 carne,
1150 3705 1205 3758 in
1234 3711 1426 3774 gentes
1476 3704 1808 3770 transierint,
1882 3704 2037 3759 multi

447 3804 576 3844 vero
604 3790 672 3845 de
701 3791 976 3863 gentibus,
1026 3791 1188 3847 fidem
1217 3793 1450 3848 Abrahae
1498 3793 1779 3863 imitando,
1830 3808 1891 3848 se
1946 3792 2035 3847 di-

445 3893 585 3947 gnos
639 3879 1090 3949 promissionibus
1111 3881 1345 3937 Abrahae
1370 3881 1610 3947 fecerint,
1644 3889 1696 3936 et
1724 3882 1779 3936 in
1817 3881 2036 3937 Iudaeos

445 3966 672 4036 reputati
726 3968 832 4021 sint
864 3975 922 4022 ut
953 3968 1233 4042 proselyti.
1285 3970 1486 4024 Probat
1540 3971 1711 4026 Deum
1733 3985 1843 4025 non
1899 3971 2037 4026 acci-

448 4070 581 4125 pere
610 4071 896 4126 personam
943 4057 1113 4112 Judaei
1137 4074 1234 4114 seu
1282 4058 1539 4131 gentilis;
1574 4058 1698 4130 quia
1745 4066 2036 4130 utrumque

440 4144 719 4212 judicabit,
754 4153 807 4200 et
847 4146 1066 4200 modum
1092 4147 1283 4216 judicii
1331 4147 1493 4201 futuri
1522 4147 1577 4201 in
1625 4155 1915 4219 utrumque
1944 4164 2037 4202 ex-

445 4233 618 4304 ponit,
641 4233 859 4289 dicens:
885 4235 1024 4290 Vere
1043 4235 1193 4307 apud
1214 4237 1389 4291 Deum
1410 4253 1526 4290 non
1545 4241 1629 4292 est
1645 4239 1897 4308 acceptio
1913 4253 2037 4309 per-

445 4337 717 4377 sonarum
748 4342 766 4388 ;
798 4323 924 4394 quia
948 4323 1149 4392 judicat
1170 4339 1382 4390 omnes,
1423 4332 1475 4379 et
1504 4340 1600 4379 eos
1629 4324 1721 4395 qui
1743 4325 1859 4379 sine
1889 4324 2032 4396 lege,

448 4417 502 4465 et
531 4425 626 4465 eos
655 4410 747 4483 qui
766 4411 820 4465 in
840 4411 962 4484 lege
979 4420 1120 4466 sunt.
1140 4414 1467 4485 Quicunque
1490 4414 1640 4468 enim
1660 4417 2036 4485 peccaverunt

444 4499 567 4555 sine
600 4501 734 4572 lege,
764 4499 818 4554 id
839 4508 922 4556 est
953 4516 1059 4555 non
1107 4501 1369 4556 habentes
1407 4500 1587 4572 legem
1622 4500 1899 4572 scriptam,
1930 4501 2034 4573 ipsi

2141 610 2483 675 ﬁcabuntur,
2519 626 2614 663 seu
2648 609 2847 664 fuerint
2876 609 3128 681 gentiles,
3165 625 3258 662 seu
3288 607 3459 661 λιιᾶωὶ
3484 625 3496 661 :
3517 607 3723 661 solum-

2138 697 2302 752 modo
2331 713 2467 768 opus
2497 698 2633 769 legis
2663 698 3091 769 compleverunt.
3125 697 3225 752 Hic
3282 713 3470 751 versus
3511 695 3598 767 qui
3631 712 3723 749 se-

2140 786 2338 857 quitur,
2374 787 2710 842 solummodo
2757 787 2824 841 de
2855 787 3149 859 gentilibus
3192 785 3303 856 agit
3331 785 3598 855 :probans
3628 800 3723 838 eos

2140 875 2339 929 salvari
2370 892 2470 945 per
2516 876 2695 945 legem
2743 876 3068 945 naturalem,
3100 874 3362 929 facientes
3383 874 3573 928 eadem
3603 890 3724 945 quas

2139 972 2261 1017 sunt
2291 965 2503 1034 scriptae
2535 964 2694 1035 legis,
2743 972 2795 1018 et
2848 963 3092 1018 damnari
3132 964 3176 1016 si
3220 980 3325 1017 non
3366 961 3610 1017 fecerint.
3647 963 3726 1016 De

2139 1060 2367 1123 utroque
2387 1052 2497 1122 agit
2528 1053 2612 1107 hic
2644 1068 2852 1117 versus,
2886 1061 2939 1107 et
2970 1054 3037 1108 de
3068 1054 3238 1108 salute
3286 1050 3562 1121 gentilium
3590 1066 3723 1121 pro-

2139 1147 2262 1209 pter
2289 1155 2426 1210 Opus
2456 1141 2613 1211 legis,
2641 1148 2692 1195 et
2722 1141 2789 1195 de
2821 1141 3160 1198 damnatione
3191 1144 3523 1209 earumdem,
3550 1140 3594 1193 si
3616 1154 3725 1193 non

2139 1229 2344 1298 Operati
2377 1229 2482 1282 sint
2512 1229 2710 1298 legem,
2736 1244 2798 1284 ac
2829 1230 2872 1283 si
2902 1241 3268 1300 Opponeretur
3305 1232 3470 1286 Paulo
3520 1247 3533 1283 :
3576 1227 3726 1282 Dicis

2140 1316 2286 1387 quod
2316 1317 2624 1387 quicunque
2662 1316 2895 1372 factores
2925 1318 3066 1389 legis
3105 1319 3322 1385 fuerint,
3348 1318 3721 1379 salvabuntur,

2139 1404 2236 1458 sed
2265 1405 2498 1477 gentiles
2528 1405 2729 1460 salvari
2752 1422 2861 1460 non
2907 1408 3126 1473 debent,
3158 1410 3281 1480 quia
3330 1406 3539 1463 etiamsi
3587 1419 3724 1474 opus

2138 1492 2278 1564 legis
2332 1492 2556 1558 faciunt,
2610 1492 2982 1550 indifferenter
3008 1496 3109 1551 hoc
3156 1496 3375 1560 faciunt,
3439 1509 3548 1549 non
3578 1491 3726 1547 ducti

2139 1581 2345 1635 ratione
2388 1580 2665 1653 [nomine],
2717 1582 2813 1635 sed
2856 1598 2983 1637 casu
3032 1582 3259 1657 [causa],
3294 1593 3352 1638 ut
3403 1582 3479 1637 illi
3518 1580 3609 1653 qui
3655 1579 3725 1633 de

2138 1668 2298 1722 nullis
2328 1684 2426 1738 per
2456 1668 2761 1739 Scripturas
2793 1670 3041 1725 instructi
3087 1672 3211 1726 sint.

2210 1755 2409 1811 Contra
2436 1757 2539 1812 hoc
2572 1758 2763 1812 Paulus
2788 1776 2799 1811 :
2822 1758 2962 1813 Vere
2993 1759 3225 1830 gentiles
3254 1759 3298 1813 si
3329 1758 3525 1814 fuerint
3545 1758 3722 1815 facto-

2139 1862 2227 1901 res
2282 1845 2439 1916 legis,
2495 1845 2949 1915 jusliiicabuntur,
2984 1856 3035 1901 et
3085 1849 3392 1904 econtrario
3423 1848 3469 1902 si
3520 1848 3726 1903 malum

2140 1935 2348 2004 operati
2392 1934 2519 2001 sint,
2553 1934 2629 1987 ira
2663 1943 2711 1989 et
2756 1935 3130 2008 indignatione
3171 1937 3611 2002 damnabuntur;
3659 1952 3726 1992 ex

2140 2023 2332 2077 merito
2364 2022 2560 2077 debent
2590 2022 2778 2076 salvari
2810 2040 2911 2093 pro
2951 2025 3113 2089 bono,
3147 2034 3198 2080 et
3229 2025 3404 2095 puniri
3426 2040 3525 2095 pro
3556 2025 3720 2080 malo.

2144 2112 2281 2179 Quia
2326 2113 2437 2182 ipsi
2464 2112 2565 2165 sibi
2598 2116 2731 2166 sunt
2757 2113 2871 2177 lex,
2908 2112 2961 2165 id
2993 2120 3070 2166 est
3119 2114 3419 2167 naturalem
3451 2113 3631 2185 legem
3670 2113 3726 2167 in

2139 2199 2333 2268 seipsis
2374 2199 2567 2253 habent
2594 2217 2606 2253 :
2631 2200 2753 2269 ipsi,
2787 2200 2929 2264 dico,
2962 2216 3068 2254 non
3092 2202 3350 2256 habentes
3370 2202 3550 2273 legem
3581 2202 3727 2270 ejus-

2137 2288 2305 2352 modi,
2340 2288 2393 2341 id
2425 2296 2506 2341 est
2537 2289 2790 2358 scriptam
2824 2288 2960 2342 sicut
2995 2290 3205 2356 Judaei,
3247 2298 3297 2344 et
3326 2306 3455 2345 vere
3487 2291 3595 2363 ipsi
3620 2290 3728 2346 sibi

2136 2381 2274 2431 sunt
2304 2378 2399 2431 lex
2430 2396 2447 2431 :
2477 2392 2597 2432 cum
2622 2378 2723 2431 hoc
2744 2378 2812 2430 sit
2834 2378 3188 2451 quodgentes
3209 2395 3329 2449 (μιαν
3365 2381 3540 2448 legem
3590 2379 3727 2433 scri-

2136 2473 2283 2535 ptam
2304 2482 2419 2519 non
2442 2465 2665 2532 habent,
2680 2465 2733 2518 id
2755 2473 2835 2520 est
2852 2467 3100 2535 gentiles,
3117 2469 3343 2537 faciunt
3367 2484 3431 2522 ea
3452 2484 3572 2539 qua:
3587 2472 3729 2523 sunt

2140 2554 2273 2624 legis
2309 2552 2544 2623 scriptae,
2572 2553 2623 2607 id
2658 2562 2758 2619 est,
2790 2571 2908 2625 qua:
2932 2544 3135 2624 scripta
3164 2556 3248 2609 lex
3271 2555 3534 2626 praecipit,
3560 2560 3727 2611 natu-

2135 2643 2358 2709 raliter,
2376 2642 2428 2695 id
2446 2649 2526 2696 est
2546 2642 2841 2696 naturalem
2862 2642 3039 2714 legem
3054 2652 3363 2716 sequentes.
3388 2642 3731 2699 Necindifi'e-

2135 2739 2319 2785 renter
2340 2747 2402 2785 ea
2434 2747 2555 2801 quae
2575 2731 2714 2803 legis
2736 2739 2861 2785 sunt
2883 2732 3105 2796 faciunt,
3138 2732 3261 2804 quia
3292 2735 3386 2803 qui
3412 2732 3727 2787 ostendunt

2134 2835 2231 2890 per
2246 2820 2613 2890 operationem
2634 2821 2911 2892 scriptum
2929 2836 3051 2875 esse
3086 2821 3147 2875 in
3183 2822 3439 2877 cordibus
3452 2822 3569 2876 suis
3587 2837 3727 2892 opus

2138 2908 2292 2976 legis,
2317 2908 2620 2962 deserendo
2659 2908 2821 2974 mala,
2850 2908 3182 2963 adhazrendo
3204 2909 3397 2974 bonis;
3439 2910 3543 2964 hoc
3579 2909 3727 2963 enim

2136 3003 2217 3049 est
2270 3011 2408 3065 Opus
2439 2995 2598 3067 legis,
2627 2995 2903 3050 declinare
2933 3011 2966 3049 a
2996 2995 3138 3049 malo
3186 3004 3237 3050 et
3274 2996 3455 3052 facere
3493 2998 3722 3052 bonum.

2136 3080 2294 3150 Quod
2324 3083 2369 3136 si
2399 3098 2496 3153 per
2536 3084 2714 3154 legem
2755 3084 3051 3139 naturalem
3087 3099 3196 3137 non
3241 3084 3462 3139 creditis
3493 3085 3729 3157 gentiles

2136 3170 2355 3240 salvari,
2391 3170 2522 3225 nihil
2550 3172 2653 3226 hoc
2674 3170 2903 3226 salutem
2920 3188 3105 3226 eorum
3134 3173 3386 3242 impedit;
3409 3174 3534 3244 quia
3555 3175 3618 3229 in
3635 3175 3728 3229 die

2136 3276 2265 3314 cum
2289 3260 2573 3330 judicabit
2609 3261 2776 3325 Deus,
2817 3260 3097 3331 apparebit
3133 3276 3270 3331 Opus
3292 3261 3431 3332 legis
3453 3261 3718 3332 scriptum

2136 3347 2301 3401 fuisse
2319 3348 2373 3401 in
2401 3348 2655 3402 cordibus
2673 3364 2885 3403 eorum.
2907 3350 3053 3403 Tunc
3073 3349 3126 3402 in
3158 3349 3249 3404 illo
3267 3350 3354 3404 die
3389 3350 3727 3406 conscientia

2134 3436 2397 3506 ipsorum,
2420 3452 2541 3507 quae
2558 3444 2686 3492 tunc
2707 3436 2958 3491 omnibus
2974 3438 3153 3507 palam
3171 3436 3258 3492 fiet
3276 3438 3368 3509 (ibi
3388 3439 3531 3493 enim
3546 3439 3731 3510 singu-

2135 3524 2311 3578 lorum
2341 3523 2400 3580 1
2422 3524 2487 3579 ’7
2516 3539 2685 3595 opera
2720 3525 2971 3580 omnibus
3017 3526 3199 3596 palam
3239 3529 3439 3597 erunt),
3460 3527 3727 3584 reddente

2135 3612 2242 3666 illis
2274 3614 2642 3667 testimonium
2687 3614 2756 3668 de
2782 3614 2939 3669 bonis
2979 3631 3075 3669 seu
3095 3614 3251 3668 malis
3289 3632 3410 3686 quae
3448 3613 3718 3670 fecerunt.

2134 3701 2330 3755 Multos
2361 3702 2505 3756 enim
2538 3709 2703 3756 testes
2734 3710 2864 3758 tunc
2912 3702 3204 3769 habebunt,
3235 3719 3359 3758 cum
3390 3703 3729 3759 conscientia

2136 3805 2322 3844 eorum
2350 3790 2554 3845 nemini
2580 3791 2959 3857 occultabitur,
2995 3799 3049 3845 et
3079 3792 3212 3847 sicut
3244 3792 3311 3846 de
3331 3792 3608 3862 operibus,
3645 3792 3727 3849 sic

2134 3880 2484 3934 conscientia
2513 3894 2696 3934 eorum
2733 3879 2999 3935 reddente
3032 3881 3151 3935 illis
3170 3882 3560 3937 testimonium
3581 3881 3732 3951 cogi-

2135 3966 2414 4033 tationum,
2447 3967 2571 4038 quia
2587 3968 2725 4023 sicut
2770 3982 2957 4039 opera,
2992 3968 3069 4024 sic
3099 3966 3535 4038 justiﬁcabuntur
3562 3968 3725 4024 etiam

2134 4055 2389 4127 cogitata.
2449 4056 2846 4127 Cogitationum
2913 4057 3036 4112 dico
3073 4057 3443 4112 accusantium
3499 4072 3615 4123 eos,
3678 4058 3727 4113 si

2137 4144 2291 4198 malae
2314 4145 2449 4211 sint;
2473 4153 2565 4199 aut
2588 4145 2751 4200 etiam
2780 4144 3181 4200 defendentium
3198 4162 3309 4199 eos.
3334 4145 3378 4199 si
3409 4146 3564 4201 bona:
3594 4145 3722 4201 sint:

2135 4233 2311 4288 ethoc
2341 4232 2482 4288 inter
2530 4249 2609 4298 se,
2633 4233 2759 4305 quia
2796 4250 2917 4304 qua:
2965 4233 3102 4287 mala
3132 4233 3349 4299 fuerint,
3385 4234 3722 4290 accusabunt

2134 4320 2273 4375 bona
2289 4328 2342 4376 et
2371 4320 2640 4388 invicem;
2675 4322 2803 4393 quia
2822 4322 3129 4377 econtrario
3160 4322 3299 4376 bona
3329 4322 3725 4393 impugnabunt

2134 4409 2298 4464 mala.
2323 4410 2450 4465 Hac
2479 4425 2664 4482 pugna
2703 4408 2789 4463 fiet
2816 4409 2870 4464 in
2890 4410 3016 4476 illis,
3041 4426 3273 4481 quorum
3302 4410 3447 4465 bona
3477 4410 3561 4465 vel
3581 4410 3726 4466 mala

2133 4497 2335 4553 incerta
2365 4505 2522 4563 sunt;
2556 4498 2654 4553 sed
2723 4497 2777 4552 in
2825 4497 3022 4569 quibus
3060 4498 3200 4552 bona
3244 4498 3361 4553 sine
3400 4498 3727 4554 admistione

442 4588 710 4660 peribunt
737 4591 859 4645 sine
891 4590 1024 4662 lege,
1060 4588 1115 4643 id
1135 4596 1218 4644 est
1237 4589 1639 4644 damnabuntur
1668 4606 1778 4645 non
1809 4590 1876 4644 de
1904 4582 2108 4660 praa-D
2137 4586 2407 4642 malorum
2436 4594 2580 4641 certa
2611 4593 2754 4652 sunt,
2788 4594 2843 4641 ut
2874 4589 2927 4640 in
2959 4586 3181 4652 sanctis,
3216 4594 3268 4641 et
3298 4586 3354 4640 in
3368 4587 3565 4659 quibus
3582 4586 3729 4642 mala

444 4676 777 4734 varicatione
806 4678 1021 4749 scriptae
1050 4677 1208 4749 legis,
1242 4677 1339 4733 sed
1382 4684 1588 4732 tantum
1610 4678 1888 4734 naturalis.
1924 4680 2037 4734 Hoc

446 4765 515 4821 de
544 4765 839 4836 gentilibus
868 4766 1069 4822 dictum
1104 4773 1205 4831 est,
1239 4773 1291 4821 et
1317 4766 1633 4839 quicunque
1662 4772 2036 4839 peccaverunt

444 4855 509 4909 in
538 4855 671 4926 lege,
694 4854 749 4909 id
769 4862 853 4909 est
872 4854 1135 4909 habentes
1151 4854 1331 4926 legem
1353 4853 1631 4925 scriptam,
1652 4863 1710 4909 ut
1726 4856 1915 4920 Judaei,
1934 4856 2037 4927 ipsi

448 4943 851 5005 iudicabuntur
861 4960 961 5016 per
987 4943 1180 5014 legem,
1194 4942 1249 4997 id
1269 4950 1351 4997 est
1362 4943 1430 4998 de
1441 4944 1883 5013 praevaricatione
1899 4945 2037 5001 data:

442 5030 584 5103 legis
612 5031 867 5101 adjuncta
897 5030 1133 5102 peccatis
1158 5047 1349 5087 eorum
1395 5031 1811 5088 damnabuntur.
1845 5033 2036 5104 Oppo-

445 5128 603 5175 neret
649 5119 888 5185 Iudaeus,
936 5119 1063 5176 licet
1091 5127 1467 5192 transgressus
1514 5120 1568 5175 in
1615 5121 1738 5194 lege
1766 5120 1943 5188 fuerit,
1977 5139 2036 5177 se

444 5215 629 5263 tamen
676 5224 785 5263 non
832 5207 1097 5276 damnari,
1140 5208 1236 5263 sed
1290 5210 1620 5279 parcendum
1666 5210 1771 5264 sibi
1817 5226 1850 5265 a
1897 5211 2032 5265 Deo.

445 5296 645 5352 Contra
663 5297 767 5351 hoc
796 5296 991 5351 Paulus
1025 5314 1037 5350 :
1073 5297 1215 5352 Vere
1238 5298 1500 5352 habentes
1520 5298 1702 5369 legem
1728 5298 1797 5353 de
1815 5305 2037 5369 peccato

442 5384 846 5453 judicabuntur,
877 5384 1134 5456 quoniam
1185 5387 1335 5456 apud
1365 5387 1542 5441 Deum
1564 5404 1678 5442 non
1708 5394 1833 5441 sunt
1853 5387 1984 5455 justi
2020 5404 2034 5452 ;

446 5480 500 5527 et
528 5473 573 5527 si
609 5474 749 5544 apud
790 5474 1036 5528 homines
1067 5483 1420 5529 revereantur
1457 5474 1745 5531 auditores
1789 5475 1947 5545 legis,
1981 5474 2035 5529 id

447 5570 530 5616 est
559 5562 651 5633 qui
682 5563 1022 5618 solummodo
1052 5563 1232 5635 legem
1271 5563 1581 5629 audierunt,
1616 5579 1718 5618 nec
1746 5579 1868 5618 eam
1897 5578 2035 5634 Ope-

449 5649 553 5709 rati
593 5658 715 5706 sunt
743 5659 799 5707 ut
826 5652 1018 5719 Judei,
1041 5652 1135 5708 sed
1164 5655 1412 5724 factores
1446 5652 1598 5723 legis,
1632 5651 1746 5707 sive
1776 5666 1897 5709 eam
1934 5666 2036 5706 au-

2137 4675 2254 4730 sine
2284 4674 2573 4747 refrigerio
2595 4674 2855 4729 bonorum
2887 4682 3033 4730 certa
3066 4682 3211 4741 sunt,
3244 4682 3301 4729 ut
3328 4675 3383 4728 in
3424 4675 3579 4729 valde
3601 4691 3727 4730 ma-

2135 4763 2221 4832 lis,
2247 4763 2300 4817 in
2327 4764 2411 4817 his
2442 4779 2551 4818 non
2588 4763 2690 4817 erit
2723 4763 3086 4819 accusationis
3132 4764 3292 4832 hujus
3324 4763 3408 4818 vel
3457 4763 3730 4818 defensio-

2135 4851 2220 4906 nis
2241 4851 2545 4907 colluctatio
2581 4866 2593 4905 :
2627 4851 2723 4906 sed
2752 4860 2892 4906 certa
2924 4851 3091 4919 salus,
3125 4852 3282 4906 valde
3329 4851 3517 4911 bonis:
3558 4851 3727 4907 indu-

2135 4939 2301 4994 bitata
2330 4939 2625 5006 damnatio,
2659 4940 2819 4994 valde
2849 4939 3007 4993 malis
3044 4957 3056 4993 :
3085 4940 3191 4995 hoc
3250 4948 3430 4994 autem
3483 4940 3734 4996 testimo-

2135 5027 2285 5082 nium
2313 5044 2538 5097 operum
2571 5036 2624 5082 et
2654 5027 3039 5100 cogitationum
3075 5028 3260 5083 reddet
3292 5028 3397 5082 illis
3431 5044 3526 5082 sua
3558 5044 3729 5083 cons-

2135 5116 2326 5173 cientia
2340 5116 2393 5171 in
2416 5117 2503 5171 die
2520 5116 2611 5171 illo
2625 5132 2755 5171 cum
2767 5117 3049 5187 judicabit
3065 5119 3209 5172 Deus
3231 5118 3454 5173 occulta
3470 5117 3730 5174 omnium

2136 5205 2454 5273 hominum,
2467 5204 2520 5258 id
2538 5212 2620 5259 est
2632 5204 2839 5260 incerta
2856 5221 3045 5260 eorum
3062 5206 3148 5259 vel
3175 5205 3317 5258 bona
3335 5204 3420 5259 vel
3439 5204 3601 5259 mala.
3626 5205 3730 5260 Ju—

2135 5292 2336 5347 dicabit
2372 5292 2556 5363 utique
2571 5310 2677 5365 per
2720 5295 2910 5348 Iesum
2935 5293 3243 5359 Christum,
3291 5294 3380 5363 qui
3405 5293 3731 5350 constitutus

2135 5389 2218 5435 est
2230 5381 2397 5449 judex
2441 5382 2677 5436 omnium
2702 5382 3011 5437 secundum
3039 5383 3405 5453 Evangelium
3440 5398 3651 5451 meum,
3676 5382 3733 5437 id

2136 5478 2217 5523 est
2242 5470 2540 5523 secundum
2563 5470 2708 5540 quod
2732 5486 2836 5542 ego
2866 5470 3150 5538 annuntio,
3165 5469 3291 5540 quia
3304 5470 3451 5524 Deus
3471 5485 3571 5540 per
3584 5470 3735 5526 Chri-

2135 5566 2277 5612 stum
2301 5557 2565 5627 judicabit
2594 5558 2798 5613 omnia.
2842 5558 3093 5613 Probavit
3130 5558 3389 5628 gentilem
3419 5573 3580 5628 posse
3611 5560 3730 5613 sal-

2133 5646 2247 5701 vari
2280 5645 2609 5711 naturaliter,
2644 5645 2934 5701 facientem
2963 5661 3104 5717 opus
3135 5645 3349 5718 scriptas
3373 5645 3534 5716 legis.
3569 5647 3730 5705 Nunc
