3970 6518
188 455 242 507 33

187 583 354 631 autem
386 573 624 645 probare
671 568 857 640 incipit
901 567 1033 623 nihil
1081 567 1347 638 prodesse
1387 564 1594 631 Judaeo,
1628 562 1777 635 quod
1797 568 1851 626 Α

189 663 396 718 Iudaeus
426 662 608 717 dictus
639 667 720 715 est
748 659 839 730 qui
869 658 1049 730 legem
1097 664 1151 711 et
1181 653 1649 712 circumcisionem
1680 652 1783 706 ha-

193 752 312 817 buit,
363 750 469 806 nisi
514 765 655 820 Opus
704 748 841 818 legis
879 755 932 801 et
978 744 1409 801 circumcisionis
1457 741 1780 813 impleverit,

193 841 370 896 dicens
404 857 418 893 :
452 837 688 894 Gentilis
720 836 898 908 legem
922 833 1226 889 naturalem
1256 831 1460 894 habuit,
1495 840 1548 885 tu
1578 837 1781 894 autem,

194 929 390 992 Iudaee,
423 935 478 982 et
509 925 815 981 naturalem
843 933 896 980 et
925 923 1184 993 scriptam
1213 921 1395 993 legem
1426 918 1674 974 habuisti.

259 1015 730 1072 Considerandum
778 1020 862 1067 est
905 1011 1052 1083 quod
1098 1011 1168 1064 de
1215 1009 1403 1064 Iudaeo
1437 1016 1492 1064 et
1532 1007 1788 1080 gentibus

196 1105 486 1162 secundum
516 1103 760 1174 priorem
790 1109 990 1155 statum
1023 1107 1149 1169 agat
1186 1097 1480 1168 Apostolus
1515 1114 1528 1150 :
1569 1098 1664 1164 Tu,
1699 1095 1788 1150 in-

198 1209 371 1266 quam,
421 1192 841 1264 cognominaris
872 1188 1118 1253 Iudaeus,
1162 1186 1215 1240 id
1261 1194 1343 1240 est
1373 1187 1478 1241 hoc
1507 1183 1790 1255 dignitatis

199 1297 496 1354 cognomen
529 1280 722 1349 habes,
747 1278 893 1350 quod
921 1276 1142 1331 Judaeus
1168 1274 1390 1335 diceris.
1425 1277 1563 1328 Ante
1593 1274 1618 1327 J
1628 1273 1790 1327 udam

199 1371 566 1426 Machabaeum
594 1368 671 1423 illi
691 1367 870 1422 solum
899 1366 968 1421 de
997 1365 1142 1419 tribu
1170 1365 1196 1418 J
1205 1363 1312 1418 uda
1329 1363 1502 1417 Judaei
1526 1362 1791 1416 vocaban-

199 1469 298 1525 tur,
334 1458 503 1513 Israel
533 1466 714 1512 autem
744 1471 935 1511 omnes
965 1453 1303 1519 dicebantur,
1325 1451 1421 1506 sed
1450 1468 1480 1505 a
1507 1451 1648 1506 Juda
1679 1452 1792 1505 Ma-

201 1544 438 1608 chabzeo,
486 1550 711 1614 propter
758 1541 1085 1611 probitatem
1132 1539 1248 1608 ejus
1292 1537 1421 1592 dicti
1447 1545 1572 1592 sunt
1601 1551 1794 1591 omnes

200 1633 387 1688 Judaei.
451 1630 725 1697 Concedo,
787 1631 862 1684 ait
903 1629 1116 1693 Paulus,
1165 1636 1219 1682 te
1272 1625 1649 1697 cognominari
1695 1626 1793 1679 Ju-

203 1722 393 1790 daeum,
427 1720 554 1793 quia
583 1728 640 1773 tu
673 1719 970 1791 requiescis
1000 1719 1064 1772 in
1095 1718 1230 1786 lege.
1265 1715 1399 1770 Aliae
1427 1715 1573 1770 enim
1603 1721 1796 1786 gentes

202 1826 446 1866 erronem
476 1817 620 1872 sunt,
645 1824 753 1862 non
783 1807 1046 1861 habentes
1076 1806 1401 1859 documenta
1428 1804 1581 1869 vitae;
1615 1803 1713 1857 sed
1743 1810 1798 1856 tu

205 1899 438 1970 quietem
467 1896 638 1952 habes
665 1896 720 1950 in
746 1895 972 1950 scientia
1000 1894 1159 1964 legis,
1193 1897 1248 1949 et
1277 1894 1543 1964 gloriaris
1571 1893 1634 1947 in
1669 1893 1792 1958 Deo,
1818 1926 1869 1986 B

201 1988 325 2060 quia
353 1988 410 2040 in
437 1984 608 2040 Israel
632 1993 839 2038 tantum
858 1983 1052 2038 dicitur
1072 1989 1232 2036 notus
1254 1982 1400 2036 Deus
1423 1981 1594 2048 (Psal.
1620 1994 1793 2044 Lxxv,

203 2079 261 2146 ι).
293 2075 430 2130 Aliae
476 2082 672 2146 gentes
721 2072 877 2144 quasi
915 2072 1032 2126 sine
1075 2072 1191 2126 Deo
1239 2077 1380 2135 sunt,
1434 2068 1576 2124 unde
1621 2077 1672 2123 te
1708 2068 1798 2136 ja-

200 2163 401 2219 ctando
434 2161 704 2235 gloriaris.
754 2161 910 2217 Nosti
940 2164 998 2216 et
1037 2161 1391 2215 voluntatem
1422 2160 1560 2228 ejus,
1595 2157 1802 2212 scilicet

201 2252 319 2319 Dei,
354 2251 490 2323 quid
517 2250 631 2305 ﬁeri
661 2248 864 2304 scilicet
893 2249 1042 2314 velit,
1076 2247 1206 2319 quid
1236 2262 1365 2302 non.
1400 2249 1467 2301 Et
1487 2255 1561 2312 tu,
1593 2245 1800 2299 instru-

196 2351 312 2398 ctus
343 2357 451 2412 per
489 2340 683 2410 legem,
731 2339 928 2410 probas
974 2337 1229 2400 utiliora,
1283 2335 1338 2390 id
1369 2343 1451 2389 est
1481 2334 1549 2388 de
1583 2333 1802 2388 utilibus

198 2429 337 2502 legis
358 2428 582 2483 utiliora
601 2427 909 2482 discernere
927 2424 1088 2480 nosti.
1108 2423 1354 2493 Conﬁdis
1377 2425 1536 2478 etiam
1561 2423 1804 2494 teipsum

199 2535 320 2575 esse
350 2519 557 2573 ducem
586 2531 859 2572 caecorum
891 2515 1178 2586 gentilium
1203 2533 1216 2580 ;
1251 2513 1379 2585 quia
1401 2513 1447 2566 si
1469 2512 1560 2584 qui
1581 2512 1650 2566 de
1669 2527 1804 2584 gen—

199 2608 386 2662 tilibus
417 2607 478 2661 in
524 2605 864 2660 Judaismum
910 2603 1142 2659 transire
1189 2601 1477 2668 voluerint,
1513 2601 1679 2656 doces
1711 2615 1806 2655 eos

199 2698 504 2752 observare
532 2694 828 2750 Sabbatum
860 2701 913 2748 et
944 2700 1146 2749 caetera
1167 2691 1327 2762 legis,
1362 2706 1486 2746 cum
1503 2690 1680 2745 adhuc
1711 2705 1806 2744 ne-

198 2787 448 2842 scientes
497 2782 630 2856 quid
676 2784 792 2839 haec
835 2779 1146 2854 signiﬁcant
1192 2780 1324 2836 caeci
1373 2780 1499 2834 sint.
1565 2777 1807 2834 Confidis

200 2875 369 2930 etiam
404 2882 462 2928 te
493 2888 616 2927 esse
666 2873 859 2928 lumen
902 2887 1095 2927 eorum
1131 2871 1229 2942 qui
1255 2870 1317 2924 in
1352 2868 1597 2924 tenebris
1625 2871 1807 2935 sunt;

197 2979 328 3019 cum
359 2962 514 3018 enim
544 2960 624 3015 illi
651 2959 1056 3015 observaverint
1088 2957 1404 3023 Sabbatum,
1438 2957 1616 3012 adhuc
1645 2955 1808 3027 igno-

197 3059 393 3108 rantes
451 3049 776 3121 mysterium
822 3048 1067 3114 Sabbati,
1115 3046 1389 3102 illuminas
1436 3061 1532 3102 eos
1562 3044 1810 3101 docendo

195 3141 330 3213 quid
364 3141 491 3196 haec
531 3136 856 3212 signiﬁcent,
901 3144 954 3192 et
984 3136 1053 3192 ad
1101 3136 1230 3208 quid
1279 3135 1510 3195 valeant,
1553 3143 1604 3190 et
1635 3134 1714 3190 sic
1744 3133 1811 3189 de

194 3230 452 3285 tenebris
501 3227 820 3301 ignorantiae
869 3225 1075 3282 educis.
1122 3223 1364 3280 Conﬁdis
1410 3224 1569 3280 etiam
1609 3232 1658 3279 te
1689 3239 1812 3278 esse

189 3319 557 3375 eruditorem
582 3316 978 3389 insipientium
1019 3314 1332 3369 Judaeorum
1358 3332 1372 3378 ;
1405 3313 1530 3384 quia
1559 3313 1604 3366 si
1635 3311 1726 3383 qui
1756 3312 1812 3366 in
1843 3291 1888 3352 Ο

190 3408 318 3478 lege
348 3406 684 3476 insipientes
714 3405 839 3470 sint,
872 3405 1041 3459 doces
1070 3419 1166 3459 eos
1197 3419 1320 3458 esse
1351 3402 1644 3473 sapientes.
1679 3402 1810 3456 Con-

190 3495 320 3551 ﬁdis
376 3497 558 3552 etiam
595 3503 648 3549 te
680 3509 802 3549 esse
829 3495 1172 3564 magistrum
1216 3493 1580 3562 infantium;
1609 3490 1736 3561 quia
1768 3490 1813 3543 si

188 3585 326 3656 quid
359 3583 656 3655 simplices
699 3598 801 3638 nec
831 3581 930 3637 fari
960 3582 1028 3636 de
1059 3581 1182 3651 lege
1217 3580 1486 3646 noverint,
1519 3579 1686 3635 doces
1719 3595 1814 3634 eos

186 3674 492 3745 disputare
515 3671 588 3726 de
619 3671 770 3743 lege;
789 3679 841 3726 te
863 3670 1024 3724 etiam
1049 3670 1348 3725 habentem
1369 3672 1613 3740 formam
1643 3669 1817 3723 scien-

187 3766 308 3828 tiae,
339 3763 480 3834 quia
515 3761 564 3815 si
603 3759 726 3830 quis
772 3759 900 3814 velit
938 3759 1292 3815 considerare
1335 3757 1403 3812 de
1445 3757 1569 3829 lege
1617 3765 1815 3828 quanta

184 3852 274 3918 sit,
311 3851 467 3908 sciat
502 3863 630 3904 eam
669 3855 872 3902 tantam
915 3863 1056 3914 esse,
1110 3854 1315 3918 quanta
1354 3845 1580 3901 scientia
1627 3853 1716 3899 tua
1763 3845 1817 3898 in

182 3957 247 3994 ea
283 3949 418 4006 est;
455 3938 760 3993 habentem
790 3936 949 3991 etiam
989 3935 1216 3990 formam
1259 3935 1518 3991 veritatis
1565 3935 1630 3988 in
1680 3933 1815 4004 lege,

181 4029 320 4101 quia
376 4037 438 4084 et
493 4026 729 4083 scientia
782 4024 941 4096 legis,
1003 4033 1055 4079 et
1097 4040 1454 4096 quaecumque
1502 4023 1660 4078 docet
1689 4037 1822 4078 vera

178 4135 310 4174 esse
345 4116 532 4173 nosti.
576 4115 865 4169 Possumus
895 4113 1037 4169 enim
1067 4113 1270 4167 habere
1303 4112 1585 4168 scientiam
1616 4110 1817 4177 Ovidii,

175 4223 286 4263 nec
319 4216 524 4262 tamen
559 4219 689 4258 vera
718 4218 840 4257 esse
870 4202 1092 4267 scimus,
1127 4218 1248 4272 quae
1278 4201 1352 4256 ibi
1380 4208 1596 4255 narrata
1625 4199 1822 4255 intelli-

175 4298 392 4370 gimus.
435 4295 632 4364 Ergo,
670 4291 923 4362 quoniam
970 4289 1192 4362 quidem
1219 4290 1330 4344 dux
1359 4305 1420 4344 es
1449 4304 1740 4355 caacorum,
1770 4297 1823 4344 et

172 4386 244 4441 de
277 4383 562 4440 doctrina
618 4379 759 4452 legis
814 4379 1124 4434 illuminans
1177 4394 1272 4434 eos
1307 4396 1320 4432 :
1355 4381 1432 4434 Tu
1487 4381 1583 4451 qui
1639 4379 1822 4433 alium

171 4476 365 4542 doces,
430 4485 632 4545 quare
678 4485 792 4524 non
837 4469 994 4524 doces
1047 4469 1334 4538 teipsum?
1365 4466 1453 4523 Sic
1485 4483 1610 4523 cum
1652 4467 1822 4521 debes

173 4579 279 4634 per
326 4563 535 4633 legem
569 4555 864 4628 proﬁcere,
894 4556 1195 4626 rejiciendo
1224 4570 1362 4626 opus
1394 4555 1552 4628 legis,
1589 4555 1823 4626 amplius

173 4670 310 4708 reus
345 4667 490 4706 esse
546 4646 922 4704 convinceris.
974 4646 1052 4700 Tu
1082 4645 1244 4699 etiam
1275 4646 1370 4718 qui
1395 4645 1673 4718 praedicas
1704 4661 1818 4700 non
1843 4652 1894 4712 D

171 4740 555 4812 furandum,
584 4751 761 4808 quare
781 4735 997 4806 furoris
1010 4741 1035 4792 7
1053 4735 1392 4789 Furabantur
1411 4735 1550 4789 inter
1574 4750 1632 4789 se
1651 4734 1825 4790 Judaei

171 4850 262 4888 res
296 4848 439 4887 suas
474 4829 853 4901 plerumque;
889 4826 1034 4897 quod
1064 4832 1248 4880 autem
1287 4824 1528 4880 deterius
1557 4833 1659 4891 est,
1692 4824 1829 4880 fura-

172 4923 386 4977 bantur
421 4932 643 4974 sanum
679 4915 1004 4971 intellectum
1037 4913 1106 4970 de
1136 4914 1279 4999 lege.
1314 4915 1394 4968 Tu
1415 4914 1599 4983 etiam,
1630 4915 1725 4988 qui
1746 4915 1830 4970 di-

172 5016 256 5070 cis
280 5027 411 5068 non
437 5024 574 5066 esse
600 5003 1023 5070 mwchandum,
1046 5019 1216 5076 quare
1237 5003 1538 5060 mcecharis
1558 5003 1586 5057 ?
1607 5003 1832 5058 Maccha-

175 5103 385 5156 bantur
434 5098 517 5153 ad
573 5095 844 5160 litteram,
896 5093 1307 5148 mazchabantur
1353 5092 1520 5147 etiam
1569 5090 1830 5147 adulteri-

174 5208 310 5248 num
342 5187 725 5246 intellectum
757 5190 1020 5252 ponentes
1050 5182 1106 5236 in
1138 5182 1281 5254 lege,
1315 5189 1608 5254 postquam
1637 5197 1830 5236 sanum

173 5295 415 5336 sensum
451 5274 620 5346 legis
659 5270 821 5325 furati
850 5269 1042 5326 fuerat.
1068 5271 1147 5325 Tu
1166 5271 1346 5337 etiam,
1371 5271 1467 5343 qui
1487 5271 1832 5326 abominaris

174 5371 358 5434 idola,
395 5367 458 5423 id
507 5370 607 5420 est.
660 5359 754 5431 qui
790 5359 1042 5432 gentiles,
1074 5359 1318 5415 colentes
1348 5359 1511 5427 idola,
1554 5358 1706 5415 18
1729 5374 1832 5415 nec

174 5460 440 5514 homines
497 5449 807 5510 vocandos
853 5465 975 5504 esse
1000 5448 1232 5517 judicas,
1267 5464 1440 5520 quare
1466 5449 1832 5518 sacrilegium

171 5550 345 5620 facis,
383 5547 448 5602 id
485 5550 584 5600 est
623 5557 640 5594 :
684 5547 737 5592 tu
767 5537 886 5608 ipse
917 5554 1083 5609 quare
1115 5537 1250 5593 colis
1281 5537 1475 5592 idola?
1507 5537 1834 5608 Plerumque

171 5640 321 5693 enim
356 5632 559 5691 Judaei
593 5627 678 5684 ad
712 5626 976 5681 culturam
1005 5627 1274 5681 idolorum
1302 5625 1443 5697 lapsi
1473 5634 1634 5694 sunt;
1667 5624 1834 5681 facie-

172 5727 307 5785 bant
341 5718 765 5793 sacrilegium,
800 5716 1139 5789 denegantes
1168 5715 1385 5772 Christo
1417 5715 1620 5773 cultum
1651 5731 1831 5772 suum.

818 438 1197 500 EXPOSlTIO
1238 440 1311 495 IN
1348 435 1724 495 EPISTOLAS
1765 433 1995 492 PAULI.
2046 466 2112 475 —
2154 435 2226 490 IN
2263 434 2481 491 EPIST.
2523 437 2618 490 AD
2658 435 2828 491 ROM.

3408 436 3476 489 34

1881 560 2238 632 Sacrilegium
2287 560 2430 616 enim
2479 568 2562 615 est
2609 567 2914 616 creaturam
2963 559 3108 631 quod
3166 556 3486 614 naturaliter

1884 649 2131 704 Creatori
2182 649 2347 704 debet
2401 664 2631 722 negare,
2689 649 2892 704 cultum
2950 647 3160 704 scilicet
3216 648 3353 702 Deo.
3405 648 3484 702 Tu

1885 739 2046 793 etiam
2077 741 2174 810 qui
2202 739 2466 807 gloriaris
2486 738 2551 792 in
2583 739 2720 807 lege,
2745 737 2798 792 id
2819 746 2902 791 est
2932 737 3022 809 qui
3040 738 3216 807 jactas
3238 745 3292 792 te
3313 735 3489 792 solum

1884 827 2062 897 legem
2095 826 2378 892 habuisse,
2414 842 2584 897 quare
2612 825 2922 883 inhonorus
2944 829 3122 882 Deum
3138 843 3243 900 per
3269 843 3492 898 praeva—

1888 917 2226 971 ricationem
2259 916 2438 987 legis?
2469 915 2821 970 Praevaricari
2856 915 2911 968 in
2931 915 3055 988 lege
3077 924 3160 970 est
3181 931 3290 971 non
3311 915 3494 972 facere

1889 1020 2010 1076 quae
2049 1004 2298 1060 facienda
2328 1003 2595 1074 praecipit,
2630 1013 2682 1059 et
2705 1003 2889 1060 facere
2920 1021 3041 1075 quae
3059 1002 3179 1059 ﬁeri
3198 1003 3493 1060 interdicit.

1885 1093 2060 1148 Judaei
2098 1101 2281 1148 autem
2319 1092 2628 1148 deserendo
2671 1091 2875 1165 legem,
2927 1092 3177 1148 faciendo
3215 1093 3495 1148 contraria

1889 1181 2019 1254 legi,
2058 1183 2231 1236 Deum
2285 1181 2711 1247 inhonorabant,
2763 1189 3023 1253 quantum
3066 1183 3137 1236 ad
3179 1182 3493 1254 opinionem

1891 1270 2191 1336 hominum,
2227 1270 2361 1324 nihil
2393 1279 2576 1326 tamen
2607 1270 2798 1342 gloriae
2839 1270 2954 1338 ejus
2984 1270 3353 1326 detrahentes.
3388 1272 3495 1327 Ve-

1893 1376 1950 1414 re
1982 1360 2176 1425 Deum,
2214 1359 2269 1414 in
2313 1367 2572 1430 quantum
2622 1359 2778 1414 vobis
2809 1367 2912 1425 est,
2962 1358 3316 1426 inhonoratis,
3361 1361 3495 1432 quia

1892 1464 2099 1504 nomen
2130 1448 2231 1503 Dei
2260 1447 2688 1520 blasphematur
2718 1464 2820 1520 per
2836 1464 2926 1504 vos
2946 1449 3103 1504 inter
3118 1453 3333 1518 gentes.
3359 1448 3496 1504 Cum

1894 1537 2039 1592 enim
2070 1546 2266 1607 gentes
2294 1536 2514 1591 videant
2544 1552 2642 1592 vos
2672 1537 2950 1592 contraria
2980 1536 3090 1608 legi
3120 1536 3317 1604 facere,
3347 1537 3500 1608 justi-

1894 1626 2023 1680 tiam
2055 1625 2155 1680 Dei
2202 1624 2517 1696 profanare,
2567 1625 2703 1681 cibis
2747 1625 3028 1696 gentilium
3067 1626 3493 1694 communicare,

1895 1722 1947 1769 et
1977 1713 2194 1779 similia,
2228 1713 2414 1768 dicunt
2443 1721 2495 1769 et
2526 1721 2713 1784 putant
2744 1715 2920 1769 Deum
2950 1714 3031 1770 sic
3059 1730 3157 1769 vos
3178 1715 3492 1781 instituisse,

1896 1818 1999 1858 nec
2029 1803 2160 1856 satis
2189 1803 2418 1872 provide
2447 1802 2580 1858 tales
2599 1803 2766 1858 cultui
2785 1818 2884 1858 suo
2906 1803 3200 1875 delegisse.
3226 1805 3339 1860 Hoc
3360 1804 3496 1859 Eze-

1898 1891 2041 1947 chiel
2071 1891 2228 1956 dixit,
2259 1891 2386 1946 licet
2417 1891 2541 1945 aliis
2570 1892 2776 1957 verbis,
2809 1892 2877 1946 de
2906 1892 3104 1947 Judmis
3137 1891 3277 1947 inter
3303 1900 3500 1965 gentes

1901 1980 2188 2051 dispersis,
2222 1981 2629 2035 transeuntibus
2659 1981 2730 2035 ad
2757 1980 3137 2036 idololatriam.
3171 1982 3328 2037 Unde
3357 1982 3499 2036 Pau-

1901 2069 1984 2123 lus
2013 2068 2091 2124 sic
2121 2070 2194 2123 ait
2229 2084 2241 2122 :
2278 2070 2394 2124 Hoc
2449 2069 2593 2140 quod
2641 2069 2765 2125 dico
2796 2070 2971 2125 Deum
3000 2069 3372 2140 blasphemari
3401 2087 3502 2142 per

1901 2174 2018 2223 vos,
2047 2158 2188 2212 inter
2217 2167 2410 2231 gentes
2441 2159 2584 2226 dico,
2602 2159 2752 2214 sicut
2769 2161 3048 2228 scriptum
3068 2163 3194 2227 est;
3225 2159 3503 2232 Scriptura

1903 2248 2046 2302 enim
2075 2246 2130 2301 in
2159 2247 2265 2303 hac
2288 2263 2344 2302 re
2373 2247 2740 2302 testimonium
2762 2248 3029 2318 perhibet.
3053 2249 3122 2303 Et
3142 2249 3263 2320 quia
3285 2264 3503 2320 praeva-

1903 2337 2099 2391 ricatus
2129 2352 2189 2391 es
2218 2336 2272 2390 in
2304 2337 2450 2406 lege,
2482 2336 2606 2391 ideo
2639 2339 2995 2393 circumcisio
3019 2342 3120 2392 tua
3155 2339 3503 2410 prceputium

1903 2428 2061 2496 facta
2094 2430 2201 2492 est,
2233 2425 2287 2479 id
2319 2433 2405 2480 est
2433 2439 2543 2480 non
2573 2425 2696 2496 plus
2715 2425 2857 2481 valet
2878 2433 2930 2481 te
2951 2442 3073 2481 esse
3101 2426 3502 2495 circumcisum,

1905 2531 2066 2586 quam
2096 2513 2367 2587 gentilem
2424 2515 2820 2586 praeputiatum.
2868 2514 3022 2571 Sicut
3067 2515 3320 2586 superius
3348 2533 3506 2572 asse-

1905 2603 2013 2658 ruit
2042 2602 2177 2658 nihil
2223 2603 2494 2674 prodesse
2543 2603 2690 2675 quod
2741 2603 2956 2659 Iudaeus
2987 2612 3295 2671 vocaretur,
3328 2605 3508 2677 quod-

1906 2708 2012 2763 que
2042 2691 2222 2762 legem
2263 2692 2524 2759 haberet;
2556 2692 2630 2746 ita
2658 2692 2857 2763 probat
2885 2691 2974 2748 hic
3016 2691 3150 2746 nihil
3177 2693 3361 2749 valere
3392 2694 3508 2750 cir-

1907 2781 2300 2836 cumcisionem
2329 2780 2425 2846 illi,
2469 2780 2562 2851 qui
2590 2780 3023 2837 circumcisionis
3053 2783 3368 2852 mysterium
3398 2798 3510 2838 non

1907 2869 2234 2940 impleverit.
2270 2869 2370 2924 Illa
2401 2869 2547 2924 enim
2576 2869 2844 2926 abscissio
2873 2870 3054 2926 carnis
3085 2870 3359 2944 signiﬁcat
3387 2887 3512 2928 car-

1908 2959 2087 3013 nalem
2134 2957 2567 3029 generationem,
2619 2975 2740 3030 qua:
2786 2958 2842 3012 in
2888 2960 3130 3030 peccatis
3169 2968 3273 3026 est,
3305 2961 3511 3018 debere

1909 3047 2174 3112 abscindi,
2209 3056 2263 3102 et
2304 3047 2642 3119 spiritualem
2685 3048 3104 3120 generationem
3151 3050 3348 3105 exinde
3387 3066 3510 3107 esse

1909 3137 2198 3192 tenendam
2213 3177 2225 3191 .

1985 3226 2206 3281 Diceret
2244 3226 2462 3281 Judaeus
2497 3244 2510 3280 :
2558 3225 2615 3281 Si
2658 3226 3001 3283 circumcisio
3048 3227 3118 3282 sit
3164 3229 3510 3300 prieputium,

1915 3330 2016 3386 pro
2044 3315 2213 3370 nihilo
2271 3315 2394 3369 data
2443 3323 2545 3380 est,
2580 3331 2706 3370 cum
2758 3332 2870 3371 non
2915 3316 3113 3387 prosit.
3173 3317 3368 3373 Contra
3407 3319 3514 3375 hoc

1914 3403 2113 3458 Paulus
2144 3421 2157 3457 :
2194 3404 2557 3461 Circumcisio
2573 3405 2796 3476 quidem
2815 3406 3040 3478 prodest
3061 3426 3079 3474 ;
3101 3407 3151 3462 si
3171 3407 3418 3463 observes
3442 3409 3515 3464 le-

1913 3509 2036 3563 gem
2067 3492 2518 3557 circumcisionis,
2553 3493 2608 3548 id
2638 3501 2721 3548 est
2761 3493 2824 3559 si,
2867 3494 3140 3565 quomodo
3169 3494 3513 3553 circumcisio

1916 3583 2114 3654 signat,
2165 3581 2348 3636 omnia
2377 3582 2504 3637 vitia
2532 3597 2565 3636 a
2596 3591 2648 3638 te
2679 3583 3066 3652 circumcidas,
3114 3583 3341 3654 prodest
3387 3585 3514 3656 qui-

1917 3671 2064 3736 dem,
2098 3670 2383 3725 observata
2427 3669 2580 3742 lege;
2614 3671 2732 3736 sed,
2766 3671 2812 3726 si
2852 3671 2928 3725 sis
2956 3673 3346 3742 praevaricator
3375 3674 3515 3747 legis

1920 3759 2375 3828 circumcisionis,
2429 3775 2538 3814 non
2587 3759 2961 3816 abscindendo
3001 3760 3130 3816 vitia
3172 3762 3373 3828 cordis,
3407 3763 3518 3818 cir-

1919 3849 2181 3904 cumcisio
2213 3857 2299 3902 tua
2330 3849 2408 3904 sic
2435 3848 2580 3904 facta
2611 3857 2694 3904 est
2722 3851 3067 3920 praeputium,
3103 3850 3155 3904 id
3188 3860 3270 3906 est
3299 3868 3408 3907 non
3440 3863 3521 3909 est

1921 3937 2104 3991 utilior
2151 3937 2246 3991 tibi
2299 3953 2459 4009 quam
2515 3938 2840 4009 praeputium
2883 3939 3096 4009 gentili.
3163 3940 3519 3998 Circumcisio

1921 4026 2123 4083 dicitur
2173 4026 2293 4098 ipsa
2351 4027 2618 4082 munditia
2674 4028 2875 4083 carnis.
2928 4029 3274 4100 Praiputium,
3329 4030 3384 4086 id
3437 4041 3520 4087 est

1923 4131 2054 4171 caro
2112 4133 2234 4186 quae
2289 4117 2682 4187 amputabatur,
2739 4117 2938 4172 dicitur
2985 4117 3101 4188 ipsa
3147 4118 3519 4190 immunditia;

1924 4205 2050 4275 quia
2093 4220 2220 4259 caro
2268 4205 2388 4276 ipsa
2432 4204 2831 4261 reclinatorium
2875 4205 2940 4260 sit
2977 4205 3238 4263 libidinis.
3289 4209 3356 4263 Et
3394 4209 3523 4282 quia

1925 4293 2270 4348 circumcisio
2323 4294 2446 4365 lege
2505 4294 2942 4350 circumcisionis
2999 4311 3108 4351 non
3149 4297 3438 4352 observata
3469 4298 3526 4354 ﬁt

1923 4382 2267 4451 praeputium,
2309 4381 2472 4454 igitur
2519 4382 2862 4453 praeputium,
2901 4384 2947 4437 si
2982 4383 3218 4452 justitias
3247 4385 3389 4457 legis
3419 4387 3525 4442 cir-

1925 4470 2274 4526 cumcisionis
2323 4471 2610 4537 custodiat,
2651 4469 2743 4526 ﬁet
2771 4471 3132 4528 circumcisio.
3183 4473 3293 4529 Sed
3321 4491 3391 4529 ne
3418 4475 3525 4531 ali-

1927 4559 2049 4630 quis
2077 4559 2278 4614 audeat
2318 4559 2691 4614 contradicere
2712 4602 2724 4625 ,
2774 4560 2922 4630 ponit
2951 4561 3051 4614 sub
3080 4561 3524 4636 interrogatione,

1927 4647 2116 4703 dicens
2149 4665 2162 4701 :
2195 4648 2256 4703 Si
2270 4650 2636 4720 prwputium,
2657 4648 2712 4703 id
2729 4657 2808 4704 est
2830 4649 3048 4719 gentilis
3073 4651 3260 4720 (quem
3280 4659 3336 4706 tu
3351 4653 3527 4723 ipsam

1928 4736 2327 4791 immunditiam
2379 4737 2616 4806 judicas,
2679 4746 2731 4793 te
2794 4746 2976 4793 autem
3031 4739 3524 4812 circumcisionem,

1928 4826 1981 4880 id
2013 4834 2096 4881 est
2152 4826 2326 4897 ipsam
2383 4826 2745 4894 munditiam),
2805 4826 2870 4893 si,
2914 4827 3152 4899 inquam,
3199 4831 3526 4902 praeputium

1928 4915 2212 4971 custodiat
2233 4917 2498 4986 justitias
2551 4916 2688 4986 legis
2723 4915 3170 4984 circumcisionis,
3221 4920 3368 4991 quod
3399 4921 3531 4977 vitia

1929 5004 2109 5060 cordis
2138 5004 2439 5073 abscindat,
2474 5004 2636 5060 etiam
2668 5020 2835 5061 carne
2869 5021 2978 5061 non
3010 5015 3304 5079 amputata,
3338 5027 3528 5068 nonne

1929 5095 2276 5165 prazputium
2305 5095 2465 5150 illius
2497 5094 2851 5150 custodientis
2881 5094 3059 5168 legem
3095 5097 3530 5156 circumcisionis

1931 5183 2294 5254 reputabitur
2338 5183 2402 5237 in
2447 5183 2959 5250 circumcisionem,
2993 5183 3048 5240 id
3082 5194 3165 5240 est
3190 5202 3203 5242 :
3228 5203 3409 5243 nonne
3451 5189 3530 5246 sic

1930 5270 2174 5342 proderit
2202 5271 2280 5326 illi
2306 5272 2767 5343 quemadmodum
2791 5273 3135 5330 circumcisio
3154 5275 3239 5330 lex
3261 5277 3533 5334 custodita

1932 5359 2400 5427 circumcisionis;
2442 5368 2495 5416 et
2523 5377 2705 5416 nonne
2731 5361 3055 5432 pra-putium
3095 5365 3240 5436 quod
3279 5374 3362 5420 est
3389 5384 3529 5424 con-

1932 5465 2247 5516 su-mmans,
2283 5449 2338 5504 id
2367 5458 2449 5504 est
2477 5449 2732 5521 implens,
2770 5451 2948 5522 legem
2991 5451 3440 5525 circumcisionis,
3474 5460 3532 5512 et

1935 5538 2033 5594 hoc
2047 5555 2121 5594 ea:
2138 5541 2371 5603 natura,
2396 5537 2449 5592 id
2473 5546 2555 5593 est
2568 5555 2669 5609 per
2685 5538 2979 5594 naturalem
3003 5540 3206 5614 legem,
3219 5544 3524 5614 judicabit,

1934 5628 1988 5683 id
2017 5635 2102 5682 est
2135 5627 2435 5693 damnabit,
2472 5632 2527 5683 te
2561 5629 2966 5699 comparatione
2997 5630 3128 5684 sui?
3156 5639 3227 5698 te,
3261 5633 3404 5700 dico,
3438 5636 3535 5706 qui

1933 5735 1990 5775 es
2021 5719 2427 5788 praevaricator
2458 5717 2590 5789 legis
2623 5726 2852 5774 servatae
2869 5719 3242 5790 perlitteram
3264 5743 3282 5790 ,-
3305 5722 3532 5794 quialit-
