3970 6518
497 432 563 482 35
1036 434 1096 487 Β.
1146 435 1495 490 BRUNONIS
1533 436 2180 496 CARTHUSIANORUM
2221 445 2704 503 INSTITUTORIS
2744 450 2894 505 OPP.
2939 453 3110 507 PARS
3158 454 3221 506 ll.
3688 461 3744 508 36

496 553 726 653 teralem
770 557 1071 653 custodiam
1129 559 1305 631 eligis,
1375 568 1429 614 et
1485 561 1818 632 spiritualem
1874 563 2072 631 rejicis,
2097 567 2150 625 A
2187 591 2207 615 ι
2241 577 2293 622 ct
2325 579 2486 642 egent
2516 572 2692 644 gloria
2741 575 2856 640 Dei,
2901 576 3179 643 justiticati
3211 577 3385 649 gratis
3417 593 3516 647 per
3539 579 3747 650 gratiam

494 646 882 735 praevaricator
911 646 1072 700 etiam
1105 663 1163 702 es
1187 664 1287 718 per
1315 651 1803 706 circumcisionem
1839 651 1892 705 in
1917 669 2078 707 carne
2183 676 2205 705 ς
2244 657 2434 726 ipsius,
2470 678 2569 730 per
2600 662 3031 732 redemptionem
3062 682 3182 735 quae
3212 646 3294 719 est
3324 666 3377 719 in
3409 646 3620 720 Christo
3661 668 3745 722 Je-

493 731 752 825 habitam,
785 742 837 788 et
865 734 919 789 in
949 736 1113 790 corde
1143 752 1253 790 non
1281 737 1642 792 observatam.
1679 739 1816 794 Vere
1849 739 2074 795 circum-
2183 765 2203 792 ι
2241 763 2303 799 su
2329 765 2343 812 ;
2375 765 2537 818 quem
2561 731 2846 820 pr0posuit
2872 753 3019 806 Deus
3049 731 3451 823 prOpitiatorem
3480 772 3580 825 per
3607 754 3749 810 ﬁdem

491 819 626 912 cisio
657 820 711 876 ﬁt
756 824 1098 912 praeputium.
1149 825 1288 878 Nam
1315 827 1410 896 qui
1449 827 1512 880 in
1552 829 1876 897 manifesto,
1913 828 1965 881 id
1996 837 2079 883 est
2181 854 2204 882 ι
2240 834 2292 888 in
2321 819 2584 906 sanguine
2624 819 2813 908 ipsius,
2863 841 2930 894 ad
2979 819 3348 896 ostensionem
3383 819 3604 910 jusiitiaa
3631 860 3746 912 suae,

490 909 608 964 solo
638 911 854 966 nomine
880 912 1101 968 Judzeus
1122 921 1223 980 est,
1256 914 1345 968 hic
1370 930 1478 968 non
1509 923 1589 970 est
1620 916 1924 970 credendus
1955 934 2077 973 esse
2183 942 2205 971 α
2241 933 2463 994 prOpter
2494 927 2870 982 remissionem
2909 930 3332 999 prmcedentium
3361 909 3670 986 delictorum
3697 909 3746 986 in

486 997 744 1088 Iudaeus;
777 1016 953 1071 neque
996 1001 1339 1057 circumcisio
1385 1019 1507 1073 qua:
1555 1011 1638 1057 est
1682 1004 1736 1057 in
1766 1005 2072 1071 manifesto,
2181 1029 2202 1060 ι
2238 1014 2627 1069 sustentatione
2658 1016 2778 1083 Dei,
2814 1017 2881 1070 ad
2912 997 3289 1073 ostensionem
3314 1020 3535 1088 justitia:
3565 1021 3671 1088 ejus
3699 1019 3745 1073 in

490 1093 544 1140 et
571 1086 644 1141 ita
671 1088 816 1176 quod
859 1091 920 1144 in
946 1106 1122 1176 came
1151 1095 1397 1176 tantum.
1434 1099 1486 1146 et
1515 1107 1622 1145 non
1654 1092 1708 1145 in
1739 1093 1922 1158 corde,
1958 1094 2076 1148 haec
2177 1120 2200 1149 α
2237 1100 2341 1156 hoc
2368 1109 2631 1173 tempore,
2664 1113 2722 1158 ut
2750 1105 2816 1158 sit
2847 1106 2962 1176 ipse
2992 1107 3170 1174 justus
3218 1116 3268 1162 et
3310 1086 3612 1176 iustiﬁcans
3639 1125 3746 1162 eum

487 1185 596 1226 non
636 1180 719 1268 es!
765 1172 996 1268 ἀίοέιξάθ
1043 1174 1408 1268 circumcisio:
1458 1176 1659 1268 ῐζτοδτξι
1699 1176 1896 1268 item
1929 1178 2073 1268 qugd
2178 1206 2201 1236 ι
2239 1189 2330 1261 qui
2365 1207 2428 1244 ex
2461 1172 2565 1246 ﬁde
2595 1201 2674 1246 est
2703 1193 2831 1246 Jesu
2862 1172 3080 1248 Christi.
3106 1195 3206 1250 Ubi
3235 1172 3482 1268 estergo
3513 1197 3745 1268 gloriatio

485 1262 810 1355 PmPUtiP’P
855 1263 1016 1355 (δίςυι
1060 1263 1258 1355 dicilfm
1309 1264 1412 1334 θεῖ)
1461 1263 1552 1318 θεῖ
1589 1264 1951 1355 θίνομωοίδίο,
1985 1266 2072 1355 ὧ-
2175 1299 2198 1329 α
2235 1278 2373 1333 tua?
2403 1279 2637 1335 Exclusa
2685 1289 2786 1335 est.
2833 1282 2936 1335 Per
2976 1299 3139 1353 quam
3172 1284 3352 1355 legem
3373 1262 3750 1340 {Factorumi

489 1363 666 1441 cens:
697 1349 999 1441 Judaausiin
1028 1351 1336 1441 manifesto,
1369 1368 1475 1407 non
1513 1354 1850 1422 estJudazus,
1872 1355 1966 1409 sed
1982 1354 2072 1408 ille
2174 1385 2198 1417 ι
2232 1367 2374 1432 Non,
2408 1368 2502 1421 sed
2541 1385 2640 1438 ρει·
2671 1369 2848 1441 legem
2880 1349 3022 1425 ῆάρῖ,
3057 1349 3401 1426 Αι-ωιιῗωηω.
3432 1373 3575 1426 enim
3595 1373 3742 1440 justi-

487 1440 583 1509 qui
611 1439 673 1493 in
699 1440 1039 1506 abscondito,
1073 1440 1127 1494 id
1157 1449 1238 1495 est
1268 1441 1321 1495 in
1344 1456 1571 1511 operum
1617 1442 1944 1498 exhibitione
1974 1445 2065 1498 Ju-

2239 1453 2379 1510 ﬁcari
2413 1457 2694 1510 hominem
2728 1475 2824 1528 per
2852 1458 3012 1512 ﬁdem
3044 1459 3160 1514 sine
3185 1461 3444 1530 operibus
3475 1461 3634 1531 legis.
3671 1464 3747 1516 An

665 1532 767 1596 δεῖ»
788 1527 902 1620 ﬁmi
933 1544 1040 1583 "0n
1070 1537 1295 1620 YOCCWI‘
1323 1530 1427 1620 1100
1456 1530 1714 1620 nomine;
1743 1535 1799 1620 et
1827 1532 2070 1620 Circum-
2173 1563 2195 1593 ι
2229 1543 2541 1598 Judzeorum
2573 1525 2954 1600 Deus'tantum
2977 1549 3005 1602 ?
3033 1525 3237 1603 Nonne-
3258 1557 3308 1603 et
3331 1525 3570 1620 gentium
3592 1551 3618 1604 ?
3645 1551 3750 1605 lmo

483 1615 618 1709 ξίδίς)
667 1616 851 1671 cordi:
893 1619 1152 1709 Ϊξιείίξίη
1198 1619 1428 1709 δρίτίέαν
1480 1619 1534 1672 id
1582 1619 2070 1709 θδξερίΐίῑυδιίιει*
2172 1655 2192 1678 υ
2228 1641 2286 1686 et
2313 1633 2579 1704 gentium.
2632 1633 2898 1702 Quoniam
2928 1637 3146 1706 quidem
3194 1615 3444 1691 unusvest
3471 1639 3634 1703 Deus,
3666 1639 3750 1709 qui

482 1702 718 1797 ίπιΡῙεέξέ,
767 1721 885 1797 τίθη
925 1705 996 1797 ίη-
1039 1707 1268 1797 utterly
1302 1705 1488 1797 idne“
1521 1723 1627 1762 Ποη
1659 1707 1979 1775 “neraliter;
2013 1718 2069 1763 ιιι
2171 1741 2193 1770 ι
2223 1702 2478 1788 justiﬁcat
2507 1702 2978 1778 circumcisionem
3000 1742 3064 1779 ex
3088 1724 3212 1791 ﬁde,
3251 1702 3632 1796 etpraeputium
3661 1702 3752 1797 per

482 1793 751 1886 θξιιζῐιαιῖες
780 1794 895 1848 113130
918 1794 1110 1886 Plui“?
1140 1795 1437 1886 δρίιξῐυξὶίε
1467 1803 1555 1886 est
1578 1804 1632 1849 et
1654 1811 1804 1886 ivgera
1832 1797 2066 1886 cirrcum-
2169 1831 2191 1855 α
2227 1807 2408 1864 ﬁdem.
2456 1811 2655 1882 Legem
2688 1829 2819 1881 ergo
2853 1813 3180 1868 destruimus
3202 1831 3299 1886 per
3319 1793 3487 1870 ﬁdem
3512 1816 3540 1869 ?
3568 1793 3712 1870 Absit
3737 1815 3749 1870 ι

481 1881 615 1978 cisio
636 1897 648 1936 :
667 1884 813 1938 Laus
833 1884 1013 1953 cujus,
1035 1883 1088 1982 id
1118 1891 1200 1937 est
1230 1882 1382 1939 19
1405 1901 1524 1955 qum
1542 1883 1827 1938 laudabilis
1842 1885 2067 1940 circum-
2093 1923 2146 1982 B
2172 1918 2194 1947 ι
2231 1897 2338 1952 sed
2369 1881 2555 1971 legem
2579 1901 2883 1955 statuimus,
2924 1923 2946 1951 ι

481 1969 615 2025 cisio
645 1987 761 2024 non
787 1974 871 2026 est
917 1987 991 2026 ea:
1038 1969 1373 2042 hominibus,
1420 1973 1515 2027 sed
1543 1977 1628 2028 est
1657 1989 1730 2028 ex
1759 1975 1886 2029 Deo.
1918 1973 2065 2028 Deus

481 2058 624 2114 enim
668 2058 820 2114 solus
860 2059 1124 2128 justitiam
1173 2061 1354 2116 cordis
1403 2061 1534 2115 dare
1575 2069 1785 2132 potest;
1818 2062 2065 2118 homines
2769 2106 3084 2147 Exmsmo.

474 2162 606 2204 vero
634 2155 917 2219 amputare
947 2163 1190 2216 carnem,
1224 2158 1276 2204 et
1296 2149 1427 2203 nihil
1456 2149 1602 2204 aliud
1630 2159 1881 2221 possunt.

2239 2241 2380 2310 Quia
2409 2242 2659 2314 probavit
2689 2243 2940 2314 superius
2984 2243 3303 2315 praeputium
3353 2243 3473 2300 ﬁeri
3519 2245 3749 2301 circum-

1107 2291 1333 2347 CAPUT
1364 2292 1456 2346 Ill.
2200 2331 2210 2341 ,
2247 2291 2380 2341 tr"
2409 2291 2658 2314 r""'--
2690 2291 2940 2341 --τ--ητ
2985 2291 3303 2342 Γ·“Ί’.ν-ἷ·--·-
3355 2291 3716 2343 "nam--."

2164 2346 2449 2397 cnsnonem,
2481 2340 2533 2386 et
2563 2348 2861 2388 econverso
2890 2348 3357 2388 cxrcumcrsxonem
3389 2332 3504 2388 ﬁeri
3535 2351 3750 2405 praepu-

546 2441 568 2466 υ
604 2415 748 2486 Quid
779 2432 913 2490 ergo
942 2415 1174 2487 amplius
1203 2415 1391 2471 Iudaeo
1432 2415 1559 2470 est?
1587 2423 1678 2470 aut
1717 2431 1835 2486 quae
1863 2415 2061 2471 utilitas
2161 2420 2314 2486 tium,
2366 2429 2667 2490 opponeret
2713 2436 2812 2490 per
2858 2421 2963 2475 hoc
3007 2421 3250 2489 Iudaeus,
3290 2421 3458 2476 nihilo
3505 2422 3622 2491 plus
3652 2424 3750 2477 sub

475 2527 498 2556 ι
532 2505 1008 2562 circumcisionis?
1041 2505 1263 2560 Multum
1297 2522 1396 2575 per
1423 2520 1640 2559 omnem
1671 2505 1910 2559 modum.
1946 2505 2059 2559 Pri-
2161 2509 2373 2563 Veteris
2404 2510 2736 2563 Testamenti
2785 2517 2925 2563 statu
2964 2509 3218 2564 collatum
3259 2526 3380 2564 esse
3426 2510 3548 2576 sibi,
3591 2527 3750 2581 quam

474 2615 497 2646 ι
529 2611 676 2650 mum
723 2595 962 2667 quidem,
998 2595 1126 2666 quia
1158 2595 1364 2650 credita
1395 2602 1520 2647 sunt
1551 2593 1657 2647 illis
1690 2593 1905 2664 eloquia
1935 2593 2054 2647 Dei.
2159 2597 2366 2668 gentili.
2415 2597 2498 2651 Ad
2542 2599 2645 2652 hoc
2685 2597 3038 2651 refellendum
3091 2598 3161 2651 ait
3213 2597 3411 2652 Paulus
3459 2598 3751 2654 inserendo

473 2706 486 2731 ‹
531 2683 672 2752 Quid
717 2684 858 2739 enim
891 2683 936 2737 si
984 2683 1200 2754 quidam
1239 2683 1456 2737 illorum
1503 2697 1611 2736 non
1664 2681 2058 2737 crediderunt?
2160 2686 2524 2753 objectionem
2570 2686 2741 2740 Judaei
2776 2704 2788 2740 :
2822 2685 2962 2753 Quia
3008 2686 3118 2740 dixi
3172 2686 3494 2756 praeputium
3520 2688 3754 2756 reputari

469 2796 491 2821 ε
525 2773 780 2844 Nunquid
809 2772 1160 2828 incredulitas
1189 2771 1401 2826 illorum
1424 2770 1586 2826 ﬁdem
1607 2770 1706 2825 Dei
1728 2772 2006 2826 evacuavit
2028 2773 2056 2826 τ
2157 2773 2210 2828 in
2243 2774 2734 2844 circumcisionem,
2782 2782 2834 2828 et
2877 2791 3198 2839 econverso,
3231 2791 3362 2845 ergo
3395 2783 3618 2845 propter
3646 2776 3754 2832 hoc

469 2885 490 2908 α
528 2861 714 2916 Absit!
748 2863 843 2916 Est
871 2870 1049 2915 autem
1081 2861 1227 2915 Deus
1258 2875 1439 2925 verax,
1474 2860 1651 2914 omnis
1681 2867 1858 2913 autem
1892 2861 2054 2915 homo
2155 2862 2396 2917 dicturus
2427 2872 2510 2917 est
2539 2863 2668 2916 mihi
2703 2880 2715 2916 :
2750 2863 2891 2929 Quid
2921 2865 3166 2934 amplius
3213 2863 3462 2918 collatum
3496 2879 3617 2917 esse
3644 2866 3752 2920 Ju-

470 2973 491 2997 ι
526 2949 780 3016 mendax,
805 2949 943 3006 sicut
965 2949 1228 3018 scriptum
1249 2956 1331 3002 est
1359 2966 1372 3003 :
1395 2969 1417 2997 «
1445 2949 1510 3003 Ut
1524 2946 1839 3016 justiﬁceris
1861 2947 1914 3001 in
1937 2965 2053 3003 ser-
2153 2951 2269 3006 daeo
2297 2950 2351 3004 in
2377 2951 2549 3006 veteri
2580 2960 2742 3015 statu,
2776 2967 2938 3021 quam
2970 2951 3209 3022 gentili?
3239 2955 3341 3005 aut
3380 2968 3500 3022 quae
3521 2952 3749 3006 utilitas

466 3058 490 3088 α
524 3037 778 3093 monibus
798 3037 922 3102 tuis,
948 3044 999 3091 et
1016 3037 1200 3091 vincas
1219 3052 1338 3090 cum
1355 3036 1621 3104 judicaris
1642 3037 1818 3105 (Psal.
1844 3051 1895 3100 ι,
1920 3038 1994 3105 6).
2023 3057 2046 3087 ι
2153 3036 2251 3091 fuit
2279 3039 2726 3094 circumcisio-nis
2756 3038 2965 3101 Iudaeo,
2998 3054 3123 3093 cum
3153 3037 3341 3109 gentili
3370 3037 3513 3092 idem
3543 3039 3754 3094 valeret

467 3150 488 3174 ιι
513 3127 568 3182 Si
585 3134 764 3181 autem
785 3125 1040 3197 iniquitas
1061 3132 1251 3178 nostra
1265 3123 1525 3192 justitiam
1563 3124 1661 3178 Dei
1683 3125 2047 3192 commendat,
2150 3126 2518 3197 praeputium?
2551 3128 2650 3180 Pro
2682 3126 2850 3180 nihilo
2891 3126 3172 3180 videretur
3210 3125 3344 3179 facta
3385 3126 3749 3197 circumcisio,

465 3237 488 3267 ι
525 3214 654 3287 quid
682 3214 925 3270 dicemus
945 3214 971 3268 ‘P
999 3213 1251 3284 Nunquid
1298 3212 1515 3282 iniquus
1553 3220 1636 3266 est
1664 3212 1809 3266 Deus
1841 3213 1932 3283 qui
1962 3213 2049 3267 in-
2078 3278 2116 3288 Α
2150 3213 2238 3269 lex
2270 3214 2540 3285 superﬂue
2571 3214 2715 3280 data,
2749 3214 2796 3269 si
2823 3213 3030 3284 absque
3060 3215 3142 3267 his
3172 3213 3343 3283 potuit
3373 3214 3574 3270 bonum
3604 3215 3751 3288 legis

464 3325 487 3355 ι
520 3278 621 3360 fert
645 3303 822 3359 iram?
852 3278 1160 3358 Secundum
1191 3278 1462 3356 hominem
1494 3300 1637 3356 dico.
1671 3300 1824 3354 Absit
1849 3278 1872 3355 ί
1894 3301 2046 3356 Alio-
2070 3278 2119 3342 Ο
2149 3311 2201 3357 et
2231 3278 2662 3357 circumcisionis
2690 3278 2894 3361 haberi.
2937 3278 3076 3356 sicut
3105 3278 3407 3356 osienditur
3435 3302 3489 3356 in
3532 3278 3748 3374 gentili.

468 3416 490 3441 ε
527 3393 657 3464 quin
705 3391 979 3464 quomodo
1012 3389 1274 3459 judicabit
1320 3390 1468 3444 Deus
1496 3390 1637 3444 hunc
1666 3389 1962 3443 mundum?
1989 3390 2045 3444 Si
2149 3391 2345 3445 Habuit
2373 3391 2558 3461 utique
2596 3390 2817 3445 Judaeus
2862 3389 2916 3443 in
2947 3389 3116 3445 veteri
3147 3397 3286 3443 statu
3317 3391 3483 3446 multo
3513 3391 3754 3461 amplius

465 3504 485 3528 ι.
526 3481 670 3536 enim
701 3480 902 3536 veritas
943 3479 1043 3535 Dei
1073 3478 1128 3533 in
1173 3493 1297 3532 meo
1336 3477 1618 3533 mendacio
1666 3477 1962 3532 abundavit
1991 3478 2045 3532 in
2147 3480 2401 3534 collatum
2432 3479 2534 3532 sibi
2566 3479 2752 3549 (etiam
2784 3478 2829 3531 si
2861 3493 2970 3532 non
2992 3478 3342 3545 observavit),
3378 3496 3537 3550 quam
3568 3480 3754 3551 genti-

463 3589 482 3622 ι
519 3569 749 3642 gloriam
778 3568 968 3639 ipsius,
1021 3567 1149 3639 quid
1179 3567 1356 3622 adhuc
1395 3574 1448 3620 et
1496 3581 1602 3637 ego
1632 3574 1884 3636 tanquam
1909 3581 2043 3635 pec-
2144 3568 2212 3622 lis
2237 3586 2250 3633 ;
2283 3568 2427 3638 quod
2458 3567 2601 3622 enim
2632 3567 2987 3622 circumcisus
3016 3575 3098 3621 est
3141 3574 3194 3622 et
3225 3567 3448 3621 edoctus
3477 3568 3545 3622 de
3575 3577 3751 3623 caete-

462 3679 484 3708 α
521 3666 673 3713 calor
701 3657 958 3726 iudicor?
993 3655 1061 3712 Et
1082 3671 1188 3710 non
1212 3655 1349 3709 sicut
1369 3654 1814 3724 blasphemamur
1833 3661 1886 3708 et
1907 3653 2046 3708 sicut
2146 3656 2220 3710 ris
2250 3656 2306 3710 in
2334 3656 2480 3727 lege,
2513 3655 2937 3726 praeparationes
2969 3655 3124 3709 bonae
3166 3654 3382 3709 fuerunt
3413 3663 3466 3710 et
3495 3657 3751 3726 quaedam

465 3769 487 3798 ι
519 3750 668 3802 aiunt
707 3746 928 3817 quidam
979 3761 1080 3800 nos
1127 3745 1328 3812 dicere,
1384 3743 1644 3798 faciamus
1685 3741 1827 3796 mala
1856 3749 1914 3795 ut
1943 3758 2042 3797 ve-
2144 3745 2545 3812 instructiones,
2591 3744 2662 3798 ad
2702 3743 3110 3812 intelligendum
3150 3742 3313 3798 ﬁdem
3355 3743 3580 3798 Christi.
3635 3744 3754 3799 Sed

463 3859 486 3884 α
518 3836 666 3890 niant
697 3836 856 3902 bona,
891 3850 1120 3906 quorum
1149 3831 1424 3887 damnatio
1457 3832 1605 3901 justa
1641 3838 1742 3885 est.
1777 3829 1919 3897 Quid
1949 3846 2042 3886 er-
2144 3832 2363 3905 gentilis
2393 3832 2593 3887 nullam
2621 3831 2838 3903 penitus
2865 3831 3024 3886 20
3055 3832 3488 3897 instructionem,
3542 3841 3752 3902 praeter

459 3946 482 3976 ι
519 3941 592 3995 go
611 3924 639 3977 7
665 3923 1032 3979 Praecellimus
1062 3937 1155 3977 eos
1175 3921 1201 3974 ‘I
1231 3922 1612 3991 Nequaquam.
1647 3919 1868 3973 Causati
1897 3919 2043 3973 enim
2143 3921 2446 3975 naturalem
2475 3920 2806 3976 intellectum
2836 3919 3042 3974 habuit.
3094 3921 3217 3974 Non
3261 3927 3444 3974 tamen
3495 3922 3751 3992 amplius

459 4037 480 4061 α
500 4029 688 4069 sumus
707 4012 922 4066 Judmos
943 4019 995 4066 et
1016 4011 1237 4066 Graecos
1249 4025 1438 4065 omnes
1455 4009 1553 4063 sub
1570 4015 1792 4078 peccato
1814 4024 1954 4074 esse,
1972 4007 2044 4062 si-
2143 4006 2266 4061 dico
2295 4006 2481 4062 Iudaeo
2503 4006 2643 4077 quod
2670 4005 2725 4058 in
2756 4005 2863 4058 ﬁde
2893 4003 3090 4058 Christi
3119 4003 3336 4075 dignior
3363 4003 3647 4059 habendus
3674 4005 3753 4059 sit

459 4126 481 4150 σε
507 4109 597 4158 cut
617 4100 873 4171 scriptum
899 4107 981 4156 est
1004 4118 1016 4153 :
1043 4099 1169 4170 quia
1181 4113 1289 4154 non
1309 4105 1390 4153 est
1405 4097 1584 4166 justus
1605 4097 1908 4166 quisquam,
1933 4111 2040 4150 non
2140 4096 2362 4166 gentili,
2397 4094 2493 4149 sed
2540 4093 2724 4164 utique
2761 4092 2940 4165 magis
2970 4101 3302 4163 prmparatus
3331 4099 3413 4146 est
3442 4093 3509 4146 ad
3537 4092 3737 4148 ﬁdem.

461 4213 481 4239 ε
516 4199 598 4246 est
617 4188 947 4260 intelligens,
979 4203 1091 4243 non
1119 4195 1202 4242 est
1221 4187 1507 4258 requirens
1524 4186 1699 4240 Deum
1720 4185 1896 4253 (Psal.
1917 4199 2037 4253 xm,
2142 4182 2322 4251 Quare
2353 4183 2398 4236 si
2427 4198 2536 4237 non
2565 4181 2841 4237 consensit
2870 4179 3016 4246 ﬁdei,
3051 4180 3228 4252 magis
3257 4180 3544 4235 damnatus
3575 4197 3748 4252 quam

454 4302 476 4331 ι
502 4280 578 4350 2).
604 4299 626 4328 ι
653 4277 857 4335 Omnes
870 4276 1298 4344 declinaverunt,
1321 4272 1714 4329 simulinutiles
1730 4273 1854 4328 facti
1876 4281 2036 4327 sunt:
2142 4272 2359 4343 gentilis
2384 4290 2399 4334 ς
2430 4271 2476 4325 si
2497 4287 2625 4326 vero
2671 4269 2967 4334 consensit,
3013 4283 3122 4323 non
3152 4277 3330 4323 tamen
3359 4268 3615 4340 gentilem
3649 4270 3748 4324 di-

461 4391 482 4420 ι
517 4384 627 4424 non
655 4375 738 4423 est
771 4366 864 4438 qui
892 4365 1055 4421 faciat
1084 4367 1306 4429 bonum,
1333 4378 1440 4418 non
1473 4370 1555 4418 est
1575 4377 1748 4433 usque
1777 4361 1845 4416 ad
1875 4377 2040 4416 unum
2141 4360 2346 4431 gnitate
2375 4358 2500 4414 ﬁdei
2529 4358 2782 4414 excessit.
2817 4357 3032 4426 Quaeris
3063 4357 3191 4428 quid
3213 4357 3447 4426 amplius
3475 4357 3746 4412 collatum

453 4482 474 4506 α
508 4457 689 4527 (Ibid.,
712 4456 790 4526 3.)
817 4479 837 4504 η
865 4454 1186 4526 Sepulcrum
1202 4461 1396 4524 patens
1413 4459 1494 4506 est
1513 4458 1695 4522 guttur
1715 4465 1924 4516 eorum,
1947 4449 2041 4505 lin-
2140 4449 2210 4502 sit
2235 4449 2422 4503 Judaao
2447 4446 2458 4501 l
2493 4448 2733 4503 Multum
2764 4445 2973 4516 utique,
3006 4453 3059 4499 et
3085 4461 3188 4517 per
3225 4461 3446 4502 omnem
3476 4446 3739 4514 modum,

453 4567 476 4597 ι
508 4545 630 4618 guis
661 4545 774 4600 suis
816 4543 1008 4599 dolose
1033 4544 1291 4615 agebant,
1335 4555 1609 4595 venenum
1658 4538 1907 4608 aspidum
1938 4538 2037 4592 sub
2139 4545 2193 4592 et
2223 4536 2522 4592 secundum
2569 4535 2825 4600 animam,
2873 4541 2925 4588 et
2974 4533 3274 4588 secundum
3328 4549 3544 4603 corpus,
3597 4541 3651 4587 et
3686 4533 3749 4588 in

451 4659 472 4682 α
506 4635 664 4690 labiis
702 4649 893 4690 eorum
923 4632 1127 4703 (Ibid.).
1164 4650 1187 4680 ι
1223 4629 1467 4698 Quorum
1497 4644 1559 4682 os
1581 4627 1956 4682 maledictione
1987 4635 2039 4683 et
2058 4631 2110 4690 D
2139 4641 2486 4696 unoquoque,
2540 4631 2590 4678 et
2636 4624 2691 4676 in
2721 4638 2954 4692 corpore
2985 4629 3039 4676 et
3066 4622 3120 4676 in
3149 4621 3348 4689 anima,
3390 4621 3556 4676 multa
3588 4621 3751 4677 bona

451 4745 473 4776 ι
499 4722 862 4779 amaritudine
879 4721 1100 4792 plenum
1117 4727 1216 4785 est,
1240 4718 1456 4773 veloces
1472 4716 1640 4787 pedes
1659 4731 1844 4770 eorum
1863 4716 1927 4769 ad
1950 4714 2034 4771 ef-
2138 4714 2277 4769 facta
2309 4722 2434 4768 sunt
2477 4713 2687 4776 Iudaeo,
2741 4727 2969 4781 quorum
3020 4709 3151 4764 nihil
3181 4709 3400 4782 gentilis
3430 4709 3638 4764 habuit.
3675 4710 3747 4764 In

449 4836 472 4861 κ
499 4810 835 4868 fundendum
865 4809 1186 4881 sanguinem
1209 4805 1410 4877 (Ibid.).
1441 4829 1462 4852 ι»
1485 4803 1744 4859 Contritio
1774 4812 1824 4858 et
1859 4803 2038 4859 infeli—
2136 4818 2385 4873 corpore,
2419 4801 2543 4873 quia
2592 4799 2840 4854 liberavit
2878 4815 2974 4854 eos
3003 4798 3072 4854 ab
3103 4798 3356 4867 inimicis,
3388 4807 3444 4854 et
3472 4797 3622 4853 dedit
3655 4800 3748 4854 eis

450 4926 472 4950 ει
509 4902 642 4958 citas
663 4901 718 4955 in
735 4899 837 4955 viis
859 4913 1064 4965 eorum,
1091 4905 1144 4952 et
1161 4897 1306 4951 viam
1325 4896 1478 4966 pacis
1498 4910 1607 4949 non
1627 4903 2030 4964 cognoverunt;
2134 4899 2336 4946 terram
2374 4887 2836 4972 repromissiopis,
2875 4895 2978 4942 etc.
3011 4887 3071 4942 In
3091 4887 3291 4952 anima,
3318 4886 3446 4958 quia
3475 4887 3749 4941 instruxit

450 5014 472 5039 ε
501 5006 610 5046 non
627 4997 711 5044 est
729 4987 890 5043 timor
909 4986 1012 5042 Dei
1031 4994 1155 5040 ante
1171 4984 1357 5040 oculos
1370 5000 1554 5038 eorum
1569 4983 1800 5052 (Ibid.).»
1823 4981 2032 5037 Scimus
2135 4997 2230 5035 eos
2259 4996 2359 5050 per
2388 4979 2589 5050 legem,
2624 4986 2678 5032 et
2723 4977 3028 5031 habuerunt
3071 4976 3436 5048 cognitionem
3466 4975 3587 5041 Dei,
3623 4984 3744 5032 etc.

452 5103 472 5126 ει
510 5085 692 5134 autem
731 5075 989 5147 quoniam
1009 5089 1346 5146 quaecunque
1379 5070 1842 5143 lexloquitur,his
1863 5070 2030 5141 quiin
2133 5070 2202 5124 Et
2257 5067 2428 5122 multa
2485 5066 2679 5120 similia
2734 5065 2959 5120 contulit
3006 5064 3104 5132 eis,
3153 5073 3206 5120 et
3234 5064 3287 5118 in
3335 5080 3559 5135 corpore
3592 5070 3650 5118 et
3683 5065 3752 5118 in

449 5191 471 5216 σε
506 5168 630 5238 lege
653 5173 777 5221 sunt
797 5164 1051 5235 loquitur,
1077 5168 1135 5218 ut
1154 5178 1315 5218 omne
1335 5177 1398 5216 os
1415 5161 1745 5227 obstruatur,
1771 5168 1823 5215 et
1846 5159 2032 5213 subdi-
2131 5157 2329 5212 anima.
2351 5157 2430 5212 De
2453 5155 2648 5226 quibus
2668 5153 2741 5208 ait
2762 5154 2960 5208 Paulus
2993 5169 3006 5206 :
3039 5152 3200 5208 Multa
3223 5152 3438 5224 quidem
3458 5167 3747 5222 reponere

449 5279 472 5308 ι
506 5265 588 5310 tus
621 5253 713 5309 ﬁat
742 5253 920 5308 omnis
948 5253 1178 5307 mundus
1199 5253 1354 5317 Deo;
1383 5251 1506 5322 quia
1527 5267 1592 5304 ex
1613 5249 1872 5320 cperibus
1891 5247 2031 5318 legis
2130 5261 2352 5316 possem
2399 5244 2470 5298 ad
2518 5242 2979 5313 comprobandum
3027 5241 3257 5312 amplius
3294 5257 3416 5297 esse
3464 5241 3748 5297 collatum

449 5369 470 5393 α
505 5359 615 5400 non
639 5340 1017 5414 justiﬁcabitur
1043 5341 1218 5397 omnis
1240 5355 1370 5396 caro
1391 5355 1576 5395 coram
1597 5338 1712 5394 illo.
1733 5339 1835 5393 Per
1849 5337 2030 5408 legem
2129 5334 2317 5389 Judaao
2365 5349 2525 5403 quam
2569 5331 2794 5404 gentili;
2819 5332 2915 5387 sed
2951 5333 3220 5403 primum,
3275 5329 3329 5384 id
3359 5337 3441 5384 est
3471 5329 3596 5400 quia
3627 5329 3752 5386 hoc

443 5455 465 5484 α
502 5432 645 5488 enim
705 5430 942 5501 cognitio
984 5430 1210 5500 peccati.
1256 5430 1412 5483 Nunc
1453 5436 1632 5482 autem
1675 5425 1880 5494 justitia
1929 5425 2030 5479 Dei
2131 5421 2482 5494 pracipuum,
2515 5421 2693 5476 estad
2723 5420 3064 5491 probandum
3091 5417 3240 5491 quod
3267 5418 3488 5473 intendo
3517 5434 3746 5488 ponam

445 5544 468 5573 ι
505 5521 621 5576 sine
647 5521 772 5592 lege
801 5518 1142 5574 manifestata
1173 5526 1274 5583 est,
1308 5515 1590 5571 testiﬁcata
1617 5531 1648 5568 a
1677 5514 1798 5585 lege
1824 5522 1877 5568 et
1904 5528 2027 5583 pro-
2129 5511 2292 5576 istud,
2325 5509 2448 5565 ideo
2479 5510 2710 5580 amplius
2749 5510 3004 5564 collatum
3048 5524 3171 5563 esse
3199 5507 3402 5572 Iudico,
3437 5507 3569 5578 quia
3598 5523 3752 5563 cre-

445 5633 467 5660 .
502 5609 699 5682 phetis.
731 5607 941 5662 Justitia
989 5615 1170 5662 autem
1199 5606 1299 5660 Dei
1327 5622 1427 5676 per
1457 5604 1616 5658 ﬁdem
1646 5604 1775 5657 Jesu
1805 5601 2024 5670 Christi,
2129 5601 2268 5669 dita,
2330 5598 2382 5653 id
2442 5607 2521 5654 est
2564 5598 2840 5669 proposita
2897 5604 3021 5651 sunt
3064 5596 3170 5650 illis
3214 5595 3284 5650 ad
3313 5593 3750 5650 instructionem

447 5723 469 5747 α
500 5699 554 5753 in
602 5714 794 5753 omnes
839 5705 891 5752 et
920 5711 1080 5767 super
1127 5711 1318 5750 omnes
1357 5693 1449 5764 qui
1492 5692 1722 5748 credunt
1763 5691 1819 5744 in
1866 5706 2016 5746 eum.
2127 5704 2313 5744 eorum
2343 5689 2561 5760 eloquia
2594 5688 2711 5752 Dei,
2744 5693 3016 5757 praecepta
3043 5701 3161 5756 quae
3178 5686 3322 5739 Deus
3343 5683 3494 5738 dedit
3514 5684 3570 5737 in
3593 5683 3742 5757 lege

442 5812 462 5837 ι
499 5788 621 5844 Non
650 5787 794 5844 enim
824 5793 907 5841 est
931 5783 1222 5840 distinctio.
1259 5782 1462 5838 Omnes
1483 5780 1627 5837 enim
1646 5787 2023 5852 peccaverunt,
2127 5785 2179 5832 et
2204 5775 2501 5848 prophetis.
2551 5775 2750 5830 Contra
2794 5775 2899 5830 hoc
2943 5773 3162 5829 Judaaus
3191 5773 3384 5828 iterum
3419 5787 3430 5825 :
3465 5773 3571 5828 Per
3601 5772 3750 5827 data
