3970 6504
175 406 230 456 37
798 396 1174 454 EXPOSITIO
1207 397 1279 452 ΙΝ
1319 395 1697 451 EPISTULAS
1745 396 1970 451 PAULI.
2007 426 2072 436 —
2105 398 2174 451 IN
2228 397 2446 452 EPIST.
2497 399 2592 452 AD
2640 398 2810 455 ROM.
3383 403 3450 453 38

169 523 353 596 eloquia
381 523 624 594 amplius
655 538 762 578 non
792 522 889 578 fuit
932 523 1123 578 Judaeo
1172 538 1332 594 quam
1364 521 1572 594 gentili,
1617 520 1744 593 quia
1761 525 1817 583 Α
1843 528 2068 592 peccata
2099 522 2376 577 hominum
2403 566 2414 589 ,
2449 530 2598 604 tanto
2629 521 2925 596 gloriosior
2973 529 3257 594 appareret
3284 523 3454 590 Deus,

166 631 256 670 non
282 613 513 668 credidit.
546 613 774 684 eloquiis
802 611 928 667 Dei.

228 703 350 757 Vere
380 701 455 756 ait
487 701 687 756 Paulus
713 717 724 754 :
757 700 988 772 amplius
1020 717 1121 772 per
1148 700 1357 756 credita
1407 699 1624 772 eloquia
1653 699 1750 754 fuit

167 792 330 847 ludaao
355 810 369 858 ;
401 793 537 863 quia
565 792 616 846 si
644 791 870 863 quidam
887 791 1120 846 illorum
1140 790 1452 845 Judmorum
1482 806 1598 845 non
1628 806 1748 845 cre-

171 882 419 938 diderunt
452 879 686 952 eloquiis
716 880 834 945 Dei,
866 887 916 935 et
961 879 1087 934 ideo
1139 879 1411 950 reprobati
1445 886 1587 946 sunt,
1619 878 1748 950 quid

170 969 375 1041 impedit
405 969 478 1023 ad
518 969 625 1024 hoc
673 976 729 1022 ut
758 984 868 1024 non
897 968 965 1022 sit
995 968 1227 1039 amplius
1265 968 1519 1024 collatum
1560 967 1750 1023 Judaao

170 1075 310 1131 quam
338 1057 530 1129 gentili
552 1058 579 1112 ‘?
628 1056 774 1111 Nihil
806 1056 992 1129 utique
1023 1057 1276 1128 impedit;
1311 1057 1455 1128 quia,
1489 1064 1748 1128 quantum

167 1147 215 1202 in
242 1149 348 1202 Deo
377 1145 494 1212 fuit,
530 1146 852 1218 praeparavit
880 1161 975 1202 eos
1005 1147 1076 1200 ad
1095 1144 1278 1212 fidem,
1312 1146 1438 1202 licet
1485 1144 1749 1201 increduli

1850 610 2126 666 dimittens
2155 612 2357 678 omnia,
2391 620 2654 684 quotquot
2692 620 2894 679 essent,
2947 612 3276 683 accipientes
3323 613 3452 668 inde

1850 701 2224 767 occasionem;
2258 702 2383 774 quia
2414 704 2510 758 ubi
2539 703 2845 758 abundavit
2900 703 3192 771 delictum,
3254 719 3453 775 super-

1851 791 2162 846 abundavit
2189 792 2264 846 ibi
2293 793 2502 862 gratia,
2531 799 2584 846 et
2613 791 2826 846 similia.
2864 790 3023 860 Quod
3047 793 3134 848 hic
3163 792 3449 848 destruere

1850 878 2157 952 ingreditur
2187 879 2402 946 Paulus,
2434 887 2487 935 et
2517 880 2650 934 satis
2696 881 2836 936 bene
2867 881 2938 936 ad
2979 897 3115 936 rem.
3166 880 3266 937 Hic
3305 881 3450 936 enim

1849 967 2104 1038 probabit
2133 983 2348 1024 omnem
2382 969 2614 1024 salutem
2644 985 2764 1024 esse
2784 985 2847 1024 ex
2872 969 3051 1042 gratia
3083 969 3202 1036 Dei,
3235 977 3290 1026 et
3317 969 3455 1025 nihil

1851 1073 1916 1111 ex
1945 1057 2141 1112 merito
2168 1058 2422 1124 hominis,
2456 1057 2646 1114 dicens
2679 1076 2692 1112 :
2727 1057 2863 1127 Quia
2894 1058 3072 1113 omnis
3099 1059 3264 1114 homo
3292 1075 3452 1114 men-

1852 1146 1955 1200 dax
1988 1146 2395 1202 reusinventus
2447 1155 2560 1214 est;
2611 1149 2758 1202 Deus
2807 1155 2989 1202 autem
3039 1163 3258 1203 omnem
3296 1165 3452 1204 reum

169 1236 612 1310 permansissent.
647 1237 789 1290 Vere
820 1235 865 1290 si
894 1235 1116 1307 quidam
1144 1235 1362 1290 illorum
1408 1250 1518 1290 non
1563 1233 1749 1291 credi-
1845 1233 2150 1303 justiﬁcans
2179 1252 2244 1290 ex
2268 1236 2444 1306 gratia
2473 1235 2530 1290 in
2554 1236 2840 1307 promissis
2878 1252 3040 1291 verax
3063 1244 3163 1291 est.
3197 1237 3300 1291 Per
3348 1237 3454 1293 hoc

171 1327 363 1394 derunt,
395 1325 532 1379 nihil
563 1324 789 1395 impedit
821 1343 836 1391 ;
869 1325 996 1396 quia
1021 1326 1186 1391 Deus,
1220 1325 1367 1396 quod
1401 1324 1744 1394 promiserat,

167 1423 373 1486 propter
403 1413 844 1469 incredulitatem
877 1428 1086 1480 eorum,
1120 1413 1348 1484 implere
1378 1429 1488 1468 non
1512 1412 1741 1467 dimisit.

168 1503 417 1576 Nunquid
448 1503 594 1557 enim
622 1503 1000 1558 incredulitas
1021 1519 1213 1558 eorum
1232 1501 1590 1573 quorumdam
1617 1518 1748 1558 eva-

164 1595 341 1650 cuavit
367 1592 540 1661 ﬁdem
565 1635 578 1657 ,
612 1591 666 1645 id
696 1599 778 1646 est
799 1591 1166 1662 impletionem
1189 1591 1586 1662 promissorum
1605 1589 1750 1646 Dei?

163 1682 298 1738 Nihil
327 1681 512 1753 utique
544 1696 735 1736 eorum
767 1697 887 1752 qua:
925 1681 1175 1750 promisit
1224 1681 1371 1736 Deus
1419 1680 1749 1750 inexpletum

161 1770 370 1835 dimisit,
408 1777 462 1824 et
491 1769 615 1824 ideo
646 1769 778 1823 nihil
800 1769 1033 1840 amplius
1065 1769 1288 1839 impedit
1344 1768 1603 1823 habuisse
1657 1769 1751 1822 Ju-

1851 1331 2074 1393 apparet
2103 1325 2250 1395 quod
2279 1325 2557 1397 iniquitas
2588 1329 2786 1381 nostra
2806 1325 3167 1381 commendat
3191 1324 3453 1394 justitiam

1851 1413 1970 1480 Dei,
2005 1413 2059 1467 id
2090 1421 2175 1467 est
2218 1413 2713 1470 commendabilem
2742 1413 2871 1470 facit
2893 1415 3087 1479 Deum,
3133 1430 3233 1486 per
3278 1415 3455 1470 solam

1851 1502 2082 1574 gratiam
2121 1502 2510 1572 justificantem
2555 1504 2804 1559 homines
2849 1520 2879 1558 a
2927 1503 3204 1574 peccatis;
3255 1511 3310 1560 et
3347 1504 3451 1560 hoc

1852 1590 2038 1662 utique
2068 1608 2258 1646 verum
2289 1600 2390 1658 est,
2425 1592 2552 1664 quia
2582 1601 2783 1665 quanto
2813 1592 2989 1664 gratia
3036 1593 3152 1662 ejus
3183 1593 3457 1664 copiosior

1852 1687 1934 1734 est
1965 1680 2018 1733 in
2049 1680 2424 1736 remissionem
2455 1689 2824 1752 peccatorum,
2860 1689 3006 1736 tanto
3045 1681 3238 1752 procul
3288 1681 3455 1738 dubio

1852 1769 2340 1824 commendabilior
2368 1778 2449 1824 est
2465 1771 2631 1825 Deus.
2664 1770 2771 1825 Sed
2812 1770 2938 1825 licet
2967 1786 3306 1842 quaecunque
3327 1787 3457 1842 pec-

163 1860 348 1928 dzeum,
381 1859 511 1914 licet
553 1858 771 1930 quidam
802 1858 855 1912 in
907 1857 1287 1914 incredulitate
1333 1858 1574 1912 damnati
1620 1857 1746 1912 sint.
1768 1898 1822 1959 B
1853 1866 1971 1914 cata
1995 1859 2103 1912 sint
2131 1858 2383 1923 dimittat,
2417 1875 2526 1914 non
2559 1867 2738 1914 tamen
2767 1859 2896 1914 inde
2927 1875 3149 1915 causam
3192 1860 3457 1931 peccandi

162 1948 352 2018 Qumro
376 1964 449 2002 an
478 1956 706 2018 propter
721 1947 1031 2003 incredulos
1051 1955 1313 2003 evacuata
1345 1947 1413 2001 sit
1443 1945 1580 2001 fides
1608 1947 1752 2002 Dei?
1771 1945 1822 1959 ⁶’
1850 1946 1961 2000 dat.
1998 1946 2258 2018 lniquitas
2287 1956 2473 2003 nostra
2504 1947 2852 2005 commendat
2884 1949 3078 2015 Deum,
3109 1948 3208 2004 sed
3257 1949 3304 2004 si
3351 1949 3456 2004 hoc

162 2037 262 2093 Sed
288 2038 435 2093 absit
465 2038 589 2107 hoc,
621 2044 679 2090 ut
706 2034 840 2091 ﬁdes
885 2037 986 2092 Dei
1029 2036 1213 2108 aliquo
1252 2037 1416 2092 modo
1446 2035 1619 2106 possit
1664 2035 1752 2090 vel

159 2127 409 2182 credatur
431 2125 719 2182 evacuaril
763 2126 905 2196 quia,
929 2125 1059 2182 licet
1105 2125 1328 2196 quidam
1374 2125 1597 2180 illorum
1643 2141 1753 2179 nou

161 2215 514 2282 crediderint,
539 2223 722 2270 tamen
751 2218 895 2272 Deus
923 2219 1008 2271 est
1039 2231 1232 2281 verax,
1266 2214 1321 2269 id
1372 2222 1455 2269 est
1499 2214 1754 2285 impletor

159 2305 395 2360 omnium
431 2321 554 2376 quae
583 2305 849 2376 promisit.
881 2305 1026 2360 Deus
1055 2304 1238 2376 utique
1286 2319 1450 2359 verax
1494 2311 1594 2369 est,
1655 2303 1752 2358 sed

155 2395 332 2449 omnis
364 2395 530 2450 homo
564 2394 872 2466 quicunque
886 2393 974 2463 sit,
999 2409 1095 2448 seu
1122 2393 1340 2448 Judzeus
1383 2409 1479 2447 seu
1508 2391 1750 2465 gentilis,

155 2482 401 2538 mendax
434 2487 542 2551 est,
575 2482 630 2536 id
659 2490 741 2538 est
768 2489 1036 2553 peccator.
1068 2483 1215 2536 Deus
1245 2481 1390 2537 enim
1419 2481 1487 2536 ad
1528 2481 1753 2536 salvan-

149 2572 274 2626 dum
303 2571 557 2637 veniens,
591 2587 809 2627 omnem
838 2571 1112 2626 hominem
1143 2571 1243 2625 sub
1271 2578 1495 2641 peccato
1528 2570 1749 2641 reperit,

151 2669 200 2715 et
229 2660 533 2715 secundum
563 2661 758 2716 merita
802 2661 973 2715 salute
1021 2659 1322 2732 indignum.
1372 2660 1528 2715 Unde
1570 2659 1753 2730 palam

149 2759 228 2804 est
261 2749 429 2805 fidem
461 2759 515 2804 et
560 2750 919 2804 salvationem
967 2749 1066 2804 Dei
1112 2749 1312 2804 Judazis
1359 2757 1412 2803 et
1458 2749 1754 2821 gentilibus

145 2855 296 2910 aeque
328 2837 624 2909 provenire
654 2855 718 2893 ex
747 2839 944 2911 gratia.
988 2838 1328 2894 Mendacium
1366 2837 1564 2894 dicitur
1592 2853 1754 2893 omne

143 2937 464 2996 peccatum:
499 2927 631 2998 quia
657 2927 832 2982 omnis
853 2935 1126 2992 creatura,
1160 2943 1280 2998 quae
1311 2926 1629 2981 naturaliter
1658 2927 1753 2982 ob-

146 3016 300 3087 sequi
331 3017 502 3072 debet
529 3016 770 3071 Creatori
814 3032 932 3082 suo,
984 3033 1108 3072 cum
1149 3015 1546 3088 transgreditur
1592 3031 1753 3070 man-

142 3105 329 3160 datum
362 3105 487 3172 Dei,
523 3105 838 3160 mendosam
869 3105 996 3160 facit
1048 3113 1296 3159 naturam
1353 3121 1524 3170 suam,
1587 3105 1753 3159 dese-

1854 2044 1954 2102 est,
1989 2037 2135 2108 quod
2184 2053 2249 2092 ex
2311 2037 2591 2109 iniquitate
2632 2046 2817 2093 nostra
2863 2038 3353 2094 commendabilior
3391 2039 3457 2094 sit

1853 2126 2020 2191 Deus,
2055 2126 2185 2198 quid
2207 2126 2278 2182 ad
2308 2125 2424 2182 haec
2456 2128 2706 2182 dicemus
2741 2131 2763 2182 ?
2809 2127 3055 2182 Mirabile
3085 2127 3216 2199 quid
3246 2127 3459 2183 videtur

1853 2213 1980 2270 inde
1997 2214 2280 2286 consequi.
2307 2215 2436 2270 Ideo
2458 2215 2586 2288 quid
2608 2215 3010 2288 dicemus,quia
3029 2217 3290 2289 nunquid
3311 2217 3458 2274 Deus

1854 2304 2085 2374 iniquus
2105 2308 2209 2368 est,
2231 2305 2362 2377 quia
2380 2307 2560 2376 infert
2578 2307 2747 2371 iram,
2771 2305 2828 2360 id
2843 2312 2924 2360 est
2937 2305 3218 2371 ultionem,
3233 2313 3458 2377 propter

1853 2400 2154 2461 peccatum,
2208 2393 2352 2464 quod
2391 2393 2970 2450 commendabiliorem
3027 2392 3154 2449 facit
3198 2395 3374 2450 Deum
3429 2396 3458 2451 ‘I

1855 2481 2110 2552 Equitati
2140 2482 2358 2538 videtur
2403 2484 2510 2539 hoc
2558 2499 2683 2538 esse
2736 2483 3093 2540 contrarium.
3144 2483 3262 2539 Hoc
3309 2483 3458 2555 quod

1855 2570 1978 2625 dico
2007 2586 2116 2626 non
2146 2571 2276 2625 satis
2323 2588 2445 2626 esse
2501 2588 2734 2644 aequum,
2799 2572 2925 2644 quia
2979 2571 3131 2643 punit
3171 2580 3459 2644 peccatum

1856 2659 2001 2730 quod
2033 2660 2380 2715 commendat
2409 2677 2554 2729 eum,
2589 2661 2734 2732 quod
2764 2669 2934 2716 totum
2972 2661 3094 2716 dico
3143 2662 3458 2717 secundum

1856 2747 2161 2813 hominem,
2193 2749 2248 2802 id
2282 2758 2363 2803 est
2384 2749 2683 2804 secundum
2714 2750 3008 2805 carnaliter
3039 2749 3453 2822 intelligentem.

1856 2836 1965 2890 Sed
1995 2852 2061 2891 ex
2091 2853 2178 2892 me
2208 2839 2312 2893 hoc
2342 2837 2465 2894 dico
2499 2853 2510 2891 :
2545 2839 2688 2894 absit
2720 2839 2823 2894 hoc
2853 2847 2910 2892 ut
2946 2839 3092 2893 Deus
3121 2838 3337 2910 iniquus
3369 2839 3456 2905 sit,

1856 2924 1981 2997 quia
2007 2934 2293 2996 peccatum
2324 2927 2474 2997 punit
2510 2925 2521 2980 l
2546 2927 2613 2981 Et
2643 2927 2748 2982 hoc
2778 2927 2975 2998 probat
3013 2927 3079 2981 ab
3111 2927 3456 2998 impossibili,

1855 3013 2046 3069 dicens
2081 3032 2094 3068 :
2130 3016 2266 3070 Vere
2296 3016 2444 3070 Deus
2478 3031 2587 3070 non
2617 3024 2700 3070 est
2729 3014 2969 3086 iniquus,
3002 3014 3244 3071 inferens
3271 3017 3407 3071 iram
3442 3036 3456 3083 ;

1857 3103 1980 3174 quia
2008 3104 2278 3175 alioquin,
2306 3104 2360 3159 id
2383 3112 2483 3172 est,
2519 3105 2564 3158 si
2592 3107 2737 3160 Deus
2755 3104 2973 3176 iniquus
2996 3114 3158 3171 esset,
3192 3107 3458 3177 quomodo

144 3210 270 3248 rens
305 3194 607 3266 puritatem
654 3193 710 3248 in
758 3210 865 3266 qua
912 3203 1099 3250 creata
1156 3202 1259 3249 est.
1306 3193 1445 3262 Quia
1488 3194 1636 3248 Deus
1684 3193 1754 3247 sit
1789 3261 1821 3266 ᾧ
1847 3193 2129 3262 judicabit
2160 3193 2312 3249 hunc
2341 3195 2621 3250 mundum
2655 3194 2819 3249 ?Non
2838 3201 2920 3248 est
2941 3193 3278 3249 credendum
3297 3203 3352 3249 ut
3371 3194 3462 3250 ille

144 3299 326 3349 verax,
358 3299 562 3338 assero
595 3283 755 3338 etiam
777 3299 874 3354 per
905 3283 1199 3354 Scriptura:
1227 3282 1618 3337 testimonium.
1641 3283 1755 3337 Hoc
1777 3261 1824 3321 θ
1854 3281 1947 3351 qui
1984 3282 2303 3336 constitutus
2334 3290 2416 3336 est
2439 3283 2607 3351 judex
2640 3282 2804 3338 totius
2851 3282 3059 3349 mundi,
3105 3282 3322 3354 iniquus
3367 3283 3457 3353 sit,

137 3373 279 3426 enim
311 3373 444 3428 dico
478 3375 630 3428 sicut
660 3375 936 3445 scriptum
949 3377 1031 3428 est
1055 3373 1124 3427 de
1146 3372 1371 3428 veritate
1386 3371 1486 3426 Dei
1516 3371 1568 3424 in
1599 3371 1753 3442 psal-

140 3478 225 3516 mo
257 3481 272 3517 :
307 3464 468 3517 Deus
497 3461 693 3532 procul
723 3462 886 3517 dubio
918 3477 1082 3517 verax
1103 3469 1204 3515 est.
1238 3461 1325 3516 Ait
1364 3460 1509 3515 enim
1541 3460 1713 3515 David
1739 3475 1751 3513 :

137 3551 490 3619 Justiﬁceris
522 3551 585 3605 in
615 3551 965 3607 sermonibus
998 3552 1112 3606 tuis
1141 3551 1317 3619 (Psal.
1354 3565 1402 3616 L,
1438 3549 1512 3619 6),
1547 3548 1600 3602 id
1632 3556 1750 3602 est:

128 3638 496 3708 justificando
526 3655 635 3705 me,
676 3655 834 3694 verus
870 3654 1138 3710 appareas
1196 3638 1251 3692 in
1304 3636 1756 3708 promissionibus

135 3727 260 3782 tuis.
298 3728 448 3783 Illud
482 3737 540 3782 ut
579 3728 649 3782 ad
696 3728 1153 3783 continuationem
1191 3726 1387 3798 psalmi
1433 3726 1648 3798 legitur,
1701 3725 1756 3780 in

136 3833 242 3888 quo
271 3818 488 3890 agebat
519 3816 698 3872 David
726 3817 1019 3871 multorum
1060 3816 1342 3872 criminum
1391 3832 1534 3880 reus,
1585 3822 1642 3869 ut
1687 3815 1756 3869 de

132 3907 452 3975 proditione
485 3905 698 3972 militis,
731 3906 800 3960 de
826 3913 997 3960 morte
1027 3905 1284 3976 proximi,
1314 3906 1381 3960 de
1411 3904 1597 3960 illicita
1626 3919 1756 3959 con—

131 3996 497 4066 cupiscentia
532 4003 588 4050 et
637 3994 910 4050 adulterio
953 3995 1172 4067 agebat,
1197 4001 1254 4048 ut
1275 3994 1469 4048 horum
1515 3993 1760 4048 omnium

130 4093 592 4156 consequeretur
629 4083 860 4150 veniam,
902 4084 969 4138 de
1002 4099 1112 4155 qua
1139 4091 1323 4139 certus
1343 4091 1462 4138 erat
1506 4099 1607 4154 per
1661 4098 1756 4138 re-

128 4175 579 4243 promissionem
609 4172 712 4227 sibi
740 4172 809 4228 de
839 4173 1052 4228 Christo
1079 4172 1297 4238 factam,
1350 4188 1468 4244 quae
1535 4171 1605 4226 ad
1661 4187 1758 4226 eos

127 4263 304 4318 solum
338 4263 502 4319 facta
535 4270 621 4317 est
650 4261 742 4333 qui
782 4279 882 4333 per
936 4261 1207 4317 Christum
1259 4261 1506 4316 salvandi
1565 4269 1755 4328 erant;

124 4352 267 4407 unde
289 4352 541 4408 conﬁdit
574 4367 635 4406 se
665 4350 1075 4407 emaculandum
1106 4351 1176 4406 ab
1207 4351 1312 4406 hoc
1341 4350 1587 4421 crimine,
1615 4349 1757 4406 alio-

122 4443 251 4512 quin
284 4443 448 4498 enim
481 4441 752 4513 indignus
783 4449 927 4496 esset
954 4439 1130 4495 futura
1151 4439 1470 4496 salvatione.

193 4532 489 4588 Praeterea
521 4529 828 4584 notandum
857 4537 938 4584 est
967 4529 1114 4601 quod
1143 4545 1266 4585 cum
1298 4528 1489 4599 David,
1551 4527 1754 4583 nullum

1856 3378 1908 3424 et
1939 3371 2042 3426 hoc
2071 3371 2428 3441 impossibile.
2465 3372 2606 3426 Vere
2635 3371 2680 3425 si
2710 3370 2928 3443 iniquus
2960 3379 3042 3426 est
3086 3372 3254 3436 Deus,
3302 3388 3462 3426 mun-

1856 3459 1982 3513 dum
2013 3475 2122 3514 non
2143 3459 2429 3528 judicabit,
2465 3460 2592 3532 quia
2621 3475 2725 3516 nec
2758 3476 2846 3515 me
2877 3459 3074 3515 solum.
3135 3461 3220 3516 Me
3278 3469 3462 3517 autem

1855 3548 1979 3603 ideo
2010 3564 2118 3603 non
2141 3548 2406 3616 judicabit
2436 3550 2503 3604 de
2533 3557 2778 3620 peccato,
2813 3549 2940 3620 quia
2972 3549 3051 3604 sic
3080 3549 3314 3622 gloriam
3344 3551 3462 3620 ejus

1857 3651 2054 3710 augeo.
2078 3638 2135 3693 Si
2151 3639 2306 3694 enim
2325 3639 2386 3693 in
2407 3655 2528 3694 meo
2544 3638 2853 3703 mendacio,
2871 3637 2924 3691 id
2938 3646 3020 3693 est
3039 3645 3461 3708 proptermeum

1856 3734 2144 3797 peccatum
2170 3743 2181 3781 :
2215 3727 2744 3783 abundavitveritas
2773 3727 2888 3792 Dei,
2907 3726 2960 3781 id
2979 3735 3062 3781 est
3091 3727 3457 3782 abundantius

1857 3815 2156 3870 ostenditur
2186 3817 2331 3870 Deus
2378 3833 2441 3871 ex
2476 3816 2706 3871 veritate
2763 3815 3145 3886 promissionis
3203 3833 3315 3872 suae
3372 3817 3460 3871 di-

1858 3903 2076 3958 misisse
2100 3912 2344 3974 peccala.
2367 3904 2682 3961 Abundavit
2701 3904 2826 3960 dico
2843 3905 2905 3960 in
2925 3906 3106 3975 gloria
3123 3905 3302 3977 ipsius
3324 3905 3424 3960 Dei
3446 3921 3458 3959 :

1859 3992 1985 4064 quia
2015 4001 2215 4065 quanto
2241 3994 2402 4064 plura
2439 3993 2662 4061 dimisit,
2698 4001 2843 4048 tanto
2875 3993 3168 4066 gloriosior
3196 3995 3265 4049 de
3294 3994 3463 4050 mise-

1858 4081 2098 4138 ricordia
2164 4082 2534 4154 cognoscitur.
2604 4083 2660 4137 Si
2716 4082 2902 4154 utique
2944 4091 3231 4153 peccatum
3278 4099 3464 4139 meum

1859 4185 2024 4226 causa
2055 4178 2138 4226 est
2166 4171 2356 4242 gloria:
2373 4172 2508 4241 ejus,
2541 4171 2674 4244 quid
2695 4172 2899 4239 adhuc,
2920 4171 2976 4225 id
2993 4179 3075 4226 est
3097 4188 3267 4243 quare
3297 4171 3464 4228 etiam

1859 4260 1914 4314 in
1943 4261 2048 4315 hoc
2079 4260 2282 4316 mundo
2311 4265 2368 4317 et
2397 4279 2495 4332 ego
2528 4264 2607 4330 (ut
2635 4261 2772 4316 alios
2816 4261 3082 4331 omittam)
3109 4261 3355 4331 judicor,
3409 4262 3464 4317 id

1859 4358 1942 4404 est
1972 4358 2291 4405 contemnor
2319 4354 2593 4422 tanquam
2618 4353 2917 4423 peccator?
2947 4350 3221 4406 Deberem
3253 4351 3321 4405 de
3335 4367 3463 4422 pec-

1855 4447 1984 4494 cato
2012 4439 2118 4496 hoc
2138 4439 2318 4510 argui,
2333 4440 2388 4493 in
2405 4455 2514 4510 quo
2543 4455 2722 4512 augeo
2745 4438 2980 4511 gloriam
3001 4439 3101 4494 Dei
3123 4441 3150 4495 ‘I
3172 4441 3277 4495 Cur
3305 4440 3466 4496 etiam

1860 4544 1970 4583 non
1997 4527 2225 4583 facimus
2255 4527 2418 4593 mala,
2453 4536 2509 4582 ut
2529 4529 2668 4584 bona
2685 4527 3080 4584 misericordiae
3110 4528 3211 4583 Dei
3240 4545 3341 4600 per
3360 4530 3466 4586 hoc

120 4622 492 4692 praetendens
549 4618 822 4689 meritum,
880 4635 945 4674 ex
1002 4618 1121 4674 sola
1176 4618 1348 4690 gratia
1403 4616 1640 4674 confidat
1698 4625 1830 4686 seD
1859 4617 2075 4675 veniant
2104 4617 2158 4672 in
2187 4625 2561 4688 augmentum,
2594 4618 2742 4673 sicut
2787 4633 2887 4671 nos
2932 4616 3390 4689 blasphemamur
3435 4635 3466 4673 a

123 4710 484 4775 salvandum,
524 4724 702 4779 seque
732 4708 786 4763 in
831 4708 1072 4780 peccatis
1118 4707 1456 4774 conﬁteatur,
1503 4723 1611 4778 quo
1660 4723 1762 4762 ne-

124 4816 209 4855 mo
244 4800 514 4857 sanctior
549 4797 687 4854 vixit
714 4797 770 4851 in
801 4797 945 4870 lege,
979 4797 1251 4852 neminem
1283 4814 1348 4852 ex
1378 4795 1570 4852 merito
1598 4811 1762 4869 posse

124 4891 350 4956 salvari,
388 4889 501 4945 sed
549 4903 654 4958 per
702 4886 874 4942 solam
918 4887 1167 4960 gratiam.
1217 4885 1538 4942 Justiticeris
1578 4885 1762 4958 utique

121 4977 170 5032 in
203 4978 593 5036 sermonibus
624 4977 750 5041 tuis,
783 4981 839 5031 et
869 4978 1062 5032 vincas
1078 4975 1295 5047 impios,
1329 4993 1459 5031 cum
1477 4975 1763 5048 judicaris

122 5068 186 5122 ab
216 5069 328 5123 illis
359 5084 489 5124 non
525 5081 661 5122 esse
718 5065 883 5120 Filius
938 5064 1058 5135 Dei,
1117 5081 1240 5121 cum
1296 5064 1485 5120 vincas
1539 5079 1636 5119 eos
1693 5063 1763 5118 de

120 5157 219 5215 hoc
262 5155 658 5229 justificando
688 5155 937 5210 homines
978 5154 1115 5210 sicut
1133 5154 1430 5226 promisist.
1475 5152 1627 5210 21
1667 5152 1767 5208 Vel

118 5249 305 5305 vincas
366 5263 514 5304 cum
572 5243 863 5315 judicaris,
925 5243 980 5298 id
1033 5252 1116 5299 est
1169 5243 1518 5316 participaris
1575 5241 1759 5310 alicui,

118 5346 169 5391 ut
199 5338 358 5394 mihi.
396 5336 594 5392 Aiunt
651 5333 798 5388 enim
852 5349 938 5387 me
993 5349 1105 5387 non
1166 5333 1482 5390 salvandum
1537 5338 1764 5403 propter

118 5436 437 5495 peccatum,
476 5425 622 5481 licet
653 5421 783 5476 mihi
815 5421 1179 5491 repromissus
1210 5421 1304 5476 sis.
1357 5421 1456 5476 Hic
1503 5419 1763 5492 quiddam

119 5513 440 5589 ingreditur
475 5511 716 5575 Paulus,
749 5511 893 5583 quod
923 5511 993 5565 ab
1014 5510 1228 5583 incepto
1241 5511 1476 5565 alienum
1507 5509 1758 5576 videtur;

116 5605 528 5676 imponebatur
562 5601 719 5657 enim
747 5599 852 5671 ipsi
881 5608 933 5656 et
961 5599 1080 5655 aliis
1110 5599 1391 5672 apostolis,
1424 5599 1572 5670 quod
1603 5599 1762 5654 doce-

118 5703 232 5750 rent
265 5696 495 5753 bonum
534 5706 674 5748 esse
703 5703 954 5760 peccare,
988 5689 1114 5762 quia
1161 5696 1364 5762 quanto
1393 5687 1548 5760 plura
1577 5695 1763 5744 essent

1865 4706 2194 4779 quibusdam
2223 4707 2448 4763 credere
2467 4706 2494 4760 ἱ)
2523 4707 2682 4762 Sicut
2709 4705 2875 4761 etiam
2902 4722 3004 4761 nos
3029 4708 3197 4762 aiunt
3227 4706 3305 4761 illi
3337 4707 3464 4779 qui-

1863 4797 1988 4852 dem
2021 4812 2130 4850 non
2159 4795 2336 4851 solum
2367 4795 2616 4862 credere,
2651 4795 2749 4850 sed
2779 4795 2936 4850 etiam
2969 4795 3174 4862 dicere,
3225 4803 3276 4850 et
3317 4813 3467 4866 prae-

1862 4885 2045 4940 dicare
2075 4886 2180 4942 hoc
2209 4885 2348 4952 aliis,
2373 4887 2658 4957 faciamus
2671 4885 2844 4954 mala,
2874 4884 2929 4938 id
2959 4893 3043 4940 est
3072 4885 3314 4940 certatim
3338 4901 3467 4957 pec-

1863 4990 2072 5043 cemus,
2102 4979 2166 5030 ut
2182 4975 2416 5030 veniant
2444 4975 2606 5039 bona,
2628 4974 2683 5029 id
2715 4983 2795 5029 est
2827 4982 2883 5028 ut
2907 4975 3050 5030 Deus
3081 4974 3280 5030 habeat
3319 4975 3465 5047 quod

1862 5063 2234 5134 multipliciter
2278 5063 2530 5119 remittat.
2589 5064 2894 5120 Damnatio
2959 5080 3197 5136 quorum
3241 5063 3317 5120 ita
3362 5081 3465 5121 nos

1863 5152 2353 5224 blasphemantium
2375 5156 2539 5226 justa
2568 5156 2674 5221 est,
2734 5153 2789 5207 id
2847 5161 2928 5208 est
2974 5153 3121 5222 juste
3171 5153 3466 5210 damnandi

1863 5249 1986 5296 sunt
2015 5258 2116 5313 pro
2145 5243 2246 5298 hac
2303 5241 2658 5314 blasphemia.
2694 5241 2834 5311 Quia
2866 5241 2911 5296 si
2932 5257 3033 5312 pro
3063 5251 3285 5314 peccato
3340 5242 3463 5297 bla-

1862 5331 2124 5402 sphemiae
2147 5331 2334 5401 judico
2362 5332 2461 5388 hos
2485 5331 2686 5387 debere
2735 5330 3007 5400 damnari,
3057 5339 3271 5387 constat
3320 5331 3467 5404 quod

1861 5436 1970 5475 non
2001 5421 2240 5492 praedico
2269 5421 2416 5492 quod
2447 5437 2673 5492 peccare
2703 5420 2908 5476 bonum
2939 5419 3028 5474 sit.
3063 5420 3130 5475 Hi
3160 5429 3342 5477 autem
3375 5420 3466 5494 qui

1863 5509 1943 5565 sic
1971 5510 2278 5565 sentiebant
2304 5510 2374 5565 de
2403 5509 2801 5574 misericordia,
2835 5509 2889 5563 in
2918 5508 3300 5566 misericordia
3342 5527 3466 5566 esse

1862 5591 2094 5670 gratizim
2125 5599 2223 5655 Dei
2253 5599 2642 5670 praedicabant.
2696 5598 2837 5668 Quia
2885 5598 3134 5670 superius
3178 5599 3468 5670 probatum

1863 5696 1945 5744 est
1987 5705 2204 5745 omnem
2253 5688 2528 5746 hominem
2576 5705 2700 5744 esse
2747 5687 3090 5759 mendacem,
3123 5697 3174 5743 et
3219 5687 3468 5744 Judaeum
