3970 6528
428 410 495 462 39
960 409 1021 463 8.
1077 406 1431 465 BRUNONIS
1468 406 2118 464 CARTlIUSlANORUM
2154 406 2636 464 INSTITUTORIS
2676 405 2826 463 OPP.
2870 408 3065 464 PARS.
3110 410 3179 463 Il.
3652 413 3721 464 40

423 540 477 588 et
504 531 782 605 gentilem,
815 531 995 604 igitur,
1027 547 1061 587 o
1087 532 1294 596 Iudaee.
1328 533 1416 588 dic
1444 531 1595 597 mihi,
1628 532 1778 605 quid,
1829 531 1884 586 id
1932 539 2015 587 est
2036 534 2087 592 Α
2117 540 2320 598 rentur,
2350 540 2531 587 tamen
2558 532 2805 588 timorem
2827 533 2926 587 Dei
2944 540 3069 588 tunc
3099 547 3208 587 non
3234 532 3543 587 habuerunt
3571 540 3719 600 ante,

428 638 549 692 qum
576 636 744 677 causa
773 628 855 675 est
886 637 1053 692 quare
1082 620 1395 691 praecellere
1423 621 1720 676 debeamus
1759 637 1872 686 eos,
1908 621 2019 676 sci-

425 709 551 764 licet
595 709 825 781 gentiles
873 709 927 762 in
994 709 1387 764 salvationem?
1436 711 1795 781 Nequaquam
1836 710 2020 781 utique

420 800 800 870 praecellimus
814 798 1071 853 eos.Vere
1090 813 1196 853 non
1208 797 1589 869 praecellimus.
1617 800 1793 853 Causa
1803 798 1845 852 ti
1866 801 2020 853 enim

429 903 646 952 sumus,
679 886 733 940 id
762 894 845 941 cst
900 886 1350 942 convenientibus
1405 887 1583 941 causis
1613 894 1665 941 et
1720 886 2020 940 rationibus

423 974 899 1046 comprobavimus
917 975 1134 1031 Juda’os
1165 979 1221 1030 et
1250 976 1491 1045 gentiles
1511 991 1701 1031 omnes
1724 974 2020 1039 (neminem

424 1063 655 1133 excipio)
689 1079 806 1119 esse
836 1078 946 1118 non
972 1062 1148 1117 solum
1176 1062 1230 1116 in
1260 1070 1504 1132 peccato,
1537 1063 1633 1117 sed
1663 1062 1736 1117 ita
1765 1063 1865 1118 sub
1892 1079 2020 1135 pec-

423 1156 548 1207 cato
576 1152 888 1221 depressos,
923 1150 1067 1221 quod
1098 1166 1257 1205 nemo
1279 1166 1377 1221 per
1407 1168 1466 1205 se
1498 1160 1682 1221 posset
1711 1167 2016 1221 resurgere,

428 1240 543 1295 sine
573 1239 746 1312 gratia
779 1238 1061 1307 adjutrice.
1095 1240 1291 1293 Probat
1318 1239 1386 1293 de
1415 1239 1616 1293 Judazis
1645 1240 1791 1311 quod
1830 1254 2020 1293 omnes

429 1328 529 1383 sub
556 1335 785 1399 peccato
816 1327 937 1392 sint,
974 1327 1162 1381 dicens
1197 1342 1208 1380 :
1244 1328 1302 1381 In
1335 1343 1401 1382 eo
1455 1334 1597 1399 quod
1648 1328 1772 1383 dico
1828 1343 2018 1382 omnes

435 1415 593 1473 22
623 1416 840 1470 Iudaeos
872 1415 973 1469 sub
1000 1423 1228 1485 peccato
1249 1432 1389 1483 esse,
1413 1416 1694 1485 Scriptura
1722 1416 1853 1470 mihi
1876 1416 2021 1470 testi-

429 1504 672 1560 monium
684 1504 946 1574 perhibet.
973 1505 1085 1558 Hoc
1101 1503 1243 1558 enim
1261 1519 1448 1558 assero
1465 1505 1614 1559 sicut
1634 1506 1910 1576 scriptum
1931 1508 2017 1559 est

424 1591 481 1646 in
510 1591 753 1662 psalmo:
786 1593 916 1664 quia
938 1608 1050 1646 non
1067 1596 1153 1648 est
1174 1593 1370 1661 justus
1387 1593 1699 1663 quisquam.
1727 1592 1861 1646 Illud
1892 1592 2019 1663 quia

425 1680 480 1734 in
509 1680 701 1736 ordine
730 1680 924 1751 psalmi
954 1680 1173 1752 legitur,
1205 1695 1314 1735 non
1352 1688 1433 1734 est
1489 1681 1673 1751 utique
1729 1680 2016 1751 quisquam

419 1770 617 1839 justus,
649 1769 704 1824 id
733 1777 815 1824 est
846 1770 1109 1824 deserens
1165 1769 1363 1822 malum
1421 1776 1474 1823 et
1530 1769 1735 1824 faciens
1789 1768 2012 1836 bonum,

2119 621 2215 675 sed
2246 629 2368 691 post
2398 621 2606 685 oculos,
2641 621 2766 693 quia
2819 629 3282 691 contempserunt.
3346 621 3561 677 Diceret
3604 621 3727 677 for-

2118 710 2276 763 tassis
2305 710 2525 764 ludaaus
2565 711 2679 765 haec
2744 710 2883 764 dicta
2940 726 3061 765 esse
3118 711 3185 764 de
3232 710 3446 783 gentili.
3514 712 3724 766 Contra

2117 798 2262 868 quod
2294 798 2492 852 Paulus
2525 813 2537 851 :
2573 799 2667 866 I‘u,
2700 799 2937 865 Iudaeus,
2989 798 3234 853 fortassis
3265 799 3545 853 arbitraris
3600 800 3721 856 haec

2118 902 2224 940 non
2256 902 2378 941 esse
2408 886 2551 942 dicta
2579 887 2647 941 de
2676 895 2765 951 te',
2800 888 2897 941 sed
2927 903 3032 959 ego
3076 895 3128 941 et
3185 887 3490 958 quicunque
3548 887 3726 943 sancti

2117 975 2343 1040 scimus,
2401 975 2699 1029 auctoritati
2756 990 2986 1045 quorum
3043 990 3152 1029 non
3201 983 3285 1029 est
3342 975 3720 1045 obnitendum,

2120 1062 2321 1117 scimus
2347 1062 2532 1133 utique
2558 1066 2822 1136 quoniam
2852 1080 3193 1136 quacunque
3230 1065 3480 1135 loquitur
3514 1066 3629 1132 lex,
3666 1065 3724 1119 id

2117 1160 2198 1205 est
2229 1151 2469 1220 psalmus
2500 1152 2618 1219 iste,
2648 1152 2833 1221 procul
2864 1152 3029 1206 dubio
3060 1153 3309 1223 loquitur
3339 1152 3425 1206 his
3455 1154 3551 1225 qui
3580 1157 3723 1208 sunt

2117 1240 2180 1293 in
2213 1239 2418 1310 legc,id
2447 1248 2529 1293 est
2554 1240 2755 1294 Judazis
2775 1259 2788 1305 ;
2811 1241 2914 1294 hoc
2935 1256 3036 1294 nos
3068 1240 3209 1293 scire
3239 1239 3489 1309 dicimus,
3523 1245 3589 1296 ut
3619 1256 3723 1311 per

2118 1328 2222 1382 hoc
2249 1328 2451 1382 dictum
2475 1329 2805 1383 obstruetur
2826 1345 2987 1384 omne
3004 1344 3081 1383 os.
3096 1328 3282 1382 Judzeo
3300 1328 3442 1382 enim
3467 1329 3722 1384 convicto

2117 1431 2226 1469 non
2259 1423 2341 1470 est
2374 1415 2465 1486 qui
2503 1410 2810 1486 'repugnet,
2871 1432 2993 1471 cum
3047 1416 3306 1487 gentilem
3366 1417 3467 1470 sub
3496 1425 3724 1487 peccato

2117 1520 2227 1558 non
2257 1502 2481 1558 dubium
2513 1504 2579 1557 sit
2607 1504 2719 1559 ulli.
2752 1505 2820 1557 Et
2851 1504 2929 1558 sic
2952 1504 3213 1559 convictis
3242 1505 3494 1558 omnibus
3524 1504 3720 1560 subdi-

2117 1596 2207 1647 tus
2236 1592 2337 1659 ﬁat
2370 1594 2553 1648 omnis
2573 1593 2959 1658 mundus,tam
2982 1592 3034 1645 in
3062 1593 3265 1647 Judazis
3296 1610 3457 1664 quam
3488 1594 3542 1647 in
3573 1610 3719 1667 gen-

2116 1680 2317 1747 tilibus,
2346 1682 2453 1735 Deo
2475 1680 2561 1747 ;id
2594 1688 2675 1735 est
2695 1680 3049 1735 confiteantur
3065 1696 3365 1751 omnesper
3394 1682 3568 1735 solam
3589 1697 3720 1752 gra-

2114 1768 2245 1822 tiam
2274 1768 2372 1823 Dei
2404 1785 2461 1823 se
2493 1768 2710 1823 salvari.
2745 1770 2813 1822 Et
2838 1769 3040 1836 justum
3070 1776 3151 1823 est
3182 1777 3239 1822 ut
3269 1770 3446 1823 omnis
3480 1770 3718 1825 mundus

422 1858 492 1912 Et
520 1860 625 1913 hoc
655 1858 797 1924 ideo,
829 1858 956 1928 quia
973 1873 1087 1913 non
1100 1862 1186 1912 est
1205 1857 1487 1928 quisquam
1506 1858 1851 1928 intelligens.
1888 1857 2014 1911 Ideo
2034 1890 2088 1950 B
2117 1857 2362 1910 subditus
2393 1857 2457 1910 sit
2488 1858 2622 1921 Deo,
2656 1865 2709 1911 et
2738 1872 2897 1912 nemo
2929 1857 3074 1926 legi;
3106 1860 3375 1928 quoniam
3397 1874 3511 1913 non
3538 1860 3719 1927 justi-

422 1954 604 2002 autem
634 1962 744 2001 non
772 1945 1233 2017 intelligunt,quia
1262 1962 1374 2000 non
1406 1950 1490 2001 est
1521 1945 1804 2016 quisquam
1836 1945 2079 2016 requi-—
2117 1946 2380 2012 ﬁcabitur
2408 1946 2612 2016 aliquis
2644 1962 2717 2000 ex
2746 1946 3001 2017 aperibus
3034 1947 3167 2015 legis
3198 1962 3386 2001 coram
3431 1948 3559 2013 Deo,
3612 1946 3717 2001 etsi

422 2051 556 2091 rens
582 2037 779 2090 Deum.
813 2033 954 2102 Quia
985 2033 1030 2088 si
1060 2034 1229 2088 Deum
1261 2033 1625 2104 requirerent,
1650 2033 1834 2103 utique
1864 2032 2022 2087 intel—
2118 2032 2171 2086 in
2200 2033 2371 2088 oculis
2400 2033 2679 2087 hominum
2702 2034 2880 2101 justus
2937 2032 3203 2088 vndeatur.
3238 2033 3346 2088 Sed
3394 2034 3571 2088 omnis
3620 2035 3716 2105 qui

424 2123 678 2196 ligerent,
713 2132 765 2178 et
795 2122 1159 2193 intelligentes
1190 2122 1813 2190 sectarenturjustitiam.
1845 2123 2019 2176 Nemo

422 2212 480 2265 in
507 2211 707 2266 Iudaeis
728 2211 905 2280 justus
935 2218 1037 2280 est,
1066 2210 1164 2265 sed
1190 2226 1380 2266 omnes
1426 2210 1833 2265 declinaverunt
1876 2210 2019 2265 male

423 2300 702 2371 operando
733 2290 787 2353 in
817 2299 1032 2370 seipsis.
1068 2298 1225 2368 Quod
1280 2314 1382 2354 nec
1430 2298 1699 2354 sufﬁciens
1737 2297 1835 2353 fuit
1889 2298 2013 2364 illis,

424 2388 521 2443 sed
552 2388 713 2443 etiam
742 2390 887 2460 facti
922 2392 1059 2443 sunt
1110 2388 1365 2455 inutiles,
1416 2387 1468 2441 id
1514 2395 1596 2442 est
1643 2386 2019 2458 depravationi

422 2476 653 2532 aliorum
682 2476 1059 2531 intendentes:
1094 2475 1186 2548 qui
1223 2476 1363 2530 adeo
1410 2475 1841 2542 declinaverunt,
1875 2474 2019 2546 quod

423 2581 539 2621 non
570 2569 655 2621 est
684 2565 827 2620 inter
855 2580 950 2621 eos
980 2567 1075 2636 qui
1103 2566 1284 2635 faciat
1311 2565 1538 2621 bonum.

492 2655 608 2710 Nec
635 2654 755 2710 dico
785 2662 860 2720 ut,
893 2653 1139 2725 pluribus
1168 2668 1201 2707 a
1231 2653 1374 2708 bono
1421 2652 1678 2717 exclusis,
1738 2651 1906 2723 aliqui
1960 2652 2015 2706 in

420 2744 564 2799 bono
593 2750 941 2808 remaneant;
976 2742 1073 2797 sed
1102 2757 1211 2797 non
1242 2750 1324 2796 est
1351 2741 1491 2796 inter
1518 2757 1614 2796 eos
1653 2740 1856 2795 faciens
1912 2740 2016 2796 bo-

420 2849 567 2902 num,
599 2832 778 2888 eundo
807 2847 979 2904 usque
1009 2832 1080 2887 ad
1106 2830 1544 2901 unum(Psalm.
1574 2831 1700 2900 xm)
1726 2848 1739 2884 :
1764 2829 1886 2901 quia
1914 2844 2018 2885 nec

417 2937 558 2977 unus
589 2920 796 2976 faciens
825 2920 1028 2974 bonum
1050 2959 1065 2988 ,
1111 2919 1252 2974 inter
1282 2934 1378 2973 eos
1407 2918 1747 2989 relinquitur.
1782 2918 1879 2972 Vel
1906 2933 2017 2972 non

419 3017 503 3065 est
530 3008 735 3064 faciens
766 3008 990 3073 bonum,
1048 3008 1224 3062 donec
1252 3006 1501 3061 veniatur
1534 3006 1602 3060 ad
1632 3021 1818 3071 unum,
1851 3005 1905 3059 id
1935 3013 2018 3060 est

418 3098 489 3153 ad
518 3097 793 3152 Christum
821 3112 922 3166 per
959 3093 1142 3149 ﬁdem.
1193 3094 1297 3163 Qui
1327 3094 1472 3149 enim
1503 3093 1609 3149 ﬁde
1650 3094 1718 3148 ad
1749 3093 2017 3149 Christum

418 3185 645 3252 venerit,
678 3184 766 3240 hic
793 3183 978 3255 utique
1010 3183 1212 3238 bonum
1253 3181 1399 3237 facit.
1426 3183 1548 3237 Non
1594 3190 1676 3237 est
1713 3182 1768 3235 in
1815 3182 1895 3237 eis
1924 3181 2016 3253 qui

420 3275 623 3330 bonum
635 3272 922 3339 faciat,sed
932 3275 1135 3343 guttur
1146 3287 1340 3329 eorum
1351 3276 1435 3326 est
1449 3276 1651 3343 patens
1667 3271 2015 3342 sepulcrum;

419 3362 563 3435 quod
593 3361 824 3432 receptis
853 3359 1215 3417 cadaveribus
1245 3359 1390 3429 fetet,
1433 3368 1484 3414 et
1514 3360 1685 3413 adhuc
1740 3359 1810 3413 ad
1866 3358 2013 3414 reci-

419 3451 621 3523 pienda
650 3450 917 3506 cadavera
966 3455 1132 3519 patet.
1168 3448 1256 3503 Sic
1284 3448 1360 3501 illi
1391 3456 1445 3503 et
1474 3448 1543 3502 de
1572 3447 1848 3518 prioribus
1877 3462 2013 3517 pec-

417 3540 550 3596 catis
579 3538 764 3605 fetcnt,
798 3544 851 3593 et
904 3537 1079 3592 adhuc
1109 3537 1178 3591 ad
1208 3537 1473 3607 patranda
1504 3536 1717 3592 scelera
1758 3535 1964 3589 inhiant
1995 3552 2010 3600 ;

425 3636 478 3684 et
512 3627 679 3700 (quod
708 3633 892 3697 aperte
924 3625 1103 3680 facere
1132 3640 1240 3680 non
1269 3627 1518 3695 possunt)
1544 3625 1783 3695 agebant
1806 3624 2013 3694 linguis

420 3719 538 3772 suis
567 3716 750 3772 dolose
781 3716 959 3785 (Psal.
993 3728 1115 3781 χιιι,
1148 3719 1400 3784 (ιχχχιχ),
1432 3713 1577 3769 aliud
1615 3713 1928 3785 cogitando,
1962 3719 2014 3766 et

418 3805 565 3859 aliud
599 3804 924 3870 simulando,
958 3806 1014 3859 et
1043 3803 1141 3858 sub
1173 3804 1333 3858 labiis
1364 3818 1558 3858 eorum
1588 3803 1776 3873 (Deut.
1814 3800 2008 3869 xxx"),

414 3893 470 3948 id
531 3901 613 3947 est
666 3893 721 3947 in
751 3892 916 3947 corde
973 3891 1119 3962 quod
1169 3899 1251 3945 est
1282 3891 1380 3945 sub
1410 3890 1587 3957 labiis,
1621 3898 1704 3944 est
1733 3904 2011 3945 venenum

417 3982 676 4054 aspidum
696 3978 1016 4036 insanabile
1037 3999 1055 4034 :
1073 3979 1200 4049 quia
1219 3994 1397 4043 nemo,
1415 3978 1654 4049 quandiu
1676 3976 2013 4033 consenserit

418 4070 545 4137 illis,
569 4069 773 4140 poterit
801 4067 1077 4124 sanari.0s
1091 4084 1327 4139 quorum
1354 4068 1662 4122 Judaeorum
1671 4068 1905 4137 plenum
1926 4069 2012 4121 est

418 4158 837 4213 maledictione.
874 4155 1269 4211 Maledicebant
1296 4155 1439 4210 enim
1480 4155 1715 4219 Christo,
1766 4154 2009 4208 dicentes

421 4262 547 4301 eum
576 4244 742 4299 filium
773 4243 930 4310 fabri,
964 4250 1018 4298 et
1047 4243 1264 4298 similia.
1300 4244 1522 4298 Plenum
1568 4250 1649 4298 est
1704 4241 1866 4296 etiam
1914 4257 2010 4296 eos

419 4349 608 4389 eorum
637 4332 1023 4389 amaritudine
1053 4332 1407 4401 (Psalm.tx).
1442 4331 1825 4386 Amaraverba
1853 4330 2007 4384 dice-

419 4422 569 4488 bant,
603 4421 956 4477 inclamantes
991 4434 1003 4473 :
1042 4419 1332 4491 Cruciﬁge,
1376 4420 1639 4489 cruciﬁge
1660 4435 1788 4474 eum
1815 4419 2004 4489 (Marc.

416 4526 475 4580 χ,
505 4518 557 4566 et
584 4511 718 4565 Luc.
751 4508 938 4580 χχιιι).
975 4510 1037 4563 Et
1066 4507 1248 4580 pedes,
1272 4507 1328 4561 id
1358 4515 1440 4562 est
1469 4506 1784 4563 affectiones
1814 4523 2008 4562 eorum

2119 2128 2200 2175 est
2228 2121 2283 2174 in
2312 2121 2435 2191 lege
2464 2129 2741 2191 permanet
2769 2122 2843 2175 ibi
2873 2137 3023 2185 caro,
3059 2121 3112 2175 id
3144 2128 3226 2175 est
3269 2122 3523 2177 carnalis.
3576 2124 3720 2177 Vere

2118 2226 2278 2264 nemo
2289 2209 2673 2279 justificabitur
2693 2227 2759 2265 ex
2772 2210 3025 2281 operibus
3056 2209 3219 2281 legis.
3254 2211 3393 2265 Nam
3420 2227 3521 2282 per
3542 2212 3721 2282 legem

2116 2299 2340 2353 habetur
2395 2301 2637 2369 cognitio
2679 2300 2919 2371 peccati,
2956 2306 3006 2353 et
3035 2314 3141 2351 non
3166 2298 3476 2366 justificatio
3508 2315 3538 2352 a
3586 2315 3717 2370 pec-

2115 2387 2265 2441 catis.
2298 2386 2439 2454 Quia
2466 2386 2511 2440 si
2540 2387 2725 2458 aliqui,
2760 2395 2816 2441 ut
2846 2387 3057 2455 Moyses
3087 2393 3141 2440 et
3198 2387 3392 2455 David,
3444 2388 3545 2441 sub
3592 2388 3720 2460 lege

2110 2475 2383 2544 justificati
2414 2483 2555 2541 sunt,
2589 2491 2697 2530 non
2727 2476 2829 2530 hoc
2858 2476 3159 2529 habuerunt
3189 2491 3255 2529 ex
3303 2475 3446 2546 lege,
3472 2476 3568 2530 sed
3615 2492 3721 2547 per

2116 2563 2281 2618 fidem
2311 2564 2529 2631 Christi,
2563 2581 2724 2635 quem
2754 2564 3174 2633 Redemptorem
3204 2564 3498 2619 credebant
3527 2572 3579 2620 et
3617 2582 3720 2620 ex-

2117 2653 2450 2722 spectabant.
2485 2652 2575 2708 Sic
2604 2668 2793 2707 omnes
2813 2652 2944 2722 justi
2975 2652 3076 2705 sub
3106 2653 3278 2707 veteri
3308 2652 3431 2724 lege
3469 2668 3578 2708 non
3616 2669 3721 2724 per

2115 2741 2315 2812 legem,
2350 2741 2447 2795 sed
2477 2757 2575 2811 per
2603 2741 2876 2796 Christum
2899 2738 3176 2809 justificati
3206 2748 3346 2807 sunt,
3381 2757 3544 2813 quem
3592 2757 3720 2798 cre-

2115 2830 2306 2884 dentes
2336 2830 2724 2900 exspectabant
2752 2838 3057 2884 venturum.

2184 2919 2325 2972 Nota
2359 2933 2371 2972 :
2406 2919 2461 2972 in
2490 2918 2666 2988 prima
2695 2918 3003 2973 conditione
3032 2918 3285 2986 hominis,
3316 2919 3479 2974 homo
3528 2934 3721 2991 super-

2114 3005 2313 3060 biendo
2332 3005 2486 3061 23
2510 3006 2739 3072 cecidit,-
2764 3022 2925 3077 quem
2956 3007 3102 3061 Deus
3134 3007 3226 3062 diu
3258 3006 3610 3078 exspectavit,
3635 3015 3716 3074 ut,

2115 3094 2160 3148 si
2190 3102 2395 3164 posset,
2428 3110 2528 3164 per
2557 3094 2854 3149 naturalem
2873 3094 3207 3151 intellectum
3245 3103 3576 3168 resurgeret.
3631 3096 3718 3151 Ad

2116 3182 2259 3253 quod
2286 3190 2574 3253 postquam
2603 3184 2766 3238 homo
2798 3199 2856 3237 se
2886 3183 3219 3240 inefﬁcacem
3248 3184 3533 3255 comperit,
3583 3184 3721 3240 dixit

2117 3270 2261 3342 quia,
2294 3271 2339 3324 si
2370 3271 2548 3341 legem
2577 3271 2825 3338 haberet,
2858 3288 2957 3342 per
2984 3289 3143 3344 quam
3172 3273 3313 3329 mala
3367 3289 3399 3327 a
3427 3272 3604 3339 bonis,
3658 3281 3716 3329 et

2115 3374 2145 3413 e
2174 3374 2438 3414 converso
2463 3360 2603 3414 bona
2632 3374 2664 3413 a
2692 3360 2847 3414 malis
2878 3360 3228 3428 discerneret,
3264 3362 3343 3417 sic
3373 3362 3591 3416 tandem
3621 3378 3720 3417 re-

2113 3463 2336 3519 surgere
2365 3455 2569 3517 posset.
2602 3448 2747 3503 Deus
2776 3457 2973 3513 autem,
3003 3458 3058 3504 ut
3088 3450 3364 3505 hominem
3385 3450 3587 3520 ubique
3617 3466 3720 3520 per

2114 3552 2173 3590 se
2204 3536 2553 3606 impotentem
2582 3538 2913 3603 ostenderet,
2944 3538 3093 3592 dedit
3122 3538 3303 3610 legem
3333 3554 3438 3609 qua
3487 3538 3631 3593 bona
3685 3553 3721 3593 a

2113 3624 2272 3678 malis
2299 3625 2611 3681 discernere
2640 3635 2824 3696 posset
2858 3645 2871 3691 ;
2906 3641 3008 3682 nec
3037 3635 3219 3682 tamen
3251 3628 3329 3683 sic
3358 3627 3576 3681 liberari
3605 3642 3715 3697 po-

2113 3713 2229 3767 tuit.
2265 3715 2411 3768 Deus
2440 3714 2622 3785 utique
2651 3715 2728 3769 sic
2759 3714 2995 3769 futurum
3027 3716 3096 3770 de
3144 3716 3360 3770 homine
3417 3716 3557 3770 bene
3615 3731 3719 3771 co-

2112 3810 2391 3872 gnoverat,
2425 3803 2523 3857 sed
2552 3818 2653 3873 pro
2680 3810 2805 3858 voto
2834 3804 3069 3859 hominis
3098 3812 3149 3858 et
3206 3804 3503 3859 naturalem
3548 3804 3720 3859 intel-

2109 3890 2308 3945 lectum
2346 3890 2565 3955 dimisit,
2600 3898 2653 3945 et
2701 3899 2890 3961 postea
2944 3892 3126 3964 legem
3183 3891 3422 3960 indulsit,
3481 3900 3553 3957 ut,
3617 3909 3723 3963 per

2110 3980 2226 4034 haec
2254 3994 2517 4035 concessa
2544 3994 2653 4033 non
2683 3980 2960 4045 liberatus,
2993 3981 3237 4035 crederet
3294 3996 3353 4035 se
3402 3981 3533 4034 nihil
3590 3997 3722 4038 esse

2108 4083 2207 4137 per
2232 4084 2309 4133 se,
2345 4076 2397 4122 et
2426 4067 2505 4123 sic
2525 4068 2593 4122 ad
2615 4068 2844 4140 gratiam
2876 4068 2972 4122 Dei
2998 4068 3338 4139 confugeret,
3373 4085 3533 4141 quam
3564 4070 3720 4125 Deus

2109 4164 2232 4225 post
2261 4156 2563 4211 naturalem
2592 4156 2943 4223 intellectum,
2976 4164 3097 4227 post
3127 4157 3327 4229 legem,
3363 4174 3484 4228 qua:
3526 4157 3595 4211 ad
3616 4158 3721 4226 ju-

2110 4243 2484 4299 stificationem
2513 4259 2620 4299 non
2652 4243 3006 4311 sufficiebant,
3054 4245 3439 4301 convenienter
3466 4245 3716 4314 indulsit,

2107 4341 2389 4404 postquam
2400 4333 2512 4401 jam
2536 4349 2634 4387 nec
2645 4334 2824 4403 putari
2853 4340 3062 4403 poterat
3093 4333 3236 4387 aliud
3250 4349 3424 4405 genus
3452 4334 3717 4390 salvatio-

2107 4421 2285 4475 nis.Et
2304 4421 2424 4491 quia
2438 4437 2538 4491 per
2553 4421 2730 4493 legem
2757 4422 2873 4476 sola
2886 4421 3124 4493 cognitio
3142 4422 3543 4493 peccati,igitur
3554 4439 3718 4479 nunc

2109 4509 2322 4563 tandem
2338 4511 2441 4565 hoc
2452 4517 2695 4576 ostenso,
2712 4512 3023 4580 manifesta
3026 4512 3055 4580 j
3062 4512 3259 4565 ustitia
3273 4515 3356 4565 est
3370 4511 3469 4566 Dei
3482 4511 3604 4566 sine
3625 4512 3719 4567 le-

414 4600 746 4664 Judaaorum,
772 4604 897 4652 sunt
911 4598 1123 4652 veloces
1143 4596 1213 4652 ad
1234 4596 1635 4665 effundendum
1647 4596 2001 4667 sanguinem,
2025 4605 2078 4665 1)
2107 4614 2190 4669 ge,
2222 4598 2278 4653 id
2307 4607 2389 4653 est
2417 4606 2660 4668 apertum
2686 4606 2767 4653 est
2787 4600 2959 4653 Deum
2970 4598 3265 4667 justificare
3282 4600 3589 4665 credentes,
3610 4615 3720 4670 per

413 4688 569 4743 Prius
598 4688 742 4742 enim
762 4686 1038 4742 voluntate
1083 4683 1382 4740 effuderunt
1410 4685 1728 4756 sanguinem
1786 4682 2002 4750 Christi,

417 4792 578 4848 quam
606 4783 746 4831 actu.
780 4776 846 4829 Et
876 4774 1005 4845 quia
1038 4773 1174 4829 adeo
1204 4773 1373 4845 iniqui
1396 4782 1537 4839 sunt,
1562 4774 1685 4828 ideo
1705 4775 1769 4828 in
1797 4772 1918 4839 viis,
1950 4773 2007 4828 id

420 4871 504 4919 est
532 4863 809 4935 operibus,
844 4878 1038 4918 eorum
1068 4866 1152 4918 est
1167 4863 1453 4929 contritio,
1491 4862 1546 4916 id
1576 4870 1658 4917 est
1689 4861 1891 4916 misera
1910 4878 2007 4932 per

416 4952 602 5007 orbem
659 4967 851 5006 eorum
910 4950 1200 5021 dispersio.
1258 4950 1402 5006 facta
1458 4967 1558 5021 per
1586 4950 1877 5006 Romanos.
1912 4952 2006 5004 Est

416 5040 576 5096 etiam
605 5039 661 5093 in
691 5039 947 5110 operibus
975 5055 1164 5094 eorum
1194 5040 1530 5111 infelicitas,
1572 5038 1627 5093 id
1657 5046 1739 5093 est
1792 5039 2006 5093 anima-

415 5145 536 5183 rum
567 5128 857 5195 damnatio,
890 5144 1012 5200 qum
1039 5128 1150 5184 sola
1189 5127 1475 5189 infelicitas
1528 5127 1762 5184 dicenda
1800 5136 1899 5182 est.
1939 5129 2008 5182 Et

414 5219 520 5273 hoc
556 5224 728 5272 totum
752 5216 850 5271 fuit
878 5217 958 5271 eis
986 5217 1128 5284 ideo,
1164 5216 1289 5289 quia
1317 5232 1654 5289 cognoscere
1691 5218 2006 5273 noluerunt

414 5308 564 5362 viam
582 5307 760 5378 pacis,
785 5305 839 5359 id
859 5314 940 5360 est
962 5306 1252 5371 Christum,
1274 5322 1375 5376 per
1395 5321 1555 5377 quem
1594 5304 1698 5359 itur
1722 5304 1793 5359 ad
1824 5321 2007 5359 veram

413 5410 622 5465 pacem.
655 5395 723 5448 Et
771 5393 908 5449 sicut
955 5410 1060 5449 non
1101 5401 1479 5467 cognoverunt
1525 5409 1648 5448 eum
1697 5392 2003 5459 dilectione,

415 5483 494 5539 sic
523 5498 626 5538 nec
655 5482 819 5537 etiam
849 5482 1057 5539 timore.
1100 5485 1219 5539 Non
1240 5487 1327 5537 est
1353 5482 1497 5537 enim
1532 5483 1703 5539 timor
1745 5481 1845 5537 Dei
1871 5487 2006 5537 ante

415 5572 604 5628 oculos
634 5587 827 5627 eorum
857 5591 875 5626 :
904 5572 1029 5644 quia
1050 5571 1262 5626 etiamsi
1292 5570 1348 5624 in
1377 5577 1566 5625 natura
1613 5569 1864 5624 timorem
1908 5569 2007 5624 Dei

416 5659 699 5730 haberent,
732 5667 785 5715 et
814 5661 987 5716 Deum
1016 5658 1316 5715 timendum
1346 5674 1467 5714 esse
1498 5657 1638 5714 bene
1688 5657 2006 5715 reminisce-

2107 4687 2279 4742 solam
2296 4687 2524 4758 gratiam
2539 4687 2655 4741 sine
2672 4687 2819 4741 omni
2834 4688 3117 4758 lege.lllud
3129 4696 3309 4743 autem
3324 4687 3586 4742 illativum
3606 4699 3721 4745 est:

2107 4791 2228 4846 quae
2243 4775 2447 4844 justitia
2462 4776 2561 4830 Dei
2575 4776 2879 4844 testiﬁcata
2897 4784 3089 4847 estper
3116 4777 3346 4848 gratiam
3377 4775 3513 4843 fieri,
3537 4794 3572 4831 a
3595 4777 3720 4848 lege

2106 4864 2276 4934 Moysi
2298 4868 2353 4919 et
2375 4879 2408 4917 a
2424 4863 2633 4919 caeteris
2651 4865 2960 4937 prophetis.
2984 4865 3211 4920 Probato
3230 4864 3593 4936 quodjustitia
3609 4867 3719 4923 Dei

2106 4952 2198 5006 ﬁat
2215 4952 2331 5006 sine
2343 4953 2485 5023 lege,
2502 4953 2779 5025 subjungit
2795 4970 2896 5024 per
2911 4970 3034 5025 quae
3049 4951 3170 5008 fiat:
3187 4969 3285 5024 per
3301 4952 3462 5008 fidem
3477 4953 3712 5024 scilicet,

2106 5049 2159 5097 et
2188 5056 2285 5111 per
2312 5039 2631 5096 effusionem
2660 5042 2944 5113 sanguinis
2974 5042 3194 5109 Christi,
3227 5042 3413 5097 dicens
3449 5057 3461 5095 :
3494 5042 3713 5099 Justitia

2106 5128 2205 5184 Dei
2234 5144 2341 5184 non
2371 5128 2428 5182 fit
2457 5145 2555 5200 per
2582 5129 2780 5201 legem,
2818 5131 2914 5185 sed
2933 5129 2989 5184 fit
3011 5146 3116 5201 per
3134 5131 3297 5199 ﬁdem
3329 5132 3460 5186 Jesu
3494 5130 3717 5189 Christi

2104 5219 2169 5273 in
2196 5234 2390 5273 omnes
2411 5219 2540 5273 illos
2562 5220 2660 5290 qui
2688 5218 2947 5275 credunt.
2971 5218 3291 5290 Quicunque
3312 5218 3455 5274 enim
3475 5218 3531 5272 in
3551 5220 3713 5275 Chri-

2107 5313 2246 5360 stum
2276 5306 2469 5374 credit,
2496 5305 2879 5375 justiﬁcabitur
2910 5323 2943 5362 a
2971 5308 3226 5378 peccatis,
3258 5311 3316 5362 et
3342 5307 3505 5362 etiam
3534 5324 3716 5379 super

2105 5410 2344 5462 omnes;
2391 5395 2519 5466 quia
2550 5395 2875 5464 justificatus
2917 5412 3190 5467 nunquam
3248 5403 3455 5451 tantum
3506 5398 3713 5454 mereri

2104 5491 2299 5553 potest,
2349 5484 2480 5555 quin
2532 5484 2707 5554 gratia
2753 5484 2854 5539 Dei
2900 5483 3151 5539 meritum
3193 5484 3309 5553 ejus
3357 5484 3712 5543 retribuendo

2106 5580 2344 5642 superet.
2382 5573 2521 5627 Vere
2563 5588 2755 5628 omnes
2792 5572 3157 5641 justificantur
3202 5588 3302 5643 per
3344 5571 3527 5628 fidem.
3561 5574 3711 5632 Nam

2105 5676 2220 5717 non
2250 5664 2337 5717 est
2376 5660 2690 5729 distinctio,
2733 5668 2789 5717 ut
2814 5661 2903 5718 hic
2945 5659 3272 5731 justificetur
3300 5677 3398 5733 per
3422 5660 3706 5735 meritum,
