3970 6514
182 436 234 490 ιι
820 427 1203 487 EXPOSITIO
1242 428 1317 484 IN
1354 428 1737 486 EPISTOLAS
1776 428 2004 487 PAULI.
2033 460 2102 473 —
2132 431 2208 487 IN
2243 431 2466 490 EPIST.
2507 434 2603 491 ΑΙ)
2642 434 2820 493 ROM.
3410 445 3479 500 42

184 558 259 613 hic
283 572 380 627 per
409 556 667 630 gratiam,
701 564 991 629 propterea
1039 571 1148 610 non
1197 561 1280 610 est
1309 553 1609 625 distinctio,
1643 553 1771 628 quia
1789 564 1843 625 Α
1874 555 2010 611 sicut
2028 556 2339 616 Iudaeorum
2369 561 2445 617 ita
2473 564 2529 618 et
2559 563 2822 634 gentium
2844 571 3060 620 creator
3089 563 3210 620 est?
3236 566 3362 622 Non
3391 582 3483 623 so-
3564 636 3568 640 Α

186 662 382 712 omnes,
406 650 528 702 tam
540 645 711 702 Judaei
730 644 1168 718 quam‘gentiles,
1184 648 1582 716 peccaverunt,
1596 652 1652 699 ut
1674 662 1770 699 su-

185 735 566 808 pralostensum
590 742 701 802 est;
722 739 778 791 et
800 734 925 790 ideo
959 750 1152 791 omnes
1174 737 1339 805 egent
1367 734 1549 805 gloria
1575 734 1694 799 Dei,
1716 732 1772 788 id

186 832 259 880 est
279 821 562 893 iustiﬁcari
592 841 692 895 per
719 824 896 879 Deum
930 840 944 878 :
976 823 1033 878 in
1063 837 1171 895 qua
1199 838 1260 878 re
1290 822 1566 895 gloriosus
1595 837 1772 894 appa-

188 921 259 969 ret
283 914 429 967 Deus
442 954 455 966 .

254 1002 495 1074 Egebant
524 1001 708 1074 utique
738 1000 914 1075 gloria
943 1000 1080 1070 Dei,
1131 1001 1260 1073 quia
1296 1000 1609 1072 justiﬁcati
1646 1006 1773 1055 sunt

184 1093 347 1164 gratis
377 1090 495 1146 sine
517 1091 711 1146 merito
739 1107 931 1146 eorum
952 1110 971 1158 ;
988 1107 1090 1163 per
1108 1092 1355 1162 gratiam
1377 1090 1577 1161 ipsius,
1601 1088 1658 1144 id
1688 1095 1773 1144 est

184 1197 275 1253 per
292 1178 610 1235 eﬁ'usionem
630 1180 804 1236 sancti
842 1179 1093 1251 Spiritus,
1139 1180 1296 1249 cujus
1317 1178 1499 1252 gratia
1521 1178 1649 1233 data
1689 1186 1773 1233 est

185 1285 279 1342 per
303 1268 708 1340 precedentem
730 1269 1194 1342 redemptionem,
1210 1284 1333 1341 qua:
1354 1271 1439 1324 est
1460 1269 1523 1323 in
1549 1266 1772 1325 Christo

182 1361 302 1415 Jesu
332 1399 347 1426 ,
403 1358 459 1413 id
488 1367 572 1413 est
602 1374 699 1430 per
726 1358 914 1413 datum
942 1357 1176 1429 pretium
1210 1356 1493 1428 sanguinis
1522 1356 1721 1412 Christi
1755 1372 1768 1412 :

183 1465 334 1521 quem
361 1448 553 1503 Iesum
574 1449 720 1503 Deus
732 1448 890 1502 Pater
898 1448 1210 1519 proposuit,
1236 1445 1290 1501 id
1308 1454 1389 1501 est
1406 1446 1459 1500 in
1481 1445 1772 1517 propatulo

186 1536 449 1592 hominem
478 1536 681 1591 factum
709 1536 912 1591 mundo
945 1535 1194 1607 exposuit
1218 1536 1671 1607 propitiatorem.
1712 1535 1773 1589 In

183 1626 386 1681 Christo
417 1626 565 1680 enim
597 1626 743 1680 Deus
770 1624 1086 1696 propitiatus
1115 1632 1198 1679 est
1228 1624 1432 1679 mundo
1451 1640 1553 1696 per
1579 1624 1767 1694 ﬁdem,

181 1715 229 1769 id
258 1723 336 1769 est
365 1713 453 1769 his
483 1714 576 1785 qui
620 1729 807 1769 sanam
841 1712 1004 1768 ﬁdem
1035 1714 1104 1769 de
1136 1713 1349 1769 Christo
1381 1713 1601 1768 habent.
1636 1714 1772 1768 Pro-

181 1803 477 1876 piliatorem
495 1802 659 1858 etiam
676 1804 738 1858 in
758 1820 1040 1876 sanguine
1061 1804 1239 1875 ipsius
1260 1802 1458 1857 Christi
1483 1820 1498 1869 ;
1523 1802 1651 1873 quia
1672 1818 1773 1857 nec

180 1892 308 1948 ﬁdes
334 1894 453 1949 sine
484 1893 747 1949 effusione
778 1891 1080 1964 sanguinis,
1112 1907 1215 1948 nec
1252 1891 1478 1963 sanguis
1521 1891 1638 1947 sine
1667 1890 1773 1946 ﬁde
1800 1926 1852 1987 Β

180 1982 246 2037 ad
302 1982 535 2038 salutem
582 1980 895 2054 proficeret.
952 1982 1101 2036 Deus
1145 1980 1333 2052 utique
1380 1980 1458 2035 sic
1486 1980 1773 2051 preposuit

181 2071 446 2126 Christum
476 2072 550 2127 ad
578 2069 1239 2141 ostensionemjustitiw,
1273 2069 1328 2124 id
1358 2076 1460 2136 est,
1495 2076 1553 2124 ut
1582 2078 1774 2125 osten-

177 2160 321 2215 deret
348 2177 409 2215 se
421 2160 631 2230 justum
651 2168 704 2215 et
722 2175 993 2228 veracem,
1015 2164 1249 2231 propter
1264 2159 1654 2214 remissionem
1689 2157 1777 2214 de-

181 2250 441 2306 lictorum
468 2249 935 2323 prwcedentium,
959 2248 1015 2302 id
1045 2256 1145 2314 est,
1171 2255 1227 2302 ut
1247 2248 1545 2304 remitteret
1577 2248 1778 2303 delicta

177 2339 401 2394 Abrahae
433 2346 488 2395 et
512 2340 803 2408 justorum,
840 2338 1205 2410 praecedentia
1260 2338 1323 2392 in
1359 2339 1776 2393 sustentatione

178 2429 290 2483 Dei.
323 2428 473 2483 Deus
500 2428 649 2483 enim
678 2427 876 2483 delicta
905 2442 1092 2482 eorum
1130 2442 1256 2482 cum
1286 2424 1480 2481 ﬁerent
1508 2426 1779 2498 patienter

178 2517 447 2585 sustinuit,
481 2517 662 2573 donec
692 2516 744 2570 in
776 2523 1025 2587 tempore
1056 2516 1249 2587 gratiae
1271 2523 1532 2589 purgaret
1555 2514 1678 2570 illos
1708 2514 1779 2570 ab

179 2605 274 2661 eis.
327 2605 620 2677 PrOposuit
656 2605 817 2660 etiam
864 2606 1009 2659 Deus
1058 2604 1333 2659 Christum
1370 2604 1780 2675 propitiatorem

178 2695 248 2750 ad
273 2696 662 2751 ostensionem
682 2694 953 2766 justitiw,
987 2693 1042 2747 id
1073 2701 1175 2759 est,
1202 2691 1607 2762 justiﬁcationis
1637 2695 1777 2765 ejus,

177 2783 406 2850 scilicet,
467 2792 528 2838 ut
584 2784 649 2839 in
686 2785 786 2839 hoc
832 2787 1081 2856 tempore
1126 2782 1315 2853 gratiae
1354 2782 1609 2838 omnibus
1653 2782 1783 2836 satis

175 2882 450 2928 ostensum
482 2880 633 2928 esset
680 2891 695 2938 ;
746 2888 872 2927 cum
926 2887 1102 2943 neque
1149 2870 1406 2925 naturalis
1453 2870 1779 2938 intellectus,

177 2978 355 3034 neque
400 2962 492 3018 lex
539 2962 664 3016 data
719 2978 750 3016 a
788 2960 1006 3017 vinculo
1051 2960 1264 3031 peccati
1309 2959 1586 3026 liberaret,
1637 2960 1785 3032 quod

177 3051 326 3106 solus
355 3053 509 3108 Deus
547 3048 842 3120 justiﬁcare
886 3057 1092 3121 posset.
1140 3050 1273 3117 Hoc,
1321 3048 1565 3121 inquam,
1595 3057 1784 3104 osten-

174 3139 397 3196 deretur
415 3145 484 3197 ut
505 3141 583 3196 sit
601 3141 750 3195 Deus
768 3140 888 3212 ipse
893 3140 1111 3210 justus,
1136 3138 1190 3193 id
1220 3147 1323 3204 est,
1354 3154 1519 3193 verax
1549 3137 1604 3192 in
1636 3154 1786 3195 com-

178 3229 419 3300 pletione
449 3229 850 3302 promissorum
884 3246 899 3295 ;
930 3231 987 3284 et
1016 3235 1074 3282 ut
1102 3227 1171 3281 sit
1200 3228 1535 3298 justiﬁcans
1564 3243 1789 3283 omnem

1884 644 1995 700 lum
2026 647 2362 717 Iudaeorum,
2397 653 2510 707 imo
2541 650 2704 707 etiam
2732 654 2993 724 gentium
3024 654 3173 710 Deus
3201 663 3302 711 est.
3335 654 3480 725 Quia

1874 735 1920 791 si
1952 752 2107 809 aeque
2135 741 2372 813 gentiles
2414 740 2618 797 creavit
2652 748 2711 795 ut
2755 742 2995 810 Iudaeos,
3045 751 3257 801 constat
3305 745 3481 801 Deum

1873 834 2132 900 utrosque
2163 831 2303 887 velle
2332 830 2610 903 aequaliter
2655 830 2887 887 salvare.
2921 833 3065 888 Vere
3094 833 3187 906 qui
3215 834 3365 891 Deus
3397 842 3481 891 est

1873 919 2208 990 Iudaeorum,
2227 929 2311 975 est
2324 922 2472 976 Deus
2490 920 2736 992 gentium
2760 939 2775 989 ;
2799 924 3067 991 quoniam
3089 923 3312 995 quidem
3327 940 3482 981 unus

1873 1013 1959 1066 est
1985 1011 2133 1065 Deus
2173 1010 2435 1065 omnium.
2486 1008 2623 1079 Quia
2671 1010 2717 1064 si
2755 1026 2896 1065 unus
2938 1018 3146 1066 tantum
3194 1020 3277 1068 est
3306 1013 3475 1084 Deus,

1874 1106 2090 1154 constat
2138 1097 2392 1155 eumdem
2440 1114 2563 1155 esse
2613 1099 2785 1154 Deum
2816 1099 3063 1173 gentium
3091 1117 3254 1173 quem
3285 1109 3338 1158 et
3373 1103 3475 1157 Ju-

1873 1188 2139 1244 daeorum.
2174 1189 2629 1261 Quandoquidem
2659 1206 2810 1245 unus
2826 1190 3071 1262 gentium
3092 1199 3145 1246 et
3163 1191 3480 1248 Iudaeorum

1874 1286 1958 1333 est
1988 1278 2234 1347 Creator,
2267 1286 2483 1334 constat
2512 1278 2659 1350 quod
2688 1278 2777 1335 hic
2797 1295 2938 1333 unus
2967 1278 3115 1335 idem
3136 1284 3242 1350 est,
3267 1283 3363 1354 qui
3371 1283 3479 1354 ju-

1872 1368 2146 1437 stiﬁcavit
2176 1368 2691 1437 circumeisionem,
2723 1367 2779 1423 id
2808 1376 2891 1424 est
2918 1369 3138 1426 Iudaeos
3168 1385 3243 1426 ea:
3272 1371 3399 1439 ﬁde,
3426 1379 3480 1427 et

1875 1472 1985 1512 non
2004 1474 2106 1528 per
2125 1457 2326 1529 legem,
2363 1461 2419 1512 et
2452 1457 2545 1529 qui
2570 1455 2890 1527 justiﬁcavit
2915 1460 3285 1531 praeputium,
3318 1460 3373 1515 id
3395 1467 3481 1516 est

1877 1546 2114 1620 gentiles
2145 1546 2397 1601 similiter
2422 1563 2527 1619 per
2571 1547 2761 1616 ﬁdem.
2804 1547 2872 1601 Hi
2903 1547 2995 1619 qui
3035 1547 3365 1604 insidiantur
3392 1548 3477 1604 lit-

1875 1643 2023 1701 teraz,
2067 1634 2254 1691 dicunt
2299 1634 2556 1706 quiddam
2602 1635 2916 1706 expressius
2963 1636 3161 1707 notari,
3218 1653 3321 1708 per
3372 1638 3478 1694 hoc

1876 1724 2021 1795 quod
2052 1723 2127 1778 ait
2156 1739 2221 1778 ex
2252 1721 2378 1789 ﬁde,
2415 1739 2576 1795 quam
2607 1724 2699 1778 ubi
2732 1723 2807 1779 ait
2836 1741 2934 1795 per
2961 1724 3142 1781 ﬁdem.
3176 1726 3301 1781 Vult
3331 1726 3478 1783 enim

1876 1812 2169 1884 designare
2220 1811 2410 1867 dicens
2458 1828 2525 1867 ex
2573 1811 2701 1881 ﬁde,
2735 1814 2883 1885 quod
2933 1830 3035 1870 nec
3065 1815 3226 1870 etiam
3257 1815 3482 1888 aliquod

1875 1901 2090 1956 initium
2125 1899 2531 1971 justiﬁcationis
2574 1902 2862 1957 habuerint
2902 1902 3075 1959 Judaei
3104 1903 3210 1959 nisi
3241 1920 3308 1959 ex
3338 1904 3471 1961 ﬁde.

1876 1992 1956 2047 De
1986 1991 2244 2063 gentibus
2274 2006 2404 2046 vero
2433 1990 2559 2062 quia
2588 1990 2737 2046 nulla
2784 1999 2901 2046 erat
2945 1992 3214 2060 dubietas,
3248 2010 3357 2049 non
3398 1994 3480 2052 sic

1875 2080 2166 2152 expressit.
2200 2080 2308 2135 Sed
2339 2080 2677 2152 Augustinus
2721 2081 2852 2137 dicit
2896 2082 3246 2154 mquipollere
3274 2098 3341 2138 ex
3370 2082 3480 2141 ﬁde

1876 2179 1929 2226 et
1957 2186 2059 2241 per
2087 2168 2269 2239 ﬁdem,
2305 2185 2428 2225 cum
2450 2169 2579 2224 alibi
2609 2170 2752 2225 dicat
2792 2171 3088 2243 Apostolus
3129 2171 3350 2228 Iudaeos
3379 2189 3482 2245 per

1876 2258 2063 2327 ﬁdem,
2094 2259 2328 2331 gentiles
2367 2274 2430 2314 ex
2462 2257 2570 2314 ﬁde
2605 2258 2922 2329 justiﬁcari.
2978 2260 3049 2315 Et
3088 2260 3216 2333 quia
3244 2260 3480 2318 dicimus

1877 2365 1978 2419 per
1998 2348 2162 2403 ﬁdem
2192 2347 2366 2403 solam
2383 2346 2669 2418 justiﬁcari
2701 2348 2820 2405 sine
2840 2349 3101 2420 operibus
3139 2350 3302 2423 legis,
3323 2366 3473 2423 ergo,

1879 2437 1933 2493 id
1950 2444 2033 2492 est
2046 2453 2115 2492 an
2132 2444 2357 2509 propter
2369 2438 2471 2492 hoc
2495 2437 2845 2494 destruimus
2874 2438 3049 2510 legem
3067 2456 3172 2512 per
3191 2440 3360 2509 ﬁdem
3400 2441 3484 2495 in-

1880 2526 2101 2583 ductam
2120 2525 2148 2580 ?
2176 2525 2336 2582 Absit
2366 2527 2472 2582 hoc
2494 2533 2553 2580 ut
2584 2524 2720 2581 ﬁdes
2741 2526 2918 2598 legem
2945 2527 3190 2583 destruat
3214 2527 3361 2585 lNos
3379 2529 3486 2584 uti-

1882 2632 1988 2687 que
2018 2631 2127 2671 non
2157 2615 2507 2683 destruimus,
2532 2615 2630 2671 sed
2642 2615 2823 2686 potius
2839 2619 3173 2686 statuimus,
3194 2617 3249 2673 id
3262 2625 3347 2674 est
3365 2626 3481 2674 sta-

1882 2704 2049 2760 bilem
2080 2712 2132 2760 et
2162 2704 2433 2759 valentem
2483 2704 2906 2776 comprobamus
2937 2704 3106 2762 fuisse
3138 2707 3332 2779 legem.
3364 2706 3485 2762 Nisi

1883 2794 2028 2850 enim
2059 2792 2195 2848 ﬁdes
2225 2802 2544 2865 sequeretur
2571 2792 3047 2865 quaajustiﬁcaret,
3081 2811 3183 2866 pro
3213 2803 3363 2852 certo
3393 2796 3484 2852 lex

1883 2891 2041 2939 vetus
2069 2881 2225 2937 irrita
2253 2891 2399 2938 esset
2430 2899 2443 2938 :
2478 2882 2604 2954 quia
2632 2898 2810 2955 neque
2841 2899 2952 2950 res,
2985 2900 3166 2956 neque
3189 2883 3362 2958 ﬁgura
3393 2885 3485 2941 ﬁeo

1885 2979 1988 3027 ret.
2024 2971 2134 3027 Sed
2162 2971 2324 3028 modo
2372 2971 2560 3027 valens
2602 2987 2726 3027 esse
2765 2972 3047 3043 probatur,
3082 2989 3183 3044 per
3210 2974 3315 3030 hoc
3342 2973 3489 3046 quod

1884 3060 2137 3134 ﬁguravit
2173 3060 2426 3134 gratiam,
2471 3077 2593 3133 quae
2640 3060 2719 3117 sic
2753 3060 3077 3131 justiﬁcaret
3135 3078 3235 3134 per
3284 3060 3477 3119 ﬁdem.

1886 3150 2011 3208 Vult
2066 3150 2229 3206 etiam
2302 3150 2656 3221 comprobare
2730 3166 2829 3222 per
2880 3151 3194 3223 exemplum
3250 3153 3488 3211 Abrahae

1886 3240 2034 3312 quod
2065 3240 2151 3296 lex
2173 3240 2473 3309 justiﬁcare
2519 3255 2627 3296 non
2660 3240 2853 3312 possit,
2889 3249 2943 3296 et
2968 3241 3041 3296 ad
3069 3242 3176 3298 hoc
3203 3240 3341 3298 ﬁdes
3370 3243 3486 3298 sola

175 3292 304 3374 eum
333 3334 368 3374 a
395 3292 644 3391 peccatis
657 3318 753 3391 qui
781 3321 866 3373 est
887 3292 960 3373 ex
976 3317 1084 3386 ﬁde
1103 3292 1234 3373 Iesu
1257 3292 1485 3372 Christi.
1527 3314 1775 3384 Quando-

1885 3328 2131 3398 sufﬁciat,
2166 3329 2259 3401 qui
2288 3328 2610 3401 priusquam
2636 3328 2818 3402 legem
2851 3329 3281 3387 eircumcisionis
3311 3331 3488 3389 habe-

175 3407 396 3479 quidem
425 3408 510 3479 (ut
541 3421 707 3478 supra
752 3406 1037 3477 probatum
1085 3406 1191 3475 est)
1228 3405 1406 3461 omnis
1447 3405 1658 3475 justitia
1684 3422 1785 3478 per

172 3494 335 3553 ﬁdem
366 3505 474 3566 est,
510 3504 566 3552 et
595 3496 652 3550 in
680 3511 891 3551 omnes.
922 3495 1047 3550 Non
1095 3493 1240 3550 enim
1287 3493 1642 3567 distinguitur
1681 3494 1782 3550 Ju-

170 3584 317 3641 daeus
347 3602 378 3640 a
408 3584 629 3658 gentili,
663 3600 787 3641 cum
816 3600 1007 3640 omnes
1028 3600 1182 3655 aeque
1224 3583 1567 3655 peccaverint
1591 3602 1606 3650 ;
1626 3599 1779 3658 ergo,

170 3688 202 3730 0
238 3674 452 3742 Iudaee,
488 3674 588 3731 ubi
617 3678 701 3730 est
734 3681 831 3729 tua
851 3674 1117 3746 gloriatio
1138 3672 1166 3727 ‘l
1190 3673 1315 3727 Non
1338 3671 1433 3726 tibi
1458 3672 1783 3745 relinquitur

170 3764 313 3819 unde
336 3765 455 3834 jam
489 3762 752 3838 glorieris
782 3763 837 3817 in
867 3762 1014 3836 lege,
1046 3777 1171 3819 cum
1200 3777 1301 3834 per
1331 3761 1514 3834 legem
1545 3761 1692 3817 nulla
1714 3761 1783 3817 sit

160 3851 503 3923 justiﬁcatio,
539 3852 640 3907 sed
671 3850 847 3908 omnis
874 3868 976 3923 per
992 3850 1176 3907 ﬁdem.
1207 3852 1497 3922 Propterea
1517 3852 1774 3919 exclusa,

164 3941 218 3996 id
246 3951 330 3998 est
359 3942 557 3998 ablata
587 3945 671 3997 est
704 3949 797 3996 tua
828 3940 1103 4021 gloriatio,
1123 3956 1229 4013 qua
1257 3957 1358 4010 per
1373 3939 1555 4013 legem
1575 3948 1627 3995 te
1639 3957 1778 4012 pra:-

164 4030 381 4088 Ierebas
411 4030 636 4104 gentili.
672 4030 781 4085 Sed
798 4046 899 4103 per
918 4047 1088 4103 quam
1112 4030 1286 4101 legem
1307 4029 1530 4085 exclusa
1550 4037 1634 4084 est
1664 4028 1783 4103 glo-

162 4119 396 4177 riﬁcatio
436 4129 553 4176 tuae
580 4117 761 4190 legis?
790 4120 873 4173 An
903 4135 1003 4190 per
1033 4117 1264 4173 similem
1280 4117 1460 4189 legem
1489 4120 1777 4189 factorum

163 4208 344 4266 ablata
376 4211 504 4266 est?
534 4210 645 4264 Lex
678 4215 828 4263 vetus
858 4215 971 4263 erat
999 4207 1086 4262 lex
1119 4206 1378 4263 factorum
1415 4226 1430 4275 ;
1460 4207 1586 4280 quia
1616 4194 1775 4262 simi-

163 4299 285 4356 liter
312 4315 555 4356 necesse
586 4304 707 4354 erat
736 4297 788 4351 in
818 4312 885 4352 ea
914 4296 1129 4369 operari
1152 4296 1507 4363 immolando,
1544 4303 1774 4352 caeteros

162 4389 297 4445 ritus
326 4388 593 4446 carnales
646 4386 1010 4453 observando,
1045 4385 1193 4441 velut
1222 4386 1278 4440 in
1322 4401 1459 4459 agro
1488 4393 1580 4441 aut
1611 4385 1774 4443 24

160 4478 336 4535 vinea.
371 4477 520 4547 Quia
550 4476 598 4532 si
618 4476 767 4532 Deus
783 4475 909 4532 huic
934 4476 1046 4549 legi
1066 4474 1335 4532 factorum
1357 4474 1517 4530 aliam
1540 4475 1774 4531 similem

158 4566 339 4641 legem
372 4566 860 4640 superinduceret,
892 4563 1173 4620 videretur
1202 4564 1566 4637 incongruum
1599 4572 1651 4620 et
1681 4564 1771 4619 in-

1884 3426 1982 3486 ret,
2013 3435 2114 3491 per
2134 3416 2300 3483 ﬁdem
2328 3417 2500 3475 solam
2524 3416 2845 3488 justiﬁcatus
2874 3427 2978 3487 est,
3011 3419 3220 3476 dicens.

2491 3613 2718 3674 CAPUT
2756 3617 2855 3673 IV.

1960 3781 1981 3811 ι
2018 3758 2161 3828 Quid
2193 3773 2329 3831 ergo
2359 3759 2604 3816 dicemus
2633 3758 2911 3816 invenisse
2955 3760 3223 3818 Abraham
3272 3771 3489 3836 patrem

1886 3869 1908 3899 ι
1942 3857 2193 3904 nostrum
2218 3849 2519 3905 secundum
2551 3864 2776 3905 carnem
2794 3850 2823 3905 ‘l
2855 3850 2912 3907 Si
2941 3850 3087 3905 enim
3114 3852 3387 3908 Abraham
3418 3871 3484 3910 ex

1885 3959 1908 3989 ι
1944 3937 2206 4009 operibus
2238 3937 2380 4011 legis
2406 3936 2731 4007 justiﬁcatus
2760 3946 2864 4007 est,
2896 3939 3064 3995 habet
3093 3940 3348 4013 gloriam,
3386 3944 3487 3999 sed

1883 4050 1905 4074 «ι
1942 4042 2053 4082 ιιοιι
2099 4027 2245 4098 apud
2294 4027 2494 4083 Deum.
2574 4025 2719 4095 Quid
2768 4028 2913 4083 enim
2972 4028 3253 4101 Scriptura
3308 4031 3483 4089 dicit?

1883 4140 1905 4165 ιι
1943 4115 2185 4172 Credidit
2215 4116 2492 4171 Abraham
2538 4117 2675 4183 Deo,
2727 4124 2781 4172 et
2829 4126 3135 4189 reputatum
3190 4128 3274 4175 est
3302 4120 3380 4176 illi
3410 4122 3481 4177 ad

1882 4227 1905 4257 α
1934 4204 2196 4275 justitiam
2227 4206 2387 4275 (Gen.
2419 4221 2518 4273 xv,
2541 4208 2572 4259 6
2605 4225 2619 4272 ;
2652 4206 2835 4263 Galat.
2857 4222 2935 4275 III,
2957 4211 2988 4262 6
3022 4226 3036 4273 ;
3065 4210 3187 4266 Jac.
3210 4225 3270 4275 ιι,
3303 4210 3415 4282 23).
3452 4234 3474 4261 ι

1881 4316 1905 4347 ι
1936 4294 2003 4350 Ei
2031 4303 2210 4351 autem
2239 4295 2332 4367 qui
2358 4302 2615 4366 operatur
2641 4311 2853 4352 merces
2900 4312 3012 4352 non
3049 4297 3348 4369 imputatur
3390 4316 3480 4357 se-

1878 4407 1900 4433 α
1938 4384 2177 4441 cundum
2209 4384 2457 4457 gratiam,
2493 4385 2591 4439 sed
2622 4384 2925 4442 secundum
2953 4385 3217 4443 debitum.
3250 4388 3315 4443 Ei
3344 4406 3475 4446 vero

1880 4497 1902 4521 α
1939 4472 2031 4547 qui
2059 4489 2170 4529 non
2198 4480 2472 4545 operatur,
2507 4473 2753 4530 credenti
2796 4482 2978 4530 autem
3023 4475 3079 4530 in
3108 4492 3231 4531 eum
3262 4478 3354 4549 qui
3375 4479 3474 4549 ju-

1881 4587 1902 4611 α
1941 4561 2140 4618 stiﬁcat
2169 4562 2414 4634 impium,
2449 4570 2736 4633 reputatur
2764 4561 2903 4618 ﬁdes
2949 4564 3067 4634 ejus
3114 4566 3184 4620 ad
3207 4566 3476 4635 justitiam

159 4656 444 4725 diﬁ'erens,
480 4664 544 4712 ut
576 4671 678 4727 per
713 4653 853 4711 facta
874 4654 1019 4710 facta
1048 4654 1361 4725 repelleret.
1398 4654 1524 4710 Ideo
1555 4652 1627 4709 ait
1657 4672 1773 4712 non
1802 4659 1855 4720 D
1882 4676 1903 4701 σι
1941 4651 2245 4708 secundum
2273 4651 2615 4723 propositum
2645 4652 2835 4725 gratia:
2866 4652 2967 4708 Dei
2998 4671 3013 4720 ;
3046 4652 3184 4709 sicut
3212 4662 3266 4709 et
3294 4655 3472 4713 David

159 4761 255 4817 per
282 4746 473 4820 legem
506 4744 775 4800 factorum
807 4742 1031 4799 exclusa
1059 4750 1142 4798 est
1171 4740 1345 4814 gloria
1374 4749 1467 4797 tua
1499 4760 1515 4811 ;
1546 4743 1643 4799 sed
1672 4761 1773 4816 per

162 4835 335 4908 legem
382 4835 548 4906 ﬁdei,
592 4832 649 4888 id
698 4842 781 4887 est
822 4849 920 4903 per
959 4830 1121 4887 ﬁdem
1160 4830 1567 4902 justiﬁcantem,
1620 4832 1771 4902 cujus

156 4923 280 4981 ﬁdei
310 4924 399 4980 lex
433 4931 521 4979 est
553 4921 942 4995 Evangelium.
978 4922 1120 4977 Vere
1151 4937 1250 4992 per
1280 4919 1444 4977 ﬁdem
1473 4921 1775 4977 excluditur

159 5013 411 5087 gloriatio
463 5021 565 5068 tua
600 5027 613 5066 :
646 5027 770 5067 nam
809 5010 944 5066 ﬁdes
988 5010 1102 5066 sola
1138 5009 1417 5080 justiﬁcat,
1463 5010 1580 5066 sine
1623 5011 1773 5067 omni

160 5119 321 5176 opere
351 5102 522 5176 legis.
557 5102 631 5156 Et
659 5100 788 5157 huic
835 5101 958 5157 loco
1002 5099 1195 5155 inserit
1237 5099 1632 5171 auctoritatem,
1682 5100 1771 5156 di-

157 5210 285 5249 cens
322 5211 335 5249 :
368 5194 499 5269 Ego
522 5198 580 5247 et
586 5190 722 5260 justi
743 5206 953 5246 mecum
979 5188 1331 5245 arbitramur
1344 5188 1655 5261 justiﬁcari
1676 5191 1772 5246 ho-

158 5283 371 5340 minem
400 5301 507 5357 per
540 5280 720 5337 solam
748 5279 917 5348 ﬁdem
947 5281 1072 5335 sine
1111 5279 1367 5350 operibus
1400 5278 1556 5349 legis,
1587 5278 1642 5334 id
1691 5287 1772 5335 est

157 5371 278 5430 licet
310 5373 467 5429 nulla
500 5367 894 5444 praecesserint
948 5383 1115 5439 Opera
1144 5367 1305 5441 legis,
1340 5367 1454 5424 sola
1494 5375 1673 5424 tamen
1703 5368 1771 5424 ﬁ-

158 5462 253 5518 des
283 5460 483 5519 suﬁicit
515 5460 593 5517 ad
624 5456 860 5515 hominis
885 5454 1355 5527 justiﬁcationem.

226 5552 452 5610 Diceret
499 5548 732 5605 Judmus
765 5565 778 5601 :
813 5546 1067 5603 Concedo
1116 5563 1217 5618 per
1266 5545 1431 5601 ﬁdem
1466 5543 1770 5615 justiﬁcari,

160 5642 256 5697 sed
286 5643 437 5698 solos
468 5637 721 5695 Iudaeos.
750 5636 946 5692 Contra
977 5635 1082 5691 hoc
1112 5634 1311 5690 Paulus
1345 5653 1358 5690 :
1392 5635 1515 5690 Non
1544 5643 1627 5691 est
1654 5651 1775 5691 cre-

160 5731 397 5789 dendum
414 5729 569 5805 quod
593 5728 747 5782 Deus
772 5724 990 5781 Iudaeos
1014 5724 1161 5781 solos
1182 5740 1283 5798 per
1303 5724 1467 5780 ﬁdem
1490 5723 1769 5795 justiﬁcet.

161 5823 244 5878 An
275 5821 424 5879 enim
434 5822 595 5879 Deus
609 5823 827 5874 creator
842 5823 925 5873 est
945 5818 1176 5873 tantum
1187 5814 1510 5873 Iudaeorum
1531 5813 1560 5870 7
1578 5813 1775 5871 Nonne

370 5947 630 6003 ΡΑτιιοι..
674 5940 854 6000 CLIII.

1881 4765 1902 4790 α
1938 4741 2071 4799 dicit
2101 4740 2492 4797 beatitudinem
2534 4740 2790 4810 hominis,
2823 4741 2911 4797 cui
2941 4742 3089 4798 Deus
3118 4752 3345 4815 accepto
3369 4743 3476 4802 fert

1880 4851 1903 4881 ι
1932 4830 2201 4901 justitiam
2230 4830 2345 4886 sive
2374 4830 2635 4903 cperibus
2668 4848 2681 4885 :
2718 4852 2741 4879 α
2778 4829 2927 4886 Beati
2960 4848 3196 4904 quorum
3226 4833 3472 4892 remissae

1879 4941 1902 4971 ι
1939 4927 2065 4975 sunt
2125 4919 2439 4992 iniquitates
2495 4928 2549 4976 et
2595 4935 2829 4992 quorum
2878 4927 3015 4976 tecta
3060 4929 3185 4977 sunt
3226 4931 3470 4994 peccata.

1879 5033 1900 5059 ιι
1938 5009 2131 5065 Beatus
2162 5010 2245 5065 vir
2276 5008 2361 5065 cui
2390 5025 2502 5065 non
2547 5009 2831 5081 imputavit
2872 5009 3140 5066 Dominus
3186 5020 3474 5083 peccatum

1879 5120 1902 5151 ι
1937 5100 2112 5170 (Psal.
2149 5113 2314 5165 xxxi,
2350 5101 2423 5169 1).
2464 5118 2487 5149 ι
2522 5098 2808 5155 Beatitudo
2838 5115 2975 5173 ergo
3005 5100 3123 5157 haec
3152 5101 3209 5157 in
3237 5102 3477 5160 circum-

1880 5212 1902 5236 α
1939 5188 2146 5244 cisione
2178 5196 2385 5243 tantum
2412 5196 2617 5255 manet,
2649 5203 2722 5243 an
2751 5187 2911 5243 etiam
2937 5189 2992 5244 in
3037 5190 3343 5262 praeputio?
3373 5192 3475 5249 Di-

1879 5298 1902 5329 ι
1937 5276 2113 5334 cimus
2144 5275 2288 5333 enim
2342 5276 2466 5349 quia
2515 5284 2765 5350 reputata
2815 5285 2899 5333 est
2942 5278 3178 5336 Abrahae
3219 5279 3356 5338 ﬁdes
3404 5282 3477 5339 ad

1862 5390 1901 5417 ,ι
1929 5365 2210 5437 justitiam.
2245 5364 2534 5436 Quomodo
2563 5382 2700 5440 ergo
2730 5374 2979 5438 reputata
3009 5376 3119 5436 est,
3154 5367 3210 5424 in
3238 5370 3477 5428 circum-

1875 5477 1900 5506 ι
1932 5455 2160 5522 cisione,
2196 5471 2268 5510 an
2314 5455 2370 5511 in
2417 5454 2731 5528 praeputio?
2771 5457 2896 5512 Non
2942 5456 2997 5512 in
3033 5458 3470 5530 circumcisione,

1877 5568 1899 5593 ιι
1937 5545 2033 5600 sed
2066 5544 2121 5599 in
2150 5544 2435 5617 praeputio.
2470 5545 2538 5600 Et
2570 5544 2787 5618 signum
2809 5546 3021 5618 accepit
3045 5545 3479 5606 eircumcisionis

1878 5655 1900 5687 ι
1936 5633 2282 5706 signaculum
2307 5633 2530 5704 justitia:
2559 5633 2683 5690 ﬁdei
2727 5652 2849 5707 quae
2898 5644 2982 5691 est
3021 5636 3077 5691 in
3104 5638 3391 5709 praeputio,
3425 5647 3484 5695 ut

1878 5746 1901 5776 α
1938 5724 2007 5780 sit
2035 5731 2190 5795 pater
2219 5724 2461 5780 omnium
2492 5724 2830 5780 credentium
2876 5741 2978 5796 per
3023 5726 3344 5798 praeputium
3365 5770 3379 5795 ,
3423 5735 3483 5783 ut

1878 5835 1902 5865 ι
1940 5819 2218 5885 reputetur
2259 5820 2316 5869 et
2360 5811 2467 5867 illis
2507 5813 2579 5869 ad
2622 5812 2906 5883 justitiam.
2954 5813 3026 5870 Et
3073 5814 3141 5870 sit
3170 5813 3360 5888 [alias,
3404 5813 3484 5887 ut]

3237 5942 3274 5998 2
