3970 6458
479 352 547 406 43
1028 351 1084 407 S.
1126 347 1478 408 BRUNONIS
1518 350 2163 409 CARTHUSIANORUM
2200 351 2682 410 INSTITUTORIS
2722 352 2873 409 OPP.
2917 353 3092 409 PARS
3132 352 3198 408 Il.
3693 351 3760 408 44

484 496 506 527 ι
542 483 700 547 pater
728 473 1172 542 circumcisionis,
1204 490 1313 529 non
1344 474 1428 529 his
1458 482 1667 529 tantum
1714 474 1805 546 qui
1849 483 1973 529 sunt
2002 492 2068 530 ex
2089 481 2142 539 Α
2169 476 2309 548 legis
2329 474 2637 545 justiﬁcari,
2672 476 2768 531 sed
2799 475 2933 531 ﬁdes
2956 475 3213 545 justiﬁcat
3234 520 3247 541 ,
3281 483 3416 531 teste
3446 474 3752 546 Scriptura.

482 586 505 610 οι
543 564 975 629 circumcisione,
1026 564 1124 618 sed
1170 571 1222 617 et
1271 562 1353 617 his
1402 563 1493 635 qui
1542 571 1813 618 sectantur
1841 564 2066 634 vestigia

482 674 503 701 ι
540 650 687 721 ﬁdei,
721 669 841 724 quae
869 661 948 707 est
978 651 1033 705 in
1080 652 1339 723 prteputio
1386 651 1553 722 patris
1599 651 1769 706 nostri
1798 652 2056 707 Abrahm.

481 762 504 792 ι
539 742 661 795 Non
690 741 833 796 enim
869 758 970 812 per
1015 741 1193 812 legem
1225 741 1518 811 promissio
1565 740 1819 808 Abrahae,
1854 749 1943 794 aut
1972 757 2065 796 se-

480 850 503 881 ι
538 829 670 883 mini
694 831 828 899 ejus,
861 838 919 884 ut
948 830 1125 885 haeres
1140 837 1283 885 esset
1312 829 1519 893 mundi,
1554 829 1649 883 sed
1679 845 1779 899 per
1800 829 2063 897 justitiam

480 943 501 967 ιι
539 917 682 974 ﬁdei.
718 918 773 974 Si
799 919 943 973 enim
973 918 1065 990 qui
1097 935 1161 973 ex
1194 918 1315 989 lege
1341 917 1495 973 25
1520 917 1763 972 hmredes
1786 925 1930 984 sunt,
1951 917 2065 972 exi-

478 1029 501 1059 ι
536 1007 717 1062 nanita
737 1013 820 1061 est
866 1005 1025 1073 ﬁdes,
1078 1006 1282 1061 abolita
1329 1014 1408 1061 est
1439 1005 1745 1076 promissio.
1781 1006 1889 1061 Lex
1918 1006 2063 1061 enim

475 1120 496 1144 α
521 1096 651 1150 iram
669 1095 1052 1167 Operatur.Ubi
1066 1095 1209 1150 enim
1223 1110 1329 1150 non
1344 1102 1425 1149 est
1440 1095 1652 1159 lex,nec
1665 1094 2060 1165 praevaricatio.

476 1205 499 1236 ι
536 1184 666 1240 ldeo
691 1200 756 1240 ex
787 1182 895 1239 ﬁde
924 1192 981 1239 ut
1028 1183 1324 1239 secundum
1374 1183 1601 1255 gratiam
1635 1181 1788 1237 ﬁrma
1826 1183 1895 1236 sit
1938 1200 2065 1253 pro-

474 1297 497 1322 α
529 1274 721 1329 missio
750 1273 895 1329 omni
930 1272 1123 1327 semini
1155 1290 1168 1329 :
1204 1288 1311 1327 non
1334 1272 1383 1326 ei
1415 1272 1506 1343 qui
1538 1271 1739 1343 exlege
1762 1278 1844 1326 est
1865 1271 2060 1337 solum,

475 1383 499 1413 ι
534 1362 632 1417 sed
662 1370 715 1417 et
743 1361 793 1416 ei
823 1361 914 1433 qui
958 1377 1023 1415 ex
1053 1359 1160 1415 ﬁde
1217 1368 1299 1415 est
1347 1360 1599 1426 Abrahae,
1664 1360 1756 1430 qui
1784 1369 1942 1430 pater
1980 1367 2062 1414 est

471 1474 492 1497 α
531 1450 769 1506 omnium
799 1458 1040 1505 nostrum
1075 1466 1088 1502 :
1121 1449 1258 1504 sicut
1287 1448 1549 1518 scriptum
1582 1456 1665 1502 est
1698 1464 1711 1503 :
1749 1471 1771 1494 α
1807 1447 1943 1516 Quia
1975 1463 2061 1518 pa-

474 1562 494 1585 u
527 1546 668 1594 trem
707 1538 999 1593 multarum
1033 1538 1276 1609 gentium
1303 1536 1461 1607 posui
1499 1545 1550 1591 te
1583 1537 1744 1603 (Gen.
1766 1551 1906 1604 xvu,
1929 1540 2001 1605 5),
2036 1560 2058 1584 ιι

468 1651 490 1676 ι
526 1636 649 1683 ante
681 1628 853 1682 Deum
894 1626 980 1683 cui
1018 1626 1301 1682 credidisti
1336 1642 1349 1678 :
1383 1625 1475 1696 qui
1510 1623 1745 1681 viviticat
1790 1633 2057 1692 mortuos,

473 1736 493 1769 α
533 1724 585 1771 et
614 1725 772 1772 vocat
802 1731 867 1770 ea
899 1732 1020 1787 qum
1049 1730 1156 1769 non
1190 1722 1333 1779 sunt,
1368 1721 1625 1785 tanquam
1658 1730 1720 1768 ea
1749 1730 1869 1784 quae
1903 1722 2056 1767 sunt:

2180 566 2320 634 Quid
2351 567 2504 619 enim
2548 565 2841 637 Scriptura
2877 564 3054 620 dicit?
3082 566 3196 620 Hoc
3218 564 3443 630 scilicet,
3477 564 3759 619 Abraham

2168 654 2410 710 credidit
2430 654 2557 719 Deo,
2574 658 2629 708 et
2646 653 2778 708 illud
2807 654 3035 709 credere
3054 658 3382 725 reputatum
3396 654 3545 709 estei
3577 653 3649 708 ad
3660 654 3758 724 ju-

2167 744 2411 810 stitiam,
2441 742 2503 796 id
2550 750 2625 796 est
2660 758 2760 812 per
2788 740 2951 797 ﬁdem
2982 758 3085 813 qua
3114 743 3233 797 Deo
3276 742 3526 810 credidit,
3559 741 3759 797 meruit

2162 829 2465 899 justiﬁcari.
2525 832 2865 902 Reputatum
2908 834 3011 896 est,
3063 830 3187 885 ideo
3216 830 3365 898 dicit,
3401 830 3527 901 quia
3553 830 3756 885 multo—

2167 920 2267 973 ties
2323 927 2376 973 et
2440 918 2675 973 diversis
2740 918 3077 989 temporibus
3139 918 3443 989 repromisit
3512 919 3617 974 hoc
3682 917 3760 973 illi

2165 1007 2331 1072 Deus,
2366 1015 2418 1062 et
2447 1007 2589 1061 nulla
2632 1008 2749 1062 vice
2790 1007 3064 1062 Abraham
3093 1007 3376 1073 haesitavit,
3411 1007 3508 1061 sed
3540 1023 3759 1077 semper

2163 1095 2413 1151 credidit.
2448 1093 2587 1163 Quia
2616 1095 2749 1149 dixit
2778 1095 2846 1149 de
2878 1095 3173 1163 Abraham,
3206 1112 3329 1151 eum
3363 1095 3567 1150 scilicet
3591 1094 3750 1164 justi-

2166 1181 2384 1239 ﬁcatum
2414 1200 2514 1255 per
2544 1182 2723 1250 ﬁdem,
2756 1193 2807 1238 et
2835 1200 2942 1238 non
2992 1200 3092 1256 per
3138 1200 3300 1255 Opera
3342 1184 3500 1256 legis,
3536 1184 3758 1253 adaptat

2162 1273 2415 1327 omnibus
2444 1273 2631 1327 dicens
2668 1290 2680 1326 :
2714 1273 2833 1327 Non
2868 1273 2969 1328 soli
2998 1273 3229 1328 Abrahae
3258 1274 3362 1327 hoc
3394 1271 3470 1339 tit,
3496 1271 3629 1325 nihil
3659 1271 3761 1326 sci-

2162 1361 2290 1416 licet
2323 1359 2731 1430 justiﬁcationis
2774 1361 3014 1417 invenire
3064 1379 3129 1417 ex
3160 1362 3418 1432 operibus
3464 1361 3622 1433 legis,
3658 1359 3757 1414 sed

2164 1450 2323 1503 etiam
2342 1450 2489 1505 omni
2514 1452 2568 1505 ei
2581 1451 2676 1522 qui
2699 1455 2989 1521 operatur,
3015 1451 3068 1505 id
3089 1458 3171 1505 est
3194 1450 3285 1522 qui
3306 1450 3485 1521 legem
3498 1465 3753 1520 Operum,

2160 1538 2215 1593 id
2244 1547 2327 1593 est
2370 1547 2629 1604 veterem,
2683 1548 2735 1593 et
2776 1556 2884 1594 non
2925 1540 3153 1610 gratiam
3200 1539 3440 1611 sequitur
3474 1555 3486 1593 :
3518 1539 3609 1593 illi
3638 1554 3756 1594 non

2161 1632 2527 1698 computatur
2555 1644 2766 1683 merces
2798 1629 3107 1683 secundum
3135 1630 3402 1699 gratiam,
3438 1627 3493 1681 id
3533 1634 3615 1681 est
3645 1627 3751 1682 iste

2163 1716 2355 1786 quaerit
2377 1716 2714 1770 remunerari
2745 1732 2853 1771 non
2884 1733 2984 1786 per
3012 1717 3244 1789 gratiam
3275 1716 3395 1783 Dei,
3428 1716 3524 1771 sed
3542 1732 3755 1770 secun-

467 1828 490 1853 ι
527 1804 631 1874 Qui
662 1813 848 1861 contra
879 1819 1033 1873 spem
1064 1802 1118 1856 in
1150 1819 1302 1872 spem
1360 1802 1606 1867 credidit,
1641 1810 1697 1856 ut
1727 1801 1876 1856 ﬁeret
1903 1810 2061 1872 pater
2082 1838 2133 1899 Β
2162 1805 2289 1858 dam
2320 1805 2588 1869 debitum,
2622 1805 2677 1859 id
2700 1814 2781 1859 est
2795 1806 3089 1860 secundum
3122 1806 3268 1876 quod
3299 1805 3501 1859 meritis
3523 1819 3755 1874 Operum

462 1914 485 1944 α
527 1893 823 1948 multarum
854 1891 1093 1965 gentium
1127 1890 1424 1945 secundum
1455 1891 1599 1960 quod
1632 1890 1835 1944 dictum
1864 1898 1946 1944 est
1978 1890 2057 1944 ei:

466 2002 489 2033 ι
522 1981 612 2038 Sic
644 1982 746 2036 erit
776 1996 963 2036 semen
990 1988 1158 2044 tuum,
1193 1979 1329 2035 sicut
1359 1979 1532 2033 stellae
1553 1979 1693 2046 coeli,
1722 1986 1773 2033 et
1804 1986 2061 2049 tanquam

463 2093 486 2119 ι
527 2085 694 2125 arena
722 2069 891 2124 maris
921 2069 1081 2140 (Gen.
1115 2084 1238 2131 xm,
1277 2069 1384 2137 15).
1427 2091 1448 2114 η
1499 2068 1564 2121 Et
1606 2083 1714 2121 non
1759 2066 2060 2121 inﬁrmatus

465 2182 487 2208 ει
529 2166 611 2214 est
641 2158 697 2212 in
744 2156 871 2225 ﬁde,
930 2173 1032 2212 nec
1066 2155 1427 2212 consideravit
1456 2171 1654 2225 corpus
1686 2172 1842 2209 suum
1873 2170 2058 2209 emor-

474 2271 495 2295 ιι
531 2256 680 2302 tuum
714 2264 726 2300 :
759 2262 883 2301 cum
906 2246 1022 2315 jam
1065 2244 1179 2299 fere
1230 2251 1446 2299 centum
1494 2251 1641 2297 esset
1688 2259 1974 2309 annorum,
2008 2251 2060 2297 et

478 2359 500 2388 ι
537 2344 835 2391 emortuam
865 2333 1084 2389 vulvam
1116 2334 1282 2387 Sarze.
1332 2334 1392 2386 In
1440 2332 1867 2402 repromissione
1899 2331 2058 2386 etiam

477 2447 500 2476 ι
535 2425 636 2481 Dei
682 2440 792 2479 non
821 2422 1089 2478 haesitavit
1136 2420 1451 2486 difﬁdentia,
1498 2422 1594 2475 sed
1624 2421 1961 2476 confortatus
1992 2437 2057 2475 ex

482 2531 503 2564 ε
534 2513 640 2568 ﬁde
695 2513 832 2567 dans
880 2511 1109 2584 gloriam
1160 2510 1298 2575 Deo,
1341 2509 1655 2580 plenissime
1708 2509 1887 2563 sciens
1934 2509 2058 2579 quia

475 2624 496 2654 ι
533 2617 870 2674 quaecunque
900 2598 1148 2671 promisit
1176 2598 1342 2663 Deus,
1384 2605 1578 2667 potens
1628 2605 1709 2651 est
1755 2606 1806 2651 et
1854 2596 2054 2662 facere,

475 2714 497 2739 ιι
534 2691 657 2745 ideo
703 2698 756 2745 et
802 2696 1105 2759 reputatum
1144 2695 1227 2741 est
1272 2686 1348 2740 illi
1381 2687 1450 2740 ad
1497 2685 1776 2753 justitiam.
1824 2686 1946 2739 Non
1977 2693 2060 2739 est

476 2800 499 2830 ι
534 2787 715 2834 autem
747 2778 1008 2847 scriptum
1056 2783 1264 2829 tantum
1310 2782 1537 2845 propter
1580 2774 1777 2843 ipsum,
1820 2774 1947 2844 quia
1976 2790 2059 2828 re-

476 2890 499 2919 c
534 2876 779 2939 putatum
826 2874 907 2920 est
954 2865 1030 2918 illi
1057 2864 1125 2918 ad
1141 2863 1423 2931 justitiam,
1458 2862 1554 2915 sed
1585 2870 1637 2916 et
1683 2869 1906 2931 prOpter
1936 2877 2053 2927 nos,

479 2977 503 3007 α
538 2956 734 3028 quibus
761 2953 1097 3026 reputabitur
1134 2951 1481 3008 credentibus
1519 2950 1574 3003 in
1605 2966 1755 3005 eum.
1797 2948 1902 3018 Qui
1933 2967 2059 3004 sus-

474 3070 487 3094 ι
534 3045 714 3102 citavit
766 3046 951 3098 Jesum
1027 3041 1298 3096 Christum
1371 3039 1659 3094 Dominum
1729 3046 1974 3092 nostrum
2028 3055 2060 3093 a

477 3155 500 3186 ι
535 3133 778 3189 mortuis.
812 3130 915 3201 Qui
945 3129 1172 3184 traditus
1194 3137 1275 3183 est
1302 3136 1524 3199 propter
1552 3127 1750 3183 delicta
1777 3135 1982 3193 nostra,
2008 3135 2061 3182 et

475 3246 498 3272 α
536 3220 829 3278 resurrexit
859 3227 1077 3292 propter
1098 3216 1536 3287 justilicationem
1565 3224 1835 3271 nostram.
1884 3239 1904 3264 η

1092 3436 1385 3478 Εχροειτιο
1398 3462 1411 3476 .

539 3586 807 3659 Quoniam
828 3584 1044 3657 quidem
1076 3599 1142 3637 ex
1170 3581 1426 3652 operibus
1454 3579 1593 3652 legis
1623 3578 1769 3634 nulla
1794 3577 2059 3648 justiﬁca-

465 3682 559 3747 tio,
597 3678 694 3733 sed
723 3674 997 3747 pertidem
1020 3680 1245 3736 tantum,
1271 3686 1394 3740 ergo
1416 3669 1549 3741 quid
1566 3669 1818 3724 dicemus
1842 3668 1869 3720 ‘P
1894 3668 2058 3723 Abra-

468 3771 600 3825 ham
626 3770 848 3839 patrem
878 3765 1139 3819 nostrum
1162 3760 1240 3814 sic
1272 3757 1514 3831 gentium
1546 3765 1601 3811 ut
1630 3756 1942 3810 Judzeorum
1976 3771 2057 3810 se-

464 3856 701 3916 cundum
731 3850 893 3907 ﬁdem
915 3848 1189 3904 invenisse
1204 3846 1514 3902 secundum
1535 3843 1846 3911 carnem,id
1868 3851 1950 3898 est
1972 3859 2059 3898 se-

464 3944 702 4003 cundum
733 3938 964 3996 carnalis
992 3937 1131 4007 legis
1162 3932 1564 3990 observantiam
1584 3931 1612 3985 ?
1646 3931 1741 3986 Vel
1770 3932 1844 3985 ita
1876 3949 1888 3984 :
1916 3930 2057 4000 Quid

467 4036 716 4093 dicemus
736 4028 1017 4085 invenisse
1047 4042 1110 4080 ex
1129 4022 1308 4079 carnis
1336 4020 1746 4077 circumcisione
1777 4019 2057 4075 Abraham

466 4125 695 4197 patrem
724 4120 1004 4180 nostrum,
1038 4112 1091 4166 id
1123 4119 1204 4166 est
1234 4111 1568 4176 Judaeorum,
1601 4108 1899 4163 secundum
1930 4124 2055 4163 car-

467 4194 615 4281 nem,
648 4207 701 4262 id
731 4213 813 4261 est
843 4201 1140 4259 secundum
1169 4198 1530 4271 propaginem
1560 4196 1739 4252 carnis
1771 4214 1785 4261 ;
1820 4194 1909 4266 qui
1940 4211 2056 4251 om-

468 4301 618 4356 nium
660 4292 995 4352 credentium
1041 4297 1197 4360 pater
1228 4295 1310 4341 est
1340 4285 1639 4340 secundum
1668 4284 2055 4339 institutionem

467 4387 635 4444 ﬁdei?
667 4383 882 4439 Nullam
914 4374 1564 4450 utiquejustiﬁcationem
1596 4390 1660 4428 ex
1691 4373 1947 4444 operibus
1978 4373 2055 4428 le-

462 4479 547 4552 gis
578 4472 780 4531 invenit
808 4469 1078 4525 Abraham
1112 4483 1125 4519 :
1161 4463 1306 4536 quod
1328 4463 1400 4516 ita
1426 4462 1635 4552 probat,
1660 4462 2052 4552 perquoddam

2162 1909 2379 1947 suorum
2403 1894 2647 1947 debetur.
2684 1896 2751 1948 Ei
2776 1911 2898 1950 vero
2920 1895 3014 1966 qui
3035 1911 3147 1948 non
3169 1899 3454 1965 operatur,
3479 1893 3533 1947 id
3555 1900 3636 1947 est
3657 1892 3755 1963 qui

2160 1980 2336 2052 legem
2351 1998 2576 2052 operum
2600 1998 2706 2036 non
2730 1982 2987 2053 sequitur,
3034 1983 3129 2038 sed
3148 1984 3401 2038 credenti
3422 1984 3485 2037 in
3507 2000 3635 2038 eum
3655 1984 3756 2056 qui

2151 2070 2436 2140 justiﬁcat
2453 2071 2713 2141 impium,
2739 2071 2793 2125 id
2813 2079 2895 2125 est
2918 2071 3008 2142 qui
3032 2087 3096 2125 ex
3117 2071 3301 2141 impio,
3328 2071 3372 2125 si
3395 2071 3645 2137 credidit,
3666 2070 3755 2125 fa-

2160 2158 2232 2212 cit
2254 2160 2482 2227 justum,
2524 2160 2680 2227 ﬁdes,
2712 2160 2951 2230 inquam,
2986 2161 3107 2229 ejus
3140 2159 3413 2215 credentis
3444 2165 3758 2232 reputatur

2160 2246 2237 2301 illi
2272 2248 2344 2302 ad
2385 2250 2717 2319 justitiam:
2749 2248 2876 2319 quia
2898 2246 3225 2315 justiticatur
3272 2248 3388 2302 sine
3436 2249 3583 2303 omni
3628 2265 3757 2304 me-

2159 2335 2261 2390 rito
2295 2354 2308 2389 :
2339 2352 2435 2406 per
2465 2337 2637 2390 solam
2666 2335 2827 2390 ﬁdem
2854 2380 2866 2401 ,
2906 2336 3046 2392 sicut
3076 2351 3243 2406 supra
3272 2344 3552 2391 ostensum
3584 2345 3669 2392 est
3700 2338 3760 2392 in

2159 2426 2452 2479 Abraham.
2488 2425 2583 2480 Vel
2613 2425 2766 2479 aliter
2799 2440 2812 2479 :
2846 2425 2989 2479 Licet
3018 2425 3247 2479 dixerim
3271 2441 3368 2495 per
3386 2424 3547 2479 ﬁdem
3579 2425 3758 2480 solam

2162 2513 2277 2567 sine
2308 2514 2430 2583 lege
2453 2511 2760 2581 justiﬁcari,
2815 2521 2997 2568 tamen
3038 2514 3090 2567 ei
3118 2515 3211 2584 qui
3243 2518 3533 2581 operatur,
3582 2514 3635 2568 id
3667 2522 3756 2569 est

2160 2602 2250 2673 qui
2284 2610 2497 2671 tempus
2526 2601 2690 2655 habet
2726 2600 3003 2671 operandi,
3038 2617 3144 2655 non
3175 2610 3256 2655 est
3287 2602 3586 2656 vacandum
3617 2602 3754 2669 otio,

2160 2690 2255 2745 sed
2287 2690 2425 2744 bene
2454 2689 2734 2759 Operando
2765 2689 3096 2745 credendum
3138 2698 3219 2743 est
3266 2690 3502 2744 venienti
3536 2691 3760 2762 gratia).

2158 2779 2279 2833 Non
2311 2778 2452 2833 enim
2483 2778 2679 2832 talibus
2708 2777 2797 2849 qui
2827 2786 3037 2833 tetatem
3070 2777 3328 2848 operandi
3358 2778 3555 2832 habent
3585 2779 3764 2850 impu-

2159 2873 2303 2921 tatur
2331 2882 2544 2921 merces
2574 2886 2588 2932 ;
2623 2867 2719 2921 sed
2749 2865 2805 2920 ﬁt
2836 2866 3140 2933 retributio,
3173 2883 3279 2921 non
3310 2866 3488 2939 gratia
3520 2875 3754 2936 tantum,

2161 2955 2255 3010 sed
2269 2955 2567 3011 secundum
2588 2955 2910 3020 debitum,id
2932 2964 3013 3009 est
3034 2954 3112 3009 sic
3133 2955 3333 3010 debent
3352 2956 3568 3023 mereri,
3592 2955 3757 3013 26

2160 3051 2218 3098 ut
2247 3060 2347 3114 per
2373 3043 2625 3097 meritum
2667 3043 2919 3111 adjuvent
2958 3043 3209 3113 gratiam.
3256 3044 3319 3098 Ei
3352 3060 3475 3098 vero
3503 3044 3599 3115 qui
3636 3062 3759 3101 non

2162 3135 2451 3203 aperatur,
2487 3131 2539 3186 id
2570 3139 2652 3186 est
2684 3130 2777 3202 qui
2804 3147 2914 3185 non
2958 3131 3117 3185 habet
3145 3139 3359 3203 tempus
3401 3132 3667 3202 operandi
3700 3141 3764 3188 ut

2091 3219 2127 3255 υ
2159 3219 2316 3291 pueri
2347 3219 2524 3274 statim
2554 3219 2869 3285 morientes,
2901 3220 2996 3273 sed
3027 3220 3267 3274 credenti
3288 3219 3343 3274 in
3374 3236 3497 3275 eum
3529 3219 3621 3291 qui
3655 3237 3761 3291 per

2159 3307 2322 3363 ﬁdem
2347 3306 2604 3377 justiﬁcat
2633 3307 2878 3379 impium.
2909 3307 2985 3361 illi
3011 3313 3313 3379 reputatur
3340 3310 3478 3377 ﬁdes
3528 3309 3650 3379 ejus
3681 3310 3759 3365 ad

2148 3398 2465 3468 justitiam,
2498 3396 2550 3451 id
2581 3405 2663 3452 est
2694 3396 2811 3452 sola
2841 3395 2975 3451 ﬁdes
3007 3396 3199 3453 sufﬁcit
3227 3398 3295 3451 ad
3311 3396 3759 3467 justiﬁcationem

2159 3484 2296 3553 ejus,
2328 3484 2415 3540 cui
2443 3494 2628 3540 tenera
2658 3493 2791 3539 tetas
2821 3500 2986 3555 opera
3016 3485 3262 3558 negavit.

2231 3574 2380 3629 Sicut
2436 3573 2682 3643 superius
2725 3573 2972 3643 probavit
3014 3591 3112 3644 per
3157 3573 3462 3644 exemplum
3493 3573 3753 3641 Abrahae,

2158 3677 2375 3718 omnem
2404 3662 2717 3717 credentem
2742 3661 3031 3731 justiﬁcari
3060 3679 3161 3733 per
3187 3661 3369 3731 ﬁdem,
3402 3663 3478 3717 ita
3507 3662 3594 3718 hic
3620 3679 3756 3733 pro-

2157 3749 2284 3805 bare
2313 3750 2499 3820 incipit
2527 3766 2627 3820 per
2673 3750 3038 3805 auctoritatem
3069 3751 3259 3815 David,
3285 3767 3524 3817 omnem,
3543 3749 3750 3820 justiﬁ-

2158 3839 2420 3895 cationem
2454 3855 2577 3894 esse
2607 3856 2669 3893 ex
2706 3839 2901 3911 gratia.
2936 3839 3085 3895 Sicut
3134 3838 3276 3893 enim
3306 3838 3441 3895 ﬁdes
3488 3856 3589 3911 per
3617 3856 3755 3911 gra-

2157 3927 2304 3994 tiam,
2331 3927 2402 3981 ita
2446 3927 2653 3997 justitia
2683 3944 2748 3982 ex
2789 3928 2904 3983 sola
2951 3928 3123 4000 gratia
3154 3928 3254 3983 Dei
3302 3928 3552 3983 habetur.
3586 3929 3755 3986 Unde

2158 4016 2237 4071 sic
2268 4016 2342 4070 ait
2375 4034 2388 4070 :
2426 4038 2446 4066 α
2483 4015 2643 4071 Fides
2696 4023 2975 4087 reputatur
3004 4012 3151 4071 omni
3197 4016 3440 4072 credenti
3490 4016 3557 4070 ad
3582 4016 3749 4084 justi-

2157 4104 2285 4159 tiam
2312 4120 2323 4160 :
2350 4129 2371 4153 »ι
2389 4121 2509 4176 quae
2524 4103 2731 4173 justitia
2751 4112 2831 4159 est
2844 4104 3155 4159 secundum
3172 4106 3526 4176 propositum
3544 4107 3755 4175 gratia:

2161 4195 2276 4258 Dei,
2310 4193 2365 4247 id
2395 4201 2478 4248 est
2508 4193 2684 4248 omnis
2721 4191 3032 4261 justiﬁcatio
3080 4191 3137 4246 ﬁt
3179 4209 3278 4263 per
3312 4192 3541 4265 gratiam
3589 4193 3693 4248 Dei
3737 4212 3752 4249 :

2156 4300 2275 4353 quze
2289 4281 2462 4354 gratia
2492 4281 2773 4353 proposita
2801 4288 2853 4336 et
2875 4288 3177 4352 przeparata
3194 4289 3276 4335 est
3296 4280 3442 4336 omni
3464 4281 3743 4338 credenti.

2153 4370 2364 4425 Iustitia
2393 4370 2577 4442 utique
2605 4368 2663 4423 ﬁt
2691 4386 2790 4440 per
2846 4369 3082 4441 gratiam
3112 4369 3229 4439 Dei,
3280 4371 3429 4425 sicut
3473 4386 3583 4425 non
3642 4386 3755 4441 ego

2156 4459 2326 4525 solus,
2364 4459 2460 4514 sed
2490 4463 2545 4514 et
2577 4458 2752 4514 David
2772 4458 2952 4514 dicit:
2985 4458 3107 4523 hoc,
3135 4457 3340 4513 scilicet
3366 4458 3483 4527 ejus
3501 4459 3752 4516 hominis

464 4545 871 4622 inconveniens.
905 4558 1046 4612 Vere
1078 4554 1348 4608 Abraham
1370 4566 1476 4605 non
1500 4558 1581 4605 est
1605 4550 1931 4620 justiticatus
1952 4552 2121 4621 perD
2160 4564 2281 4602 esse
2312 4547 2744 4612 beatitudinem,
2778 4546 2831 4600 id
2871 4554 2954 4601 est
2989 4546 3110 4600 vitae
3139 4545 3297 4614 hujus
3325 4546 3660 4621 munditiam,
3698 4556 3757 4603 et

466 4655 668 4727 legem.
690 4651 829 4705 Nam
849 4648 900 4702 si
909 4642 1193 4717 justi/ient
1202 4658 1264 4696 us
1286 4656 1407 4695 esse
1428 4640 1685 4694 credatur
1705 4656 1779 4695 ex
1799 4640 2053 4711 operibus

471 4744 625 4816 tegis,
650 4737 815 4797 habet
846 4731 1071 4808 quidem
1099 4730 1337 4801 gloriam
1367 4728 1510 4799 apud
1540 4728 1808 4790 homines,
1829 4727 1923 4783 sed
1940 4744 2053 4784 non

468 4830 618 4904 apud
648 4830 823 4883 Deum
845 4820 1121 4895 gloriosus
1135 4826 1234 4886 est,
1262 4816 1387 4889 quia
1412 4832 1512 4872 nec
1534 4816 1589 4870 in
1616 4823 1908 4886 conspectu
1940 4816 2056 4885 ejus

459 4915 781 4990 justiﬁcatus
820 4918 918 4979 est,
967 4907 1111 4981 quod
1143 4905 1476 4977 impossibile
1507 4913 1588 4960 est
1633 4913 1690 4959 ut
1710 4904 1935 4976 quilibet
1960 4904 2055 4973 ju-

468 5004 728 5062 stiﬁcatus
757 4998 901 5071 apud
958 4998 1133 5051 Deum
1171 4995 1238 5049 sit
1275 4994 1623 5067 ingloriosus.
1685 4993 1782 5048 Vel
1838 4993 1956 5048 ita:
2011 4991 2056 5047 si

468 5094 747 5152 Abraham
786 5087 1142 5159 justi/icatus
1173 5088 1257 5139 est
1287 5100 1353 5137 ex
1383 5083 1524 5153 lege,
1560 5083 1723 5136 habet
1755 5081 1880 5135 inde
1910 5080 2055 5135 refe-

468 5182 697 5241 rendam
725 5176 956 5250 gloriam
988 5172 1191 5229 meritis
1228 5172 1357 5237 suis,
1392 5173 1487 5227 sed
1526 5187 1643 5225 non
1675 5169 1826 5241 apud
1856 5170 2052 5236 Deum,

468 5273 525 5329 id
555 5279 636 5326 est
666 5283 773 5324 non
803 5281 924 5320 esse
947 5265 1051 5319 hoc
1080 5261 1424 5317 referendum
1447 5259 1632 5332 gratiae
1658 5258 1759 5313 Dei
1789 5274 1802 5311 :
1836 5258 1935 5312 sed
1962 5257 2057 5312 de-

468 5374 669 5434 rogare
698 5354 887 5427 gratiae
919 5353 1037 5421 Dei,
1071 5358 1124 5405 et
1167 5350 1524 5419 derogantem
1545 5345 1832 5415 justiﬁcari
1867 5344 1958 5416 qui
1981 5345 2057 5398 in-

462 5433 639 5519 jus’tus
666 5454 766 5513 est,
802 5441 959 5498 simul
991 5456 1114 5495 esse
1146 5454 1253 5493 non
1285 5443 1537 5509 possunt.
1578 5434 1833 5489 Probavit
1861 5449 1958 5504 per
1978 5433 2057 5488 1e-

468 5554 593 5611 gem
621 5552 727 5591 non
757 5548 920 5605 posse
942 5527 1246 5601 justificari,
1295 5542 1396 5596 per
1426 5522 1763 5595 praemissum
1793 5522 2054 5578 inconve-

469 5627 626 5683 niens
671 5623 865 5696 probat
901 5636 1001 5692 per
1043 5617 1205 5672 ﬁdem
1243 5611 1550 5683 justiﬁcari,
1590 5628 1690 5682 per
1739 5619 2055 5683 sequentem

466 5714 862 5781 auctoritatem,
912 5708 1102 5765 dicens
1135 5722 1149 5761 :
1184 5701 1525 5779 Impossibile
1573 5708 1656 5757 est
1685 5716 1751 5757 ex
1797 5700 2056 5774 operibus

2156 4637 2209 4691 in
2241 4636 2416 4692 futuro
2447 4635 2609 4690 vitam
2647 4643 2902 4690 aeternam
2937 4654 2950 4701 ;
2984 4634 3078 4690 cui
3108 4635 3252 4689 Deus
3301 4640 3545 4706 accepto,
3581 4634 3634 4689 id
3665 4645 3754 4691 est

2154 4725 2473 4797 acceptabili
2501 4726 2618 4779 Deo
2651 4740 2663 4779 :
2698 4722 2784 4778 vel
2812 4725 2908 4779 cui
2928 4724 3071 4779 Deus
3100 4728 3343 4795 accepto,
3376 4723 3431 4777 id
3463 4732 3543 4777 est
3573 4724 3754 4795 gratis

2156 4814 2272 4869 sine
2303 4813 2496 4868 merito
2518 4815 2632 4883 fert
2635 4813 2951 4882 justitiam,
2975 4810 3031 4866 id
3051 4819 3307 4883 estquem
3321 4812 3469 4866 Deus
3486 4827 3548 4866 ex
3571 4813 3755 4883 gratia

2150 4901 2426 4972 justiﬁcat,
2460 4903 2583 4956 sine
2613 4901 2867 4973 aperibus
2886 4899 3328 4969 justiﬁcationem
3374 4902 3752 4971 promerenti-

2159 4992 2280 5047 bus.
2313 4992 2428 5046 Hoc
2456 4990 2637 5061 utique
2666 4989 2739 5047 ait
2776 4988 2952 5044 David
2982 4988 3057 5044 ita
3097 4989 3286 5045 dicens
3317 4990 3550 5061 (Psalm.
3584 5004 3750 5056 xxxi,

2159 5081 2213 5149 1)
2247 5097 2259 5132 :
2283 5081 2445 5134 Beati
2462 5086 2588 5132 sunt
2606 5078 2683 5131 illi
2703 5094 2937 5149 quorum
2960 5078 3301 5150 iniquitates
3324 5078 3573 5134 remissae
3584 5084 3749 5135 sunt.

2155 5169 2276 5224 Non
2307 5167 2626 5223 determinat
2654 5183 2752 5238 per
2773 5182 2952 5237 quem,
2985 5166 3081 5220 sed
3105 5183 3339 5238 sequens
3358 5183 3551 5221 versus
3573 5166 3754 5223 innuit

2155 5274 2187 5312 a
2213 5256 2447 5312 Domino
2478 5256 2573 5310 has
2604 5254 2820 5311 remitti.
2853 5255 2933 5309 Illi
2963 5255 3144 5326 utique
3172 5263 3294 5310 sunt
3323 5256 3506 5310 beati:
3532 5256 3753 5328 iniqui-

2160 5350 2306 5401 tates
2338 5362 2593 5418 quorum,
2626 5343 2681 5399 id
2713 5352 2795 5399 est
2824 5343 2881 5398 in
2911 5343 3105 5415 quibus
3132 5343 3397 5398 naturalis
3428 5342 3602 5399 fomes
3624 5360 3750 5415 pec-

2157 5435 2260 5490 cati
2290 5433 2554 5489 remissus
2584 5441 2633 5488 et
2661 5432 2967 5487 debilitatus
2999 5440 3102 5498 est,
3135 5431 3281 5504 quod
3301 5432 3414 5500 jam
3463 5432 3519 5486 in
3563 5441 3748 5488 actum

2158 5518 2387 5574 transire
2411 5534 2518 5573 non
2548 5525 2748 5589 potest,
2783 5517 2829 5570 si
2858 5515 3024 5572 velint
3052 5516 3126 5571 uti
3155 5516 3329 5571 libero
3359 5516 3577 5571 arbitrio
3607 5534 3749 5573 eon-

2156 5607 2372 5664 fortato.
2406 5607 2516 5662 Sed
2560 5605 2685 5678 quia
2730 5604 3021 5660 remissum
3070 5621 3193 5660 esse
3241 5603 3484 5659 fomitem
3532 5608 3744 5676 peccati

2154 5712 2265 5753 non
2293 5694 2560 5751 sufﬁceret
2588 5694 2656 5749 ad
2687 5693 2937 5763 salutem,
2974 5692 3077 5748 nisi
3105 5693 3381 5765 praeterita
3424 5694 3635 5765 peccati
3664 5695 3750 5751 di-
