3970 6466
115 379 171 432 45
728 365 1110 423 EXPOSITIO
1147 366 1221 421 IN
1256 363 1639 421 EPISTOLAS
1678 362 1903 420 PAULI.
1938 393 2007 404 —
2039 361 2110 419 IN
2146 361 2367 419 EPIST.
2416 364 2510 419 AD
2558 362 2729 421 ROM.
3320 364 3387 417 L6

125 498 450 561 mitterentur,
485 493 635 549 addit
668 508 680 548 :
720 495 792 550 Et
817 492 959 548 beati
1001 498 1126 547 sunt
1154 490 1250 557 illi,
1284 494 1518 564 peccata
1547 506 1686 562 quo-
1707 490 1763 551 A
1790 490 1948 546 sione
1976 488 2178 556 carnis,
2212 488 2268 544 id
2299 497 2381 544 est
2408 489 2632 559 Judaeis,
2666 489 2764 546 sed
2805 487 2966 545 etiam
2998 487 3252 545 omnibus
3301 488 3392 545 his

123 605 235 644 rum
273 583 492 640 actualia
542 587 692 640 tecta
736 582 958 639 suntin
987 581 1277 653 baptismo.
1302 581 1471 637 Tecta
1517 579 1642 635 ideo
1678 596 1691 633 :

124 676 235 750 quia
262 676 399 730 Deus
422 674 539 742 jam
598 688 707 728 non
754 671 900 728 videt
946 672 1017 726 ad
1075 669 1430 742 puniendum.
1488 671 1695 725 Beatus

120 767 262 822 etiam
283 764 362 819 vir
391 762 486 817 ille
506 765 599 819 cui
627 763 899 818 Dominus
918 778 1033 816 non
1055 761 1365 832 imputavit
1395 763 1695 831 peccatum

122 852 379 928 originale.
428 852 532 908 Hic
560 867 668 907 non
694 850 923 905 multum
953 850 1165 906 videtur
1193 865 1363 921 agere
1402 848 1469 904 de
1497 847 1693 921 gratia.

120 944 384 1000 Sciendum
437 948 619 996 tamen
648 949 730 997 est
777 940 926 1012 quod
969 946 1112 995 totus
1160 938 1405 1009 psalmus
1450 944 1698 993 versatur

118 1034 247 1090 circa
271 1029 795 1087 commendationem
838 1028 1030 1101 gratiae
1058 1027 1181 1094 Dei,
1213 1035 1265 1083 et
1291 1026 1487 1097 probat
1516 1024 1695 1082 nemi-

118 1138 228 1178 nem
246 1136 400 1192 posse
424 1118 709 1189 justiﬁcari
731 1118 834 1172 nisi
863 1134 964 1189 per
993 1118 1242 1189 gratiam.
1277 1114 1548 1185 Quoniam
1577 1114 1697 1186 qui-

117 1211 229 1266 dem
267 1210 338 1264 ita
382 1208 587 1281 legitur
629 1208 685 1262 in
725 1207 901 1262 David
935 1224 948 1260 :
981 1208 1122 1278 Ergo
1171 1221 1273 1277 per
1319 1204 1698 1260 auctoritatem

114 1302 241 1356 hanc
267 1305 476 1355 constat
506 1297 649 1369 quod
679 1296 985 1363 beatitudo,
1021 1295 1076 1350 id
1106 1304 1190 1350 est
1212 1293 1528 1364 justiﬁcatio
1561 1292 1693 1363 (sic-

115 1398 168 1444 ut
193 1389 388 1444 dictum
417 1389 524 1456 est)
553 1388 619 1456 ﬁt
646 1402 748 1457 per
773 1386 1042 1457 gratiam.
1077 1384 1184 1440 Sed
1206 1400 1330 1440 cum
1361 1383 1441 1439 sic
1472 1382 1584 1452 ﬁat,
1617 1382 1698 1437 vi-

116 1479 319 1533 deamus
330 1493 395 1531 an
407 1477 527 1532 haec
540 1474 815 1530 beatitudo
830 1478 1063 1530 maneat
1086 1476 1148 1530 in
1172 1473 1625 1539 circumcisione,
1642 1469 1699 1525 id

111 1575 184 1622 est
210 1567 261 1622 in
286 1565 488 1621 Iudaeis
518 1572 722 1620 tantum
746 1578 758 1619 :
794 1581 871 1619 an
921 1563 1058 1619 sicut
1085 1563 1142 1617 in
1170 1562 1392 1629 Judazis,
1426 1560 1506 1617 sic
1534 1560 1699 1616 etiam

111 1658 168 1711 in
204 1656 497 1728 praeputio,
530 1654 586 1709 id
615 1662 697 1709 est
724 1653 781 1707 in
812 1652 1127 1726 gentilibus.
1162 1651 1287 1707 Vult
1316 1650 1516 1705 iterum
1562 1664 1698 1721 pro-

110 1746 230 1799 bare
260 1760 358 1815 per
386 1744 665 1798 Abraham
695 1742 807 1814 qui,
840 1742 1161 1813 priusquam
1191 1739 1696 1804 circumcideretur,

1791 580 1886 650 qui
1910 583 2210 636 sectantur
2254 580 2495 651 vestigia
2519 579 2650 647 ﬁdei
2678 580 2933 647 Abrahaa,
2968 579 3220 651 exemplo
3250 578 3397 634 illius

1793 670 1933 725 bene
1975 669 2253 741 Operando
2282 685 2381 740 per
2410 667 2594 735 ﬁdem,
2629 686 2751 741 quae
2797 668 2935 724 ﬁdes
2978 677 3063 725 est
3110 667 3297 724 habita
3339 667 3396 722 in

1794 767 2040 831 tempore
2067 758 2338 830 praeputii,
2365 758 2533 829 patris
2563 758 2736 813 nostri
2763 758 3019 814 Abrahae.
3054 758 3194 814 Vere
3224 758 3401 813 Abra-

1793 849 1918 903 ham
1947 856 2106 919 pater
2134 847 2237 903 erit
2265 846 2509 903 omnium
2539 847 2896 914 credentium,
2929 863 3041 903 non
3085 863 3186 918 per
3214 847 3399 920 legem

1795 938 1894 993 sed
1923 954 2024 1008 per
2052 936 2236 992 fidem.
2269 937 2406 992 Nam
2436 937 2595 1006 hujus
2624 936 2705 992 rei
2727 937 3044 1009 promissio,
3078 936 3307 1003 scilicet,
3341 944 3399 992 ut

1796 1035 1943 1082 esset
1970 1022 2148 1083 haeres
2178 1026 2384 1093 mundi,
2411 1026 2555 1098 quod
2584 1025 2731 1081 idem
2751 1034 2836 1081 est
2864 1025 3012 1097 quod
3034 1042 3158 1081 esse
3187 1034 3395 1097 patrem

1795 1116 2038 1171 omnium
2081 1116 2326 1188 gentium
2360 1131 2371 1169 :
2404 1117 2542 1181 haec,
2574 1115 2816 1187 inquam,
2847 1114 3140 1186 promissio
3168 1132 3285 1171 non
3315 1123 3400 1171 est

1796 1205 1942 1262 facta
1968 1222 2069 1279 per
2100 1207 2296 1277 legem,
2316 1205 2371 1260 id
2383 1213 2465 1260 est
2485 1205 2682 1260 merito
2700 1204 2861 1277 legis,
2885 1204 2984 1260 sed
3015 1204 3208 1261 merito
3230 1203 3394 1261 ﬁdei:

1798 1295 1944 1368 quod
1974 1295 2020 1349 si
2050 1310 2159 1351 non
2191 1302 2274 1351 est
2315 1294 2647 1366 promissum
2674 1311 2776 1366 per
2802 1293 3004 1368 legem,
3036 1310 3140 1350 nec
3182 1293 3401 1365 impleri

1797 1385 1961 1440 debet
2006 1401 2107 1456 per
2157 1384 2379 1456 legem;
2411 1385 2557 1456 quod
2600 1384 2680 1441 sic
2724 1383 2799 1439 ait
2832 1401 2845 1438 :
2882 1383 3137 1439 Promisit
3180 1384 3403 1456 quidem

1798 1476 1944 1531 Deus
1979 1476 2215 1531 Abrahae
2232 1482 2319 1529 aut
2339 1475 2549 1530 semini
2568 1475 2711 1546 ejus,
2734 1473 2789 1529 id
2810 1481 2893 1529 est
2909 1472 3147 1542 Christo,
3171 1477 3238 1530 ut
3253 1477 3402 1530 esset

1800 1563 1977 1619 haeres
2006 1565 2249 1630 mundi;
2278 1563 2373 1617 ubi
2401 1563 2608 1619 dictum
2640 1570 2721 1618 est
2747 1581 2760 1617 :
2785 1563 2938 1618 Dabo
2957 1570 3152 1636 gentes
3172 1562 3403 1619 heredi-

1798 1661 1963 1708 tatem
1994 1661 2139 1708 tuam
2170 1653 2333 1721 (Gen.
2366 1653 2530 1723 xvn),
2565 1660 2669 1709 etc.
2702 1653 2839 1718 Hoc,
2871 1652 3110 1724 inquom,
3144 1668 3253 1708 non
3281 1667 3406 1724 pro-

1799 1742 1947 1797 misit
1973 1759 2071 1813 per
2098 1742 2301 1814 legem,
2331 1741 2427 1797 sed
2452 1759 2556 1814 per
2572 1742 2872 1812 justitiam
2900 1742 3052 1811 ﬁdei,
3084 1741 3140 1796 id
3170 1750 3255 1797 est
3284 1758 3405 1814 qua:

111 1851 200 1905 per
225 1832 385 1888 ﬁdem
422 1830 745 1901 justificatus
772 1831 890 1901 fuit,
924 1830 1004 1886 sic
1048 1830 1283 1903 gentiles
1328 1845 1428 1901 per
1470 1827 1773 1916 gratiamB
1795 1830 1999 1900 justitia
2042 1847 2106 1886 ex
2149 1829 2257 1886 fide
2310 1830 2575 1902 sequitur,
2610 1845 2776 1902 quam
2824 1829 2989 1886 fidem
3036 1837 3091 1885 et
3140 1830 3405 1900 justitiam

104 1922 394 1993 justifieari,
427 1930 487 1976 ut
517 1921 754 1987 Judaros,
775 1921 995 1977 dicens:
1016 1921 1145 1975 Ideo
1175 1934 1364 1990 quaero
1392 1934 1462 1973 an
1492 1920 1555 1973 in
1584 1919 1697 1972 cir-

109 2013 440 2068 cumcisione
464 2010 662 2077 solum,
688 2027 764 2066 an
792 2012 855 2065 in
872 2010 1153 2082 prteputio
1172 2016 1392 2063 maneat
1408 2009 1524 2063 haec
1538 2005 1698 2076 justi-

110 2100 275 2157 ﬁcatio
300 2115 313 2154 :
338 2099 469 2172 quia
482 2116 585 2155 nos
602 2100 841 2156 dicimus
858 2100 1001 2171 quod
1018 2098 1157 2168 ﬁdes
1177 2097 1411 2154 Abraha:
1430 2099 1699 2168 reputata

109 2194 183 2246 est
211 2190 259 2245 ei
289 2191 360 2245 ad
378 2190 685 2261 justitiam
712 2188 767 2242 id
794 2196 877 2243 est
906 2188 1054 2260 quod
1083 2187 1363 2242 Abraham
1406 2201 1506 2257 per
1533 2183 1698 2239 ﬁdem

99 2277 417 2349 justiﬁcatus
475 2278 547 2332 sit
581 2293 594 2332 :
627 2286 680 2334 et
719 2293 841 2334 cum
888 2294 989 2348 per
1034 2275 1200 2332 ﬁdem
1236 2274 1559 2345 justiﬁcatus
1608 2273 1694 2342 sit,

106 2385 223 2439 ergo
263 2367 561 2423 dicendum
593 2374 761 2422 restat
804 2366 1095 2438 quomodo,
1130 2365 1183 2420 id
1214 2373 1297 2420 est
1324 2365 1381 2419 in
1417 2379 1525 2436 quo
1557 2370 1700 2418 statu

104 2461 357 2529 reputate
387 2461 479 2512 est
506 2456 559 2511 ei
588 2456 723 2524 ﬁdes
752 2455 825 2511 ad
841 2457 1156 2528 justitiam,
1207 2470 1280 2509 an
1310 2454 1372 2509 in
1400 2453 1701 2509 circumci-

101 2547 267 2613 sione,
282 2562 354 2600 an
366 2546 692 2618 priusquam
703 2545 1206 2613 circumcideretur,
1226 2544 1357 2599 dum
1368 2543 1545 2599 adhuc
1556 2548 1703 2597 esset

100 2635 150 2688 in
167 2635 453 2706 praeputio,
478 2635 535 2689 id
557 2643 642 2690 est
660 2634 715 2688 in
732 2634 1031 2707 gentilitate
1052 2634 1080 2688 ?
1111 2633 1310 2703 Quaero
1329 2633 1386 2687 in
1406 2648 1514 2704 quo
1536 2639 1700 2695 statu,

100 2725 189 2778 sed
218 2724 404 2795 palam
445 2732 532 2780 est
562 2724 690 2795 quia
720 2724 776 2778 in
822 2722 1255 2780 circumcisionis
1304 2731 1549 2794 tempore
1592 2737 1702 2776 non

101 2821 177 2868 est
209 2811 548 2881 justiﬁcatus
578 2828 677 2883 per
705 2812 889 2881 ﬁdem,
925 2812 1023 2867 sed
1056 2812 1187 2867 dum
1237 2811 1415 2867 adhuc
1461 2816 1707 2865 maneret

100 2902 148 2956 in
175 2904 462 2973 praeputio.
499 2900 643 2970 Quia
673 2901 718 2956 si
744 2902 1024 2957 Abraham
1073 2900 1483 2957 incircumcisus
1525 2900 1705 2955 adhuc

98 3007 191 3061 per
233 2989 399 3046 ﬁdem
442 2989 775 3062 justiﬁcatus
820 2999 920 3070 est,
955 3006 1128 3062 quare
1176 2990 1425 3045 similiter
1471 2989 1705 3060 gentiles

95 3080 457 3137 incircumcisi
488 3095 602 3135 non
621 3079 987 3149 justiﬁcentur
1014 3080 1060 3135 si
1087 3079 1252 3135 ﬁdem
1282 3079 1564 3134 habeant?
1595 3077 1707 3150 Op-

96 3179 315 3239 poneret
344 3170 557 3226 iterum
584 3170 802 3226 Judaeus
834 3187 847 3223 :
882 3169 939 3225 Si
978 3169 1324 3226 circumcisio
1352 3168 1489 3223 nihil
1517 3168 1585 3223 ad
1608 3169 1705 3238 ju—

94 3257 465 3315 stiﬁcationem
493 3259 729 3315 Abrath
758 3258 977 3330 profuit,
1015 3274 1186 3331 quare
1218 3266 1509 3331 postquam
1535 3257 1702 3326 justi-

94 3346 274 3404 ﬁcatus
303 3356 390 3403 est
421 3364 487 3404 se
539 3347 923 3405 circumcidit?
969 3347 1308 3419 Opportune,
1358 3347 1602 3419 inquam,
1646 3354 1706 3402 ut

92 3438 368 3493 veritatem
430 3438 521 3493 rei
579 3453 738 3508 quam
785 3438 1025 3492 habebat
1081 3437 1353 3493 occultam
1394 3437 1450 3491 in
1498 3436 1700 3504 anima,

93 3526 337 3598 ﬁguraret
395 3527 457 3582 in
513 3542 686 3583 carne
718 3542 732 3580 :
763 3526 1051 3582 intendens
1114 3526 1291 3600 magis
1335 3526 1535 3615 do.cere
1589 3525 1705 3581 cir-

92 3616 484 3673 cumcisionem
515 3616 701 3672 cordis
741 3631 907 3687 quam
937 3615 1133 3682 carnis,
1167 3615 1311 3687 quod
1342 3614 1705 3686 aequipollen-

88 3713 159 3759 ter
186 3706 275 3760 ait.
309 3706 380 3760 Et
413 3706 553 3762 licet
582 3706 858 3760 Abraham
882 3705 940 3759 in
959 3704 1226 3775 praeputio
1248 3703 1578 3774 justiﬁcatus
1609 3704 1700 3770 sit,

91 3800 260 3850 tamen
281 3804 489 3867 postea
510 3796 735 3867 accepit
752 3794 806 3848 in
827 3810 995 3850 carne
1009 3795 1237 3866 signum
1254 3794 1705 3850 circumcisionis

90 3892 137 3937 et
157 3882 584 3951 justiﬁeationis
616 3883 833 3952 habita,
862 3900 973 3939 non
1007 3891 1063 3938 ut
1092 3900 1193 3953 per
1228 3882 1707 3939 circumcisionem

81 3971 485 4040 justiﬁcaretur,
524 3972 629 4027 sed
658 3980 714 4026 ut
741 3972 821 4028 sic
847 3972 1228 4028 ostenderetur
1250 3972 1450 4041 justus.
1476 3971 1705 4042 Signum

89 4062 198 4117 dico
226 4079 339 4119 non
369 4070 645 4135 apertum
673 4061 945 4128 omnibus,
996 4062 1096 4116 sed
1141 4062 1524 4131 signaculum,
1557 4059 1707 4131 quod

90 4150 337 4221 quiddam
384 4151 677 4209 occultum
727 4150 1030 4206 contineret
1063 4166 1075 4205 :
1108 4166 1142 4206 a
1172 4149 1524 4205 similitudine
1566 4165 1707 4205 cem

89 4242 163 4295 cui
205 4241 553 4313 imprimitur
599 4240 857 4313 sigillum,
891 4257 1012 4312 quae
1060 4239 1116 4294 in
1164 4256 1223 4295 se
1272 4239 1514 4296 continet
1558 4238 1706 4309 quod

90 4338 230 4386 extra
258 4348 372 4387 non
414 4338 677 4402 apparet.
729 4329 818 4386 Sic
863 4329 1207 4386 circumcisio
1254 4329 1436 4385 carnis
1483 4328 1705 4399 signum

88 4421 296 4489 quidem
346 4429 471 4477 erat
514 4417 791 4475 interioris
825 4419 1065 4489 justitiae,
1098 4419 1245 4491 quod
1272 4418 1359 4474 vix
1407 4417 1575 4489 aliqui
1599 4417 1704 4497 Ju-

87 4507 177 4563 drei
222 4526 359 4566 sane
419 4508 811 4566 attendebant.
871 4508 1225 4579 Signaculum
1282 4508 1406 4563 dico
1451 4508 1704 4578 justitia:

1727 3220 1774 3281 C

1800 1920 1929 1976 ﬁdei
1957 1928 2173 1991 Oportet
2200 1920 2407 1975 habere
2455 1935 2668 1987 omnes,
2702 1920 2795 1992 qui
2825 1936 2885 1975 se
2914 1919 3103 1976 volunt
3132 1935 3404 1976 annume-

1798 2009 1910 2065 rari
1942 2009 1997 2064 ia
2029 2009 2402 2065 haereditatem
2444 2008 2642 2064 Christi
2674 2026 2688 2064 :
2720 2009 2999 2064 Abraham
3029 2017 3213 2065 autem
3240 2008 3408 2065 ﬁdem

1798 2099 1854 2154 in
1886 2115 1946 2155 se
1979 2098 2182 2165 habuit,
2218 2106 2272 2153 et
2295 2098 2559 2167 justitiam
2597 2113 2762 2170 quam
2791 2106 3008 2169 oportet
3037 2097 3237 2153 imitari
3266 2097 3409 2154 ﬁlios

1801 2189 1938 2258 ejus.
1974 2189 2113 2245 Vere
2160 2203 2262 2258 per
2304 2187 2485 2259 legem
2528 2203 2639 2243 non
2667 2186 2727 2242 ﬁt
2754 2186 3047 2258 promissio
3082 2204 3095 2242 :
3129 2187 3253 2260 quia
3295 2188 3347 2244 si
3374 2187 3412 2243 ii

1799 2286 2007 2333 tantum
2035 2278 2131 2351 qui
2151 2284 2370 2333 suntex
2403 2278 2536 2349 lege,
2562 2276 2619 2332 id
2640 2284 2722 2332 est
2740 2276 2933 2347 Judaei,
2975 2281 3117 2333 sunt
3162 2277 3411 2334 hwredes

1799 2365 2177 2438 promissionis
2206 2366 2462 2435 Abrahae,
2495 2382 2633 2439 ergo
2659 2366 2798 2437 ﬁdes
2830 2366 3030 2422 Christi
3058 2372 3144 2424 est
3198 2367 3410 2424 exina-

1802 2458 1949 2525 nita,
1983 2456 2039 2510 id
2069 2464 2153 2510 est
2182 2455 2359 2510 inanis
2405 2463 2506 2521 est,
2541 2463 2595 2511 et
2626 2454 2828 2511 frustra
2875 2456 3159 2528 recepistis
3207 2472 3347 2523 eam,
3378 2471 3414 2512 ο

1801 2545 1996 2612 Judaei,
2030 2545 2077 2599 si
2126 2545 2213 2599 lex
2252 2543 2546 2601 sufﬁciebat
2595 2544 2771 2612 vobis,
2804 2552 2862 2600 ut
2891 2545 3142 2601 haeredes
3171 2545 3367 2600 essetis
3401 2559 3414 2600 :

1803 2635 1950 2706 quod
1994 2634 2293 2688 maximum
2338 2633 2730 2689 inconveniens
2776 2633 3035 2703 judicatis
3080 2634 3309 2706 vosipsi,
3359 2640 3420 2689 ut

1803 2724 1941 2778 ﬁdes
1985 2723 2181 2778 Christi
2228 2721 2430 2777 frustra
2488 2722 2576 2778 sit.
2626 2723 2745 2779 Nec
2790 2723 2895 2779 hoc
2949 2723 3126 2779 solum
3174 2731 3275 2790 est,
3319 2721 3420 2779 sed

1805 2812 1969 2868 etiam
2002 2811 2046 2866 si
2075 2811 2248 2867 Judaei
2278 2812 2456 2867 solum
2501 2811 2752 2867 hmredes
2797 2820 2941 2881 sunt,
2976 2812 3056 2869 sic
3097 2812 3330 2881 abolita,
3364 2810 3422 2868 id

1805 2909 1890 2958 est
1918 2901 2116 2967 deleta,
2152 2904 2237 2957 est
2265 2900 2566 2974 promissio
2594 2908 2647 2955 et
2677 2899 2815 2957 falsa
2841 2916 2852 2955 :
2879 2902 3027 2973 quod
3056 2901 3259 2958 dictum
3290 2908 3375 2957 est
3403 2918 3419 2957 :

1805 2992 1868 3046 In
1923 2990 2131 3046 semine
2187 2998 2280 3045 tuo
2337 2989 2737 3045 benedicentur
2784 3006 2978 3046 omnes
3023 2998 3219 3065 gentes
3251 2992 3417 3062 (Gen.

1807 3082 1972 3150 xvn),
2002 3095 2128 3136 cum
2157 3078 2212 3133 in
2245 3079 2377 3135 solis
2405 3079 2610 3135 Iudaeis
2642 3080 2756 3135 haec
2785 3079 3093 3137 benedictio
3124 3079 3239 3135 ﬁat.
3280 3081 3422 3137 Vere

1806 3168 1899 3240 qui
1920 3184 1987 3224 ex
2016 3168 2142 3241 lege
2173 3175 2300 3224 sunt
2332 3175 2563 3238 tantum,
2583 3184 2695 3224 non
2723 3177 3003 3224 merentur
3024 3168 3422 3225 haereditatem.

1803 3259 1945 3313 Nam
1970 3259 2065 3314 lea:
2094 3261 2366 3331 operatur
2387 3265 2440 3313 et
2453 3265 2694 3313 meretur
2714 3258 3058 3314 solummodo
3078 3259 3229 3315 iram
3252 3276 3266 3313 :
3290 3259 3422 3332 quia

1806 3348 1852 3402 si
1883 3347 1977 3419 qui
2005 3348 2105 3402 sub
2134 3347 2258 3419 lege
2279 3347 2418 3403 bene
2451 3347 2660 3419 Operati
2688 3356 2833 3415 sunt,
2858 3364 2957 3419 per
2985 3347 3286 3423 ﬁdem\hoc
3302 3347 3419 3418 fuit,

1805 3446 1858 3493 et
1885 3453 1997 3492 non
2040 3453 2139 3507 per
2186 3436 2387 3508 legem.
2445 3438 2583 3492 Vere
2631 3436 2721 3492 lex
2768 3445 3027 3509 operatur
3070 3438 3248 3505 iram;
3296 3453 3426 3494 nam

1803 3525 2333 3598 przevaricationem,
2369 3533 2423 3581 et
2454 3542 2586 3581 vere
2632 3526 3137 3597 praevaricationem
3170 3541 3183 3582 :
3215 3543 3346 3582 nam
3374 3526 3422 3582 si

1805 3616 1901 3672 ubi
1930 3631 2046 3671 non
2077 3620 2162 3671 est
2196 3617 2312 3685 lex,
2336 3632 2452 3671 non
2480 3620 2564 3671 est
2587 3617 3010 3688 praevaricatio,
3035 3624 3088 3672 et
3110 3616 3421 3689 ubicunque

1804 3712 1888 3760 est
1916 3704 2314 3775 praevaricatio,
2346 3704 2421 3758 ibi
2450 3704 2536 3760 lex
2568 3712 2669 3760 est.
2718 3706 2951 3776 Propter
2982 3704 3297 3777 supradicta
3326 3704 3422 3778 qui

1805 3810 1869 3849 ex
1898 3794 2023 3864 lege
2053 3801 2199 3859 sunt,
2232 3794 2479 3849 haeredes
2509 3810 2619 3850 non
2652 3802 2811 3849 erunt
2846 3810 2859 3849 :
2891 3795 2991 3850 sed
3038 3795 3161 3851 ideo
3210 3794 3302 3867 qui
3345 3811 3422 3851 ea:

1804 3882 1914 3953 ﬁde
1942 3891 2084 3953 sunt,
2126 3883 2377 3938 hmredes
2408 3890 2586 3952 erunt,
2622 3887 2688 3940 ut
2737 3884 3036 3957 promissio
3067 3883 3208 3940 facta
3236 3893 3291 3939 et
3315 3883 3420 3939 im-

1802 3973 2005 4044 plenda
2025 3973 2339 4029 secundum
2368 3975 2616 4044 gratiam
2631 3973 2801 4044 ﬁrma
2830 3976 2906 4030 sit
2926 3976 3085 4031 omni
3111 3975 3337 4042 semini,
3363 3974 3418 4030 id

1804 4071 1908 4131 est,
1941 4063 2090 4118 omni
2119 4062 2349 4119 imitanti
2375 4063 2655 4119 Abraham
2682 4079 2780 4134 per
2808 4061 2974 4118 ﬁdem
3003 4081 3017 4118 :
3060 4080 3178 4119 non
3219 4064 3273 4120 ei
3317 4080 3414 4122 so-

1806 4154 1928 4210 lum
1954 4153 2053 4225 qui
2081 4168 2155 4207 ex
2190 4154 2309 4224 lege
2338 4156 2445 4218 est,
2465 4152 2521 4207 id
2552 4160 2636 4207 est
2655 4152 2862 4220 Iudaeo,
2886 4152 2984 4209 sed
3014 4153 3176 4208 etiam
3197 4153 3346 4208 omni
3361 4156 3417 4210 ei

1803 4242 1899 4315 qui
1918 4244 2003 4297 est
2033 4258 2107 4297 ea:
2125 4241 2234 4311 ﬁde
2253 4242 2506 4307 Abrahw,
2539 4241 2594 4296 id
2615 4248 2715 4307 est,
2740 4240 2832 4314 qui
2850 4257 2952 4312 per
2973 4241 3137 4297 fidem
3171 4240 3418 4314 sequitur

1802 4331 2081 4386 Abraham
2107 4345 2119 4384 :
2145 4333 2243 4403 qui
2258 4331 2539 4387 Abraham
2558 4335 2642 4387 est
2660 4335 2829 4403 pater
2843 4333 3103 4387 omnium
3124 4335 3413 4403 nostrum,

1802 4427 1913 4475 tam
1941 4419 2225 4494 gentilium
2255 4435 2421 4492 quam
2468 4420 2800 4487 Iudaeorum,
2834 4421 3133 4477 secundum
3181 4419 3414 4478 formam

1802 4508 1930 4565 fidei
1969 4518 2023 4565 et
2068 4509 2305 4578 iustitiae.
2364 4509 2524 4565 Pater
2579 4509 2764 4580 utique
2810 4509 3052 4565 omnium
3120 4517 3224 4577 est,
3275 4510 3415 4566 sicut

85 4599 219 4669 ﬁdei,
239 4601 295 4655 id
312 4608 400 4656 est
414 4596 837 4669 justiﬁcationis
856 4598 1053 4653 habitae
1075 4597 1230 4655 ετ
1266 4614 1364 4669 per
1376 4596 1559 4666 ﬁdem,
1576 4611 1697 4668 quae
1724 4590 1777 4650 D
1800 4598 2063 4670 scriptum
2090 4606 2173 4654 est
2201 4598 2257 4653 in
2287 4598 2511 4654 Genesi.
2545 4597 2685 4653 Illud
2723 4598 2851 4670 quia
2881 4597 2951 4654 ad
2980 4598 3230 4654 ordinem
3258 4598 3409 4656 litte-

87 4685 209 4743 tides
229 4698 283 4744 et
312 4707 443 4762 quis
470 4686 693 4758 justitia
721 4691 805 4742 est
831 4687 895 4742 in
922 4688 1226 4760 praeputio,
1244 4687 1299 4741 id
1330 4694 1413 4741 est
1441 4686 1696 4742 conside-

1798 4704 1873 4744 ree
1919 4688 1989 4764 de
2047 4703 2156 4759 qua
2203 4695 2477 4759 sumptum
2533 4695 2636 4755 est,
2687 4686 2954 4759 respicit:
2986 4688 3112 4758 hoc,
3162 4687 3407 4760 inquam,

86 4787 224 4833 ratur
251 4779 309 4834 in
337 4778 645 4835 Abraham
690 4783 936 4847 tempore
983 4775 1248 4847 prreputii,
1281 4783 1333 4831 et
1360 4774 1697 4832 convenien-
1799 4776 2059 4849 scriptum
2119 4785 2203 4832 est
2235 4792 2247 4830 ε
2277 4777 2399 4848 Ego
2444 4776 2689 4848 disposui
2736 4784 2809 4845 te,
2842 4776 3136 4843 Abraham,
3168 4775 3409 4833 futurum

87 4873 157 4920 ter
182 4867 237 4923 in
265 4885 334 4924 eo
381 4876 538 4923 statu
569 4866 849 4920 Abraham
887 4863 1216 4934 justiﬁcatus
1246 4872 1346 4930 est,
1380 4868 1447 4920 ut
1492 4864 1567 4919 ita
1595 4865 1695 4931 sit,
1796 4874 2007 4937 patrem
2078 4866 2382 4922 secundum
2455 4866 2845 4922 institutionem
2918 4865 3045 4922 ﬁdei
3114 4866 3405 4923 multarum

85 4963 248 5026 pater,
278 4958 337 5014 id
366 4967 460 5014 est
495 4955 781 5011 institutor
809 4954 1109 5011 secundum
1137 4954 1368 5010 formam
1408 4955 1555 5021 ﬁdei,
1589 4970 1701 5009 non
1799 4955 2046 5028 gentium
2078 4970 2090 5009 :
2124 4963 2177 5011 te
2206 4955 2328 5012 dico
2358 4972 2459 5027 per
2482 4956 2750 5026 justitiam
2782 4954 2986 5013 factum
3029 4963 3157 5012 ante
3207 4957 3403 5027 Deum,

87 5046 243 5102 solum
271 5048 632 5111 Iudaeorum,
667 5044 763 5099 sed
794 5052 848 5099 et
875 5045 1131 5100 omnium
1177 5043 1576 5111 credentium;
1608 5043 1697 5111 sit,
1796 5045 1853 5100 id
1883 5054 1982 5112 est,
2015 5044 2073 5100 in
2104 5045 2445 5117 heneplacito
2474 5046 2576 5102 Dei
2605 5046 2693 5102 cui
2721 5045 3025 5102 credidisti.

84 5133 303 5207 inquam,
338 5146 513 5210 pater
548 5133 683 5189 ﬁdei
729 5133 969 5189 omnium
994 5150 1095 5205 per
1130 5135 1502 5205 praeputium,
1535 5132 1590 5187 id
1618 5140 1702 5188 est
1873 5134 2011 5190 Hinc
2039 5142 2341 5207 sequuntur
2367 5135 2540 5191 verba
2568 5135 2720 5191 Pauli
2752 5153 2765 5189 :
2812 5136 2917 5205 Qui
2959 5135 3106 5191 Deus
3154 5139 3407 5194 mortuos

88 5240 174 5292 per
198 5226 363 5283 ﬁdem
393 5228 456 5281 in
491 5234 752 5295 tempore
780 5222 1027 5294 prmputii
1049 5222 1307 5278 habitam.
1341 5224 1408 5277 Et
1439 5221 1701 5294 quemad-
1799 5231 2028 5295 peccato
2058 5224 2243 5280 vivere
2271 5223 2421 5290 facit,
2439 5223 2768 5294 justiﬁcatos
2796 5241 2895 5296 per
2922 5222 3085 5280 ﬁdem
3112 5240 3124 5280 :
3156 5241 3260 5282 nec
3289 5234 3408 5281 tan-

87 5316 288 5371 modum
319 5316 425 5383 illi,
462 5314 557 5371 sic
587 5314 711 5369 illis
743 5312 994 5367 omnibus
1025 5312 1373 5368 credentibus
1402 5315 1704 5383 reputetur
1799 5320 1914 5367 tum
1943 5311 2197 5380 viviﬁcat,
2232 5313 2331 5368 sed
2361 5312 2523 5369 etiam
2550 5330 2650 5386 per
2684 5313 2914 5386 gratiam
2967 5317 3127 5370 vocat
3175 5330 3243 5371 ea
3286 5332 3410 5387 qua

88 5406 293 5462 credere
324 5422 500 5461 suum
534 5402 615 5459 ad
634 5402 957 5473 justitiam.
993 5402 1060 5457 Et
1090 5401 1520 5457 sicutAbraham
1548 5408 1705 5472 pater
1804 5418 1922 5458 non
1948 5406 2107 5467 sunt,
2139 5402 2196 5457 id
2224 5411 2308 5458 est
2336 5403 2589 5476 gentiles,
2623 5404 2716 5476 qui
2761 5411 2983 5475 propter
3030 5420 3139 5460 non
3168 5403 3414 5460 habitam

89 5502 161 5548 est
186 5494 328 5565 ﬁdei,
363 5495 440 5551 ita
468 5495 560 5551 sit
592 5495 784 5564 pater,
807 5490 863 5546 id
892 5499 975 5547 est
1004 5490 1293 5558 institutor,
1320 5492 1705 5547 circumcisio-
1803 5491 1986 5565 legem
2003 5492 2136 5546 nihil
2157 5508 2280 5548 esse
2302 5492 2589 5548 videntur:
2626 5497 2900 5566 tanquam
2930 5510 2999 5549 ea
3024 5510 3147 5565 qua:
3183 5497 3343 5563 sunt,
3367 5493 3425 5549 id

88 5586 185 5649 nis,
216 5586 269 5641 id
296 5596 385 5642 est
427 5579 871 5655 justificationis,
905 5596 1026 5652 quae
1068 5596 1137 5636 ex
1164 5580 1272 5636 ﬁde
1320 5579 1695 5653 consequitur.
1807 5590 1907 5646 est,
1944 5581 2409 5653 quemadmodum
2438 5588 2599 5638 vocat
2640 5582 2862 5637 Iudaeos
2893 5581 2987 5654 qui
3015 5598 3074 5637 se
3105 5581 3255 5638 solos
3300 5598 3428 5638 esse

90 5671 158 5728 Sit
174 5682 330 5747 pater
344 5674 481 5733 dico
502 5687 636 5729 non
668 5670 755 5726 his
779 5673 1008 5727 tantum
1032 5670 1129 5743 qui
1147 5674 1287 5727 sunt
1307 5686 1382 5728 ea:
1406 5670 1707 5727 circumci-
1809 5686 1913 5741 per
1941 5669 2125 5742 legem
2154 5670 2478 5744 gloriantur.
2514 5670 2770 5727 Probavit
2810 5670 3065 5742 superius
3106 5686 3208 5742 per
3246 5669 3429 5728 Abra-
