3970 6466
523 370 594 424 4⁸7
1057 368 1114 424 S.
1156 366 1509 424 BRUNONIS
1557 363 2203 423 CARTHUSIANORUM
2245 364 2729 423 lNSTlTUTORlS
2768 366 2921 423 OPP.
2981 368 3155 427 PARS
3212 375 3280 429 Il.
3753 380 3821 433 L8

522 496 650 551 ham
680 510 900 551 omnem
940 491 1380 564 justiﬁcationem
1412 509 1534 549 esse
1565 509 1631 548 ex
1662 491 1769 548 ﬁde
1802 508 1814 547 :
1845 500 1905 548 ιιι
1935 500 2116 547 autem
2143 493 2197 553 Α
2218 499 2378 558 serat,
2412 508 2533 563 quae
2561 492 2630 547 de
2677 507 2744 548 eo
2789 492 2919 548 dixit
2967 494 3187 568 adaptat
3235 515 3348 555 sua:
3390 498 3699 568 intentioni,
3733 501 3825 557 di-

522 584 577 639 in
605 583 938 656 plenitudine
966 581 1091 637 tidei
1121 581 1365 654 perfecte
1394 582 1667 638 imitemur
1695 583 1989 650 Abraham,
2024 582 2119 637 de—

522 672 774 729 terminat
803 672 1107 745 qualitatem
1138 671 1263 727 ﬁdei
1292 672 1525 727 Abrahae
1559 689 1571 727 :
1605 678 1661 726 ut
1691 671 1825 726 sicut
1865 686 2120 743 quaecun-

2218 596 2349 636 cens
2383 594 2396 633 :
2430 579 2571 649 Quia
2602 581 2679 636 sic
2726 582 2959 637 credidit
3004 585 3299 648 Abraham.
3333 588 3457 643 ideo
3489 589 3822 658 justiﬁcatus

2218 677 2318 724 est.
2354 671 2467 725 Hoc
2496 678 2677 724 tamen
2707 670 2775 725 de
2803 671 3077 728 Abraham
3109 692 3224 730 non
3264 676 3350 732 hic
3378 680 3658 750 scriptum
3693 683 3824 734 tan-

528 778 635 833 que
665 762 964 818 secundum
992 762 1169 815 visum
1197 760 1475 816 hominum
1504 760 1860 831 impossibilia
1888 759 2121 815 credidit
2221 759 2503 814 tummodo
2530 762 2762 830 propter
2790 762 2976 832 ipsum
3008 762 3301 829 Abraham,
3325 765 3394 820 de
3416 773 3560 820 tanta
3582 765 3691 822 ﬁde
3712 767 3826 822 lau-

522 850 624 906 sibi
669 866 769 922 per
810 852 982 906 Deum
1027 849 1262 921 impleri,
1300 850 1378 905 sic
1409 857 1461 905 et
1490 865 1591 904 nos
1637 850 1706 904 de
1735 848 1978 920 potentia
2020 849 2119 903 Dei

523 956 631 995 non
662 940 993 1005 haesitemus,
1021 946 1358 1010 opponentes
1402 938 1450 993 ei
1479 938 1657 1011 legem
1703 946 1926 993 natura}.
1962 937 2117 993 Unde

522 1028 602 1085 sic
624 1029 698 1085 ait
724 1029 989 1084 :Abrahm
1013 1027 1171 1084 28
1194 1028 1398 1083 dictum
1428 1035 1510 1082 est
1546 1042 1557 1080 ε
1593 1029 1786 1083 Posuit
1818 1031 1872 1083 te
1893 1030 2118 1099 patrem

521 1118 843 1174 multarum
874 1118 1133 1189 gentium
1165 1136 1182 1171 :
1213 1119 1311 1189 qui
1330 1115 1602 1170 Abraham
1623 1114 1885 1180 credidit,
1918 1119 2118 1171 contra

523 1223 680 1279 spem
736 1209 800 1263 in
855 1222 1029 1279 spem,
1078 1212 1262 1276 posset
1318 1204 1503 1260 dicere
1553 1212 1739 1260 contra
1781 1203 2114 1275 Opinionem.

523 1296 663 1368 Spes
692 1295 907 1351 Domini
938 1302 1085 1350 certa
1132 1293 1463 1364 exspectatio
1508 1292 1589 1347 rei
1637 1293 1833 1348 futurae
1875 1293 2114 1359 dicitur;

523 1386 621 1442 sed
652 1401 891 1458 congrue
921 1384 1050 1439 dixit
1084 1387 1287 1439 contra
1335 1398 1509 1455 spem,
1544 1381 1669 1453 quia
1703 1382 1999 1437 secundum
2031 1380 2114 1436 le-

520 1491 648 1548 gem
695 1482 897 1528 natura:
948 1472 1063 1527 visa
1110 1470 1414 1527 annositate
1468 1487 1561 1525 sua
1591 1479 1643 1525 et
1671 1470 1947 1525 sterilitate
1976 1485 2115 1525 uxo-

518 1564 615 1633 ris,
649 1562 953 1618 certissime
998 1561 1253 1633 sperabat
1300 1575 1409 1615 non
1434 1560 1545 1629 jam
1576 1576 1635 1614 se
1680 1559 1980 1613 habiturum
2022 1575 2115 1613 se-

516 1668 642 1707 men
668 1667 680 1706 :
714 1651 811 1707 sed
840 1658 1031 1707 contra
1061 1665 1236 1720 spem,
1262 1664 1427 1720 quam
1456 1646 1561 1702 sibi
1589 1648 1673 1702 lex
1703 1656 1909 1702 natura:
1938 1646 2118 1718 porri-

518 1741 699 1813 gebat,
733 1739 963 1797 credidit
992 1738 1045 1792 in
1090 1754 1263 1808 spem,
1298 1753 1476 1808 quam,
1509 1736 1681 1791 fracto
1721 1736 1842 1805 jure
1889 1744 2111 1801 natura},

2218 846 2474 901 dandum.
2508 848 2642 913 Hoc,
2676 848 2901 916 scilicet,
2931 851 3064 922 quia
3112 858 3441 925 reputatum
3469 859 3556 910 est
3604 856 3699 911 illi
3747 857 3823 912 ad

2214 936 2505 1007 iustitiam
2533 956 2551 992 :
2583 936 2680 992 sed
2711 938 2889 993 etiam
2918 939 3181 1009 scriptum
3208 947 3438 1015 prapter
3464 960 3587 1012 nos,
3620 944 3678 997 in
3712 943 3822 1000 ﬁde

2217 1024 2448 1079 Abrahae
2476 1024 2911 1093 conformandos,
2959 1030 3157 1100 quibus
3198 1031 3548 1086 credentibus
3594 1034 3821 1089 credere

2215 1121 2457 1167 nostrum
2491 1114 2650 1183 (sicut
2678 1114 2732 1168 in
2774 1114 2868 1170 illo
2900 1116 3168 1187 videmus)
3215 1118 3372 1173 nobis
3414 1119 3488 1176 ad
3520 1122 3822 1191 justitiam

2214 1204 2591 1272 reputabitur.
2621 1204 2983 1260 Credentibus
3014 1205 3137 1261 dico
3158 1208 3218 1261 in
3251 1223 3380 1263 eum
3400 1211 3495 1281 qui
3513 1210 3821 1266 suscitavit

2219 1289 2504 1346 Christum
2525 1293 2715 1347 Iesum
2731 1293 3031 1349 Dominum
3051 1299 3311 1351 nostrum
3333 1314 3365 1351 a
3378 1299 3642 1365 mortuis,
3662 1297 3719 1353 id
3732 1306 3821 1354 est

2213 1378 2349 1434 sicut
2381 1380 2671 1448 Abraham,
2706 1382 2852 1453 quod
2883 1390 3071 1438 contra
3100 1392 3349 1439 naturam
3382 1394 3517 1455 erat,
3542 1401 3573 1440 a
3603 1387 3722 1441 Deo
3754 1402 3819 1441 se

2214 1475 2560 1539 accepturum
2593 1469 2856 1536 credidit;
2890 1471 2967 1527 sic
2992 1488 3170 1545 neque
3198 1489 3300 1528 nos
3345 1474 3657 1529 hmsitemus
3687 1490 3819 1531 cre-

2213 1558 2345 1612 dere
2375 1565 2427 1613 et
2468 1556 2730 1624 conﬁteri,
2766 1559 2890 1614 licet
2932 1568 3117 1615 contra
3155 1562 3245 1630 jus
3293 1571 3497 1618 naturae
3547 1563 3615 1618 sit
3658 1564 3821 1619 Chri-

2214 1652 2357 1699 stum
2404 1647 2705 1701 surrexisse
2735 1662 2767 1702 a
2795 1649 3039 1704 mortuis.
3073 1648 3176 1718 Qui
3202 1651 3346 1705 enim
3377 1660 3569 1707 auctor
3596 1660 3680 1707 est
3712 1668 3821 1707 na-

2215 1741 2365 1802 turae,
2402 1734 2537 1790 sicut
2582 1734 2779 1805 placuit
2825 1737 2997 1806 potuit
3043 1754 3165 1792 eam
3216 1738 3507 1795 invertere.
3545 1741 3675 1797 Haec
3705 1740 3821 1796 duo

517 1828 904 1900 omnipotentia
948 1826 1047 1882 Dei
1095 1826 1445 1897 suggerebat.
1496 1824 1739 1879 Credidit
1777 1824 1963 1895 utique
2011 1825 2114 1879 hoc
2133 1850 2186 1910 Β
2218 1838 2338 1893 qua?
2366 1831 2669 1893 sequuntur
2700 1839 2713 1877 :
2747 1826 2996 1881 traditus
3026 1831 3111 1881 est
3138 1827 3211 1881 ad
3239 1832 3500 1894 mortem,
3530 1832 3587 1884 et
3614 1845 3820 1886 resur-

518 1923 585 1975 ut
612 1919 774 1988 ﬁeret
800 1921 965 1990 pater
993 1916 1311 1971 multarum
1340 1915 1597 1985 gentium
1628 1932 1646 1969 :
1677 1913 1746 1967 de
1777 1929 1884 1984 quo
1912 1929 2112 1968 secun-
2214 1912 2369 1967 rexit
2392 1917 2623 1983 prapter
2639 1914 3135 1983 justiﬁcationem,
3169 1915 3239 1970 ad
3269 1916 3649 1986 probationem
3682 1935 3823 1989 prae-

516 2007 645 2062 dum
675 2006 951 2062 hominem
1000 2003 1130 2059 satis
1177 2002 1460 2074 ambigere
1503 2010 1706 2073 posset,
1740 2017 1863 2057 cum
1908 2001 2113 2057 videret
2211 1999 2504 2054 missorum
2534 2002 2844 2057 necessaria
2887 2019 2997 2057 non
3026 2011 3197 2070 erant,
3231 2005 3328 2059 sed
3378 2005 3445 2060 ad
3494 2005 3821 2063 instructio-

511 2113 572 2152 se
619 2094 781 2151 unius
827 2100 1030 2148 tantum
1077 2090 1173 2146 ﬁlii
1219 2099 1645 2162 procreatorem.
1698 2090 1978 2157 Credidit,
2022 2090 2112 2144 in-
2210 2104 2336 2142 nem
2385 2088 2751 2144 Romanorum
2798 2090 2931 2145 vidit
2959 2107 3022 2146 ea
3067 2101 3390 2164 opportuna,
3422 2101 3475 2148 et
3504 2094 3629 2149 ideo
3674 2096 3821 2149 sub-

515 2201 696 2258 quam,
727 2182 860 2238 illud
890 2190 1061 2238 totum
1090 2181 1232 2254 quod
1260 2180 1480 2236 dictum
1511 2183 1597 2235 est
1624 2180 1695 2245 ei,
1729 2179 1784 2233 id
1814 2186 1896 2234 est
1925 2178 2109 2234 credi-

515 2274 593 2329 dit
622 2290 682 2328 se
730 2280 942 2343 patrem
992 2270 1231 2325 futurum
1277 2268 1589 2333 multorum,
1641 2283 1751 2322 non
1794 2268 1968 2322 solum
2016 2283 2109 2322 se-

513 2362 749 2419 cundum
778 2358 1140 2433 prOpagincm
1169 2356 1369 2423 carnis,
1394 2357 1490 2412 sed
1518 2356 1816 2411 secundum
1846 2355 2108 2411 imitatam

513 2451 744 2508 formam
776 2449 922 2505 ﬁdei.
955 2449 1087 2513 Hoc,
1120 2446 1364 2518 inquam,
1397 2445 1599 2501 dictum
1638 2454 1720 2500 est
1749 2445 1798 2500 ei
1832 2460 1844 2498 :
1876 2446 1966 2501 Sic
1998 2448 2108 2501 erit

512 2556 704 2596 semen
735 2543 917 2607 tuum,
950 2536 1241 2601 Abraham,
1282 2557 1304 2585 «
1338 2535 1476 2589 sicut
1507 2534 1676 2589 stellae
1713 2533 1855 2599 caeli,
1892 2542 1943 2588 et
1971 2534 2109 2589 sicut

511 2643 679 2684 arena
700 2627 866 2682 maris
888 2626 1047 2697 (Gen.
1079 2640 1173 2691 xv,
1200 2627 1275 2693 5).
1308 2648 1329 2671 ιι
1358 2624 1459 2677 Per
1479 2622 1667 2677 stellas
1688 2622 1829 2687 coeli,
1856 2622 2107 2693 spiritua-

512 2717 594 2773 les
625 2716 767 2772 ﬁlios
796 2715 1049 2780 Abrahae,
1084 2713 1205 2769 luce
1232 2712 1490 2766 virtutum
1519 2710 1861 2780 conspicuos,
1899 2710 2108 2783 signiﬁ-

510 2816 614 2863 cat.
650 2808 749 2860 Per
767 2820 983 2859 arenam
1015 2801 1198 2866 maris,
1250 2799 1609 2855 infructuosos
1655 2799 1903 2854 carnales
1942 2797 2101 2855 ﬁlios.

510 2893 599 2951 Sic
626 2893 954 2966 promissum
986 2899 1066 2946 est
1098 2890 1348 2954 Abrahae,
1383 2895 1436 2943 et
1467 2895 1691 2958 accepta
1718 2888 1821 2943 hac
1866 2888 2104 2958 promis-

510 2983 665 3039 sione
694 2981 935 3054 quandiu
965 2978 1331 3042 differebatur,
1364 2985 1651 3048 propterea
1680 2993 1793 3031 non
1824 2980 1909 3031 est
1934 2977 2104 3045 inﬁr-

511 3075 703 3128 matus
732 3072 796 3126 in
823 3070 932 3139 ﬁde
955 3088 973 3124 :
995 3075 1051 3122 ut
1080 3066 1258 3120 minus
1287 3066 1533 3120 crederet
1559 3063 1727 3119 ﬁrma:
1754 3064 2105 3135 promissioni

510 3159 614 3215 sibi
637 3159 789 3215 facta:
814 3177 829 3224 ;
860 3165 1025 3227 utque
1056 3154 1242 3209 ﬁrmus
1271 3154 1326 3207 in
1356 3152 1462 3208 ﬁde
1490 3154 1776 3224 promissae
1800 3153 1879 3208 rei
1909 3154 2104 3224 perdu-

511 3256 679 3317 raret,
712 3264 828 3302 non
858 3244 1233 3302 consideravit
1256 3258 1456 3315 corpus
1486 3258 1649 3297 suum
1674 3246 2013 3311 emortuum,
2046 3242 2102 3297 id

510 3344 595 3394 est
614 3352 721 3392 non
742 3334 991 3407 pensavit
1009 3332 1311 3388 naturalem
1324 3329 1596 3387 defectum
1618 3330 1918 3402 generandi
1938 3346 2102 3401 posse

510 3426 798 3482 immutare
827 3423 1159 3479 voluntatem
1188 3420 1308 3486 Dei,
1341 3436 1471 3476 cum
1519 3424 1661 3476 esset
1702 3422 1824 3491 fere
1870 3423 2103 3475 centum

509 3531 814 3579 annorum,
848 3520 900 3568 et
930 3520 1138 3582 tempus
1165 3508 1466 3581 generandi
1489 3509 1600 3578 jam
1631 3508 1685 3562 in
1716 3523 1783 3564 eo
1812 3507 2104 3578 praeteriis-

511 3613 613 3659 set.
648 3604 715 3657 Et
737 3618 846 3657 non
867 3598 1229 3658 consideravit
1251 3600 1472 3653 vulvam
1499 3598 1652 3653 Sarae
1677 3601 2014 3661 emortuam,
2046 3595 2103 3650 id

510 3700 593 3748 est
651 3690 907 3764 genitalia
953 3687 1136 3744 uxoris
1182 3685 1469 3752 defecisse,
1515 3693 1568 3741 et
1624 3683 1754 3740 vitio
1810 3682 2103 3739 sterilitatis

510 3789 563 3837 et
593 3795 859 3836 annorum
903 3776 1237 3849 antiquitate.
1286 3776 1409 3830 Non
1438 3782 1519 3829 est
1548 3771 1846 3827 infirmatus
1896 3772 1952 3826 in
1998 3770 2104 3827 ﬁde

506 3869 692 3942 prima:
739 3865 1116 3940 promissionis
1150 3880 1161 3918 :
1193 3864 1247 3918 in
1288 3861 1712 3934 repromissione
1759 3860 1921 3916 etiam
1979 3859 2097 3927 Dei,

510 3959 637 4031 quia
664 3959 810 4013 Deus
839 3954 1113 4011 multoties
1140 3953 1286 4009 idem
1316 3952 1419 4023 ipsi
1449 3949 1783 4021 repromisit.
1819 3950 1882 4004 In
1912 3965 2103 4021 repro-

508 4048 778 4103 missione
819 4044 1004 4116 utique
1032 4043 1145 4108 illa,
1177 4058 1280 4114 qua
1313 4041 1479 4105 Deus,
1510 4037 1827 4109 priusquam
1857 4036 2104 4091 ﬁniretur

508 4150 701 4202 annus,
734 4150 793 4189 se
821 4133 1073 4188 daturum
1101 4130 1271 4185 tilium
1309 4126 1670 4199 promittebat,
1703 4124 1759 4179 in
1788 4127 1892 4181 hac
1917 4126 2102 4197 utique

507 4241 624 4283 non
653 4224 933 4280 hwsitavit
966 4219 1307 4291 difﬁdentia.
1338 4214 1617 4271 Haesitavit
1662 4214 1881 4285 quidem
1922 4214 2102 4269 admi-

509 4313 683 4369 rando
713 4319 766 4367 et
794 4308 1127 4367 revolvendo
1154 4321 1341 4362 secum
1387 4302 1705 4374 mysterium
1736 4303 1831 4369 rei,
1866 4303 1964 4358 sed
1993 4318 2104 4358 non

506 4400 770 4459 haesitavit
800 4415 900 4472 per
927 4395 1300 4461 diffidentiam,
1332 4400 1392 4448 ut
1420 4391 1688 4447 difﬁderet
1729 4406 1836 4447 non
1865 4391 2103 4463 implen-

508 4491 637 4547 dum
665 4488 769 4544 sibi
796 4496 968 4544 totum
998 4485 1144 4556 quod
1173 4484 1319 4538 Deus
1346 4480 1687 4553 promiserat,
1729 4481 1823 4536 sed
1871 4484 2100 4552 confor-

2203 2176 2380 2245 junxit
2412 2194 2425 2230 :
2462 2179 2565 2246 Qui
2598 2179 2845 2234 traditus
2877 2184 2961 2235 est
2994 2199 3013 2235 :
3041 2196 3151 2235 non
3179 2181 3505 2237 determinat
3552 2183 3619 2237 ad
3650 2183 3812 2256 quid,

2210 2265 2306 2319 sed
2338 2265 2469 2320 satis
2499 2274 2644 2336 patet
2673 2268 2801 2338 quia
2831 2268 2900 2322 ad
2932 2277 3184 2324 mortem.
3220 2271 3286 2324 Et
3317 2271 3420 2325 hoc
3447 2277 3685 2343 propter
3711 2273 3823 2329 de-

2212 2354 2349 2409 licta
2378 2359 2595 2421 nostra,
2627 2355 2681 2410 id
2712 2364 2812 2424 est,
2847 2364 2903 2411 ut
2933 2372 3034 2412 nos
3081 2358 3368 2413 mundaret
3397 2376 3427 2413 a
3459 2360 3673 2416 delictis
3704 2377 3820 2416 no-

2209 2442 2353 2508 stris,
2387 2443 2478 2514 qui
2507 2444 2671 2499 etiam
2702 2447 3025 2501 resurrexit
3060 2451 3295 2519 propter
3331 2450 3821 2520 justiﬁcationem

2208 2536 2482 2597 nostram,
2516 2532 2569 2586 id
2599 2540 2700 2599 est,
2733 2542 2790 2588 ut
2819 2549 2920 2588 nos
2951 2535 3236 2590 mundatos
3263 2551 3294 2589 a
3322 2537 3536 2592 delictis
3582 2538 3817 2608 nostris,

2207 2636 2304 2690 per
2330 2621 2654 2690 positionem
2699 2622 2957 2677 virtutum
2981 2623 3157 2691 justos
3201 2624 3460 2680 efﬁceret.
3495 2624 3655 2682 29
3683 2628 3819 2682 Non

2204 2706 2348 2778 ideo,
2381 2709 2473 2774 ait,
2508 2717 2755 2765 mortuus
2786 2719 2868 2765 est
2895 2720 3117 2782 propter
3145 2712 3343 2769 delicta
3371 2722 3578 2781 nostra,
3615 2731 3821 2770 resur-

2206 2797 2340 2851 rexit
2376 2805 2599 2869 pr0pter
2621 2797 3079 2867 justiﬁcationem,
3114 2801 3243 2872 quin
3288 2818 3438 2857 mors
3467 2803 3585 2871 ejus
3633 2818 3819 2859 causa

2206 2885 2274 2939 sit
2302 2894 2500 2941 nostrae
2522 2887 2761 2955 justitim,
2795 2895 2848 2944 et
2879 2890 3205 2944 resurrectio
3251 2906 3418 2945 causa
3462 2891 3817 2949 remissionis

2204 2983 2573 3044 peccatorum.
2610 2975 2719 3030 Sed
2750 2976 2872 3031 ideo
2902 2977 2977 3030 ait
3005 2978 3317 3044 resurrexit,
3350 2988 3575 3050 prapter
3609 2980 3823 3049 justiﬁ-

2205 3061 2493 3127 cationem,
2522 3071 2578 3117 ut
2605 3065 2919 3119 ostenderet
2949 3065 3403 3120 resurrectionem
3424 3068 3543 3136 ejus
3574 3068 3654 3124 sic
3684 3084 3821 3127 esse

2206 3166 2429 3208 causam
2475 3159 2672 3206 nostrae
2712 3152 3136 3220 justiﬁcationis,
3168 3160 3226 3208 ut
3273 3163 3418 3210 esset
3462 3156 3681 3228 signum
3727 3160 3821 3215 rei

2202 3242 2398 3296 futurae
2454 3238 2510 3293 in
2551 3239 2710 3294 nobis
2760 3254 2773 3293 :
2824 3240 3055 3311 duplicis
3111 3242 3315 3297 scilicet
3370 3245 3819 3303 resurrectionis.

2202 3326 2380 3381 Prima
2410 3335 2511 3393 est,
2546 3343 2653 3399 qua
2682 3327 2737 3382 in
2771 3328 3040 3398 baptismo
3070 3345 3103 3384 a
3130 3339 3306 3386 morte
3352 3332 3558 3403 peccati
3607 3350 3822 3391 resur-

2201 3415 2399 3489 gimus,
2431 3416 2500 3470 ad
2548 3416 2837 3472 vivendum
2867 3417 2920 3471 in
2957 3418 3184 3487 justitia.
3216 3421 3341 3474 Haec
3385 3428 3560 3475 autem
3612 3438 3819 3479 resur-

2202 3504 2373 3560 rectio
2419 3504 2635 3571 animae,
2668 3521 2788 3576 quae
2832 3505 2985 3576 prius
3026 3516 3238 3563 mortua
3281 3508 3337 3563 in
3366 3510 3625 3580 peccatis,
3657 3527 3816 3570 nunc

2202 3600 2385 3647 autem
2414 3592 2713 3649 confortato
2760 3594 2934 3650 libero
2980 3596 3204 3651 arbitrio
3246 3606 3426 3667 potest
3453 3599 3624 3654 obniti
3655 3604 3817 3658 omni

2201 3681 2362 3737 malm
2390 3682 2747 3755 suggestioni,
2782 3684 3065 3755 Deumque
3097 3686 3399 3757 cognoscit.
3436 3688 3687 3743 Secunda
3716 3706 3814 3747 re-

2203 3771 2466 3826 surrectio
2495 3778 2579 3825 est
2607 3773 2791 3826 futura
2819 3773 3117 3828 secundum
3148 3789 3344 3845 corpus
3378 3789 3391 3829 :
3426 3777 3664 3847 quando,
3699 3778 3813 3835 im-

2202 3858 2554 3929 passibilitate
2584 3867 2638 3915 et
2663 3860 3067 3917 immortalitate
3101 3872 3395 3934 resumpta,
3431 3868 3813 3937 conregnabi-

2200 3963 2324 4001 mus
2355 3948 2588 4011 Christo,
2622 3948 2667 4002 si
2696 3949 2866 4019 prima
2896 3952 3224 4007 resurrectio
3267 3951 3477 4025 integre
3506 3952 3670 4009 fuerit
3698 3971 3811 4013 cu-

2202 4036 2417 4102 stodita,
2448 4054 2569 4108 quae
2597 4039 2921 4094 resurrectio
2960 4039 3161 4094 Christi
3191 4047 3243 4095 et
3275 4041 3644 4109 Pentecostes,
3678 4062 3812 4117 quae

2201 4125 2269 4180 de
2300 4125 2493 4180 eadem
2522 4127 2921 4183 resurrectione
2952 4128 3170 4198 pendet,
3192 4128 3316 4184 ideo
3345 4131 3510 4186 variis
3540 4136 3813 4204 tempori-

2202 4213 2305 4268 bus
2361 4214 2724 4282 celebrantur,
2773 4216 2899 4286 quia
2946 4216 3126 4272 adhuc
3174 4226 3398 4272 ventura
3445 4220 3809 4295 praesignant,

2200 4318 2304 4358 nec
2353 4303 2525 4359 solum
2572 4303 2641 4359 de
2687 4304 2975 4375 prateritis
3021 4312 3209 4378 agunt,
3244 4315 3302 4362 ut
3339 4306 3537 4363 festum
3584 4308 3813 4368 Nativi-

2200 4392 2345 4457 tatis.

2838 4464 3062 4521 CAPUT
3092 4465 3155 4521 V.

513 4583 669 4636 tatus
700 4582 785 4634 est
810 4577 938 4647 ﬁde.
972 4575 1106 4629 Cum
1135 4572 1279 4627 enim
1307 4576 1494 4641 posset
1536 4568 1770 4637 objicere
1798 4584 1911 4624 rem
1943 4559 2176 4624 totiesD
2279 4588 2302 4619 ι
2334 4568 2616 4625 Justiﬁcati
2663 4567 2831 4641 igitur
2875 4586 2939 4625 ex
2986 4568 3114 4640 ﬁde,
3161 4587 3351 4642 pacem
3394 4573 3695 4630 habeamus
3732 4579 3810 4635 ad

510 4667 855 4741 promissam,
888 4664 981 4719 diu
1009 4660 1326 4716 sustinendo
1361 4673 1373 4713 :
1405 4657 1638 4713 Dubium
1680 4674 1767 4712 me
1813 4673 1971 4713 mora
2018 4657 2102 4713 fa-

511 4757 602 4823 cit,
658 4754 847 4810 fortior
898 4752 954 4806 in
1001 4748 1318 4806 credulitate
1375 4747 1454 4803 rei
1498 4746 1778 4818 promissae
1821 4746 2099 4802 surrexit:

513 4845 657 4900 dans
688 4841 815 4896 inde
843 4840 1085 4913 gloriam
1116 4839 1223 4893 Deo
1256 4857 1274 4893 :
1304 4835 1436 4890 nihil
1466 4834 1672 4890 meritis
1717 4835 1832 4889 suis
1860 4835 1929 4890 de
1959 4835 2104 4890 bono

510 4932 671 5001 hujus
701 4928 1077 5002 promissionis
1106 4925 1388 4982 ascribens
1423 4939 1435 4978 :
1468 4924 1567 4979 sed
1594 4924 1649 4978 in
1678 4924 1929 4980 omnibus
1976 4924 2102 4997 glo-

511 5019 726 5076 riﬁcans
756 5020 949 5083 Deum,
971 5018 1155 5072 sciens
1186 5015 1288 5070 hoc
1314 5014 1660 5085 plenissime,
1685 5012 1803 5068 sine
1824 5012 1970 5068 omni
1992 5013 2103 5068 hae-

509 5108 758 5165 sitatione
784 5122 796 5161 :
816 5108 948 5179 quia
967 5120 1307 5178 quaecunque
1324 5104 1589 5175 promisit
1620 5103 1786 5167 Deus,
1800 5106 1999 5174 potens
2016 5104 2103 5156 est

509 5199 685 5254 etiam
712 5199 921 5269 facere,
947 5195 1103 5264 juxta
1130 5208 1347 5248 omnem
1387 5191 1608 5247 modum
1639 5207 1798 5261 quem
1831 5188 2099 5260 promisit.

508 5285 577 5342 Et
605 5286 730 5342 ideo
760 5283 886 5356 quia
914 5283 1092 5339 sciens
1138 5280 1425 5353 promissis
1455 5280 1555 5334 Dei
1584 5278 1899 5350 plenissime
1939 5276 2103 5333 ﬁdem

510 5374 774 5443 adhibuit,
807 5388 918 5428 non
962 5370 1135 5427 solum
1183 5368 1513 5441 completum
1543 5375 1623 5422 est
1655 5366 1705 5421 ei
1752 5365 2099 5437 promissum,

511 5464 640 5536 quia
670 5462 749 5517 sic
776 5460 1024 5527 credidit,
1058 5459 1155 5514 sed
1183 5458 1342 5514 etiam
1390 5460 1719 5529 reputatum
1773 5459 1857 5510 est
1902 5455 1992 5510 illi
2024 5454 2104 5510 ad

502 5552 818 5625 justitiam,
851 5550 907 5605 id
937 5555 1022 5606 est
1050 5547 1239 5603 merito
1286 5553 1446 5601 tanta‘.
1486 5543 1614 5599 ﬁdei
1662 5542 1858 5598 meruit
1898 5542 2103 5611 justiﬁ-

508 5640 642 5699 cari.
677 5638 814 5717 Quia
841 5638 1007 5693 modo
1035 5635 1168 5691 satis
1196 5633 1420 5691 modum
1451 5630 1575 5691 ﬁdei
1614 5631 1847 5687 Abrahae
1876 5646 2102 5703 expres-

2207 4680 2229 4705 α
2266 4659 2439 4713 Deum
2467 4674 2569 4728 per
2611 4657 2902 4713 Dominum
2950 4666 3198 4714 nostrum
3239 4662 3424 4716 Jesum
3473 4663 3753 4722 Christum
3789 4686 3807 4724 :

2208 4767 2229 4797 α
2263 4762 2363 4817 per
2408 4762 2569 4818 quem
2613 4746 2879 4802 habemus
2927 4763 3208 4804 accessum
3255 4766 3354 4820 per
3398 4749 3560 4806 ﬁdem
3589 4751 3644 4807 in
3675 4770 3811 4827 gra-

2207 4856 2229 4885 «
2266 4834 2393 4890 tiam
2444 4835 2601 4890 istam
2644 4834 2698 4888 in
2745 4851 2854 4907 qua
2902 4844 3125 4904 stamus,
3159 4845 3212 4892 et
3254 4838 3553 4911 gloriamur
3596 4840 3652 4895 in
3701 4859 3811 4915 spe

2207 4944 2229 4974 ι
2262 4923 2456 4996 gloriae
2486 4922 2719 4978 ﬁliorum
2749 4923 2868 4979 Dei.
2900 4925 3022 4980 Non
3071 4925 3246 4981 solum
3275 4935 3474 4995 autem,
3507 4928 3607 4985 sed
3637 4930 3811 4988 etiam

2206 5034 2227 5058 α
2262 5011 2564 5083 gloriamur
2589 5011 2647 5066 in
2673 5012 3109 5068 tribulationibus
3142 5028 3155 5068 :
3186 5015 3421 5072 scientes
3451 5016 3596 5089 quod
3628 5018 3810 5076 tribu-

2207 5121 2229 5150 ι
2265 5100 2393 5155 latio
2421 5100 2733 5171 patientiam
2770 5109 3045 5172 operatur,
3078 5103 3341 5173 patientia
3380 5112 3558 5161 autem
3587 5108 3810 5177 proba-

2206 5211 2229 5235 ι
2263 5188 2487 5254 tionem,
2537 5188 2787 5259 probatio
2828 5206 2961 5246 vero
3022 5206 3195 5262 spem.
3243 5193 3381 5265 Spes
3445 5203 3626 5250 autem
3689 5213 3810 5254 non

2206 5299 2228 5325 σι
2262 5276 2541 5332 confundit
2574 5292 2587 5331 :
2617 5277 2744 5349 quia
2788 5279 3018 5334 cbaritas
3064 5280 3164 5335 Dei
3192 5280 3391 5337 diﬁ'usa
3420 5291 3503 5337 est
3529 5284 3583 5337 in
3612 5287 3810 5342 cordi-

2206 5388 2228 5413 ε
2265 5366 2365 5420 bus
2394 5366 2616 5432 nostris,
2649 5382 2749 5437 per
2794 5366 3051 5438 Spiritum
3099 5378 3347 5425 sanctum
3377 5371 3469 5442 qui
3509 5371 3668 5427 datus
3719 5384 3811 5431 est.

2206 5475 2229 5505 ι
2265 5453 2441 5510 nobis.
2473 5456 2542 5511 Ut
2588 5454 2719 5527 quid
2749 5456 2893 5511 enim
2940 5455 3205 5525 Christus,
3237 5475 3360 5514 cum
3391 5460 3571 5527 adhuc
3600 5461 3811 5520 inﬁrmi

2205 5565 2228 5590 ι
2263 5558 2528 5613 essemus,
2571 5544 2874 5599 secundum
2920 5552 3133 5617 tempus
3175 5563 3291 5618 pro,
3324 5547 3504 5620 impiis
3552 5561 3811 5609 mortuus

2207 5653 2229 5682 ι
2265 5632 2392 5690 θεῐῖ
2420 5632 2520 5689 Vix
2545 5632 2690 5689 enim
2714 5648 2819 5704 pro
2856 5634 3006 5704 justo
3051 5634 3174 5708 quis
3214 5636 3465 5693 moritur.
3513 5638 3656 5695 Nam
3700 5660 3812 5714 pro
