3970 6434
112 353 175 407 49
764 344 1142 408 EXPOSITlO
1182 343 1254 401 IN
1298 343 1679 402 EPISTOLAS

1794 346 1954 402 LULI.
1990 377 2058 387 —
2089 347 2164 401 IN
2199 347 2416 403 EPIST.
2471 348 2564 402 AD
2613 346 2782 404 ROM.
3361 353 3429 407 50

122 501 142 523 α
188 475 330 532 bono
361 475 592 532 forsitan
622 476 743 550 quis
772 475 972 532 audeat
991 472 1131 529 mori
1151 470 1179 526 ?
1229 471 1589 527 Commendat
1618 486 1721 526 au-
1740 475 1796 536 Α
1827 471 2060 527 Paulus:
2091 475 2201 528 Per
2244 489 2426 547 quem,
2483 473 2779 544 Christum,
2830 473 2993 530 etiam
3033 491 3343 543 accessum,
3374 477 3432 532 id

121 590 140 612 «ι
187 574 295 620 tem
325 565 659 622 charitatem
692 581 846 620 suam
893 565 1042 619 Deus
1072 562 1125 617 in
1156 561 1332 627 nobis,
1367 561 1643 632 quoniam,
1676 560 1722 616 si

122 675 142 703 ι
187 670 310 710 cum
339 654 523 711 adhuc
553 663 869 727 peccatores
891 668 1137 708 essemus
1158 650 1460 706 secundum
1480 659 1717 722 tempus,

120 767 140 789 α
186 743 437 798 Christus
466 760 572 814 pro
598 744 755 799 nobis
792 751 1042 798 mortuus
1075 748 1175 807 est,
1207 739 1378 795 multo
1407 740 1572 812 igitur
1601 756 1719 794 ma-

118 858 138 878 α
183 833 268 903 gis
299 849 448 888 nunc
490 832 772 902 justiticati
804 832 857 886 in
903 830 1167 902 sanguine
1199 829 1391 900 ipsius,
1441 829 1577 884 salvi
1611 829 1719 884 eri-

119 941 138 973 ι
182 938 304 975 mus
336 921 407 975 ab
439 921 523 977 ira
553 938 650 992 per
677 921 874 996 ipsum.
907 920 962 976 Si
994 919 1139 975 enim
1178 934 1303 975 cum
1335 917 1538 974 inimici
1560 934 1717 974 esse-

117 1035 137 1057 α
181 1027 321 1077 mus,
373 1009 711 1066 reconciliati
761 1026 947 1065 sumus
995 1009 1111 1063 Deo
1176 1023 1274 1078 per
1319 1015 1553 1062 mortem
1597 1007 1717 1062 Filii

115 1123 134 1146 ι
179 1100 317 1168 ejus,
351 1099 525 1154 multo
557 1099 732 1172 magis
750 1097 1081 1154 reconciliati
1114 1097 1250 1152 salvi
1283 1096 1486 1152 erimus
1517 1097 1572 1151 in
1605 1098 1717 1152 vita

115 1212 136 1235 α
180 1189 373 1259 ipsius.
407 1189 531 1244 Non
555 1189 729 1244 solum
751 1196 950 1254 autem,
977 1187 1075 1242 sed
1107 1195 1159 1242 et
1189 1186 1495 1259 gloriamur
1523 1186 1576 1241 in
1601 1188 1716 1241 Deo

114 1302 134 1323 α
178 1293 276 1349 per
303 1277 600 1332 Dominum
631 1285 876 1333 nostrum
896 1278 1083 1332 Jesum
1106 1276 1400 1342 Christum,
1434 1293 1530 1347 per
1553 1291 1714 1347 quem

115 1391 133 1412 ιι
177 1383 322 1422 nunc
354 1366 857 1422 reconciliationem
888 1365 1223 1436 accepimus.
1257 1366 1547 1436 Propterea
1577 1365 1716 1420 sicut

113 1478 133 1500 ιε
177 1471 278 1526 per
310 1471 482 1510 unum
533 1456 807 1510 hominem
854 1463 1138 1526 peccatum
1179 1453 1232 1508 in
1265 1453 1405 1509 hunc
1450 1455 1714 1508 mundum

112 1566 131 1593 ι
175 1544 418 1609 intravit,
466 1552 520 1599 et
563 1561 661 1616 per
702 1553 988 1615 peccatum
1038 1560 1208 1610 mors;
1241 1551 1294 1598 et
1323 1543 1392 1596 ita
1437 1542 1491 1597 in
1521 1559 1713 1598 omnes

110 1657 130 1678 α
174 1633 430 1688 homines
479 1650 632 1688 mors
674 1633 1004 1704 pertransiit,
1050 1633 1106 1686 in
1153 1648 1260 1704 quo
1292 1647 1484 1687 omnes
1509 1648 1711 1703 pecca-

108 1746 127 1768 α
171 1731 387 1776 verunt.
443 1723 630 1795 Usque
676 1723 746 1777 ad
805 1723 984 1794 legem
1033 1721 1176 1776 enim
1206 1729 1484 1792 peccatum
1516 1722 1711 1776 eratin

107 1835 126 1856 σι
170 1811 397 1866 mundo.
455 1813 740 1868 Peccatum
787 1821 966 1866 autem
1014 1827 1123 1866 non
1171 1810 1553 1882 imputabatur,
1588 1828 1710 1865 eum

109 1923 128 1948 ι
171 1900 256 1955 lex
287 1916 401 1956 non
432 1910 580 1956 esset
605 1916 617 1956 :
651 1901 748 1956 sed
781 1899 1028 1972 regnavit
1051 1917 1196 1956 mors
1227 1899 1298 1954 ab
1329 1900 1501 1954 Adam
1534 1917 1707 1972 usque

109 2012 127 2034 κ
171 1990 238 2044 ad
269 1991 522 2060 Moysen,
567 1990 724 2046 etiam
758 1990 810 2044 in
841 2006 936 2045 eos
966 1990 1058 2062 qui
1086 2006 1195 2044 non
1240 1997 1602 2061 peccaverunt
1651 1990 1709 2043 in

109 2103 129 2124 ιι
173 2079 592 2135 similitudinem
615 2079 1075 2151 praevaricationis
1106 2079 1259 2146 Adae,
1292 2079 1385 2151 qui
1417 2087 1499 2134 est
1530 2077 1707 2134 forma

107 2191 125 2213 α
168 2167 348 2222 futuri.
387 2169 502 2224 Sed
549 2185 657 2224 non
698 2169 836 2225 sicut
866 2169 1144 2235 delictum,
1197 2169 1271 2224 ita
1299 2177 1351 2224 et
1379 2170 1609 2224 donum.
1651 2168 1707 2223 Si

103 2281 123 2303 «
166 2257 309 2312 enim
339 2257 491 2312 illius
520 2257 717 2314 delicto
746 2258 897 2312 multi
931 2258 1122 2313 mortui
1150 2266 1296 2322 sunt,
1330 2257 1497 2313 multo
1527 2258 1706 2330 magis

104 2371 123 2391 ι·
166 2347 342 2416 gratia
369 2347 474 2402 Dei
521 2355 574 2402 et
604 2348 801 2402 donum
835 2347 886 2401 in
917 2347 1093 2420 gratia
1129 2348 1287 2402 unius
1315 2347 1550 2402 hominis
1575 2349 1705 2402 Jesu

103 2456 124 2485 ι
166 2435 364 2490 Christi
424 2435 481 2490 in
530 2436 718 2506 plures
769 2435 1066 2508 [homines]
1113 2437 1449 2491 abundavit:
1484 2444 1536 2490 et
1593 2452 1703 2491 non

105 2548 124 2570 α
167 2525 300 2581 sicut
351 2542 457 2596 per
502 2541 668 2579 unum
699 2534 981 2596 peccatum
1022 2525 1338 2597 [delictum]
1369 2544 1381 2580 :
1416 2525 1487 2580 ita
1518 2533 1569 2580 et
1597 2525 1700 2580 do-

105 2634 125 2662 c
168 2630 318 2669 num.
355 2615 498 2669 Nam
541 2614 806 2683 judicium
839 2631 905 2670 ex
937 2630 1045 2670 uno
1077 2615 1130 2668 in
1165 2615 1698 2679 condemnationem,

102 2723 121 2750 ι
164 2703 341 2775 gratia
369 2711 558 2758 autem
589 2719 654 2758 ex
685 2703 865 2758 multis
893 2703 1104 2759 delictis
1130 2703 1185 2758 in
1218 2703 1690 2773 justiﬁcationcm.

103 2814 122 2836 α
165 2792 219 2846 Si
248 2792 396 2847 enim
427 2795 483 2846 in
518 2792 678 2846 unius
707 2792 906 2848 delicto
936 2808 1084 2847 mors
1107 2792 1354 2865 regnavit
1382 2809 1478 2863 per
1507 2810 1694 2858 unum,

99 2903 119 2925 α
161 2881 332 2936 multo
364 2881 550 2954 magis
597 2881 980 2937 abundantiam
1012 2881 1203 2952 gratia:
1232 2889 1282 2936 et
1314 2881 1624 2937 donationis
1645 2889 1699 2936 et

99 2992 117 3014 σι
155 2969 374 3037 justitise
418 2970 770 3040 accipientes,
803 2971 859 3025 in
890 2971 996 3025 vita
1043 2971 1348 3042 regnahunt
1376 2987 1476 3042 per
1505 2988 1693 3037 unum,

98 3082 117 3103 α
157 3060 341 3113 Jesum
360 3059 660 3114 Christum.
693 3059 859 3130 [gitur
887 3059 1024 3114 sicut
1053 3076 1153 3130 per
1180 3060 1338 3114 unius
1367 3060 1622 3116 delictum
1641 3060 1697 3114 in

100 3171 118 3192 α
160 3163 350 3202 omnes
409 3148 666 3203 homines
713 3148 768 3202 in
816 3148 1345 3213 condemnationem,
1401 3149 1480 3204 sic
1510 3157 1563 3203 et
1599 3165 1696 3220 per

99 3257 118 3285 ι
161 3236 316 3291 unius
340 3237 613 3306 justitiam
643 3237 696 3291 in
746 3253 938 3292 omnes
985 3237 1234 3292 homines
1265 3238 1318 3291 in
1341 3236 1691 3306 justiﬁcatio-

99 3345 118 3373 ι
159 3341 279 3380 nem
340 3326 488 3381 vitaz.
550 3325 698 3381 Sicut
753 3327 896 3381 enim
935 3343 1034 3396 per
1079 3327 1502 3382 inobedientiam
1534 3327 1692 3381 unius

100 3436 118 3462 ι
159 3414 412 3484 hominis,
458 3423 782 3486 peccatores
830 3415 1107 3470 constituti
1157 3423 1283 3470 sunt
1330 3415 1502 3481 multi,
1537 3416 1606 3470 ita
1639 3424 1691 3471 et

96 3525 114 3546 α
156 3519 251 3573 per
280 3504 444 3558 unius
477 3503 766 3576 [hominis]
796 3504 1162 3559 obedientiam
1188 3504 1321 3574 justi
1349 3505 1688 3560 constituen-

97 3613 115 3640 ι
157 3600 237 3646 tur
290 3592 470 3648 multi.
534 3593 642 3647 Lex
699 3601 878 3648 autem
927 3593 1264 3658 subintravit,
1301 3601 1356 3647 ut
1387 3594 1688 3648 abundaret

94 3705 111 3726 ιο
153 3681 430 3748 delictum;
485 3682 581 3736 ubi
622 3691 798 3737 autem
837 3683 1133 3737 abundavit
1178 3683 1456 3750 delictum,
1517 3700 1686 3754 supe-

95 3791 114 3818 ι
155 3771 471 3826 rabundavit
523 3780 573 3826 et
602 3771 798 3841 gratia,
831 3779 887 3826 ut
923 3771 1060 3827 sicut
1108 3772 1356 3843 regnavit
1401 3782 1686 3843 peccatum

94 3883 112 3903 ιι
153 3859 202 3913 in
233 3869 488 3924 mortem,
528 3859 602 3914 ita
639 3869 690 3914 et
725 3860 902 3931 gratia
959 3869 1153 3932 regnet
1184 3877 1283 3932 per
1323 3860 1590 3929 justitiam
1630 3861 1685 3916 in

93 3968 113 3996 ι
152 3948 310 4004 vitam
357 3958 647 4019 aeternam,
694 3965 790 4020 per
817 3950 1001 4004 Jesum
1060 3949 1331 4004 Christum
1391 3950 1681 4006 Dominum

95 4059 112 4084 ι
153 4046 416 4094 nostrum.
459 4063 480 4085 ι»

716 4125 1033 4165 ΕΧΡΟεΓΙΊΟ.

149 4216 611 4291 Quandoquidem
659 4216 984 4273 sufﬁcienter
1030 4234 1096 4272 ex
1129 4215 1502 4287 superioribus
1543 4234 1678 4289 pro-

90 4304 254 4361 batum
284 4316 367 4363 est
387 4322 616 4363 omnem
631 4305 1071 4374 justiﬁcationem
1102 4322 1224 4360 esse
1248 4322 1314 4359 ex
1347 4304 1473 4371 ﬁde;
1497 4307 1681 4377 igitur

77 4393 370 4466 justiﬁcati
399 4414 477 4453 ea:
509 4396 638 4465 ﬁde,
661 4395 961 4451 habeamus
991 4412 1205 4468 pacem,
1256 4395 1310 4449 id
1338 4405 1420 4452 est
1448 4412 1677 4453 concor-

85 4483 214 4537 diam
269 4485 412 4540 inter
471 4500 628 4540 nos:
681 4493 735 4539 ut
791 4501 966 4556 neque
1025 4485 1244 4541 Judaeus
1299 4487 1510 4559 gentili,
1572 4502 1675 4542 nec

1827 570 1910 616 est
1935 563 2175 634 primum
2209 563 2442 634 gradum
2485 563 2738 618 veniendi
2769 563 2836 617 ad
2865 564 3008 620 hanc
3037 565 3290 638 gratiam,
3323 567 3434 622 ha-

1820 652 2011 707 bemus
2038 667 2050 706 :
2081 668 2246 725 quam
2278 653 2515 725 gratiam
2531 653 2921 725 consequimur
2938 669 3039 724 per
3067 654 3259 726 ﬁdem,
3294 654 3434 712 sicut

1811 739 2281 809 justiﬁcationem,
2335 741 2460 814 quia
2489 750 2542 796 et
2571 741 2709 796 ﬁdes
2735 741 3020 811 justiﬁcat;
3052 751 3104 798 et
3132 743 3268 799 ﬁdes
3303 761 3438 818 gra-

1820 831 1951 885 tiam
1983 832 2122 886 hanc
2154 831 2247 886 dat
2276 833 2340 886 in
2370 848 2478 904 qua
2501 831 2682 904 gratia
2711 846 2811 885 nos
2845 836 3086 899 stamus,
3119 833 3174 887 id
3205 843 3287 889 est
3316 851 3440 906 per-

1821 935 2159 975 severamus.
2212 921 2345 976 Adze
2395 920 2616 992 quidem
2667 920 2835 975 multa
2883 921 3058 993 gratia
3103 922 3296 978 collata
3328 932 3429 993 est,

1820 1009 1918 1063 sed
1946 1009 2002 1063 in
2033 1025 2099 1064 ea
2130 1025 2238 1064 non
2269 1010 2435 1064 stetit.
2470 1012 2537 1065 Et
2559 1009 2753 1065 stando
2782 1011 2837 1063 in
2870 1011 2970 1066 hac
3004 1011 3182 1084 gratia
3210 1014 3428 1085 gloria-

1818 1115 1952 1153 mur
1971 1100 2034 1154 in
2054 1115 2151 1172 spe
2181 1100 2376 1170 gloria:
2398 1099 2732 1170 ﬁliorum,id
2764 1107 2844 1155 est
2875 1116 2940 1154 ex
2972 1116 3038 1154 eo
3069 1101 3197 1172 quia
3227 1102 3427 1158 certis-

1816 1187 1952 1242 sime
1985 1205 2271 1259 speramus
2303 1204 2402 1244 nos
2434 1189 2713 1244 habituros
2747 1189 2986 1262 gloriam
3017 1205 3180 1262 quam
3225 1192 3425 1246 habent

1815 1275 1909 1331 ﬁlii
1940 1279 2058 1344 Dei;
2102 1295 2216 1334 non
2245 1281 2430 1334 solum
2463 1283 2676 1342 autem,
2741 1295 2836 1350 spe
2879 1279 3039 1348 hujus
3078 1279 3290 1350 gloriae,
3323 1281 3420 1337 sed

1813 1368 1991 1421 etiam
2011 1367 2329 1436 gloriamur
2347 1369 2410 1422 in
2435 1369 2916 1424 tribulationibus.
2941 1369 3070 1424 Haec
3085 1377 3168 1423 est
3184 1368 3417 1424 maxima

1814 1455 2006 1521 virtus,
2068 1455 2122 1509 in
2173 1456 2277 1511 hoc
2343 1457 2589 1528 gaudere
2647 1457 2794 1528 quod
2824 1457 3068 1512 naturale
3099 1466 3182 1513 est
3213 1457 3411 1514 formi-

1814 1543 1944 1598 dare
1981 1562 1993 1598 :
2028 1545 2150 1600 ideo
2189 1545 2242 1598 in
2274 1545 2715 1600 tribulationibus
2736 1545 3052 1618 gloriamur,
3087 1547 3214 1618 quia
3236 1548 3418 1603 scien-

1815 1636 1898 1688 tes
1956 1650 2146 1689 sumus
2174 1635 2317 1707 quod
2346 1635 2640 1690 tribulatio
2669 1637 3018 1707 patientiam
3049 1641 3336 1708 operatur,
3361 1637 3416 1692 id

1813 1730 1894 1776 est
1925 1722 2051 1794 quia
2079 1739 2210 1777 usus
2240 1732 2290 1778 et
2313 1724 2651 1778 consuetudo
2683 1723 3091 1778 tribulationum
3122 1725 3286 1780 nutrit
3316 1741 3416 1797 pa-

1742 1811 2078 1901 Btientiam.
2131 1813 2425 1868 Patientia
2472 1816 2667 1867 autem
2716 1821 2971 1884 operatur
2999 1814 3411 1886 probationem,

1811 1900 1866 1954 id
1896 1908 1978 1954 est
2005 1901 2409 1972 purgationem;
2457 1902 2580 1974 quia
2621 1901 2758 1957 sicut
2791 1918 2986 1956 aurum
3017 1912 3282 1976 purgatur
3312 1921 3415 1976 per

1808 1989 2014 2062 ignem,
2058 1990 2136 2045 sic
2167 1991 2312 2062 quod
2343 1991 2399 2045 in
2429 1991 2548 2046 istis
2576 1992 2926 2064 purgandum
2959 2001 3041 2047 est
3071 1991 3200 2065 igne
3231 1994 3409 2048 tribu-

1809 2078 2026 2134 lationis
2057 2081 2380 2152 excoquitur
2411 2098 2424 2134 :
2458 2081 2601 2134 unde
2633 2096 2728 2135 eos
2757 2081 2849 2152 qui
2878 2080 2931 2135 in
2963 2081 3305 2138 tribulatione
3335 2083 3414 2138 vi-

1806 2175 1913 2222 tam
1944 2166 2154 2235 ﬁniunt,
2189 2177 2406 2225 sanctos
2439 2169 2556 2224 sine
2587 2168 2770 2241 aliqua
2799 2169 3136 2225 haesitatione
3167 2169 3406 2226 conﬁdi-

1806 2273 1947 2323 mus,
1970 2257 2098 2329 quia
2127 2258 2390 2331 quidquid
2421 2258 2569 2329 prius
2584 2266 2969 2330 peccaverunt,
3004 2259 3148 2330 ignis
3176 2260 3410 2315 tribula-

1805 2346 1969 2400 tionis
2019 2354 2192 2402 totum
2238 2347 2468 2403 excoxit.
2520 2349 2631 2402 Eos
2679 2363 2811 2402 vero
2860 2348 2951 2420 qui
2979 2348 3034 2402 in
3065 2364 3202 2419 pace
3247 2349 3406 2404 vitam

1804 2433 2010 2502 ﬁniunt,
2086 2443 2562 2508 quantumcunque
2593 2436 2934 2492 laudabiliter
2963 2437 3193 2493 vixerint
3224 2439 3410 2508 (nemo

1803 2525 1949 2578 enim
2025 2525 2142 2580 sine
2217 2527 2381 2581 sorde
2461 2526 2566 2597 est)
2599 2526 2715 2580 sine
2803 2533 2950 2581 certa
3020 2526 3410 2583 miraculorum

1803 2613 2146 2680 ostensione,
2181 2614 2237 2668 in
2284 2615 2534 2686 catalogo
2585 2623 2897 2670 sanctorum
2938 2631 3046 2670 non
3077 2632 3408 2671 annumera-

1801 2719 1941 2757 mus.
2001 2704 2264 2760 Probatio
2320 2721 2445 2759 vero
2532 2712 2792 2774 operatur
2847 2721 3043 2776 spem;
3102 2705 3408 2760 certissime

1802 2791 1946 2845 enim
1978 2808 2202 2862 sperare
2253 2800 2447 2864 potest,
2501 2793 2592 2864 qui
2623 2791 2955 2848 sufﬁcienter
2997 2801 3261 2866 purgatus
3287 2802 3396 2849 est.

1799 2881 1930 2951 Spes
1951 2885 2146 2936 autem
2169 2881 2247 2936 sic
2268 2890 2390 2952 post
2411 2881 2796 2954 purgationem
2822 2881 3000 2936 habita
3019 2899 3134 2937 non
3163 2885 3411 2952 confun-

1799 2970 1901 3035 dit,
1937 2970 1990 3023 id
2022 2978 2120 3036 est,
2147 2985 2253 3025 non
2277 2969 2404 3025 facit
2425 2971 2750 3026 erubescere
2774 2987 2869 3026 eos
2891 2971 2982 3043 qui
3004 2979 3244 3042 sperant,
3272 2987 3410 3043 quos

1799 3057 1999 3113 faceret
2020 3058 2377 3114 confusibiles
2409 3059 2453 3113 si
2488 3060 2759 3131 inexpleta
2781 3068 2946 3115 esset.
2984 3062 3126 3116 Vere
3151 3077 3278 3131 spes
3299 3076 3409 3116 non

1797 3147 2099 3216 confundit,
2153 3149 2250 3203 sed
2301 3149 2632 3220 implebitur,
2695 3150 2840 3221 quod
2882 3158 3086 3204 certum
3134 3150 3402 3205 habemus

1793 3252 1894 3306 per
1939 3236 2196 3306 Spiritum
2221 3246 2467 3292 sanctum
2517 3239 2606 3310 qui
2657 3239 2816 3292 datus
2846 3247 2924 3293 est
2958 3238 3134 3293 nobis.
3169 3239 3402 3310 Spiritus

1792 3325 1934 3380 enim
1966 3335 2206 3392 sanctus,
2233 3327 2349 3395 jam
2380 3343 2480 3382 nos
2511 3343 2576 3382 ex
2608 3336 2761 3398 parte
2802 3327 3080 3393 deiﬁcans,
3115 3327 3401 3383 certitudi-

1791 3431 1915 3469 nem
1944 3415 2035 3469 dat
2068 3433 2080 3469 :
2117 3415 2244 3486 quia
2274 3432 2375 3471 nos
2425 3415 2671 3487 plenarie
2698 3415 3078 3472 deiﬁcabimur
3107 3416 3162 3470 in
3195 3416 3397 3484 futuro,

1789 3503 2073 3558 illuminati
2105 3505 2406 3560 secundum
2436 3505 2671 3560 animam
2701 3506 2892 3574 majori
2925 3506 3238 3578 cognitione
3271 3506 3391 3575 Dei,

1789 3600 1842 3648 et
1870 3593 2171 3648 secundum
2203 3609 2404 3665 corpus
2437 3594 2876 3666 incorruptibiles
2906 3594 3090 3649 futuri.
3125 3594 3260 3664 Quia
3279 3595 3395 3666 Spi-

1788 3681 1922 3736 ritus
1975 3691 2193 3738 sanctus
2249 3683 2410 3738 datus
2449 3684 2518 3738 sit
2564 3684 2722 3739 nobis
2763 3691 2991 3754 apparet
3023 3700 3088 3738 ex
3120 3700 3204 3750 eo,
3252 3686 3386 3756 quia

1786 3772 2040 3826 Charitas
2061 3774 2152 3830 Dei
2171 3772 2377 3844 diﬂ’usa
2389 3775 2543 3828 estin
2558 3774 2816 3829 cordibus
2837 3777 2965 3830 nos!
2973 3774 3070 3837 ris,
3098 3773 3150 3827 id
3165 3780 3246 3827 est
3267 3773 3397 3844 quia

1785 3860 2004 3916 dilectio
2016 3860 2113 3915 Dei
2134 3860 2459 3932 ampliﬁcata
2487 3869 2569 3916 est
2582 3861 2636 3915 in
2651 3861 2907 3917 cordibus
2929 3861 3149 3928 nostris,
3168 3861 3289 3933 quia
3304 3879 3398 3932 pa-

1785 3949 1886 4004 rati
1903 3966 2092 4004 sumus
2115 3967 2212 4021 pro
2231 3967 2296 4006 eo
2318 3959 2369 4005 et
2390 3951 2498 4021 pati
2520 3958 2572 4006 et
2592 3951 2752 4006 mori.
2777 3951 2872 4005 Vel
2893 3950 3050 4006 aliter
3081 3967 3094 4006 :
3133 3967 3261 4006 vere
3285 3966 3393 4007 non

1783 4038 2084 4108 confundit,
2135 4040 2232 4094 sed
2281 4039 2629 4111 implebitur:
2665 4040 2809 4112 quod
2849 4047 2995 4110 patet
3035 4057 3100 4095 ex
3141 4056 3228 4106 eo,
3261 4041 3394 4114 quia

1781 4128 2037 4184 charitas
2063 4130 2163 4184 Dei
2183 4130 2391 4200 (ti/fusa
2419 4135 2523 4198 est,
2551 4129 2603 4183 id
2621 4138 2722 4193 est,
2741 4129 2868 4201 quia
2893 4130 3041 4185 Deus
3079 4129 3296 4184 abunde
3326 4129 3402 4185 di-

1779 4216 1901 4290 ligit
1932 4234 2051 4283 nos,
2087 4226 2138 4274 et
2169 4219 2296 4290 quia
2326 4219 2557 4274 charitas
2589 4218 2688 4274 Dei
2708 4219 2846 4273 adeo
2875 4218 3081 4274 ferveat
3103 4235 3235 4292 erga
3267 4235 3389 4276 nos.

1780 4307 1894 4362 Hoc
1944 4307 2208 4362 sentimus
2239 4308 2292 4362 in
2344 4308 2604 4364 cordibus
2661 4308 2864 4363 nostris
2920 4307 3238 4363 illuminatis
3283 4325 3389 4381 per

1777 4397 2058 4469 Spiritum
2105 4402 2369 4453 sanctum
2443 4400 2540 4470 qui
2598 4397 2766 4452 datus
2823 4401 2906 4452 est
2948 4397 3126 4452 nobis.
3186 4397 3387 4454 Probat

1777 4486 1923 4557 quod
1968 4502 2094 4556 spes
2125 4486 2288 4556 (sicut
2336 4486 2539 4542 dictum
2571 4487 2675 4555 est)
2706 4485 3017 4556 impleatur,
3051 4484 3283 4540 diversis
3313 4486 3382 4542 de

85 4574 496 4644 gentilisJudazo
557 4573 611 4627 in
665 4575 764 4629 hac
793 4589 930 4628 nova
971 4573 1149 4646 gratia
1180 4592 1240 4630 se
1271 4575 1542 4646 praeferat.
1606 4565 2001 4632 UtDcausis:
2077 4582 2190 4628 tum
2267 4574 2390 4646 quia
2467 4574 2510 4628 si
2582 4589 2690 4628 non
2765 4573 3100 4644 impleretur,
3179 4572 3382 4630 frustra

83 4670 241 4718 autem
262 4665 442 4737 magis
472 4679 576 4720 eos
605 4671 658 4718 et
684 4679 714 4718 a
735 4663 1006 4720 discordia
1036 4664 1328 4733 deterreat,
1362 4673 1415 4720 et
1445 4666 1514 4720 ad
1545 4680 1674 4722 con-

86 4753 313 4807 cordiam
342 4754 592 4815 inducat,
651 4753 761 4808 ait:
800 4754 1104 4808 Habeamus
1147 4770 1343 4826 pacem
1365 4754 1438 4809 ad
1476 4758 1670 4810 Deum.

87 4839 134 4893 Si
160 4843 293 4896 enim
333 4843 477 4898 inter
538 4857 638 4896 nos
693 4841 974 4898 discordes
1039 4841 1320 4908 fuerimus,
1372 4844 1439 4898 ad
1497 4845 1672 4898 Deum

85 4929 248 5000 utique
275 4948 469 5002 pacem
502 4947 615 4986 non
656 4930 937 4986 habemus.
985 4931 1297 4986 Habeamus
1325 4931 1449 4988 dico
1479 4948 1670 5003 pacem

84 5034 172 5087 per
199 5022 498 5076 Dominum
537 5019 694 5075 30
738 5023 996 5076 nostrum
1016 5022 1206 5076 Iesum
1239 5021 1546 5087 Christum,
1583 5021 1668 5077 cui

85 5104 130 5158 in
157 5110 395 5165 omnibus
445 5109 675 5166 obedire
721 5109 1015 5164 debemus:
1068 5109 1159 5180 qui
1212 5110 1354 5164 tradi
1402 5109 1566 5164 voluit
1599 5111 1667 5164 ad

88 5207 294 5252 mortem
315 5207 546 5270 propter
566 5199 768 5254 delicta
789 5207 995 5266 nostra,
1020 5207 1124 5254 etc.
1151 5201 1258 5255 Per
1288 5198 1453 5272 quem
1483 5199 1670 5256 Chris-

87 5291 185 5339 tum
214 5303 315 5342 non
345 5288 528 5344 solum
585 5287 778 5344 delicta
805 5288 1035 5342 dimissa
1065 5297 1209 5355 sunt,
1245 5288 1352 5343 vita
1383 5297 1434 5343 et
1459 5288 1668 5358 justitia

87 5373 211 5442 data,
260 5377 354 5431 sed
406 5377 572 5432 etiam
620 5376 885 5433 habemus
935 5381 1185 5447 gratiam
1236 5379 1425 5442 istam,
1482 5377 1537 5432 id
1584 5384 1669 5433 est

87 5468 179 5516 tam
224 5467 598 5534 excellentem,
658 5475 712 5520 ut
759 5466 1036 5537 depellere
1098 5467 1322 5522 morbos
1373 5466 1666 5540 facereque

87 5551 336 5608 miracula.
398 5555 511 5610 Sed
565 5571 635 5610 ne
689 5556 862 5611 Judaei
914 5555 1267 5626 opinarentur
1294 5572 1392 5627 per
1412 5556 1666 5611 meritum

87 5637 209 5711 legis
252 5643 483 5716 aliquem
516 5644 747 5718 gradum
778 5645 977 5701 habere
1018 5645 1072 5700 in
1105 5646 1245 5702 hanc
1290 5643 1537 5718 gratiam,
1593 5645 1667 5702 ait

1777 4661 1925 4718 Deus
2002 4664 2164 4718 homo
2257 4671 2403 4718 esset
2478 4663 2668 4727 factus,
2746 4669 2978 4717 mortem
3078 4670 3376 4735 gustasset,

1774 4752 1880 4806 nisi
1936 4770 2088 4824 spem
2121 4752 2554 4808 consummando
2613 4752 2755 4824 quod
2812 4759 3051 4822 cmperat
3097 4749 3186 4822 pie
3215 4750 3384 4822 perﬁ-

1774 4851 1941 4897 ceret.
2002 4844 2139 4897 Tum
2179 4843 2338 4897 etiam
2371 4842 2515 4908 ideo,
2568 4840 2615 4896 si
2659 4857 2781 4897 cum
2823 4839 2973 4911 impii
3016 4857 3262 4895 essemus
3324 4849 3378 4896 et

1773 4931 2136 4986 damnationis
2213 4931 2466 4987 meritum
2543 4939 2690 4986 esset
2768 4929 2822 4984 in
2898 4929 3056 4984 nobis
3143 4937 3372 4996 tantum,

1772 5021 1901 5092 quid
1998 5020 2181 5076 facere
2283 5021 2449 5076 voluit
2531 5027 2584 5074 ut
2675 5036 2772 5091 pro
2875 5018 3065 5084 nobis,
3171 5018 3372 5090 impiis,

1769 5109 2140 5165 diﬁicultatem
2189 5110 2381 5164 mortis
2428 5109 2666 5174 subiret,
2716 5124 2823 5163 non
2872 5115 2954 5162 est
2983 5107 3372 5179 ambigendum

1769 5198 1900 5271 quin
1920 5215 2040 5264 nos,
2069 5199 2180 5268 jam
2222 5199 2547 5268 justiticatos
2595 5206 2647 5252 et
2687 5195 2799 5266 jam
2831 5195 3084 5251 meritum
3119 5196 3374 5252 salvatio-

1767 5288 1853 5342 nis
1898 5288 2319 5358 praatendentes,
2372 5287 2551 5342 salvos
2609 5285 2818 5341 faciat:
2879 5284 3025 5356 quod
3085 5282 3242 5340 facile
3292 5295 3373 5341 est

1767 5377 1836 5441 ei,
1891 5377 2013 5450 quia
2063 5393 2170 5432 non
2221 5385 2436 5448 Oportet
2486 5393 2609 5431 eum
2640 5373 2877 5445 amplius
2904 5373 3065 5428 mori.
3102 5373 3258 5430 Unde
3289 5375 3370 5431 sic

1765 5466 1840 5521 ait
1870 5483 1882 5520 :
1919 5465 2057 5522 Vere
2088 5482 2215 5536 spes
2241 5481 2349 5520 non
2393 5464 2695 5530 confundit,
2743 5463 2842 5518 sed
2873 5461 3206 5533 implebitur,
3241 5463 3368 5534 quia

1764 5555 1869 5610 nisi
1900 5555 2038 5611 sicut
2063 5571 2348 5626 speramus
2369 5559 2842 5610 consummaretur
2875 5569 2887 5604 :
2927 5553 2991 5608 Ut
3021 5552 3153 5622 quid
3188 5551 3372 5608 Chris-

1767 5648 1860 5701 tus
1917 5649 2178 5702 mortuus
2246 5648 2332 5700 est
2392 5643 2572 5712 justus
2635 5658 2738 5714 pro
2801 5638 3034 5713 impiis?
3094 5639 3192 5695 Vel
3249 5641 3368 5699 vice
