3970 6480
564 381 624 434 51
1104 379 1161 433 S.
1203 376 1558 434 BRUNONIS
1598 374 2244 433 CARTHUSIANORUM
2283 376 2767 433 lNSTlTUTORlS
2806 375 2956 433 OPP.
3005 379 3178 435 PARS
3222 380 3295 435 II.
3782 384 3846 435 52

564 503 875 577 impiorum,
923 503 1047 576 quia
1091 502 1244 575 impii
1286 502 1428 559 mori
1475 503 1738 559 deberent
1785 518 1887 574 pro
1932 510 2157 574 peccato
2178 503 2228 566 Α
2258 503 2319 557 in
2350 502 2628 558 mundum
2650 502 2819 570 hunc,
2850 503 2905 559 id
2936 510 3037 569 est,
3068 505 3207 561 adeo
3236 505 3492 561 miserum
3524 521 3623 576 per
3643 520 3843 576 pecca-

565 610 681 659 suo,
732 592 819 649 vel
867 608 1026 649 causa
1066 592 1371 663 impiorum
1431 592 1893 647 redimendorum.
1936 591 2152 647 Diceret

563 682 760 755 aliquis
787 681 913 754 quia
959 687 1205 736 mortuus
1236 688 1338 747 est,
1373 680 1498 736 ideo
1539 696 1648 737 non
1678 688 1875 751 potest.
1908 681 2153 734 Mortuus

564 772 689 827 dico
730 770 1040 827 secundum
1090 774 1310 842 tempus
1343 787 1357 823 :
1391 769 1478 824 die
1523 769 1669 824 enim
1706 769 1865 825 tertia
1896 769 2149 823 surrexit.

567 861 771 914 Iterum
826 858 1223 913 adversarius:
1282 857 1433 928 impii
1472 857 1691 929 quidem
1750 856 1993 923 fueratis,
2055 856 2154 911 sed

560 949 672 1017 jam
771 955 1011 1018 tempore
1102 945 1293 1001 mortis
1381 946 1497 1015 ejus
1562 944 1886 1015 justiﬁcati:
1966 946 2154 1017 impiis

564 1036 686 1092 dico
732 1036 808 1091 ita
851 1052 981 1091 cum
1029 1035 1211 1091 adhuc
1261 1044 1505 1105 tempore
1550 1035 1739 1089 mortis
1785 1051 1897 1089 sua:
1938 1034 2155 1101 inﬁrmi

565 1141 828 1194 essemus,
861 1124 917 1178 id
966 1132 1067 1191 est,
1102 1123 1155 1177 in
1198 1124 1473 1194 impietate
1520 1123 1952 1193 perduraremus.
1986 1122 2153 1176 Frus-

562 1221 642 1267 tra
680 1213 859 1282 justus
908 1216 1163 1267 mortuus
1213 1216 1297 1267 est
1339 1228 1439 1283 pro
1482 1212 1693 1283 impiis,
1747 1211 1793 1265 si
1831 1209 2156 1280 justiﬁcatos

568 1301 779 1357 salvare
824 1300 1051 1375 deserit.
1107 1301 1229 1355 Non
1291 1309 1373 1353 est
1419 1300 1749 1355 credendum
1808 1300 1953 1370 quod
1995 1299 2155 1353 inex-

562 1391 767 1461 pletum
840 1389 1086 1457 dimittat,
1162 1404 1264 1459 pro
1340 1404 1449 1459 quo
1523 1395 1730 1442 tantam
1783 1387 2156 1443 difﬁcultatem

563 1477 744 1534 subiit.
777 1478 995 1533 Diceret
1030 1476 1227 1548 aliquis
1258 1493 1272 1530 :
1306 1476 1496 1531 Fuitne
1526 1476 1663 1531 adeo
1702 1491 1963 1549 magnum
1998 1476 2146 1532 31

562 1566 703 1621 mori
757 1582 859 1638 pro
915 1566 1139 1637 impiis?
1194 1566 1268 1619 lta
1338 1565 1581 1636 inquam.
1644 1567 1743 1620 Via:
1800 1566 1953 1621 enim
2009 1566 2152 1638 quis,

559 1655 615 1710 id
645 1664 727 1711 est
755 1655 971 1727 aliquis,
994 1654 1082 1710 vel
1121 1661 1295 1709 morte
1335 1654 1552 1725 dignus,
1588 1653 1673 1708 vel
1706 1655 1810 1709 cito
1838 1653 2151 1721 moriturus,

558 1746 807 1801 moritur
823 1760 924 1816 pro
955 1746 1125 1812 iusto,
1159 1742 1215 1796 id
1244 1750 1344 1810 est,
1394 1742 1483 1797 vel
1530 1742 1648 1798 vice
1680 1742 1766 1798 vel
1815 1758 1982 1798 causa
2001 1742 2152 1811 justi.

560 1833 716 1890 Unde
746 1848 1005 1904 magnum
1061 1831 1188 1903 quid
1220 1846 1343 1885 esse
1374 1837 1585 1886 constat
1618 1831 1911 1897 Christum,
1947 1830 2039 1902 qui
2066 1847 2156 1885 re-
2176 1860 2228 1920 B

566 1928 754 1992 spectu
792 1920 1015 1990 justitia;
1063 1936 1175 1974 sua:
1195 1934 1304 1973 non
1352 1918 1644 1973 moriturus
1686 1927 1821 1986 erat,
1873 1919 2013 1974 mori
2055 1936 2156 1990 pro

564 2009 784 2080 impiis?
812 2009 940 2063 Ideo
970 2008 1094 2063 dico
1115 2007 1203 2063 vix
1231 2006 1468 2079 aliquem
1497 2007 1636 2062 mori
1682 2023 1779 2078 pro
1805 2008 1949 2076 justo
1975 2024 1987 2062 :
2020 2026 2157 2063 nam

564 2098 810 2170 forsitan
837 2098 1043 2170 aliquis
1064 2096 1274 2151 audeat
1331 2097 1479 2151 mori
1494 2113 1599 2168 pro
1614 2098 1771 2152 bono.
1806 2095 1946 2165 Quia
1976 2096 2021 2150 si
2052 2097 2156 2150 du-

569 2187 740 2242 bietas
784 2194 867 2241 est
914 2193 1098 2240 utrum
1128 2185 1249 2257 quis
1276 2184 1540 2239 moriatur
1567 2200 1668 2255 pro
1698 2184 1861 2250 bono,
1895 2200 2157 2255 magnum

564 2275 663 2331 fuit
690 2274 831 2330 mori
857 2274 1131 2329 Christum
1164 2272 1313 2344 pium
1342 2287 1439 2344 pro
1468 2272 1655 2343 impio.
1705 2272 1803 2327 Vix
1833 2272 2025 2344 aliquis
2053 2289 2155 2328 au-

564 2365 691 2421 deat
718 2363 855 2419 mori
884 2379 986 2435 pro
1008 2363 1175 2432 justo;
1236 2362 1333 2416 sed
1382 2361 1629 2416 Christus
1673 2377 1775 2432 pro
1814 2362 1973 2416 nobis
2000 2378 2155 2416 mor-

564 2461 687 2508 tuus
718 2461 818 2521 est,
853 2460 904 2509 et
931 2468 1030 2523 per
1047 2453 1151 2507 hoc
1170 2450 1658 2507 commendabilem
1680 2450 1805 2507 facit
1824 2452 1967 2507 Deus
1993 2467 2154 2507 suam

559 2543 903 2600 charitatem
933 2544 997 2596 in
1025 2541 1181 2598 nobis
1210 2559 1228 2596 :
1257 2542 1523 2613 quoniam
1553 2540 1598 2593 si
1627 2556 1757 2595 cum
1787 2540 1971 2596 adhuc
2018 2556 2157 2596 esse-

561 2648 689 2687 mus
715 2634 1059 2704 peccatores,
1109 2633 1365 2685 mortuus
1410 2633 1496 2685 est
1528 2628 1804 2698 Christus,
1872 2629 2018 2699 quod
2046 2637 2155 2684 tam

564 2718 780 2775 difﬁcile
809 2727 862 2774 et
885 2717 1184 2773 indebitum
1212 2716 1328 2784 fuit,
1354 2718 1531 2787 justus
1547 2734 1647 2790 pro
1668 2719 1824 2774 nobis
1852 2717 2157 2788 peccatori-

565 2808 688 2875 bus;
720 2810 917 2880 igitur,
949 2807 1003 2861 id
1034 2814 1117 2861 est
1162 2813 1470 2877 propterea,
1500 2808 1685 2862 multo
1714 2808 1895 2877 magis
1928 2806 2155 2862 creden-

566 2899 696 2955 dum
725 2905 809 2952 est
838 2894 982 2967 quod
1001 2910 1103 2950 nos
1122 2895 1433 2966 justiﬁcati
1459 2911 1635 2959 nunc,
1669 2895 1756 2965 qui
1786 2895 1938 2965 prius
1966 2910 2157 2965 pecca-

563 2996 712 3043 tores
740 3000 975 3054 eramus,
1007 2984 1070 3039 in
1087 2984 1366 3053 sanguine
1385 2985 1584 3055 ipsius,
1610 2983 1667 3037 id
1697 2990 1779 3037 est
1807 2998 1905 3053 per
1933 2982 2154 3038 effusio-

563 3091 691 3131 nem
703 3072 983 3145 sanguinis
1000 3071 1134 3141 ejus,
1149 3072 1294 3127 salvi
1308 3072 1540 3137 erimus,
1555 3070 1767 3126 liberati
1778 3073 1844 3127 ab
1855 3072 1943 3126 ira
1955 3089 2056 3144 per
2071 3074 2157 3143 ip-

562 3181 711 3228 sum,
744 3179 903 3234 quem
932 3161 1161 3232 amplius
1190 3176 1301 3215 non
1328 3168 1536 3230 oportet
1566 3176 1597 3213 a
1624 3167 1763 3214 statu
1794 3176 1892 3215 suo
1934 3160 2151 3230 mutari,

561 3249 639 3305 uti
669 3247 887 3320 quando
917 3262 1017 3317 pro
1045 3244 1427 3316 peccatoribus
1455 3251 1687 3299 mortem
1718 3244 1898 3299 subiit.
1932 3245 2001 3299 Et
2024 3245 2152 3316 quia

559 3333 1166 3410 possemusjustificari,
1190 3348 1293 3389 nec
1322 3340 1501 3388 tamen
1534 3349 1725 3403 pacem
1758 3334 2029 3404 perditam
2063 3350 2153 3388 re-

560 3440 824 3497 cuperare
854 3439 975 3479 cum
1005 3424 1140 3490 Deo,
1160 3422 1232 3476 ait
1264 3437 1277 3477 :
1310 3423 1452 3477 Vere
1467 3420 1745 3490 justiﬁcati
1763 3422 1899 3476 salvi
1928 3422 2150 3488 erimus,

568 3515 695 3570 dum
721 3514 835 3584 jam
877 3510 1278 3581 justiiicationis
1307 3510 1564 3565 meritum
1594 3510 2006 3580 praetendimus,
2031 3510 2153 3581 quia

562 3620 693 3660 eum
712 3603 940 3658 inimici
961 3616 1226 3666 essemus,
1259 3606 1310 3655 et
1331 3599 1583 3654 meritum
1605 3599 1967 3655 damnationis
1988 3600 2153 3655 habe-

556 3708 761 3757 remus,
785 3707 981 3747 sumus
1003 3689 1356 3745 reconciliati
1377 3690 1485 3745 Deo
1499 3703 1600 3759 per
1620 3704 1734 3743 rem
1762 3696 1872 3743 tam
1901 3704 2147 3759 gravem,

560 3788 617 3836 ut
643 3783 885 3836 mortem
914 3779 1049 3834 Filii
1069 3780 1211 3840 eius.
1235 3777 1351 3831 Etsi
1369 3777 1522 3847 prius
1548 3777 1771 3843 inimici,
1792 3777 1954 3832 modo
1975 3784 2148 3832 morte

559 3868 679 3925 Filii
709 3868 826 3937 ejus
848 3883 1034 3921 sumus
1070 3865 1426 3934 reconciliati,
1475 3867 1657 3921 multo
1704 3867 1884 3937 magis
1913 3865 2148 3921 creden-

559 3958 688 4013 dum
718 3964 801 4011 est
829 3956 975 4028 quod
1005 3971 1106 4010 nos
1128 3955 1502 4023 reconciliati,
1536 3963 1587 4009 et
1603 3955 1713 4024 jam
1744 3954 2147 4025 quodammodo

554 4046 784 4102 salutem
865 4043 1164 4115 promeriti,
1225 4044 1367 4099 salui
1413 4046 1645 4099 erimus.
1702 4044 1769 4098 Et
1800 4044 1931 4098 satis
1960 4043 2150 4099 leviter

556 4135 790 4191 salvabit
837 4132 1127 4205 nos:quia
1173 4135 1238 4189 in
1281 4134 1401 4189 vita
1441 4133 1640 4205 ipsius.
1690 4134 1815 4187 Non
1861 4133 2005 4188 enim
2030 4134 2144 4202 jam

557 4230 773 4294 oportet
815 4238 941 4277 eum
970 4221 1131 4286 mori,
1185 4220 1325 4277 sicut
1353 4220 1523 4291 prius.
1566 4221 2035 4277 Considerandum
2064 4231 2146 4277 est

556 4311 826 4384 quomodo
856 4311 1068 4382 singula
1096 4309 1323 4380 singulis
1352 4318 1605 4380 Opponat.
1630 4311 1955 4366 Peccatores
1979 4311 2143 4380 justi-

553 4400 721 4467 ﬁcati,
744 4399 949 4454 inimici
1005 4397 1358 4464 reconciliati,
1390 4414 1488 4468 per
1515 4406 1748 4453 mortem
1774 4399 1829 4453 in
1859 4400 1989 4465 vita,
2027 4416 2142 4455 non

554 4491 738 4546 solum
769 4488 995 4543 salutem
1026 4486 1262 4542 futuram
1292 4494 1689 4557 exspectamus,
1722 4488 1818 4544 sed
1846 4491 2021 4544 etiam
2046 4504 2141 4559 spe

2254 598 2365 644 tum
2387 588 2609 657 factum,
2630 599 2681 646 et
2702 600 3099 663 consequenter
3115 610 3217 664 per
3237 598 3534 666 peccatum
3562 594 3722 649 unius
3743 594 3845 648 ho-

2254 678 2414 733 minis
2457 678 2677 734 intravit
2718 697 2899 747 mors,
2948 689 3001 736 et
3039 683 3341 753 corporalis
3382 691 3434 737 et
3466 683 3762 754 spiritualis
3794 682 3845 737 in

2255 768 2502 821 eumdem
2524 768 2797 823 hominem
2833 784 2845 823 :
2879 774 2935 825 et
2966 772 3049 825 ita
3068 771 3135 823 ab
3157 785 3222 825 eo
3240 774 3579 843 pertransiit
3610 788 3758 827 mors
3789 774 3847 826 in

2256 872 2446 911 omnes
2469 856 2742 912 homines.
2766 858 2834 911 Et
2862 858 3053 913 merito
3083 859 3151 912 ab
3182 874 3248 914 eo
3278 859 3332 913 in
3363 875 3572 930 omnes,
3606 861 3731 932 quia
3757 861 3841 916 hic

2256 944 2353 998 fuit
2380 946 2441 999 in
2472 961 2575 1016 quo
2591 951 2965 1017 peccaverunt
2996 963 3208 1003 omnes.
3234 949 3293 1001 In
3323 948 3519 1003 lumbis
3550 950 3696 1003 enim
3713 949 3843 1004 Adae

2254 1041 2366 1087 tota
2394 1032 2483 1086 illa
2514 1049 2698 1088 massa
2726 1034 2944 1089 humani
2992 1036 3212 1107 generis
3244 1045 3470 1107 peccato
3518 1038 3843 1108 praevarica-

2257 1121 2417 1175 tionis
2466 1129 2717 1192 corrupta
2770 1132 2871 1177 est.
2910 1122 3144 1192 Quidam
3190 1126 3516 1195 protendunt
3545 1126 3687 1181 hunc
3717 1142 3846 1181 ver-

2257 1226 2397 1276 sum,
2432 1226 2606 1281 usque
2636 1211 2705 1265 ad
2735 1211 2867 1265 illud
2895 1212 3059 1284 longe
3092 1212 3318 1267 inferius
3350 1231 3362 1269 :
3398 1214 3562 1286 igitur
3582 1214 3721 1270 sicut
3750 1231 3845 1285 per

2256 1299 2436 1363 unius,
2468 1306 2573 1354 etc.
2625 1299 2733 1353 Sed
2785 1300 2923 1355 sicut
2967 1302 3337 1370 exposuimus,
3374 1303 3502 1356 satis
3532 1302 3839 1358 abbreviari

2257 1396 2453 1457 potest.
2490 1389 2627 1442 Vere
2657 1403 2847 1443 omnes
2871 1398 3233 1459 peccaverunt
3266 1390 3320 1444 in
3340 1392 3532 1460 Adam,
3595 1392 3696 1446 etsi
3726 1400 3850 1447 ante

2257 1476 2438 1547 legem
2469 1475 2578 1530 fere
2607 1477 2675 1531 ab
2705 1477 2954 1531 omnibus
2995 1479 3099 1534 hoc
3149 1479 3510 1551 ignoraretur.
3544 1482 3850 1536 Peccatum

2257 1566 2410 1620 enim
2441 1569 2565 1619 erat
2587 1566 2649 1619 in
2673 1566 2879 1621 mundo
2901 1566 2970 1619 ab
2998 1567 3172 1621 Adam
3201 1585 3377 1639 usque
3408 1568 3480 1623 ad
3512 1570 3707 1639 legem.
3742 1569 3851 1624 Sed

2256 1653 2381 1709 licet
2410 1653 2483 1708 ita
2514 1663 2675 1721 esset,
2709 1662 2889 1709 tamen
2919 1656 3021 1710 hoc
3054 1661 3348 1727 peccatum
3380 1673 3495 1712 non
3524 1659 3850 1728 imputaba—

2260 1745 2372 1808 tur,
2397 1742 2451 1797 id
2479 1750 2578 1808 est,
2603 1758 2765 1797 nemo
2787 1759 2913 1798 reus
2934 1759 3034 1813 pro
3068 1744 3323 1815 originali
3366 1746 3710 1813 judicabatur
3725 1753 3852 1800 ante

2257 1832 2501 1902 Moysen,
2545 1848 2675 1887 cum
2725 1833 2820 1887 lea:
2841 1849 2955 1887 non
2985 1837 3153 1901 esset,
3186 1849 3326 1903 quae,
3361 1842 3647 1905 postquam
3678 1835 3848 1903 venit,

2256 1928 2538 1990 peccatum
2568 1921 2671 1974 hoc
2697 1920 2968 1990 patefecit,
3002 1921 3087 1976 vel
3115 1921 3359 1976 dicamus
3390 1921 3443 1975 in
3478 1930 3610 1977 toto.
3643 1923 3851 1978 Pecca-

2255 2015 2367 2062 tum
2397 2009 2500 2063 hoc
2540 2008 2759 2079 quidem
2779 2017 2894 2063 erat
2922 2009 2972 2062 in
2996 2009 3201 2063 mundo
3225 2017 3349 2064 ante
3370 2010 3570 2082 legem,
3605 2012 3701 2065 sed
3724 2010 3851 2066 ideo

2256 2096 2624 2161 nesciebatur,
2701 2096 2827 2167 quia
2876 2097 3082 2151 nullum
3128 2105 3412 2167 peccatum
3467 2099 3849 2168 imputabatur,

2256 2200 2375 2240 cum
2407 2185 2492 2239 lex
2540 2201 2648 2240 non
2679 2193 2842 2240 esset.
2874 2187 2941 2240 Et
2968 2186 3092 2240 licet
3121 2194 3399 2256 peccatum
3442 2187 3706 2259 originale
3723 2197 3853 2243 ante

2255 2273 2436 2346 legem
2466 2290 2576 2329 non
2606 2274 2983 2344 imputaretur,
3016 2269 3198 2329 tamen
3227 2291 3328 2346 per
3356 2277 3461 2331 hoc
3490 2276 3623 2329 satis
3653 2276 3853 2347 digno-

2256 2362 2334 2417 sci
2366 2370 2543 2433 potest
2574 2362 2700 2435 quia
2732 2379 2877 2418 mors
2903 2363 3226 2433 corporalis,
3273 2380 3391 2435 quae
3421 2380 3581 2435 pmna
3616 2365 3715 2418 fuit
3753 2381 3854 2435 pro

2256 2451 2531 2523 originali,
2583 2451 2673 2504 illa
2718 2452 2961 2521 regnavit
2998 2452 3374 2522 praemittendo
3402 2461 3528 2507 ante
3557 2470 3617 2508 se
3655 2469 3853 2509 omnes

2255 2540 2504 2595 miserias
2533 2556 2681 2604 suas,
2716 2540 2878 2606 sitim,
2913 2539 3133 2607 famem,
3177 2540 3377 2605 febres,
3412 2549 3465 2596 et
3494 2550 3707 2597 caetera.
3740 2547 3853 2600 Re-

2255 2630 2472 2700 gnavit,
2503 2629 2740 2699 inquam,
2774 2631 2841 2684 ab
2870 2630 3046 2684 Adam
3077 2646 3248 2701 usque
3275 2630 3346 2685 ad
3376 2631 3612 2701 Moysen,
3637 2647 3744 2686 non
3770 2649 3853 2688 so-

2254 2716 2366 2771 lum
2406 2716 2458 2771 in
2490 2733 2585 2772 eos
2615 2717 2705 2789 qui
2727 2717 2978 2790 originali
3007 2726 3231 2788 peccato
3264 2734 3361 2773 sua
3392 2728 3616 2789 peccata
3647 2721 3851 2790 adjun-

2257 2814 2468 2871 xerunt,
2520 2807 2616 2860 sed
2671 2808 2846 2862 etiam
2892 2807 2955 2861 in
2987 2824 3075 2862 eos
3103 2809 3198 2879 qui
3219 2824 3332 2862 non
3353 2814 3747 2879 peccaverunt.
3783 2812 3850 2866 In
3934 2832 3937 2835 ·

2256 2896 2695 2951 similitudinem
2752 2897 3238 2968 praevaricationis
3270 2896 3420 2965 Adae,
3453 2897 3507 2951 id
3530 2908 3629 2961 est,
3665 2898 3759 2968 qui
3783 2916 3851 2954 ex

2255 2991 2411 3053 parte
2451 2999 2549 3037 sua
2594 3000 2702 3038 non
2746 2984 2994 3038 similiter
3042 2984 3383 3054 praevaricati
3414 2993 3555 3051 sunt,
3596 2986 3753 3042 32
3789 2997 3849 3042 ut

2254 3071 2445 3125 Adam.
2475 3071 2540 3125 Hi
2569 3080 2691 3126 sunt
2722 3073 2933 3143 parvuli
2956 3073 3046 3144 qui
3074 3089 3183 3127 non
3204 3074 3445 3127 habuere
3478 3082 3691 3145 tempus
3722 3092 3850 3145 pec-

2256 3160 2433 3226 candi,
2467 3161 2563 3214 sed
2596 3161 2936 3216 solummodo
2967 3162 3035 3215 de
3063 3162 3314 3233 originali
3359 3170 3483 3215 sunt
3511 3162 3701 3233 puniti.
3738 3166 3853 3232 Qui

2255 3249 2424 3302 Adam
2458 3253 2542 3304 est
2572 3252 2757 3320 forma
2803 3252 2992 3320 futuri
3040 3251 3191 3317 Adae,
3225 3250 3280 3303 id
3310 3258 3391 3304 est
3420 3251 3635 3305 Christi.
3668 3252 3850 3307 Adam

2255 3335 2429 3391 forma
2458 3337 2657 3392 Christi
2687 3337 2804 3406 fuit,
2837 3338 2982 3409 quia,
3020 3338 3155 3393 sicut
3191 3339 3281 3393 ille
3310 3347 3466 3409 pater
3494 3348 3575 3393 est
3604 3340 3852 3397 omnium

2254 3425 2553 3480 secundum
2601 3442 2846 3491 carnem,
2882 3427 2960 3482 sic
3000 3427 3248 3482 Christus
3293 3436 3450 3498 pater
3479 3427 3720 3483 fidelium
3751 3448 3851 3487 se-

2253 3514 2490 3569 cundum
2546 3513 2737 3570 ﬁdem.
2792 3517 2856 3570 Et
2888 3516 3024 3571 sicut
3073 3533 3137 3571 ex
3167 3517 3337 3571 latere
3366 3517 3498 3572 Adae
3528 3518 3851 3575 dormientis

2251 3601 2475 3657 formata
2505 3611 2587 3658 est
2613 3606 2749 3672 Eva,
2778 3604 2857 3659 sic
2883 3620 2949 3659 ex
2971 3605 3139 3660 latere
3161 3606 3358 3660 Christi
3381 3607 3618 3675 soporati
3649 3623 3851 3665 somno

2251 3692 2441 3746 mortis
2470 3693 2525 3746 in
2555 3709 2718 3749 cruce
2740 3692 3002 3750 fabricata
3022 3703 3104 3749 est
3134 3694 3399 3749 Ecclesia.
3426 3696 3490 3749 Et
3518 3695 3641 3750 ideo
3672 3697 3851 3753 Adam

2250 3779 2427 3835 forma
2456 3780 2677 3848 Christi,
2711 3782 2837 3852 quia
2867 3783 3014 3837 Deus
3044 3784 3282 3839 decrev1t
3323 3800 3422 3853 per
3450 3800 3615 3838 unum
3648 3783 3849 3841 Chris—

2249 3876 2359 3923 tum
2405 3869 2717 3936 emendare,
2766 3872 2912 3942 quod
2953 3888 3052 3942 per
3110 3888 3277 3926 unum
3347 3873 3517 3926 Adam
3555 3881 3853 3943 peccatum

2248 3965 2350 4012 est.
2403 3958 2500 4014 Vel
2542 3958 2621 4014 sic
2666 3959 2911 4031 legamus
2941 3960 3241 4015 secundum
3268 3961 3616 4015 Ambrosium
3650 3978 3662 4017 :
3698 3963 3851 4019 Vere

2247 4062 2439 4101 omnes
2468 4056 2829 4117 peccaverunt
2857 4048 2913 4101 in
2961 4049 3153 4115 Adam;
3179 4066 3302 4103 nam
3342 4049 3609 4121 originale
3631 4065 3847 4119 pecca-

2247 4146 2356 4190 tum
2387 4136 2583 4191 eratin
2639 4137 2843 4191 mundo
2896 4153 3068 4208 usque
3127 4137 3195 4190 ad
3246 4137 3447 4207 legem.
3485 4138 3593 4193 Sed
3623 4138 3751 4193 licet
3787 4141 3844 4195 in

2245 4225 2449 4279 mundo
2497 4232 2660 4289 esset,
2711 4232 2891 4279 tamen
2934 4241 3042 4279 non
3072 4225 3435 4296 imputabatur
3474 4226 3606 4280 illud
3636 4243 3847 4296 pecca-

2246 4322 2379 4379 tum;
2413 4312 2538 4384 quia
2566 4313 2653 4367 lex
2683 4329 2791 4367 non
2824 4321 2970 4367 esset
3000 4331 3120 4384 qua;
3151 4323 3432 4384 peccatum
3464 4316 3568 4370 hoc
3599 4315 3848 4373 insinua-

2246 4410 2325 4455 ret
2358 4419 2371 4455 :
2405 4401 2501 4456 sed
2551 4401 2676 4457 licet
2712 4402 3014 4456 nesciretur
3061 4403 3162 4458 hoc
3191 4411 3492 4473 peccatum,
3527 4412 3709 4458 tamen
3737 4422 3846 4475 pro

2242 4505 2408 4560 pcena
2454 4490 2613 4557 hujus
2641 4490 2851 4559 peccati
2906 4491 3150 4561 regnavit
3179 4507 3329 4546 mors
3361 4492 3430 4545 ab
3461 4493 3629 4546 Adam
3662 4510 3845 4565 usque

554 4587 607 4634 et
635 4576 837 4651 gaudio
865 4576 1008 4632 illius
1038 4577 1352 4647 gloriamur
1379 4577 1443 4631 in
1480 4578 1675 4644 Deum,
1709 4577 1868 4631 etiam
1897 4578 2023 4632 dum
2055 4578 2143 4633 hic
2162 4569 2215 4627 D
2242 4578 2311 4632 ad
2356 4578 2597 4647 Moysen,
2649 4593 2754 4632 non
2789 4578 2961 4631 solum
2989 4579 3045 4632 in
3076 4595 3169 4634 eos
3202 4581 3292 4650 qui
3321 4581 3388 4635 de
3420 4582 3717 4637 actualibus
3740 4600 3844 4639 re-

552 4683 777 4722 sumus:
812 4665 1129 4738 gloriamur,
1183 4665 1371 4736 inquit,
1420 4681 1522 4737 per
1550 4666 1851 4721 Dominum
1880 4670 2144 4722 nostrum
2243 4667 2345 4720 bus
2374 4673 2751 4736 peccaverunt,
2786 4666 2882 4720 sed
2913 4667 3074 4721 etiam
3103 4668 3160 4721 in
3206 4684 3301 4723 eos
3331 4669 3424 4740 qui
3470 4681 3845 4740 peccaverunt

546 4757 738 4812 Jesum
772 4753 1075 4821 Christum,
1096 4770 1199 4825 per
1227 4770 1391 4826 quem
1414 4770 1569 4809 nunc
1629 4754 1792 4823 paulo
1823 4761 1948 4809 ante
1977 4770 2141 4809 acce-
2241 4754 2296 4808 in
2340 4754 2744 4808 similitudinem
2786 4756 3253 4824 praevaricationis
3300 4759 3451 4823 Adae,
3508 4759 3561 4812 id
3613 4767 3696 4813 est
3741 4763 3844 4832 qui

549 4846 738 4916 pimus
767 4842 970 4898 inimici
1000 4843 1525 4898 reconciliationem
1547 4841 1617 4896 ad
1648 4842 1845 4896 Deum.
2240 4858 2336 4913 pro
2382 4842 2498 4897 sola
2546 4842 2894 4899 similitudine
2929 4862 2941 4900 :
2973 4846 3097 4915 quia
3128 4845 3344 4900 fuerunt
3375 4846 3467 4900 ﬁlii
3497 4848 3843 4917 praevarica-

621 4930 937 5002 Opponeret
981 4930 1178 5002 aliquis
1213 4949 1225 4985 :
1261 4931 1506 4986 Christus
1560 4929 1781 5001 quidem
1811 4930 1939 4984 satis
1962 4930 2139 4999 justus
2237 4930 2371 4985 toris
2400 4931 2532 4985 Adae
2559 4931 2796 4985 damnati
2826 4940 2970 4986 sunt.
3007 4933 3258 4988 Ostendit
3280 4935 3528 5004 superius
3556 4935 3841 4994 Christum

545 5018 665 5085 fuit,
698 5019 794 5074 sed
822 5034 932 5074 non
980 5019 1194 5074 videtur
1215 5018 1419 5087 justitia
1449 5019 1566 5085 ejus
1599 5016 1874 5073 suﬁiciens
1922 5019 1991 5073 ad
2021 5018 2136 5073 sal-
2235 5035 2401 5073 unum
2426 5018 2780 5074 sufﬁcientem
2804 5037 2925 5075 esse
2949 5021 3018 5075 ad
3040 5021 3394 5077 salvationem
3416 5022 3678 5090 omnium,
3704 5028 3837 5096 quia

545 5107 819 5163 vationem
849 5107 1110 5163 omnium.
1144 5106 1301 5175 Quod
1331 5105 1623 5176 Apostolus
1651 5106 1863 5175 probat,
1897 5106 2084 5161 dicens
2119 5122 2131 5161 :
2236 5107 2383 5161 solus
2400 5108 2573 5162 Adam
2605 5107 2878 5163 sufficiens
2917 5108 3013 5163 fuit
3057 5111 3128 5164 ad
3166 5110 3527 5180 perditionem
3560 5113 3829 5170 omnium.

544 5195 680 5251 Cum
708 5211 804 5266 per
858 5196 1017 5250 unius
1061 5194 1481 5250 inobedientiam
1537 5192 1714 5247 omnis
1752 5193 1914 5249 homo
1946 5194 2133 5265 lapsus
2232 5196 2300 5249 Et
2346 5196 2484 5251 sicut
2534 5212 2824 5266 personam
2865 5197 3063 5251 Christi
3110 5214 3360 5268 personae:
3406 5200 3537 5255 Adae
3568 5201 3822 5268 contulit,

541 5284 628 5351 sit,
677 5284 902 5356 dignum
950 5291 1002 5338 et
1051 5299 1204 5354 aeque
1253 5288 1619 5351 comparatum
1680 5281 1915 5347 videtur,
1947 5291 2003 5337 ut
2030 5300 2132 5354 per
2231 5284 2309 5338 sic
2364 5300 2583 5340 causam
2640 5285 2855 5351 Christi,
2918 5285 2969 5339 id
3018 5295 3101 5341 est
3158 5288 3545 5355 obedientiam,
3598 5292 3828 5361 opponit

534 5372 693 5427 unius
721 5371 1084 5426 obedientiam
1117 5370 1305 5440 lapsus
1327 5369 1545 5422 humani
1569 5369 1792 5440 generis
1823 5379 2123 5441 reparetur,
2228 5388 2408 5427 causze
2475 5373 2626 5437 Adae,
2687 5390 2808 5443 quae
2864 5382 2946 5428 est
3002 5374 3390 5441 inobedientia;
3455 5386 3506 5432 et
3566 5377 3821 5435 effectum

529 5477 632 5531 per
668 5460 850 5515 Jesum
882 5459 1079 5513 solum.
1119 5460 1421 5527 Propterea
1472 5456 1813 5512 reconciliari
1856 5460 2126 5529 potuimus
2228 5474 2409 5516 causae
2461 5462 2679 5530 Christi,
2730 5461 2784 5515 id
2835 5471 2915 5516 est
2957 5463 3396 5532 justiﬁcationem
3429 5465 3480 5519 in
3510 5469 3768 5535 praesenti
3809 5486 3823 5524 :

535 5549 604 5603 ad
636 5546 1008 5611 salvationem,
1029 5547 1180 5599 sicut
1210 5560 1311 5614 per
1339 5558 1520 5598 unum
1552 5543 1834 5601 hominem
1855 5551 2121 5619 intravit,
2225 5557 2277 5603 et
2340 5550 2503 5605 vitam
2576 5558 2831 5606 aeternam
2899 5552 2954 5605 in
3024 5552 3226 5619 futuro,
3305 5554 3527 5624 Opponit
3598 5554 3819 5612 effectui

534 5652 646 5694 non
665 5634 970 5692 immissum
991 5648 1023 5688 a
1042 5634 1178 5699 Deo,
1202 5631 1300 5688 sed
1311 5631 1539 5705 quadam
1557 5633 1811 5694 violentia
1825 5643 2123 5711 peccatum
2223 5638 2386 5706 illius,
2421 5639 2478 5695 id
2510 5646 2592 5696 est
2618 5640 2780 5697 morti
2801 5642 3103 5713 temporali,
3143 5650 3193 5699 et
3222 5650 3437 5699 aeternas
3463 5642 3823 5719 damnationi,
