3970 6448
161 361 227 414 53
820 354 1204 412 EXPOSITIO
1243 355 1317 410 IN
1353 352 1736 410 EPISTOLAS
1777 353 2000 408 PAULI.
2032 385 2101 394 —
2130 355 2202 410 IN
2241 354 2460 409 EPIST.
2504 356 2597 410 AD
2638 354 2808 411 R031.
3404 356 3471 409 iii»

170 485 367 542 Probat
385 484 553 541 etiam
571 482 801 558 gratiam
814 481 1014 538 Christi
1037 482 1201 554 longe
1224 481 1457 552 amplius
1491 479 1768 535 abundare
1789 481 1844 541 Α
1874 487 2217 550 peccatorum
2243 524 2255 547 ,
2315 480 2508 552 quibus
2566 480 2803 536 naturali
2859 480 3069 536 ratione
3120 479 3268 552 (licet
3296 478 3467 534 multa

173 583 401 647 peccato
433 575 587 629 Adae.
622 574 756 629 Cum
785 573 927 628 enim
961 572 1031 626 ab
1061 572 1237 626 Adam
1267 569 1537 643 originale
1566 577 1776 623 tantum

177 664 581 730 contraximus,
627 662 802 736 gratia
849 660 1051 717 Christi
1108 676 1218 714 non
1265 660 1439 714 solum
1483 657 1771 731 originale,

175 753 271 808 sed
301 769 429 808 cum
450 769 516 808 eo
539 767 874 823 quiscunque
895 749 1128 806 actualia
1158 749 1364 803 dimisit
1395 747 1448 802 in
1479 747 1772 818 baptismo.

178 842 380 898 Littera
413 842 492 898 sic
515 841 759 914 jungitur
787 858 799 894 :
834 840 1007 894 Adam
1056 847 1210 894 vetus
1261 837 1437 892 forma
1485 836 1580 891 fuit
1610 835 1777 890 futuri

176 931 348 996 Adae;
385 931 483 986 sed
508 931 634 987 licet
662 945 771 984 una
815 943 1051 999 persona
1080 927 1172 981 uni
1203 935 1346 982 esset
1392 925 1658 996 opposita,
1692 932 1776 978 ta-

179 1035 306 1074 men
336 1035 516 1075 causaa
555 1026 676 1074 sunt
706 1016 1018 1072 dissimiles.
1044 1017 1161 1072 Non
1184 1015 1326 1070 enim
1359 1015 1508 1069 sicut
1543 1013 1639 1067 fuit
1677 1013 1776 1068 de-

185 1110 390 1164 lictum
414 1109 566 1173 Adae,
599 1109 683 1164 ita
717 1115 796 1162 est
817 1107 977 1162 etiam
1001 1105 1208 1162 donum
1231 1104 1328 1159 Dei
1353 1118 1472 1174 quae
1488 1101 1776 1173 estgratia.

183 1198 321 1252 Vere
353 1213 462 1252 non
495 1197 575 1253 sic
605 1196 702 1251 fuit
733 1197 936 1251 donum
978 1193 1193 1262 Christi,
1225 1201 1283 1248 ut
1312 1192 1567 1247 delictum
1598 1191 1729 1246 Adae
1763 1205 1775 1243 :

181 1301 308 1340 nam
345 1286 550 1341 donum
591 1285 794 1341 Christi
823 1283 994 1338 multo
1024 1282 1202 1354 magis
1257 1280 1553 1336 abundavit
1614 1296 1780 1350 super

183 1374 442 1430 delictum
473 1375 624 1440 Adm,
660 1373 782 1445 quia
812 1373 1068 1428 delictum
1100 1387 1262 1425 unum
1295 1369 1391 1424 fuit
1434 1369 1581 1440 quod
1612 1384 1779 1424 voca-

180 1481 300 1518 mus
332 1463 603 1534 originale
629 1483 642 1528 ;
676 1462 922 1517 Christus
953 1469 1132 1516 autem
1164 1468 1216 1515 et
1245 1458 1514 1531 originale
1543 1465 1596 1513 et
1626 1473 1779 1528 qum-

187 1569 404 1624 cunque
435 1551 670 1608 actualia
691 1551 914 1606 dimisit.
940 1552 1006 1604 Et
1031 1549 1224 1620 probat
1258 1566 1271 1603 :
1305 1549 1446 1602 Vere
1470 1546 1618 1601 solus
1631 1545 1782 1600 Chri-

185 1650 300 1696 stus
331 1639 610 1697 sufﬁciens
641 1640 738 1694 fuit
765 1641 835 1694 ad
867 1637 1307 1708 justificationem
1337 1637 1604 1692 omnium.
1643 1635 1782 1689 Nam

187 1733 236 1786 si
256 1731 488 1794 delicto,
522 1730 577 1784 id
608 1737 690 1784 est
743 1745 843 1800 per
880 1727 1155 1792 delictum,
1192 1728 1366 1781 unius
1397 1725 1547 1784 Adae.
1601 1731 1654 1778 et
1683 1739 1784 1794 per

188 1836 354 1873 unum
383 1818 556 1890 (quod
601 1818 654 1872 in
694 1817 1059 1909 sequentibus
1082 1815 1297 1909 plenius
1353 1811 1776 1909 determinabit),
1805 1851 1858 1909 B

185 1908 237 1964 id
267 1916 353 1963 est
383 1925 483 1979 per
511 1907 935 1962 inobedientiam
969 1923 980 1961 :
1017 1905 1062 1959 si
1091 1921 1191 1975 per
1233 1904 1356 1969 hoc,
1391 1902 1582 1974 inquit,
1617 1917 1784 1955 unum

188 1997 450 2054 delictum
525 1996 697 2068 (quod
741 1995 1006 2068 originale
1046 1993 1329 2062 vocamus)
1359 1992 1514 2046 multi
1562 1997 1787 2062 peccato

190 2087 390 2142 mortui
445 2093 590 2150 sunt,
642 2084 1029 2141 contrahentes
1072 2082 1204 2136 illud
1250 2081 1520 2154 originale
1549 2096 1579 2133 a
1609 2079 1786 2150 primo

192 2185 348 2248 patre
378 2174 560 2244 (multi
593 2189 700 2228 non
733 2173 858 2228 ideo
888 2173 1036 2236 dicit,
1073 2172 1203 2244 quin
1232 2187 1422 2226 omnes
1446 2171 1546 2224 hoc
1564 2175 1788 2239 peccato

189 2265 369 2336 pressi
397 2264 525 2331 siut,
552 2263 651 2318 sed
673 2278 780 2318 non
811 2277 1001 2316 omnes
1033 2261 1085 2314 in
1118 2275 1183 2315 eo
1205 2259 1569 2330 perdurautes
1586 2255 1790 2312 detenti

192 2361 335 2421 sunt,
368 2352 713 2423 deponentes
735 2350 868 2405 illud
899 2348 1166 2420 originale
1196 2364 1297 2419 per
1325 2355 1602 2418 acceptam
1625 2344 1790 2399 ﬁdem

191 2442 411 2512 Christi)
440 2459 452 2496 :
479 2441 546 2506 si,
580 2440 769 2512 inquit,
805 2455 904 2510 per
931 2455 1094 2493 unum
1137 2438 1394 2492 delictum
1417 2436 1596 2500 unius,
1617 2435 1790 2489 multi

191 2533 404 2589 mortui
420 2535 578 2592 sunt,
604 2530 785 2585 multo
806 2529 984 2599 magis
1007 2527 1306 2581 secundum
1329 2525 1646 2596 dignitatem
1665 2539 1791 2594 per-

191 2636 340 2676 sona:
371 2619 573 2674 Christi
603 2627 654 2673 et
683 2633 894 2683 causa),
929 2615 1222 2671 abundavit
1248 2616 1445 2686 gratia
1475 2615 1594 2679 Dei,
1627 2612 1680 2667 id
1712 2618 1793 2666 est

193 2709 441 2764 remissio
491 2715 866 2778 peccatorum.
923 2704 1235 2761 Abundavit
1279 2704 1440 2758 etiam
1472 2702 1704 2767 donum,
1739 2700 1792 2754 id

194 2806 275 2852 est
304 2795 683 2853 corroboratio
741 2811 836 2866 per
883 2793 1143 2864 Spiritum
1196 2800 1463 2848 sanctum.
1500 2792 1793 2861 Postquam

192 2887 334 2941 enim
382 2885 617 2940 remissa
663 2891 788 2938 sunt
833 2889 1089 2953 peccata,
1121 2880 1435 2935 necessaria
1484 2888 1609 2933 sunt
1639 2893 1794 2932 arma

192 2975 428 3046 Spiritus
508 2973 700 3038 sancti,
768 2972 966 3044 quibus
1024 2970 1342 3025 resistamus
1372 2968 1592 3023 diabolo
1649 2966 1793 3021 male

195 3063 463 3118 suadenti.
499 3061 707 3127 Gratia,
739 3060 928 3131 inquit,
963 3066 1012 3114 et
1034 3059 1236 3114 donum
1269 3057 1569 3112 abundavit
1598 3057 1656 3111 in
1673 3072 1798 3128 gra-

197 3156 294 3218 tia,
344 3148 399 3206 id
443 3158 528 3206 est
568 3166 665 3221 per
713 3150 944 3222 gratiam
990 3149 1164 3203 unius
1215 3146 1479 3202 hominis.
1541 3145 1795 3217 Congrue

1877 577 2032 638 parte
2090 569 2385 639 debilitata)
2435 586 2723 640 possemus
2799 570 3080 624 resistere.
3163 569 3469 623 Videndum

1878 657 2040 711 etiam
2072 659 2234 731 quod,
2270 659 2393 714 licet
2424 659 2478 713 in
2502 667 2727 730 peccato
2756 659 2888 714 Adae
2910 659 3077 713 multa
3104 658 3467 715 consideren-

1879 753 1984 816 tur,
2020 756 2075 800 ut
2105 747 2384 818 superbia,
2417 748 2565 819 gula,
2598 756 2780 803 tamen
2820 765 2986 802 unum
3034 748 3212 802 solum
3235 747 3466 802 dicitur:

1878 836 2002 907 quia
2055 836 2424 891 inobedientia
2451 838 2666 908 probat,
2700 837 2842 908 quod
2874 837 3052 910 gratia
3087 835 3469 906 justificaverit

1879 940 1953 979 ea:
1981 926 2183 980 multis
2215 926 2458 992 delictis,
2493 926 2681 981 dicens
2717 941 2728 980 :
2766 927 2904 980 Vere
2934 942 3032 997 per
3053 926 3290 998 gratiam
3313 924 3473 980 Chri-

1880 1012 1949 1066 sti
1971 1011 2334 1081 justiﬁcantur
2360 1014 2609 1069 homines
2640 1031 2705 1069 ex
2736 1014 2917 1068 multis
2947 1015 3178 1070 delictis.
3211 1015 3352 1068 Nam
3382 1029 3473 1070 ac-

1879 1110 2033 1172 cepta
2085 1102 2290 1170 justitia
2355 1102 2522 1174 (quod
2599 1104 2774 1172 majus
2825 1109 2928 1173 est)
2991 1104 3298 1175 regnabunt
3347 1119 3474 1158 cum

1882 1190 2096 1246 Christo
2127 1191 2179 1244 in
2208 1191 2313 1246 vita
2343 1201 2570 1259 aeterna,
2597 1193 2741 1264 quod
2788 1192 3200 1263 aequipollenter
3229 1193 3324 1246 ait.
3355 1193 3472 1246 Ho-

1880 1280 2058 1333 mines
2091 1280 2423 1351 accipientes
2466 1281 2854 1336 abundantiam
2896 1280 3085 1355 gratiae
3117 1282 3251 1350 ejus,
3286 1281 3340 1336 id
3371 1290 3471 1349 est,

1882 1369 2252 1424 abundantem
2284 1371 2684 1436 remissionem,
2721 1371 2848 1443 quia
2880 1387 2989 1425 non
3020 1369 3198 1425 solum
3228 1371 3476 1441 origina-

1882 1457 1969 1523 lis,
2006 1458 2104 1512 sed
2169 1459 2332 1514 etiam
2380 1459 2619 1515 omnium
2676 1460 3084 1526 actualium;et
3131 1461 3476 1531 accipientes

1884 1546 2299 1602 abundantiam
2330 1549 2673 1616 donationis,
2699 1549 2755 1603 id
2786 1558 2886 1616 est,
2920 1549 3064 1604 dona
3095 1548 3328 1619 Spiritus
3349 1564 3480 1602 sau-

1884 1635 1956 1690 cti
1988 1636 2058 1690 ad
2089 1635 2544 1692 confortationem
2565 1638 2619 1692 in
2650 1639 2793 1694 bono
2822 1638 3187 1692 abundantem
3213 1656 3227 1703 ;
3261 1645 3314 1693 et
3342 1637 3484 1693 acci-

1884 1725 2099 1795 pientes
2129 1725 2516 1782 abundantiam
2531 1729 2805 1798 j-ustitiw,
2840 1727 2894 1781 id
2933 1735 3034 1794 est,
3080 1728 3243 1796 justm
3287 1742 3481 1798 opera-

1886 1813 2048 1868 tionis
2103 1830 2114 1868 :
2179 1815 2307 1885 quia
2361 1823 2650 1888 postquam
2697 1816 2924 1870 dimissa
2981 1824 3107 1870 sunt
3151 1823 3374 1887 peccata
3430 1823 3485 1870 et

1887 1903 2116 1973 Spiritus
2148 1912 2370 1960 sanctus
2414 1905 2754 1970 corroborat,
2791 1905 2870 1960 sic
2901 1905 3120 1960 demum
3171 1905 3298 1960 licet
3344 1905 3484 1960 bene

1887 1992 2108 2062 operari
2144 2008 2154 2046 :
2187 1993 2324 2058 haec,
2380 1993 2624 2066 inquam,
2668 1994 2998 2065 accipientes
3057 1995 3486 2064 conregnabunt

1888 2081 2006 2136 Deo
2027 2081 2189 2152 positi
2216 2082 2278 2137 in
2302 2084 2419 2138 vita
2449 2091 2673 2148 aeterna,
2709 2101 2829 2154 quae
2858 2083 3060 2151 omnia,
3085 2091 3136 2138 et
3158 2082 3410 2156 gratiam,
3436 2091 3489 2143 et

1890 2170 2263 2236 donationem,
2297 2179 2350 2226 et
2372 2188 2623 2244 regnum,
2657 2172 2927 2243 accipient
2963 2189 3066 2244 per
3094 2189 3272 2228 unum
3295 2173 3488 2228 Jesum

1893 2257 2203 2314 Christum.
2239 2261 2304 2314 Et
2336 2277 2463 2316 vere
2494 2277 2594 2332 per
2623 2262 2766 2316 hunc
2794 2278 2959 2315 unum
2988 2276 2999 2314 :
3025 2262 3156 2334 quia
3192 2261 3243 2317 si
3270 2260 3328 2314 in
3348 2260 3492 2316 deli-

1889 2356 1976 2403 cto
2004 2348 2164 2403 unius
2195 2349 2328 2404 Adae
2375 2350 2522 2419 quod
2555 2365 2716 2405 causa
2765 2349 2863 2404 fuit
2909 2349 3252 2421 perditionis,
3286 2365 3490 2422 regna-

1891 2438 1964 2491 vit
1993 2453 2160 2503 mors,
2194 2445 2247 2492 et
2277 2438 2592 2508 temporalis
2641 2446 2692 2493 et
2737 2447 2940 2493 aeterna
2984 2456 3088 2511 per
3133 2456 3316 2494 unum
3345 2439 3493 2494 deli-

1891 2529 2066 2591 ctum,
2102 2525 2156 2580 id
2212 2534 2311 2589 est,
2365 2543 2465 2596 per
2493 2527 2942 2593 inobedientiam,
2977 2527 3145 2581 multo
3175 2526 3354 2599 magis
3400 2543 3494 2582 se-

1893 2615 2130 2669 cundum
2161 2614 2480 2686 dignitatem
2540 2632 2822 2686 persona,
2869 2631 3047 2671 causa:
3080 2623 3130 2671 et
3161 2614 3406 2681 affectus,
3439 2615 3496 2670 hi

1895 2703 1984 2774 qui
2016 2711 2139 2756 sunt
2166 2703 2496 2774 accipientes
2545 2704 2933 2759 abundantiam
2964 2704 3182 2776 gratiae,
3239 2704 3492 2760 donatio-

1893 2792 1980 2846 nis
2010 2800 2062 2847 et
2081 2793 2333 2860 justitiae,
2368 2793 2674 2863 regnabunt
2704 2793 2759 2847 in
2789 2794 2895 2848 vita
2935 2810 3032 2864 per
3085 2810 3252 2848 unum
3305 2794 3494 2848 Jesum

1897 2881 2193 2936 Christum.
2244 2881 2516 2950 Quoniam
2577 2883 2797 2954 quidem
2847 2891 2899 2937 et
2930 2883 3223 2939 similitudo
3283 2891 3365 2938 est
3397 2883 3493 2949 ibi,

1897 2970 2024 3041 quia
2052 2971 2227 3025 Adam
2261 2987 2422 3038 unus,
2476 2972 2723 3026 Christus
2782 2989 2923 3026 unus
2958 2988 2970 3026 :
3005 2980 3055 3026 et
3087 2971 3366 3041 majoritas
3405 2988 3499 3027 se-

1897 3060 2134 3114 cundum
2163 3060 2503 3131 dignitatem,
2537 3077 2657 3132 quaa
2688 3060 2831 3116 dicta
2880 3069 2962 3116 est
2994 3079 3006 3116 :
3037 3061 3202 3132 igitur
3239 3077 3271 3115 a
3313 3061 3496 3130 simili,

1899 3157 1950 3203 et
1983 3149 2234 3218 amajori
2284 3149 2480 3205 inferre
2529 3167 2775 3220 possum,
2831 3151 2975 3222 quod
3025 3153 3174 3207 sicut
3203 3167 3304 3222 per
3351 3151 3499 3206 deli-

193 3242 265 3296 ait
321 3257 422 3313 per
467 3240 701 3312 gratiam
734 3255 746 3293 :
793 3238 922 3309 quia
978 3236 1437 3308 quemadmodum
1496 3233 1796 3290 contractio
1820 3211 1868 3274 θ
1899 3242 2057 3293 ctum
2088 3241 2262 3293 unius
2285 3240 2414 3293 Ada’
2435 3238 2714 3310 (delictum
2744 3239 2890 3294 dicto
2918 3239 3191 3294 transiens
3222 3239 3276 3293 in
3307 3255 3499 3294 omnes

194 3329 476 3403 originalis
506 3328 607 3383 fuit
634 3344 735 3398 per
754 3326 1158 3390 necessitatem,
1186 3327 1263 3380 sic
1293 3323 1520 3378 salvatio
1552 3323 1694 3378 facta
1717 3330 1800 3377 est

194 3435 294 3490 per
331 3417 594 3489 gratiam,
627 3416 681 3470 id
712 3424 794 3470 est
824 3431 921 3486 per
948 3415 1306 3470 voluntatem.
1329 3413 1504 3468 Nemo
1532 3413 1676 3466 enim
1694 3410 1799 3464 nisi

199 3525 262 3564 ex
293 3508 576 3563 voluntate
608 3504 866 3560 salvetur.
903 3503 1071 3568 Sicut,
1100 3503 1292 3574 inquit,
1350 3501 1607 3557 delictum
1639 3500 1798 3554 unius

196 3595 450 3652 diﬁ'usum
483 3603 566 3650 est
597 3595 650 3647 in
698 3593 918 3658 multos,
944 3592 1024 3648 sic
1059 3607 1216 3662 aeque
1273 3597 1651 3660 comparatum
1681 3597 1792 3656 est,

198 3686 340 3756 quod
361 3683 548 3757 gratia
577 3683 736 3737 unius
766 3680 1002 3736 hominis
1029 3679 1335 3736 abundavit
1359 3681 1420 3734 in
1441 3679 1652 3751 plures.
1675 3677 1798 3732 Non

196 3774 320 3830 dicit
359 3773 414 3827 in
443 3773 636 3844 plures
667 3771 900 3843 gratiam
949 3769 1292 3834 abundasse,
1327 3784 1484 3840 quam
1517 3767 1796 3830 delictum,

198 3863 291 3918 sed
321 3866 384 3918 in
415 3863 636 3934 plures,
671 3859 724 3914 id
755 3867 837 3914 est
892 3859 944 3912 in
977 3857 1196 3913 multos.
1236 3857 1357 3912 Non
1415 3855 1558 3911 enim
1607 3870 1800 3910 omnes

198 3951 386 4006 salvati
419 3957 570 4014 sunt,
613 3949 739 4021 quia
795 3947 1106 4003 noluerunt.
1168 3946 1339 4001 Unius
1382 3944 1618 4000 hominis
1652 3944 1796 4008 dico,

200 4041 287 4113 qui
317 4039 453 4094 nihil
485 4038 668 4093 nimus
699 4037 870 4107 potuit
899 4051 1062 4108 quam
1092 4034 1261 4090 voluit
1294 4049 1306 4088 :
1336 4048 1463 4088 nam
1486 4035 1617 4090 Jesu
1642 4033 1799 4089 Chri-

198 4132 291 4195 sti,
317 4129 371 4184 id
402 4136 487 4184 est
517 4126 801 4182 salvatoris
830 4133 881 4181 et
912 4125 1080 4197 regis.
1125 4123 1274 4179 Sicut
1295 4139 1488 4179 causas
1518 4122 1715 4178 Christi
1749 4131 1802 4177 et

200 4219 328 4274 Ada
346 4214 756 4280 diversiﬁcavit,
784 4215 862 4270 sic
886 4213 1112 4269 effectus
1146 4228 1432 4269 causarum
1472 4211 1802 4282 opponendo

200 4306 481 4379 distinguit
518 4304 748 4360 dicens:
785 4303 934 4359 Sicut
962 4303 1167 4357 donum
1190 4300 1390 4356 Christi
1413 4301 1516 4355 tale
1553 4316 1659 4355 non
1681 4298 1798 4364 fuit,

201 4396 354 4468 quale
404 4394 665 4450 delictum
715 4392 880 4459 Adae;
927 4391 1008 4446 sic
1065 4391 1228 4446 etiam
1267 4408 1382 4445 non
1423 4391 1575 4444 sicut
1615 4387 1672 4442 fit
1698 4405 1804 4460 per

202 4501 378 4540 unum
403 4486 709 4556 peccatum
731 4481 862 4536 Ada)
883 4525 896 4546 ,
930 4481 1017 4536 ita
1047 4478 1102 4534 fit
1133 4495 1231 4551 per
1260 4479 1472 4534 donum
1503 4477 1722 4543 Christi,
1747 4476 1802 4532 id

1900 3327 2171 3396 homines)
2198 3336 2416 3382 ventum
2450 3336 2531 3382 est
2561 3328 2616 3382 in
2647 3328 3177 3394 condemnationem,
3209 3328 3288 3384 sic
3319 3336 3370 3384 et
3399 3344 3497 3399 per

1895 3415 2160 3484 justitiam
2192 3415 2352 3470 unius
2391 3416 2588 3471 Christi
2619 3425 2986 3472 transeuntem
3008 3420 3070 3473 in
3091 3434 3286 3475 omnes
3318 3416 3499 3474 homi-

1899 3521 2000 3560 nes
2029 3506 2329 3560 secundum
2360 3505 2655 3576 potentiam
2708 3505 2979 3576 (Christus
3028 3506 3171 3560 enim
3220 3503 3500 3560 sufﬁciens

1899 3592 2132 3663 pretium
2165 3610 2265 3664 pro
2287 3595 2536 3648 omnibus
2567 3595 2758 3661 dedit),
2793 3611 2892 3665 per
2919 3594 3098 3662 unius,
3131 3594 3500 3665 inquit,justi-

1900 3682 2026 3736 tiam
2060 3690 2280 3737 ventum
2304 3691 2384 3737 est
2406 3684 2468 3738 in
2480 3684 2956 3754 justiﬁcationem
2975 3685 3122 3738 vitae.
3148 3682 3400 3737 Ostendit
3418 3699 3501 3738 sa-

1897 3771 1965 3825 tis
1997 3771 2249 3842 superius
2290 3772 2433 3844 quod
2464 3773 2712 3827 Christus
2743 3780 2938 3843 potens
2988 3780 3151 3838 esset,
3187 3781 3239 3827 et
3271 3780 3491 3827 restau-

1901 3876 2023 3916 rare
2054 3859 2326 3916 sufiiceret
2374 3861 2638 3933 quidquid
2694 3861 2906 3932 lapsum
2968 3861 3139 3916 fuerat
3170 3877 3269 3932 per
3297 3861 3493 3928 Adam,

1901 3949 1998 4004 sed
2028 3965 2138 4004 non
2166 3950 2622 4006 determinaverat
2644 3950 2773 4021 quid
2791 3950 2843 4004 in
2874 3950 2977 4005 hac
2996 3950 3340 4021 reparatione
3369 3966 3500 4022 age-

1901 4047 2000 4104 ret,
2035 4055 2132 4093 seu
2161 4055 2260 4110 per
2296 4039 2613 4109 potentiam,
2655 4055 2752 4092 seu
2782 4055 2882 4109 per
2925 4039 3198 4104 meritum,
3233 4039 3378 4110 quod
3407 4038 3496 4096 hic

1901 4127 2244 4193 determinat,
2269 4128 2458 4183 dicens
2485 4143 2496 4181 :
2523 4127 2660 4197 Quia
2684 4127 3140 4199 quemadmodum
3165 4128 3333 4182 Adam
3355 4128 3500 4184 male

1899 4216 2160 4272 merendo
2190 4233 2288 4288 per
2323 4217 2750 4272 inobedientiam
2783 4232 2976 4272 omnes
3013 4217 3388 4288 praecipitavit,
3420 4217 3501 4273 sic

1901 4305 2151 4360 Christus
2168 4305 2307 4361 bene
2330 4305 2591 4361 merendo
2611 4322 2710 4377 per
2731 4305 3095 4360 obedientiam
3125 4322 3317 4360 omnes
3339 4305 3500 4361 rede-

1901 4394 2016 4448 mit.
2034 4394 2232 4449 Littera
2254 4394 2332 4449 sic
2346 4394 2594 4466 jungitur
2615 4409 2626 4448 :
2657 4395 2792 4449 Vere
2808 4410 2909 4465 per
2929 4394 3185 4449 delictum
3205 4393 3366 4449 unius
3387 4410 3500 4450 om-

1901 4499 2000 4537 nes
2029 4483 2441 4538 condemnatur.
2466 4483 2602 4536 Nam
2643 4499 2745 4554 per
2777 4483 3214 4538 inobedientiam
3245 4491 3299 4537 et
3356 4481 3500 4538 sicut

203 4582 280 4628 est
295 4571 525 4629 effectus
543 4569 754 4642 peccati
775 4569 907 4624 Adae
923 4567 1176 4642 etgratia:
1200 4565 1620 4623 Christidiversi
1639 4573 1792 4621 sunt:
1819 4575 1870 4634 Ι)
1901 4587 1998 4642 per
2054 4570 2474 4625 inobedientiam
2507 4573 2680 4625 unius
2710 4570 2957 4625 hominis
3003 4571 3303 4626 constituti
3358 4575 3499 4627 sunt

203 4662 325 4734 quia
372 4668 663 4733 peccatum
727 4658 880 4715 33
933 4657 1184 4729 simplex,
1218 4656 1422 4710 donum
1468 4671 1601 4712 vero
1659 4654 1801 4709 mul-

203 4750 388 4822 tiplex.
419 4751 490 4805 Et
520 4750 629 4804 hoc
659 4747 854 4818 probat
887 4746 1077 4802 dicens
1112 4763 1126 4800 :
1159 4745 1296 4801 Vere
1340 4743 1564 4800 effectus
1589 4742 1802 4815 peccati

205 4841 350 4907 Adae,
384 4847 439 4894 et
467 4836 698 4894 effectus
727 4836 918 4909 gratiae
953 4835 1051 4890 Dei
1088 4849 1199 4890 non
1230 4841 1353 4889 sunt
1399 4833 1625 4888 similes.
1661 4833 1802 4888 Nam

203 4928 503 5000 judicium,
539 4925 595 4981 id
626 4934 708 4980 est
722 4926 863 4995 justa
896 4922 1164 4980 sententia
1209 4922 1310 4978 Dei
1349 4921 1408 4976 fit
1437 4924 1500 4977 in
1531 4922 1802 4978 condem-

209 5021 520 5082 nationem,
583 5014 637 5068 id
697 5021 779 5068 est
830 5013 1162 5070 condemnat
1216 5010 1356 5066 filios
1387 5011 1519 5066 Ade
1565 5027 1640 5066 ea:
1686 5025 1802 5064 uno

211 5106 421 5171 delicto,
465 5105 522 5160 id
571 5111 656 5158 est
713 5103 1054 5157 solummodo
1113 5109 1333 5173 propter
1360 5099 1670 5171 originale;
1705 5099 1805 5154 sed

211 5197 387 5265 gratia
417 5193 625 5250 Christi
655 5191 711 5244 fit
751 5193 811 5246 in
826 5191 1324 5262 justiﬁcationem,
1354 5189 1407 5243 id
1440 5196 1521 5243 est
1545 5186 1805 5256 justiﬁcat

214 5282 346 5339 filios
377 5299 510 5339 suos
542 5299 618 5338 ea:
648 5283 848 5336 multis
899 5279 1132 5346 delictis,
1164 5279 1218 5333 id
1249 5286 1332 5334 est
1372 5277 1451 5333 sic
1475 5277 1544 5332 de
1582 5276 1805 5332 actuali-

216 5371 309 5426 bus
338 5382 394 5427 ut
423 5374 492 5427 de
523 5370 794 5443 originali.

280 5462 584 5516 Notandum
617 5467 701 5514 est
748 5459 891 5530 quod
936 5457 1071 5513 illud
1108 5456 1346 5528 primum
1389 5463 1675 5527 peccatum
1705 5455 1806 5510 de-

219 5549 436 5604 bilitavit
465 5548 688 5622 quidem
721 5556 963 5602 naturam
996 5554 1254 5611 nostram,
1288 5553 1340 5599 et
1371 5544 1688 5616 proniorem
1721 5543 1806 5598 fe-

217 5638 282 5692 cit
318 5639 371 5694 in
417 5655 642 5705 casum,
679 5637 775 5695 sed
807 5647 987 5694 tamen
1045 5651 1156 5693 non
1195 5635 1293 5690 fuit
1326 5650 1491 5691 causa
1520 5633 1809 5689 actualium

1897 4661 2072 4716 multi
2124 4663 2464 4732 peccatores,
2496 4659 2624 4730 quia
2651 4674 2760 4715 non
2789 4674 2981 4714 omnes
3030 4667 3416 4714 remanserunt
3439 4660 3494 4714 in

1900 4757 2149 4820 peccato,
2183 4751 2267 4804 ita
2306 4753 2362 4804 et
2391 4764 2494 4820 per
2536 4748 2906 4804 obedientiam
2938 4748 3130 4804 unius.
3166 4747 3366 4802 Christi
3398 4747 3501 4805 hoc

1899 4845 2328 4909 promerentem,
2351 4839 2783 4893 constituentur
2801 4839 2972 4892 multi
2992 4839 3160 4909 justi.
3181 4837 3329 4891 Multi
3350 4836 3498 4904 ideo,

1902 4927 2027 4998 quia
2058 4943 2166 4981 non
2189 4943 2381 4982 omnes
2396 4925 2680 4994 justiticari
2699 4926 3001 4981 voluerunt.
3019 4927 3154 4981 Cum
3173 4925 3336 4980 modo
3353 4925 3503 4982 dicat

1903 5015 2176 5072 Christum
2219 5015 2512 5084 justificare
2556 5014 2857 5070 hominesa
2903 5014 3162 5085 peccatis,
3189 5015 3319 5070 dicit
3355 5015 3503 5086 quod

1905 5105 2068 5160 etiam
2088 5113 2522 5175 transgressores
2558 5103 2699 5176 legis
2721 5120 2752 5158 a
2771 5103 3223 5174 pra-avaricatione
3261 5112 3500 5174 acceptm

1905 5191 2335 5265 legisjustificat.
2355 5193 2422 5247 Et
2444 5193 2545 5248 hoc
2575 5193 2699 5247 ideo
2728 5192 2948 5247 adducit
2977 5199 3034 5246 ut
3064 5193 3501 5262 comprobetlu-

1903 5281 2054 5338 dazos
2071 5283 2242 5352 magis
2255 5282 2518 5337 obnoxios
2534 5298 2656 5337 esse
2677 5281 3165 5352 gratizeDei,quam
3179 5280 3337 5335 etiam
3358 5297 3502 5353 gen-

1905 5371 2048 5435 tiles,
2082 5372 2277 5442 quibus
2308 5389 2366 5425 se
2397 5371 2746 5441 prasterebant
2780 5370 2833 5423 in
2855 5371 2956 5424 hac
2977 5385 3118 5424 nova
3139 5369 3314 5439 gratia
3339 5385 3350 5424 :
3373 5370 3502 5441 quia

1908 5460 2139 5534 gentiles
2169 5461 2237 5515 de
2259 5460 2492 5514 naturali
2515 5460 2688 5513 solum
2713 5459 2791 5513 rei
2815 5466 2990 5523 erant,
3014 5457 3184 5512 Judaei
3208 5474 3339 5513 vero
3362 5459 3506 5514 etde

1911 5548 2168 5604 naturalis
2194 5558 2246 5604 et
2285 5549 2500 5619 scriptze
2542 5548 2680 5618 legis
2721 5547 3173 5617 prmvaricatione
3204 5545 3282 5600 rei
3315 5554 3497 5601 erant.

1915 5639 2108 5696 Littera
2139 5637 2218 5694 sic
2248 5637 2534 5712 jungitur:
2569 5636 2893 5695 Obedientia
2950 5634 3147 5692 Christi
3195 5635 3392 5691 multos
3415 5635 3510 5704 ju-
