3970 6496
392 327 462 381 55
946 320 1002 376 8.
1042 317 1398 378 BRUNONIS
1437 317 2086 378 CARTHUSIANORUM
2123 319 2610 380 lNSTlTU’l‘ORlS
2647 321 2801 377 OPP.
2845 324 3019 380 PARS
3058 324 3124 379 Il.
3616 324 3690 376 56

399 446 651 504 stificavit
682 464 696 502 :
727 446 813 502 lex
836 452 1014 501 autem
1044 444 1301 500 delictum
1347 444 1629 500 abundare
1669 443 1794 501 fecit
1827 462 1840 500 :
1873 445 1981 510 lex,
2006 449 2062 509 Α
2092 470 2114 495 α
2140 447 2449 503 minabitur.
2483 445 2641 514 Quod
2680 447 2823 502 enim
2865 457 3113 504 mortuus
3139 456 3221 503 est
3251 455 3473 519 peccato
3496 490 3509 513 ,
3540 461 3693 502 mor-

397 536 588 610 inquit,
623 534 978 600 subintravit,
1012 534 1140 606 quia
1169 540 1453 604 peccatum
1488 533 1640 604 prius
1670 533 1985 591 intraverat.

402 626 649 681 Intravit
668 626 763 680 lea:
792 623 859 678 ad
881 623 984 679 hoc
999 628 1063 678 ut
1084 622 1399 678 abundaret
1418 622 1709 688 delictum,
1734 638 1843 677 non
1864 624 1992 695 quia

404 714 492 770 lex
522 713 661 768 mala
690 721 854 778 esset,
888 712 984 767 sed
1016 710 1139 784 quia
1168 711 1271 765 sub
1299 710 1388 765 illa
1418 719 1568 766 erant
1596 727 1733 781 quos
1771 728 1897 766 reos
1915 711 1996 765 fa-

404 810 574 869 ceret,
598 801 755 858 34
770 800 1034 870 jubendo,
1063 815 1173 855 non
1188 798 1513 868 adjuvando.
1540 799 1646 854 Lex
1677 800 1849 854 tribus
1878 815 1994 855 mo-

407 891 494 947 dis
525 890 825 946 habebatur
853 889 909 943 in
928 896 1174 960 tempore
1203 903 1322 943 suo.
1346 886 1680 957 Quibusdam
1710 889 1852 943 enim
1882 896 1995 944 erat

408 979 751 1035 solummodo
780 978 836 1033 in
878 978 1097 1050 signum
1117 1018 1131 1046 ,
1163 984 1220 1031 ut
1262 977 1494 1032 Abrahae
1528 994 1541 1031 :
1573 978 1664 1049 qui
1708 977 1995 1033 circumci-

405 1084 499 1124 sus
529 1075 611 1123 est
632 1110 644 1133 ,
678 1082 788 1122 non
828 1074 883 1120 nt
939 1081 1039 1136 per
1086 1065 1188 1120 hoc
1235 1063 1634 1133 justificaretur,
1668 1066 1765 1120 sed
1794 1066 1847 1119 in
1878 1066 1995 1136 sig-

407 1172 538 1211 num
578 1153 981 1225 justiticationis
1019 1154 1131 1222 jam
1188 1162 1427 1223 acceptae
1482 1170 1582 1225 per
1629 1153 1810 1208 fidem.
1862 1154 1997 1209 Aliis

415 1244 501 1299 lex
532 1252 649 1299 erat
676 1243 1013 1315 paedagogus
1046 1257 1058 1295 :
1090 1249 1147 1296 ut
1185 1242 1646 1313 quemadmodum
1675 1258 1898 1313 puerum
1928 1257 1997 1296 ne

411 1332 700 1388 insolescat
728 1332 982 1404 vagando
1026 1330 1315 1403 pedagogi
1372 1339 1585 1386 coercet
1614 1330 1887 1398 custodia;
1920 1330 1999 1387 sic

412 1422 501 1477 lex
549 1421 804 1475 minando
845 1434 1064 1491 poenam
1111 1419 1401 1475 coercebat
1443 1419 1710 1490 quosdam
1765 1419 1835 1473 ab
1878 1429 1999 1474 actu

411 1508 643 1581 peccati.
683 1508 817 1563 Aliis
846 1516 1028 1563 autem
1060 1516 1171 1563 erat
1199 1507 1285 1562 lex
1323 1522 1483 1562 causa
1510 1506 1995 1579 praevaricationis.

409 1599 471 1653 In
499 1597 584 1652 his
616 1605 795 1652 autem
824 1596 1038 1651 duobus
1080 1597 1276 1668 quibus
1305 1596 1390 1651 lex
1426 1596 1479 1650 in
1510 1584 1725 1667 signum
1778 1595 2001 1664 justitia

412 1685 497 1742 vel
529 1686 865 1759 paedagogus
893 1693 1007 1739 erat
1027 1684 1162 1739 nihil
1190 1684 1518 1755 operabatur
1552 1700 1564 1738 :
1599 1684 1727 1756 quia
1754 1684 1843 1756 qui
1868 1683 2003 1753 justi

414 1782 569 1830 erant
599 1783 657 1829 ut
700 1774 997 1840 Abraham,
1028 1790 1127 1844 per
1175 1771 1338 1827 fidem
1394 1774 1499 1828 hoc
1554 1781 1711 1828 erant
1764 1789 1872 1827 non
1902 1788 2003 1844 per

412 1862 635 1936 legem;
670 1862 763 1935 qui
789 1877 921 1917 vero
952 1878 1011 1917 se
1040 1862 1235 1917 timore
1283 1862 1608 1917 coercebant
1633 1878 1663 1916 a
1692 1861 1858 1927 malo,
1890 1876 2000 1916 non

415 1952 522 2008 hoc
546 1968 647 2023 per
668 1951 869 2023 legem,
904 1951 1000 2005 sed
1038 1966 1135 2021 per
1161 1950 1363 2005 donum
1421 1950 1653 2021 Spiritus
1702 1951 1893 2014 sancti,
1948 1949 2002 2004 id

416 2050 500 2099 est
536 2056 637 2112 per
684 2039 929 2111 spiritum
976 2038 1187 2093 timoris
1242 2037 1533 2094 faciebant.
1566 2038 1701 2093 Aliis
1762 2053 1889 2093 vero
1916 2037 2003 2093 lex

418 2144 584 2186 causa
613 2135 732 2183 erat
763 2127 966 2194 delicti,
999 2127 1124 2199 quia
1177 2127 1655 2198 praevaricationis.
1690 2128 1792 2181 Per
1821 2127 2003 2198 legem

418 2218 677 2274 delictum
702 2215 1016 2283 abundavit,
1050 2215 1148 2271 sed
1180 2231 1279 2287 per
1306 2215 1534 2289 gratiam
1552 2224 1870 2271 evacuatum
1900 2222 2000 2270 est.

423 2307 738 2377 Ubicunque
768 2303 913 2359 enim
942 2304 1248 2359 abundavit
1298 2302 1593 2369 delictum,
1638 2302 1724 2358 vel
1752 2303 1850 2357 sub
1880 2302 2003 2374 lege

415 2394 503 2450 vel
548 2401 699 2449 extra
746 2392 945 2465 legem,
994 2392 1072 2447 ibi
1107 2394 1297 2465 gratia
1326 2392 1631 2447 abundavit
1664 2408 1834 2463 super
1863 2390 2006 2445 deli-

413 2489 557 2538 ctum
583 2497 595 2535 :
630 2480 756 2552 quia
783 2496 892 2536 non
923 2479 1099 2534 solum
1132 2479 1337 2535 remisit
1365 2487 1591 2550 peccata
1614 2522 1627 2546 ,
1660 2479 1758 2534 sed
1789 2486 1841 2533 et
1864 2479 2008 2548 juste

420 2570 639 2643 operari
669 2568 961 2626 concessit.
985 2567 1120 2638 Quia
1149 2568 1344 2623 iterum
1373 2567 1540 2639 aliqui
1568 2568 1823 2622 errabant
1844 2583 1908 2622 ex
1941 2583 2007 2622 eo

419 2658 563 2732 quod
594 2657 798 2713 dictum
846 2664 928 2711 est
975 2656 1210 2729 gratiam
1258 2656 1731 2727 superabundasse
1764 2655 1855 2711 ubi
1912 2654 2011 2709 fuit

419 2747 695 2812 delictum,
728 2745 973 2801 dicentes
1005 2761 1064 2799 se
1093 2744 1311 2816 impune
1342 2752 1649 2815 Opportune
1680 2744 1843 2799 etiam
1873 2759 2010 2815 pec-

419 2851 564 2901 care,
609 2834 738 2907 quia
764 2833 945 2907 gratia
986 2833 1084 2888 Dei
1131 2832 1311 2887 omnia
1364 2832 1679 2899 dimitteret,
1725 2840 1779 2886 et
1807 2840 2011 2903 quanto

419 2923 598 2995 plura,
646 2930 797 2977 tanto
852 2921 1146 2995 gloriosior
1201 2928 1367 2987 esset,
1419 2920 1745 2975 determinat
1793 2920 2011 2992 quidem

420 3010 618 3067 Paulus
650 3009 884 3082 gratiam
933 3009 1054 3076 Dei,
1087 3015 1351 3081 quotquot
1379 3016 1604 3079 peccata
1634 3008 1762 3077 sint,
1806 3008 1861 3062 in
1910 3008 2013 3063 ba-

422 3099 622 3171 ptismo
675 3097 855 3154 omnia
909 3096 1201 3164 dimittere,
1262 3096 1358 3150 sed
1412 3104 1701 3168 postquam
1738 3095 2014 3165 justificati

423 3194 570 3253 sunt,
602 3186 647 3241 si
676 3187 871 3241 iterum
900 3192 1149 3257 peccant,
1183 3200 1293 3240 non
1350 3185 1487 3240 sicut
1515 3185 1665 3256 prius
1694 3201 1758 3240 ex
1818 3184 2011 3257 gratia,

423 3274 524 3331 sed
550 3275 744 3330 merito
773 3274 1105 3346 poenitentiae
1135 3274 1470 3329 dimittentur
1486 3282 1730 3344 peccata.
1749 3273 1903 3329 Unde
1935 3273 2015 3329 sic

424 3364 499 3419 ait
532 3379 544 3418 :
579 3363 761 3420 Gratia
781 3363 967 3435 utique
997 3362 1096 3417 Dei
1118 3362 1416 3417 abundavit
1445 3362 1545 3418 hac
1567 3362 1689 3433 lege
1722 3378 1734 3416 :
1772 3365 1835 3421 Ut
1868 3364 2018 3418 sicut

424 3456 726 3526 peccatum
770 3459 893 3506 ante
941 3449 1382 3520 justificationem
1441 3452 1713 3523 regnabat
1766 3448 2016 3506 ducendo

428 3542 495 3597 in
522 3545 782 3608 mortem,
803 3541 890 3595 ita
909 3544 965 3596 et
992 3541 1203 3613 gratia,
1227 3547 1514 3611 postquam
1543 3538 1752 3594 remisit
1772 3546 2013 3610 peccata,

429 3634 630 3701 regnet
664 3646 766 3702 per
794 3636 1075 3699 acceptam
1095 3628 1396 3699 justitiam
1426 3628 1566 3683 bene
1597 3635 1979 3684 conservatam
2000 3668 2014 3693 ,

431 3718 613 3774 eundo
664 3719 729 3773 in
760 3719 932 3774 vitam
976 3722 1255 3772 wternam
1284 3736 1303 3772 :
1332 3732 1443 3772 non
1482 3718 1595 3786 jam
1625 3716 1859 3787 amplius
1903 3731 2020 3771 res-

430 3806 685 3879 piciendo
715 3807 785 3862 ad
805 3806 1160 3879 iniquitatem.
1190 3810 1396 3879 Regnet
1419 3806 1563 3871 dico,
1592 3822 1695 3877 per
1714 3805 2019 3860 Dominum

430 3908 693 3961 nostrum
720 3906 909 3961 Iesum
941 3904 1246 3971 Christum,
1282 3903 1391 3975 qui,
1425 3911 1712 3975 postquam
1749 3900 2019 3971 justifica-

433 3992 508 4049 vit
534 4009 635 4063 per
663 3993 915 4065 gratiam,
947 3992 1040 4047 dat
1069 3992 1235 4049 vitam
1277 4000 1555 4048 aeternam.

1070 4135 1296 4191 CAPUT
1341 4133 1412 4189 Vl
1425 4174 1438 4191 .

512 4285 534 4309 α
571 4258 714 4330 Quid
741 4277 876 4333 ergo
905 4261 1149 4316 dicemus
1174 4261 1203 4315 Ἰ
1232 4258 1571 4314 Manebimus
1601 4257 1657 4311 in
1686 4265 1934 4328 peccato,
1967 4264 2026 4311 ut

440 4349 666 4423 «gratia
694 4350 970 4405 abundet?
999 4347 1186 4404 Absitl
1222 4346 1328 4416 Qui
1384 4347 1529 4402 enim
1587 4346 1780 4401 mortui
1840 4361 2025 4400 sumus

2094 557 2116 587 ι
2153 544 2276 590 tuus
2307 544 2389 590 est
2411 536 2578 590 semel
2606 552 2618 591 :
2653 536 2799 607 quod
2828 544 3009 592 autem
3036 538 3186 601 vivit,
3219 536 3350 592 vivit
3371 537 3509 591 Deo.
3534 536 3614 590 Ita
3634 542 3692 591 et

2094 645 2117 675 ι
2156 641 2252 678 vos
2282 624 2585 679 existimate
2618 640 2714 678 vos
2746 633 2993 680 mortuos
3025 625 3244 696 quidem
3277 641 3401 679 esse
3430 632 3689 695 peccato,

2096 735 2117 758 α
2156 712 2399 767 viventes
2429 720 2608 767 autem
2642 713 2757 767 Deo
2785 712 2841 767 in
2862 713 3078 768 Christo
3098 715 3248 768 Jesu.
3278 714 3403 768 Non
3432 729 3569 785 ergo
3601 728 3692 767 re-

2097 823 2119 852 ι
2146 809 2274 872 gnet
2304 810 2587 871 peccatum
2626 801 2679 855 in
2701 809 2884 856 vestro
2916 801 3131 857 mortali
3180 818 3429 873 corpore,
3462 809 3521 856 ut
3548 801 3692 856 obe-

2099 911 2121 940 ι
2150 890 2312 944 diatis
2344 889 2803 960 concupiscentiis
2833 891 2967 959 ejus.
3002 891 3111 945 Sed
3158 907 3337 962 neque
3385 888 3693 945 exhibeatis

2099 999 2121 1029 ι
2159 979 2409 1032 membra
2438 988 2620 1033 vestra
2648 994 2798 1034 arma
2844 978 3139 1052 iniquitatis
3164 986 3386 1049 peccato
3420 996 3433 1033 :
3465 978 3563 1033 sed
3596 994 3695 1032 ex-

2101 1088 2122 1116 α
2158 1067 2340 1122 hibete
2373 1083 2470 1122 vos
2503 1068 2639 1134 Deo,
2673 1075 2929 1139 tanquam
2961 1084 3025 1123 ex
3070 1067 3297 1123 mortuis
3339 1066 3605 1130 viventes,
3640 1073 3697 1120 et

2101 1175 2123 1205 ι
2160 1155 2406 1209 membra
2436 1164 2615 1209 vestra
2646 1171 2792 1209 arma
2815 1156 3038 1224 justitia
3064 1156 3202 1211 Deo.
3235 1156 3522 1211 Peccatum
3545 1153 3695 1209 enim

2101 1264 2124 1293 ι
2160 1244 2315 1298 vobis
2347 1260 2454 1298 non
2486 1244 2881 1299 dominabitur.
2929 1245 3043 1299 Nos
3074 1244 3217 1299 enim
3250 1244 3350 1298 sub
3379 1243 3503 1315 lege
3535 1242 3694 1307 estis,

2103 1351 2125 1381 α
2162 1332 2260 1385 sed
2301 1332 2402 1386 sub
2433 1333 2625 1403 gratia.
2660 1331 2802 1402 Quid
2824 1332 3006 1404 ergo?
3034 1332 3406 1397 Peccabimus,
3439 1330 3700 1403 quoniam

2104 1439 2127 1471 ι
2167 1435 2278 1475 non
2329 1437 2513 1475 sumus
2570 1421 2670 1475 sub
2729 1421 2880 1493 lege,
2941 1422 3037 1476 sed
3076 1422 3177 1475 sub
3230 1420 3450 1495 gratia?
3499 1416 3696 1475 Absit!

2107 1530 2128 1554 α
2164 1512 2249 1564 An
2279 1510 2502 1564 nescitis
2555 1510 2810 1581 quoniam
2842 1510 2928 1565 cui
2975 1509 3241 1565 exhibetis
3270 1524 3369 1564 vos
3406 1524 3599 1563 servos
3629 1506 3702 1562 ad

2113 1622 2133 1645 α
2172 1598 2557 1665 obediendum,
2594 1598 2735 1652 servi
2782 1599 2914 1652 estis
2977 1600 3093 1667 ejus
3132 1598 3216 1653 cui
3263 1597 3543 1661 obedistis,
3579 1595 3702 1652 sive

2108 1711 2130 1736 α
2167 1687 2379 1759 peccati
2413 1687 2481 1742 ad
2510 1696 2763 1751 mortem,
2790 1687 2904 1742 sive
2923 1686 3251 1742 obeditionis
3276 1686 3343 1739 ad
3385 1685 3655 1754 justitiam
3678 1684 3709 1738 ?

2021 1803 2074 1863 Β
2106 1800 2127 1824 α
2164 1776 2383 1832 Gratias
2413 1785 2592 1830 autem
2625 1776 2742 1831 Deo
2766 1817 2780 1844 ,
2833 1775 2977 1846 quod
3033 1775 3207 1830 fuistis
3263 1775 3408 1830 servi
3462 1773 3705 1845 peccati,

2108 1886 2130 1917 ι
2164 1865 2431 1920 obedistis
2462 1873 2645 1919 autem
2676 1881 2739 1919 ex
2764 1865 2931 1920 corde
2959 1864 3014 1917 in
3045 1880 3168 1918 eam
3212 1863 3441 1919 formam
3483 1862 3707 1918 doctri-

2106 1977 2127 2001 α
2167 1970 2275 2020 nae,
2307 1953 2362 2008 in
2396 1969 2501 2024 qua
2531 1952 2709 2007 traditi
2740 1954 2892 2008 estis.
2926 1952 3155 2008 Liberati
3176 1961 3357 2007 autem
3386 1967 3418 2006 a
3446 1959 3702 2022 peccato,

2109 2067 2130 2090 ιι
2167 2041 2313 2098 servi
2344 2041 2469 2097 facti
2508 2041 2640 2095 estis
2665 2041 2907 2110 justitizr.
2951 2042 3258 2096 Humanum
3287 2041 3431 2107 dico,
3472 2048 3711 2111 propter

2109 2152 2131 2181 «
2167 2131 2539 2186 infirmitatem
2571 2131 2754 2185 carnis
2784 2138 2998 2186 vestrae.
3032 2130 3179 2185 Sicut
3201 2129 3347 2184 enim
3371 2128 3523 2185 35
3550 2128 3713 2184 exhi-

2110 2244 2131 2267 ιι
2168 2219 2358 2273 buistis
2390 2219 2631 2274 membra
2662 2227 2846 2274 vestra
2877 2218 3082 2273 servire
3128 2217 3481 2272 immunditia:
3512 2225 3564 2271 et
3592 2216 3710 2271 ini-

2112 2326 2134 2350 α
2169 2303 2359 2376 quitati
2389 2303 2459 2357 ad
2490 2302 2828 2374 iniquitatem
2850 2345 2863 2368 ,
2896 2303 2966 2356 ita
2998 2318 3141 2358 nunc
3171 2302 3421 2357 exhibete
3451 2301 3711 2356 membra

2113 2413 2135 2442 ι
2170 2401 2354 2446 vestra
2409 2391 2617 2446 servire
2652 2391 2871 2459 justitia:
2914 2391 2969 2445 in
3022 2388 3524 2447 sanctificationem.
3567 2388 3711 2444 Cum

2114 2502 2134 2528 ι
2171 2480 2315 2534 enim
2345 2479 2487 2534 servi
2516 2480 2708 2533 essetis
2756 2479 2985 2550 peccati,
3032 2478 3185 2534 liberi
3229 2478 3404 2533 fuistis
3453 2477 3707 2548 justitia.

2115 2592 2137 2615 α
2173 2567 2349 2637 Quem
2380 2583 2516 2639 ergo
2548 2567 2785 2623 fructum
2812 2567 3077 2621 habuistis
3106 2575 3231 2621 tunc
3261 2566 3315 2621 in
3345 2566 3471 2631 illis,
3504 2565 3559 2620 in
3582 2565 3714 2636 qui-

2114 2680 2136 2705 a
2171 2657 2273 2711 bus
2303 2672 2448 2711 nunc
2478 2655 2841 2711 erubescitis?
2869 2656 3008 2710 Nam
3040 2654 3162 2709 finis
3190 2654 3405 2709 illorum
3427 2670 3577 2708 mors
3595 2662 3708 2710 est.

2116 2769 2138 2794 α
2169 2747 2326 2801 Nunc
2355 2761 2486 2800 vero
2531 2744 2743 2800 liberati
2792 2759 2826 2798 a
2872 2752 3118 2816 peccato,
3152 2744 3297 2798 servi
3341 2752 3520 2798 autem
3578 2741 3713 2798 facti

2117 2858 2138 2882 α
2171 2836 2305 2899 Deo,
2331 2834 2541 2888 habetis
2574 2833 2806 2888 fructum
2836 2841 3077 2888 vestrum
3109 2833 3164 2887 in
3193 2831 3709 2897 sanctificationem,

2119 2943 2139 2972 ι
2178 2922 2342 2977 finem
2374 2938 2507 2977 vero
2537 2923 2700 2976 vitam
2757 2929 3038 2976 aeternam.
3072 2921 3349 2992 Stipendia
3402 2919 3546 2974 enim
3576 2936 3716 2990 pec-

2119 3032 2142 3062 ι
2176 3012 2301 3077 cati,
2333 3027 2503 3066 mors.
2532 3011 2718 3066 Gratia
2738 3018 2920 3065 autem
2942 3010 3060 3076 Dei,
3092 3010 3201 3065 vita
3221 3018 3442 3077 aeterna,
3463 3008 3518 3062 in
3539 3007 3714 3063 Chri-

2121 3124 2142 3151 ι
2180 3108 2263 3155 sto
2293 3100 2422 3154 Jesu
2452 3099 2684 3154 Domino
2743 3107 2949 3153 nostro.
2983 3119 3005 3148 ι

2675 3202 2970 3243 EXPOSITIO
2979 3229 2992 3241 .

2187 3276 2643 3348 Quandoquidem
2671 3276 2851 3347 gratia
2882 3290 3118 3347 regnare
3139 3274 3300 3329 debet
3320 3290 3418 3345 per
3439 3274 3716 3344 justitiam

2116 3373 2490 3421 conservatam
2521 3381 2759 3435 semper,
2799 3364 2975 3419 donec
3004 3364 3184 3418 veniat
3225 3363 3279 3417 in
3337 3362 3502 3417 vitam
3545 3372 3718 3417 teter-

2115 3470 2265 3521 nam,
2298 3470 2424 3525 ergo
2479 3454 2613 3527 quid
2659 3455 2907 3508 dicemus
2942 3457 2965 3507 ?
3000 3452 3459 3508 Per-manebimus
3511 3450 3717 3506 iterum

2115 3550 2177 3599 tn
2204 3548 2439 3616 peccato
2453 3543 2771 3613 justiﬁcati
2795 3542 2906 3610 jam
2935 3557 3036 3611 per
3076 3541 3338 3612 gratiam,
3369 3544 3433 3596 ut
3463 3541 3719 3595 abundet

2116 3628 2323 3699 gratia,
2357 3627 2554 3681 iterum
2576 3626 2902 3680 remittendo
2931 3626 3099 3699 gratis
3129 3640 3249 3696 quae
3267 3624 3460 3679 iterum
3487 3623 3723 3695 deliqui-

2118 3715 2286 3770 mus?
2325 3716 2481 3770 Absit
2511 3715 2634 3780 hoc,
2667 3721 2724 3768 ut
2751 3722 2859 3767 tam
2905 3729 3163 3784 perversa
3194 3712 3492 3767 intentione
3521 3728 3722 3767 rever-

2119 3812 2297 3859 tamur
2325 3803 2381 3857 in
2408 3811 2686 3874 peccatum
2714 3802 2726 3857 l
2777 3803 2876 3857 Hic
2904 3801 3089 3872 incipit
3116 3801 3263 3873 loqui
3290 3801 3359 3855 de
3388 3800 3587 3871 duplici
3621 3817 3719 3856 re-

2121 3892 2476 3949 surrectione.
2508 3891 2690 3947 Prima
2715 3906 2822 3962 qua
2857 3891 3153 3945 secundum
3183 3889 3418 3943 animam
3444 3888 3719 3958 justifica-

2120 3998 2243 4037 mur
2269 3982 2324 4035 in
2354 3981 2697 4051 baptismate,
2740 3979 2886 4052 quod
2925 3980 3194 4049 baptisma
3232 3978 3576 4034 consecravit
3606 3994 3720 4033 no-

2122 4071 2206 4126 bis
2235 4070 2481 4126 Christus
2510 4069 2564 4123 in
2592 4076 2764 4123 morte
2796 4083 2915 4135 sua,
2948 4067 3226 4122 fundendo
3259 4083 3451 4137 aquam
3510 4066 3721 4120 remis-

2124 4159 2293 4215 sionis
2320 4158 2389 4213 de
2419 4158 2589 4212 latere
2619 4173 2755 4223 suo;
2787 4157 3069 4210 insinuans
3090 4171 3191 4209 nos
3223 4156 3426 4209 debere
3446 4155 3721 4210 commori

2125 4247 2228 4303 sibi
2258 4248 2314 4301 in
2343 4247 2611 4317 baptismo
2648 4262 2660 4301 :
2684 4254 2741 4300 ut
2770 4244 3229 4317 quemadmodum
3259 4243 3347 4298 ille
3370 4244 3542 4297 semel
3562 4259 3722 4299 mor-

2126 4345 2250 4391 tuus
2276 4335 2347 4389 ad
2378 4343 2531 4390 actus
2562 4334 2763 4389 veteris
2791 4333 3025 4389 hominis
3057 4348 3165 4387 non
3195 4340 3277 4385 est
3322 4347 3599 4395 reversus,
3634 4332 3723 4387 sic

439 4460 462 4489 ι
494 4421 740 4510 peccato,
761 4438 1036 4511 quomodo
1051 4437 1229 4493 adhuc
1250 4435 1493 4492 vivemus
1521 4434 1577 4488 in
1596 4434 1727 4489 illo?
1757 4436 1841 4488 An
1871 4434 2084 4511 ίςιιο.Δ
2128 4433 2178 4479 et
2209 4440 2307 4479 nos
2337 4423 2505 4478 semel
2530 4422 2803 4511 justificati
2833 4421 2888 4475 in
2910 4421 3198 4511 baptismo,
3230 4436 3448 4475 omnem
3468 4428 3721 4511 vetusta-

438 4550 461 4575 α
496 4507 645 4593 ratis,
678 4507 893 4590 fratres,
927 4525 1056 4598 quia
1095 4525 1404 4597 quicunque
1453 4522 1707 4594 baptizati
1752 4538 1939 4577 sumus
1971 4523 2026 4577 in
2047 4507 2100 4567 D
2127 4521 2236 4568 tem
2266 4512 2472 4583 peccati
2528 4512 2729 4566 ibidem
2769 4509 3156 4565 interficientes
3183 4552 3195 4575 ,
3254 4509 3718 4564 resurrectionem

439 4638 460 4664 α
497 4615 713 4670 Christo
739 4615 888 4684 Jesu,
920 4615 975 4668 in
1005 4622 1180 4668 morte
1199 4613 1368 4684 ipsius
1387 4612 1639 4683 baptizati
1657 4627 1865 4665 sumus.
1890 4612 2028 4666 Con-

440 4727 462 4753 ι
498 4704 694 4775 sepulti
716 4703 858 4758 enim
873 4719 1061 4757 sumus
1084 4717 1210 4758 cum
1231 4701 1324 4756 illo
1340 4717 1440 4773 per
1459 4700 1786 4771 baptismum
1803 4699 1858 4753 in
1877 4715 2026 4755 mor-

440 4814 463 4843 ι
498 4801 625 4858 tem,
660 4799 719 4845 ut
746 4790 1020 4862 quomodo
1051 4789 1295 4844 Christus
1336 4787 1569 4843 surrexit
1599 4804 1632 4842 a
1661 4788 1890 4842 mortuis
1927 4804 2027 4859 per

446 4903 468 4931 α
498 4881 731 4953 gloriam
762 4877 954 4944 Patris,
987 4878 1061 4931 ita
1092 4885 1145 4931 et
1172 4893 1273 4931 nos
1302 4877 1358 4930 in
1384 4876 1617 4931 novitate
1676 4875 1798 4931 vita:
1827 4876 2025 4930 ambu-

444 4990 468 5020 ι
503 4968 698 5023 lemus.
732 4966 789 5020 Si
820 4966 965 5021 enim
1003 4964 1349 5035 complantati
1373 4963 1495 5019 facti
1553 4980 1739 5018 sumus
1771 4964 2027 5018 similitu-

444 5080 466 5105 α
503 5055 617 5110 dini
648 5054 841 5109 mortis
874 5054 1011 5123 ejus,
1042 5053 1200 5107 simul
1231 5060 1284 5107 et
1339 5052 1755 5107 resurrectionis
1801 5052 2025 5107 erimus.

445 5167 468 5195 ι
504 5145 620 5200 Hoc
650 5143 906 5209 scientes,
939 5142 1068 5213 quia
1095 5150 1249 5197 vetus
1277 5142 1439 5196 homo
1476 5149 1663 5196 noster
1709 5140 1870 5195 simul
1900 5156 2029 5197 cru-

443 5254 467 5283 «
502 5231 694 5287 cifixus
717 5239 817 5296 est,
850 5238 909 5284 ut
935 5229 1242 5285 destruatur
1272 5246 1471 5301 corpus
1515 5229 1758 5301 peccati,
1792 5238 1843 5284 et
1888 5229 2032 5284 ultra

445 5342 468 5371 ι
503 5336 613 5375 non
644 5320 946 5375 serviamus
993 5326 1237 5389 peccato.
1290 5318 1394 5387 Qui
1435 5319 1580 5373 enim
1635 5326 1879 5373 mortuus
1926 5326 2028 5383 est,

447 5432 469 5457 υ
499 5407 827 5478 justiﬁcatus
859 5416 937 5461 est
967 5424 996 5461 a
1025 5415 1269 5477 peccato.
1304 5407 1360 5461 Si
1389 5415 1571 5462 autem
1602 5407 1799 5461 mortui
1845 5422 2033 5461 sumus

443 5518 468 5549 ι
503 5512 625 5552 cum
656 5496 891 5564 Christo,
927 5496 1203 5551 credimus
1233 5496 1356 5568 quia
1406 5496 1563 5550 simul
1602 5496 1760 5550 etiam
1790 5495 2034 5550 vivemus

444 5609 467 5634 α
503 5601 629 5641 cum
658 5584 872 5640 Christo
906 5600 918 5639 :
949 5585 1184 5641 scientes
1215 5584 1360 5657 quod
1377 5584 1621 5640 Christus
1655 5600 1949 5656 resurgens
1969 5600 2034 5638 ex

443 5696 466 5723 α
504 5672 752 5743 mortuis,
775 5674 891 5742 jam
923 5689 1032 5730 non
1064 5673 1313 5740 moritur,
1345 5688 1494 5728 mors
1525 5671 1602 5727 illi
1629 5672 1772 5727 ultra
1800 5686 1911 5727 non
1937 5671 2037 5727 do-

2132 4602 2325 4656 animae
2355 4600 2451 4669 (ibi
2491 4601 2633 4655 enim
2661 4598 2953 4668 justificata
2993 4598 3247 4671 resurgit)
3295 4597 3667 4652 custodiamus
3709 4614 3724 4653 :

2123 4690 2452 4746 ambulando
2481 4689 2537 4742 in
2566 4688 2801 4743 novitate
2832 4687 2972 4751 vitae,
2999 4686 3145 4757 quia,
3178 4686 3223 4740 si
3254 4684 3723 4741 resurrectionem

2124 4780 2317 4834 animae
2348 4779 2401 4833 in
2424 4778 2632 4848 justitia
2679 4775 3221 4840 conservaverimus,
3259 4774 3493 4829 futuram
3523 4790 3725 4829 resur-

2126 4869 2417 4924 rectionem
2454 4882 2745 4937 corporum
2780 4880 2905 4919 cum
2943 4863 3189 4931 Christo,
3222 4864 3277 4917 in
3316 4862 3726 4933 incorruptione

2126 4957 2373 5028 profecto
2418 4954 2763 5009 habebimus.
2810 4954 3170 5008 Revertamur
3217 4953 3288 5006 ad
3334 4952 3584 5015 litteram,
3629 4952 3727 5007 ubi

2127 5046 2321 5117 probat
2350 5060 2457 5099 non
2502 5044 2700 5098 debere
2752 5041 2956 5096 reverti
3009 5041 3078 5095 ad
3132 5050 3432 5111 peccatum,
3481 5040 3725 5095 dicens:

2128 5135 2267 5189 Vere
2300 5132 2469 5188 semel
2491 5131 2799 5202 justiticatis
2846 5146 2954 5184 non
2993 5137 3077 5183 est
3123 5130 3346 5183 ulterius
3384 5144 3728 5199 permanen-

2129 5224 2254 5278 dum
2287 5223 2342 5276 in
2372 5230 2615 5292 peccato.
2640 5222 2775 5274 Nam
2807 5236 2908 5274 nos
2953 5219 3049 5291 qui
3094 5217 3147 5272 in
3178 5218 3449 5288 baptismo
3510 5221 3731 5273 mortui

2130 5329 2325 5367 sumus
2354 5314 2599 5382 peccato,
2646 5309 2700 5362 id
2748 5316 2830 5362 est
2859 5308 2928 5361 ad
2985 5307 3089 5361 hoc
3135 5322 3204 5360 ne
3247 5306 3391 5361 ultra
3430 5321 3733 5375 operemur

2131 5408 2413 5471 peccatum
2450 5414 2461 5452 :
2497 5396 2695 5451 mortui
2724 5397 2845 5451 dico
2877 5396 3178 5450 secundum
3220 5395 3527 5465 depositam
3564 5403 3732 5448 vetu-

2132 5497 2327 5543 statem
2356 5488 2584 5558 peccati,
2610 5485 2904 5559 quomodo,
2928 5485 2981 5538 id
3014 5492 3095 5537 est
3126 5499 3233 5555 qua
3264 5485 3470 5538 ratione
3502 5498 3603 5536 nos
3636 5486 3733 5554 qui

2132 5578 2212 5633 sic
2250 5576 2575 5633 commortui
2628 5591 2816 5628 sumus
2844 5573 3057 5628 Christo
3090 5613 3104 5642 ,
3145 5572 3328 5627 adhuc
3372 5573 3641 5639 vivemus,
3677 5572 3736 5628 id

2132 5674 2214 5722 est
2245 5663 2715 5738 perseverabimus
2753 5664 2818 5719 in
2855 5664 2952 5719 illo
2998 5662 3272 5733 peccato?
3324 5662 3391 5715 Et
3432 5676 3563 5715 vere
3620 5676 3740 5717 non
