3970 6472
202 357 258 412 57
822 347 1205 404 EXPOSITIO
1253 351 1326 405 lN
1371 349 1754 407 EPISTOLAS
1805 351 2028 407 PAULI.
2070 382 2140 392 —
2183 351 2256 407 IN
2295 352 2512 408 EPIST.
2551 355 2644 410 AD
2685 354 2854 412 ROM.
3437 360 3507 413 58

205 476 421 550 amplius
452 476 645 532 vivere
674 474 884 530 debetis
902 476 964 530 in
994 483 1224 547 peccato
1244 477 1364 545 illo,
1390 477 1518 549 quia
1538 495 1615 534 an
1639 479 1797 550 igno-
1816 481 1865 540 Α
1897 493 2196 549 possumus
2215 494 2326 533 non
2344 478 2550 534 servire
2573 489 2823 552 peccato.
2846 484 2988 540 Nam
3009 481 3102 538 ille
3125 484 3220 554 qui
3243 485 3508 540 mortuus

209 569 335 626 ratis
355 582 454 621 vos
469 569 789 640 quicunque
812 566 1089 639 baptizati
1106 583 1302 622 sumus
1318 568 1378 622 in
1401 567 1620 622 Christo
1642 570 1792 634 Jesu,

214 659 259 714 id
285 663 364 711 est
413 672 516 727 per
556 655 946 710 institutionem
997 655 1213 720 Christi,
1261 656 1347 711 vel
1384 671 1482 727 per
1523 656 1796 711 Christum

212 753 610 805 consecrantem
639 743 795 799 nobis
824 744 1117 816 baptisma.
1151 746 1265 800 Nos
1286 746 1467 818 utique
1499 746 1794 818 baptimti,

208 838 255 893 id
281 843 358 891 est
389 834 560 889 abluti
589 851 618 887 a
649 833 883 905 peccatis
929 851 1125 890 sumus
1154 834 1216 889 in
1247 839 1485 890 mortem
1517 837 1718 907 ipsius,
1742 835 1797 890 id

213 935 285 982 est
309 925 362 978 in
391 922 803 978 similitudinem
842 923 1034 978 mortis
1083 924 1219 993 ejus,
1251 931 1308 978 ut
1339 923 1477 979 sicut
1507 923 1594 979 ille
1627 924 1796 979 semel

208 1021 437 1070 mortuus
487 1021 571 1068 est
620 1021 671 1067 et
717 1028 935 1083 semper
974 1012 1121 1079 vivit,
1176 1012 1250 1067 ita
1301 1020 1352 1067 et
1391 1029 1492 1068 nos
1542 1013 1712 1068 semel
1741 1013 1796 1067 in

212 1103 472 1175 baptismo
533 1102 772 1173 peccatis
832 1101 1151 1169 moriamur,
1220 1110 1274 1156 et
1316 1102 1371 1156 in
1411 1100 1796 1172 justiﬁcatione

211 1209 420 1264 semper
448 1192 714 1246 vivamus.
748 1190 897 1246 Sicut
927 1191 1174 1262 probavit
1217 1191 1363 1264 quod
1393 1192 1563 1246 semel
1598 1189 1796 1260 justiti-

211 1282 306 1338 cati
331 1281 526 1335 iterum
577 1297 806 1352 peccare
837 1295 947 1335 non
991 1281 1274 1347 debemus,
1306 1281 1384 1336 sic
1415 1282 1575 1335 etiam
1605 1281 1797 1351 probat

207 1370 339 1443 quod
369 1386 403 1424 a
432 1378 662 1441 peccato
710 1386 810 1425 nos
857 1370 996 1424 bene
1033 1370 1310 1426 continere
1356 1385 1664 1441 possumus,
1716 1369 1797 1424 di-

209 1476 330 1516 cens
362 1478 375 1514 :
411 1460 550 1514 Vere
581 1458 851 1528 iustificati
888 1467 1212 1530 potestatem
1244 1459 1527 1528 habemus,
1563 1458 1609 1513 si
1639 1459 1796 1514 volu-

205 1565 338 1616 mus,
373 1564 485 1603 non
513 1548 799 1620 peccandi.
822 1549 962 1604 Nam
985 1565 1085 1603 nos
1111 1550 1430 1622 consepulti
1449 1565 1664 1614 sumus,
1689 1564 1799 1602 non

206 1639 373 1694 solum
406 1637 606 1692 mortui
645 1654 772 1693 cum
815 1638 1053 1703 Christo,
1108 1639 1171 1692 in
1209 1642 1449 1694 mortem
1473 1654 1578 1710 per
1606 1638 1796 1710 bapti-

204 1745 406 1793 smum,
455 1726 601 1799 quod
650 1729 1115 1798 quemadmodum
1163 1727 1413 1782 Christus
1463 1728 1518 1781 in
1549 1727 1797 1798 sepulcro

204 1817 406 1890 positus
458 1824 781 1887 potestatem
830 1833 936 1872 non
989 1816 1178 1872 habuit
1226 1817 1523 1872 secundum
1573 1832 1872 1908 carnemB

203 1921 420 1961 manum
454 1905 541 1961 vel
571 1907 768 1977 pedem
799 1906 1092 1962 extendere
1123 1906 1192 1960 ad
1223 1914 1377 1962 actus
1400 1906 1601 1960 veteris
1625 1906 1799 1961 homi-

204 1996 302 2062 nis,
335 1996 415 2050 sic
446 2003 499 2050 et
546 1995 724 2062 nobis,
771 1995 815 2049 si
845 1995 1113 2062 volumus,
1155 1995 1209 2050 in
1255 1995 1526 2066 baptismo
1556 2004 1800 2066 potesta-

206 2094 306 2140 tem
339 2085 492 2140 dedit
534 2085 649 2154 jam
698 2084 928 2155 amplius
967 2099 1075 2140 non
1124 2083 1431 2140 revertendi
1461 2085 1532 2139 ad
1563 2093 1800 2140 vetusta-

203 2184 308 2230 tem
363 2173 600 2245 peccati.
650 2173 732 2228 Ad
779 2174 884 2230 hoc
923 2173 1106 2245 utique
1152 2173 1455 2244 consepulti
1497 2190 1701 2240 sumus,
1739 2178 1800 2230 ut

211 2264 477 2337 quomodo
513 2263 766 2319 Christus
794 2263 1053 2319 surrexit
1082 2281 1117 2317 a
1147 2264 1408 2332 mortuis,
1430 2278 1537 2318 non
1568 2263 1801 2334 amplius

206 2361 587 2424 resumpturus
625 2361 804 2408 actum
853 2351 1195 2408 mortalitatis
1239 2352 1493 2423 (surrexit
1523 2353 1666 2417 dico,
1701 2370 1802 2425 per

198 2443 438 2515 gloriam
473 2443 689 2507 Patris,
723 2441 776 2496 id
809 2449 890 2496 est
919 2457 1019 2513 per
1050 2441 1286 2496 Verbum
1317 2441 1420 2496 sibi
1449 2441 1678 2508 unitum,
1715 2442 1801 2497 vel

201 2539 428 2603 propter
457 2529 912 2602 magnificandam
942 2530 1174 2604 gloriam
1206 2530 1420 2601 Patris),
1454 2533 1537 2586 ita
1564 2546 1667 2587 nos
1697 2548 1799 2604 po-

197 2622 296 2675 siti
327 2623 390 2675 in
421 2621 679 2676 novitate
702 2621 850 2688 vita,
889 2619 941 2674 id
981 2627 1063 2674 est
1093 2619 1147 2673 in
1179 2620 1573 2675 resurrectione
1604 2621 1801 2676 animae

192 2726 290 2780 per
336 2709 674 2780 baptismum
715 2707 1042 2778 justiticatzr,
1086 2709 1438 2764 ambulemus
1467 2707 1800 2780 proficiendo

195 2798 245 2852 in
277 2806 506 2869 accepta
542 2797 798 2853 novitate.
834 2798 974 2852 Vere
1004 2797 1059 2851 in
1089 2797 1324 2853 novitate
1355 2798 1477 2853 vita:
1508 2815 1800 2869 possumus

191 2887 500 2942 ambulare.
553 2887 690 2940 Nam
736 2903 836 2941 nos
885 2903 1072 2941 sumus
1123 2886 1328 2942 similes
1387 2887 1800 2942 resurrectionis

193 2977 330 3045 ejus,
364 2976 516 3047 quia,
571 2975 1032 3047 quemadmodum
1078 2975 1320 3030 Christus
1369 2992 1665 3049 resurgens
1695 2992 1799 3032 no—

189 3082 288 3120 vus
320 3067 490 3120 homo
521 3064 637 3132 fuit,
688 3066 760 3119 ita
791 3073 844 3120 et
891 3081 992 3120 nos
1041 3081 1140 3136 per
1171 3065 1501 3136 baptismum
1531 3073 1798 3120 vetustate

189 3155 398 3226 peccati
432 3154 710 3226 deposita,
760 3154 813 3208 in
845 3154 1081 3210 novitate
1114 3154 1382 3209 bonorum
1413 3171 1638 3226 Operum
1671 3155 1797 3210 novi

188 3243 442 3298 homines
476 3243 673 3297 simus.
706 3243 774 3297 Et
815 3259 940 3299 vere
971 3242 1175 3298 similes
1223 3242 1640 3299 resurrectionis
1688 3243 1797 3298 eri-

186 3349 325 3397 mus,
348 3335 402 3388 si
437 3335 824 3404 eomplantati
846 3349 1044 3388 sumus
1069 3353 1087 3399 ;
1122 3347 1224 3388 nec
1246 3349 1346 3403 per
1375 3348 1476 3387 nos
1497 3333 1601 3388 hoc
1621 3339 1800 3403 potest

186 3419 323 3492 fieri,
359 3422 463 3477 sed
493 3438 600 3493 per
618 3421 844 3493 gratiam
863 3420 961 3476 Dei
982 3422 1127 3493 facti
1149 3420 1500 3492 complantati
1519 3421 1799 3476 similitu-

183 3510 304 3567 dini
333 3512 552 3567 mortis
582 3514 722 3582 ejus,
755 3511 810 3565 id
839 3518 922 3565 est
952 3510 995 3564 si
1027 3511 1345 3566 commortui
1366 3509 1629 3565 fuerimus
1647 3510 1802 3565 Chri-

180 3608 282 3666 sto,
317 3617 382 3655 ea
419 3599 589 3657 36
621 3599 988 3666 similitudine,
1022 3607 1076 3654 ut
1107 3599 1247 3655 sicut
1287 3599 1377 3655 ille
1408 3599 1576 3654 semel
1623 3599 1799 3670 depo-

181 3690 296 3743 sitis
325 3689 579 3746 miseriis
605 3688 804 3744 veteris
835 3688 1088 3757 hominis,
1123 3689 1190 3744 ad
1224 3688 1345 3743 illas
1367 3689 1504 3742 ultra
1529 3704 1634 3744 non
1667 3689 1799 3743 red-

176 3777 253 3846 iit,
289 3779 370 3833 sic
403 3787 459 3834 et
493 3794 624 3844 nos,
670 3777 722 3831 in
763 3778 1030 3849 baptismo
1061 3778 1228 3832 semel
1259 3778 1508 3848 deposita
1538 3785 1800 3833 vetustate

176 3868 414 3937 peccati,
473 3867 552 3922 ad
601 3867 732 3921 illud
776 3868 912 3921 ultra
961 3883 1071 3921 non
1124 3867 1524 3940 regrediamur.
1567 3867 1622 3921 Si
1654 3867 1800 3922 enim

177 3957 251 4011 sic
283 3956 652 4030 complantati
702 3973 890 4010 sumus
933 3955 1270 4010 similitudini
1313 3955 1504 4010 mortis
1537 3957 1673 4025 ejus,
1714 3958 1798 4011 si-

172 4049 294 4102 mul
316 4050 507 4103 etiam
536 4045 736 4100 merito
764 4045 964 4100 unitate
995 4045 1186 4100 mortis
1209 4047 1425 4101 erimus
1445 4045 1800 4115 complantati

173 4136 527 4190 similitudini
562 4136 998 4191 resurrectionis
1030 4135 1180 4204 ejus,
1215 4134 1269 4188 in
1299 4135 1540 4190 novitate
1568 4150 1799 4205 operum

172 4225 561 4296 proficientes.
597 4223 962 4294 Complantati
994 4223 1061 4277 ab
1091 4224 1182 4278 illa
1215 4223 1567 4278 similitudine
1595 4223 1798 4279 dictum

173 4322 273 4379 est,
306 4330 419 4386 qua
454 4330 654 4368 ramus
683 4313 839 4368 bona:
884 4312 1115 4379 arboris,
1166 4320 1360 4368 trunco
1398 4311 1556 4368 mala:
1585 4312 1800 4367 arboris

169 4402 456 4470 inseritur,
499 4402 822 4472 fructusque
855 4417 1028 4456 novos
1066 4401 1270 4455 ibidem
1300 4401 1468 4468 facit;
1500 4401 1579 4457 sic
1610 4409 1663 4456 et
1692 4417 1798 4456 no-

174 4493 310 4547 vitas
335 4490 764 4562 justific-ationis
792 4490 995 4545 inserta
1028 4498 1221 4546 trunco
1248 4499 1449 4545 nostra:
1492 4491 1794 4557 vetustatis,

1901 571 1987 623 est
2023 567 2077 621 in
2109 567 2403 638 baptismo,
2433 585 2462 622 a
2492 579 2721 640 peccato
2749 571 3013 627 liberatus
3036 580 3138 628 est.
3162 571 3278 628 Nec
3299 573 3404 628 hoc
3424 587 3506 628 so-

1898 655 2032 724 lum,
2069 657 2166 711 sed
2199 656 2364 712 etiam
2383 659 2747 730 justi/iectus
2777 679 2811 717 α
2840 667 3097 735 peccato.

1969 745 2262 818 Postquam
2293 747 2362 800 de
2391 747 2563 818 prima
2594 751 3017 819 resurrectione,
3043 767 3165 823 quae
3181 759 3264 808 est
3285 750 3506 822 animae,

1899 833 2227 890 sufficienter
2293 836 2526 904 edocuit,
2593 838 2867 909 quomodo
2933 847 3079 895 esset
3139 841 3504 907 observanda,

1899 923 2179 996 subjungit
2211 924 2279 979 de
2328 925 2588 992 secunda,
2623 927 2814 983 dicens
2850 946 2863 982 :
2893 929 3009 984 Nos
3056 945 3178 984 eam
3226 930 3507 986 habituros

1897 1011 2090 1067 merito
2137 1013 2329 1084 primm
2370 1013 2509 1068 bene
2542 1015 2865 1071 custoditize.
2903 1017 3077 1089 thue
3106 1019 3285 1092 magis
3317 1019 3506 1090 capia-

1899 1116 2022 1155 mur
2069 1117 2256 1156 amore
2304 1103 2442 1172 ejus,
2521 1103 2674 1174 ponit
2733 1106 3262 1162 commendationem
3291 1106 3504 1179 .ipsius,

1899 1190 2154 1260 aperiens
2206 1207 2368 1263 quam
2417 1192 2582 1266 digna
2627 1193 2694 1248 sit
2744 1202 2796 1249 et
2844 1211 3008 1266 quam
3051 1195 3216 1260 utilis,
3267 1196 3506 1253 dicens:

1901 1280 2024 1333 Non
2059 1279 2234 1335 solum
2275 1267 2472 1336 mortui
2500 1290 2725 1353 peccato
2747 1283 3126 1352 justificamur,
3162 1301 3285 1356 quae
3309 1284 3508 1354 justiﬁ-

1899 1369 2038 1424 catio
2071 1377 2154 1424 est
2183 1369 2364 1440 prima
2395 1371 2741 1437 resurrectio,
2778 1373 2878 1428 sed
2907 1373 3065 1428 etiam
3098 1376 3146 1430 si
3177 1375 3391 1430 mortui
3420 1391 3510 1430 sue

1897 1474 2026 1513 mus
2053 1467 2297 1529 peccato,
2341 1459 2446 1516 hoc
2502 1468 2584 1515 est
2612 1477 2743 1517 cum
2771 1462 3007 1528 Christo,
3041 1470 3120 1532 ut,
3153 1463 3508 1535 quemadmo-

1899 1546 2030 1601 dum
2062 1547 2306 1602 Christus
2347 1548 2518 1604 semel
2569 1557 2830 1616 mortuus,
2876 1566 3154 1623 nunquam
3183 1553 3252 1606 ad
3281 1551 3507 1624 deposi-

1901 1644 2008 1690 tam
2051 1645 2371 1692 vetustatem
2423 1638 2597 1703 rediit,
2641 1639 2720 1695 sic
2767 1648 2820 1695 et
2867 1655 2968 1696 nos
3001 1641 3169 1696 semel
3198 1657 3297 1712 per
3324 1641 3506 1713 bapti-

1901 1741 2078 1780 smum
2111 1726 2166 1779 in
2197 1733 2425 1797 peccato
2458 1728 2675 1793 mortui,
2709 1744 2820 1784 non
2851 1738 3192 1785 revertamur
3217 1731 3287 1784 ad
3308 1746 3506 1801 pecca-

1901 1821 2034 1878 tum,
2073 1815 2361 1870 credimus
2393 1815 2581 1888 utique
2625 1825 2678 1871 et
2727 1832 2829 1872 nos
2861 1818 3023 1872 etiam
3050 1820 3296 1874 vivemus
3327 1819 3382 1872 in
3411 1834 3504 1873 se-

1902 1903 2079 1958 cunda
2115 1904 2516 1960 resurrectione
2547 1906 2739 1973 simul,
2785 1905 2838 1961 id
2871 1914 2954 1962 est
2985 1906 3107 1963 facti
3137 1907 3506 1978 impassibiles

1903 2001 1955 2048 et
1989 1992 2331 2048 immortales
2355 2012 2368 2059 ;
2402 2010 2581 2066 neque
2612 1995 2715 2049 hoc
2744 1995 2873 2050 alibi
2902 1996 3005 2050 nisi
3036 2013 3166 2052 cum
3185 1996 3423 2063 Christo,
3452 1997 3506 2052 id

1903 2089 1986 2136 est
2017 2081 2071 2136 in
2104 2082 2279 2138 oculis
2311 2083 2426 2152 ejus
2474 2084 2720 2138 vivemus
2766 2084 2926 2156 positi
2955 2085 3413 2156 incorruptibiles.
3449 2084 3506 2140 Si

1904 2171 2102 2225 mortui
2136 2187 2324 2226 sumus
2355 2188 2476 2228 cum
2500 2172 2736 2239 Christo,
2769 2173 3014 2245 profecto
3052 2175 3328 2230 credimus
3359 2173 3506 2246 quod

1902 2261 2152 2316 vivemus
2186 2277 2310 2316 cum
2343 2261 2574 2329 Christo,
2624 2265 2866 2319 scientes
2905 2263 3011 2320 hoc
3059 2265 3201 2337 quod
3247 2263 3506 2319 Christus

1901 2367 2141 2420 surgens
2172 2369 2205 2406 a
2237 2352 2478 2407 mortuis
2498 2354 2624 2424 jam
2653 2369 2768 2408 non
2795 2355 3059 2418 moritur,
3094 2353 3150 2408 id
3169 2353 3374 2422 estjam
3395 2369 3506 2408 non

1902 2439 2132 2494 ulterius
2178 2447 2412 2495 mortem
2459 2440 2735 2512 gustabit;
2769 2441 2896 2513 quia
2940 2441 3111 2497 semel
3158 2449 3402 2496 mortuus
3433 2441 3504 2496 ad

1896 2527 2344 2597 justificationem
2394 2530 2637 2584 omnium
2687 2529 2960 2586 sutiiciens
3002 2531 3118 2586 fuit.
3168 2533 3283 2587 Nec
3327 2530 3503 2586 solum

1901 2633 2013 2671 non
2044 2618 2293 2688 moritur,
2331 2618 2426 2673 sed
2459 2619 2621 2673 etiam
2652 2636 2804 2675 mors
2825 2637 2940 2674 non
2962 2621 3225 2676 illiultra
3246 2621 3503 2676 domina-

1902 2707 2076 2762 bitur.
2111 2706 2359 2761 Dominia
2388 2707 2577 2762 mortis
2608 2715 2769 2761 sunt:
2795 2707 3006 2772 Fames,
3033 2710 3288 2776 esuries,,
3321 2707 3504 2764 febres

1902 2803 1954 2850 et
1995 2812 2334 2867 quaecunque
2383 2795 2638 2851 miseriae.
2685 2797 2856 2868 Caput
2896 2798 3058 2852 etiam
3110 2805 3162 2852 et
3213 2797 3506 2868 completio

1902 2883 2146 2940 omnium
2186 2884 2554 2954 miseriarum,
2589 2901 2759 2940 mors.
2793 2885 2901 2941 Sed
2931 2902 3032 2941 nec
3064 2901 3232 2952 mors,
3265 2902 3368 2941 nec
3397 2885 3504 2940 mi-

1901 2973 2061 3028 serim
2111 2990 2230 3046 quae
2279 2981 2404 3028 sunt
2432 2974 2752 3045 praznuntize
2798 2974 3022 3041 mortis,
3080 2975 3505 3030 dominabuntur

1901 3063 2130 3133 amplius
2180 3063 2392 3118 Christo
2443 3063 2616 3118 semel
2662 3071 2899 3119 mortuo.
2949 3065 3090 3120 Vere
3120 3063 3364 3118 Christus
3388 3063 3502 3132 jam

1901 3167 2010 3206 non
2040 3152 2288 3208 moritur.
2321 3154 2460 3207 Nam
2491 3153 2597 3209 hoc
2625 3151 2768 3226 quod
2797 3157 3056 3208 mortuus
3073 3158 3160 3209 est
3174 3157 3428 3227 peccato,
3450 3153 3505 3207 id

1900 3250 1982 3296 est
2010 3241 2078 3295 ad
2108 3241 2536 3297 destructionem
2567 3242 2794 3312 peccati,
2826 3246 3084 3298 mortuus
3115 3246 3201 3299 est
3230 3244 3424 3309 semel,
3447 3242 3504 3298 id

1901 3339 1982 3387 est
2013 3332 2183 3386 semel
2213 3331 2351 3386 mori
2382 3330 2612 3387 suﬁ'ecit.

1972 3421 2037 3474 Et
2085 3419 2208 3475 ideo
2242 3421 2410 3475 semel
2457 3421 2720 3476 commori
2766 3420 2842 3475 illi
2886 3420 2938 3475 in
2965 3420 3239 3492 baptismo
3272 3420 3504 3476 sufficiat

1899 3509 2079 3575 nobis,
2113 3509 2518 3580 perseverando
2549 3509 2605 3564 in
2633 3517 2860 3581 accepta
2873 3509 3275 3579 justiﬁcatione.
3300 3510 3504 3565 Probat

1900 3599 2062 3653 etiam
2111 3599 2256 3670 quod
2303 3614 2450 3653 mors
2499 3599 2643 3653 ultra
2688 3615 2796 3654 non
2841 3599 3208 3654 dominabitur
3261 3599 3499 3654 Christo.

1900 3689 2041 3742 Nam
2073 3687 2176 3743 hoc
2206 3689 2348 3760 quod
2378 3689 2517 3743 vivit
2545 3689 2681 3744 vivit
2713 3689 2835 3744 Deo.
2873 3688 2926 3742 id
2958 3697 3037 3743 est
3069 3687 3178 3743 vita
3209 3688 3348 3754 Dei;
3378 3688 3503 3760 quia

1901 3776 1946 3831 si
1978 3777 2439 3848 quemadmodum
2472 3777 2620 3831 Deus
2650 3776 2781 3832 vivit
2807 3777 3136 3832 mternaliter
3163 3785 3215 3832 et
3232 3777 3350 3832 sine
3371 3792 3502 3833 cor-

1900 3865 2172 3936 ruptione,
2219 3864 2466 3935 profecto
2515 3865 2724 3920 nullum
2765 3865 3065 3920 dominium
3114 3865 3170 3920 in
3218 3881 3284 3920 eo
3314 3865 3503 3920 mortis

1900 3954 2017 4009 erit.
2054 3953 2212 4022 Quod
2241 3954 2373 4008 dixit
2403 3954 2457 4008 in
2486 3962 2600 4010 toto
2649 3954 2851 4010 debere
2881 3955 3146 4010 commori
3174 3955 3410 4022 Christo,
3445 3963 3505 4009 ut

1899 4043 1949 4098 ei
1979 4043 2351 4107 convivamus,
2397 4043 2617 4114 adaptat
2649 4044 2812 4099 modo
2843 4044 3124 4110 Romanis,
3159 4059 3387 4115 quorum
3418 4043 3506 4099 hic

1898 4132 2217 4188 intendebat
2247 4131 2610 4196 instructioni,
2645 4132 2835 4188 dicens
2870 4151 2883 4188 :
2910 4132 3367 4204 Quandoquidem
3398 4149 3500 4188 ne—

1899 4239 2055 4277 cesse
2098 4229 2180 4276 est
2221 4221 2488 4278 commori
2538 4221 2769 4288 Christo,
2806 4222 2851 4276 si
2885 4222 3134 4277 volumus
3164 4221 3349 4277 vivere
3378 4238 3502 4277 cum

1899 4327 1998 4376 eo;
2050 4312 2154 4376 ita,
2215 4310 2270 4365 id
2329 4319 2412 4366 est
2468 4312 2569 4366 hac
2626 4310 2830 4366 ratione
2875 4311 3050 4367 edocti
3099 4327 3210 4374 vos,
3245 4311 3496 4380 Romani,

1899 4401 2234 4456 existimate
2267 4416 2357 4456 vos
2386 4400 2610 4471 quidem
2641 4416 2757 4455 esse
2788 4405 3041 4455 mortuos
3067 4405 3318 4472 peccato,
3339 4400 3392 4454 id
3421 4409 3504 4455 est

1899 4489 2105 4544 credite
2135 4504 2234 4544 vos
2264 4496 2510 4544 mortuos
2541 4504 2664 4543 esse
2695 4489 2750 4542 in
2779 4488 3070 4560 baptismo,
3114 4505 3183 4543 ne
3212 4487 3354 4542 ultra
3382 4505 3502 4542 ma-

173 4582 450 4638 exstincto
492 4597 704 4652 sapore
735 4580 924 4645 veteri,
959 4579 1162 4635 fruetus
1194 4579 1360 4635 faciat
1390 4579 1607 4635 insertae
1636 4581 1796 4635 novi-
1821 4578 1873 4638 D
1902 4595 2031 4632 num
2063 4577 2354 4649 porrigetis
2385 4576 2452 4631 ad
2481 4585 2661 4633 actum
2689 4577 2896 4648 peccati
2921 4597 2935 4642 ;
2971 4577 3114 4648 quod
3135 4577 3181 4631 si
3211 4577 3284 4631 ita
3305 4577 3504 4633 mortui

170 4671 314 4725 tatis.
354 4671 594 4726 Similes
644 4669 828 4740 utique
874 4668 1065 4724 mortis
1105 4668 1303 4723 Christi
1334 4668 1597 4724 debemus
1629 4668 1749 4724 lieri
1784 4683 1796 4723 :

168 4761 329 4816 Seien
340 4764 428 4816 tes
453 4761 569 4814 hoc
584 4759 718 4830 quia
743 4762 897 4812 vetus
917 4759 1078 4813 homo
1100 4761 1293 4812 noster
1311 4758 1486 4814 simul
1502 4775 1632 4814 cum
1648 4757 1800 4813 Chri-

171 4855 253 4904 sto
285 4851 513 4920 afﬁxus
532 4852 629 4904 est
653 4849 811 4903 cruci
836 4865 848 4901 :
873 4847 938 4901 ad
963 4847 1086 4915 hoc,
1113 4851 1178 4902 ut
1199 4847 1536 4902 destruatur
1557 4849 1618 4902 in
1640 4847 1796 4902 nobis

172 4956 375 5012 corpus
406 4937 687 5012 peccati;
712 4936 779 4990 ita
811 4936 1120 4991 destruatur
1149 4951 1349 5007 corpus
1371 4943 1618 4991 nostrum
1648 4936 1701 4990 in
1734 4952 1799 4992 eo

169 5029 311 5099 quod
342 5027 657 5099 peccabat,
691 5030 754 5080 ut
789 5027 943 5080 ultra
966 5041 1075 5080 non
1094 5025 1406 5081 serviamus
1426 5029 1675 5097 peccato,
1702 5025 1799 5079 sed

172 5116 463 5190 imperium
500 5115 817 5170 habeamus
862 5131 1028 5185 super
1066 5122 1373 5185 peccatum.
1409 5114 1674 5168 Dominus
1701 5115 1798 5169 Je-

171 5224 261 5261 sus
290 5207 442 5261 aliud
478 5220 675 5279 genus
706 5203 894 5257 mortis
925 5204 970 5257 si
992 5203 1154 5257 vellet
1206 5203 1410 5274 eligere
1460 5211 1667 5273 posset,
1702 5203 1800 5258 sed

171 5312 274 5350 non
307 5297 430 5352 sine
465 5292 749 5367 mysterio
799 5292 943 5347 cruci
975 5291 1119 5366 affigi
1151 5292 1330 5365 magis
1362 5292 1548 5360 voluit,
1585 5292 1798 5365 signiti-

171 5402 297 5440 caus
331 5387 522 5450 nobis,
561 5390 624 5437 ut
661 5382 1112 5453 quemadmodum
1144 5398 1339 5436 manus
1371 5389 1422 5436 et
1451 5381 1640 5452 pedes,
1674 5398 1798 5435 sen-

172 5491 260 5528 sus
292 5475 509 5531 scilicet
557 5474 841 5527 humanos
886 5470 1075 5525 atlixos
1130 5471 1337 5539 habuit,
1372 5471 1451 5526 sic
1481 5479 1533 5525 et
1563 5487 1663 5525 nos
1690 5486 1798 5526 non

174 5565 341 5619 solum
375 5581 581 5636 opera,
610 5560 717 5616 sed
750 5562 910 5614 etiam
944 5577 1139 5615 sensus
1160 5559 1350 5615 aﬁixos
1380 5560 1695 5626 habeamus,
1731 5576 1798 5614 ne

174 5654 486 5728 cogitemus
524 5651 620 5707 vel
659 5665 952 5721 cperemur
979 5649 1145 5706 mala.
1180 5651 1248 5707 Et
1281 5649 1420 5707 bene
1449 5649 1716 5705 debemus
1746 5657 1800 5704 et

1900 4667 2050 4733 estis,
2115 4666 2416 4722 existimate
2469 4665 2626 4721 etiam
2684 4682 2782 4721 vos
2839 4667 3084 4722 viventes
3142 4667 3270 4730 Deo,
3318 4665 3374 4720 id
3421 4674 3505 4721 est

1899 4756 1952 4811 in
1983 4765 2202 4827 accepta
2228 4754 2615 4825 justificatione
2647 4755 2844 4810 animae
2893 4755 3140 4811 viventes
3165 4763 3217 4810 et
3247 4757 3351 4811 hoc
3380 4771 3502 4811 me-

1901 4846 2000 4901 rito
2031 4847 2085 4900 in
2117 4845 2468 4917 corruptione
2498 4861 2792 4917 corporum
2819 4844 3059 4900 victuros
3094 4860 3106 4899 :
3140 4845 3314 4900 ethoc
3332 4853 3502 4900 totum

1900 4937 1962 4991 in
1999 4935 2218 4991 Christo
2247 4937 2397 5001 Jesu,
2432 4935 2484 4989 id
2516 4944 2599 4990 est
2618 4951 2718 5006 per
2740 4935 3013 4990 Christum
3033 4935 3240 5002 Jesum,
3269 4935 3361 5007 qui
3379 4935 3501 4990 etin

1899 5024 2156 5095 praesenti
2198 5024 2479 5093 justiticat,
2525 5032 2580 5079 et
2623 5024 2679 5079 in
2713 5022 3100 5094 justificatione
3167 5041 3502 5095 permanen-

1899 5113 2044 5167 tibus
2075 5113 2237 5168 vitam
2267 5121 2521 5168 aeternam
2569 5121 2856 5184 praeparat.
2904 5111 3062 5182 Quod
3093 5113 3302 5168 dixerat
3333 5131 3501 5185 supe-

1901 5203 2035 5268 rius,
2069 5219 2169 5257 nos
2216 5210 2458 5257 mortuos
2503 5219 2626 5258 esse
2674 5209 2919 5273 peccato,
2963 5210 3016 5256 et
3055 5201 3348 5257 vivendum
3380 5219 3504 5259 esse

1905 5291 1974 5347 3
1991 5291 2057 5347 '7
2081 5292 2216 5356 Deo,
2240 5291 2433 5346 videns
2451 5292 2726 5346 hominem
2757 5291 2907 5346 nullo
2929 5291 3092 5345 modo
3122 5307 3286 5362 posse
3315 5291 3368 5345 in
3400 5293 3505 5348 hac

1898 5381 2009 5436 vita
2039 5397 2096 5436 se
2130 5380 2387 5437 cohibere
2420 5397 2450 5435 a
2489 5380 2813 5448 venialibus,
2865 5380 3188 5435 determinat
3219 5381 3271 5434 in
3305 5381 3504 5451 quibus

1900 5471 2136 5540 peccatis
2183 5471 2324 5526 mori
2367 5471 2667 5525 debeamus
2698 5478 2752 5525 et
2781 5470 3052 5540 possimus
3087 5485 3098 5522 :
3133 5469 3311 5524 sciens
3339 5469 3503 5525 fomi-

1899 5567 2007 5614 tem
2038 5561 2249 5631 peccati
2280 5559 2600 5615 naturaliter
2628 5561 2809 5615 inesse
2839 5559 3055 5631 cuique.
3101 5559 3206 5614 Sed
3229 5574 3343 5628 jam
3375 5575 3506 5615 con-

1901 5648 2095 5706 fortato
2126 5649 2297 5706 libero
2335 5648 2583 5717 arbitrio,
2632 5665 2926 5725 possumus
2969 5663 3228 5708 coercere
3261 5647 3501 5707 fomitem
