3970 6504
462 422 531 476 59
1024 426 1080 480 S.
1122 424 1473 482 BRUNONIS
1513 425 2162 483 CARTHUSIANORUM
2198 425 2682 483 INSTITUTORIS
2721 426 2873 482 OPP.
2917 425 3091 481 PARS
3129 427 3194 480 ll.
3684 426 3752 478 60

465 546 694 618 peccati,
729 563 799 603 ne
844 555 1163 620 prorumpat
1207 548 1264 604 in
1307 556 1503 604 actum.
1555 550 1623 604 Et
1661 549 1766 606 hoc
1809 550 2133 613 determi-A
2163 548 2264 604 cati
2295 546 2621 613 efﬁciemini,
2668 563 2771 603 nec
2815 547 2976 616 hujus
3024 545 3294 601 servitutis
3344 545 3554 603 vincula
3602 562 3756 601 rum-

468 651 625 700 nans,
658 636 733 690 ait
767 651 779 690 :
813 634 1040 705 Quando
1082 637 1304 709 quidem
1333 638 1578 693 viventes
1608 638 1738 693 estis
1769 639 1903 704 Deo,
1939 654 2063 710 ergo

466 728 783 796 peccatum,
829 723 886 779 id
923 733 1024 791 est,
1074 725 1335 780 naturalis
1366 725 1539 781 fomes
1566 726 1799 797 peccati,
1832 744 1947 782 non
1977 744 2065 783 re-

473 817 606 882 gnet
637 813 699 867 in
747 813 919 869 vobis.
962 814 1212 886 Regnare
1261 815 1470 885 peccati
1512 823 1613 880 est,
1648 815 2061 883 consentiendo,

470 900 703 971 agendo,
738 909 792 955 et
822 901 874 956 in
905 917 1072 973 opere
1092 903 1300 973 peccati
1320 903 1750 959 consuescendo.
1772 904 2063 959 Peccatum

469 989 655 1060 utique
698 1004 807 1043 non
853 998 1045 1061 regnet
1090 993 1155 1046 in
1203 1007 1431 1064 corpore
1460 995 1662 1058 vestro,
1696 991 1750 1047 id
1782 1000 1882 1057 est,
1915 993 2061 1064 quod

463 1076 577 1145 jam
604 1086 846 1132 vestrum
877 1087 979 1145 est,
1013 1086 1066 1134 et
1104 1096 1204 1149 per
1240 1078 1687 1135 confortationem
1716 1080 1875 1135 liberi
1906 1082 2059 1135 arbi-

468 1166 557 1219 trii
587 1166 892 1234 subjectum
941 1167 1180 1222 dominio
1228 1167 1473 1221 rationis.
1517 1168 1755 1239 Corpore
1783 1168 1905 1224 dico
1934 1169 2062 1225 licet

461 1252 778 1322 justiﬁcato,
815 1263 992 1309 tamen
1014 1255 1189 1311 adhuc
1218 1257 1468 1322 mortali,
1500 1263 1551 1311 et
1583 1256 1710 1327 (nisi
1742 1257 1949 1312 ratione
1980 1274 2060 1313 re-

466 1345 648 1413 gatur)
677 1357 854 1413 prono
879 1344 937 1397 in
982 1359 1119 1414 opus
1167 1344 1397 1414 peccati.
1443 1343 1626 1413 Quare
1656 1345 1945 1401 videndum
1978 1354 2058 1401 est

468 1447 536 1485 ne
569 1431 970 1486 consentientes
1000 1431 1310 1487 mortalitati
1338 1441 1529 1487 vestra?
1559 1448 1668 1488 non
1697 1434 1888 1489 vivatis
1917 1435 2053 1490 Deo.

462 1519 584 1574 Non
615 1519 793 1591 itaque
841 1528 1035 1591 regnet
1081 1528 1365 1591 peccatum
1393 1527 1458 1577 ut
1489 1522 1756 1578 obediatis
1782 1526 2055 1595 concupi-

464 1608 697 1663 scentiis
746 1610 887 1679 ejus,
926 1608 1132 1665 scilicet
1176 1609 1407 1681 peccati,
1457 1610 1510 1665 id
1540 1618 1619 1666 est
1652 1619 1708 1665 ut
1739 1612 1885 1682 quod
1915 1612 2055 1667 male

462 1696 652 1751 suadet
715 1695 1001 1752 inﬁrmitas
1049 1698 1228 1753 carnis
1272 1707 1487 1765 vestrae,
1543 1715 1712 1770 opere
1761 1699 2055 1771 perﬁciatis

464 1801 563 1839 nec
596 1785 772 1840 solum
801 1801 909 1841 non
928 1786 1196 1842 obediatis
1219 1803 1405 1858 opere,
1430 1788 1526 1843 sed
1546 1805 1723 1862 neque
1740 1788 2054 1846 exhibeatis

460 1873 532 1928 ita
561 1882 617 1928 ut
646 1882 832 1945 parata
879 1883 932 1929 et
980 1884 1286 1945 Opportuna
1323 1892 1421 1947 per
1466 1891 1795 1933 consensum
1844 1877 2051 1933 faciatis
2074 1905 2125 1965 Β

461 1963 709 2018 membra
744 1967 931 2018 vestra
957 1968 1207 2036 peccato.
1241 1963 1377 2032 Quia
1407 1964 1545 2020 sicut
1583 1981 1684 2021 nec
1719 1966 1950 2036 operari,
1975 1966 2054 2022 sic

458 2066 561 2105 nec
607 2050 751 2105 malo
786 2051 1095 2107 consentire
1141 2052 1370 2107 debetis.
1424 2053 1666 2107 Membra
1704 2063 1883 2109 vestra
1928 2054 2051 2110 dico

461 2147 587 2195 tunc
618 2138 762 2194 facta
789 2157 951 2195 arma
980 2142 1325 2214 iniquitatis,
1360 2141 1406 2195 si
1436 2140 1637 2196 fuerint
1665 2143 1902 2197 exhibita
1930 2159 2054 2214 pec-

459 2236 595 2284 cato.
630 2228 687 2284 Si
735 2228 880 2283 enim
927 2238 1154 2299 peccato
1201 2230 1607 2295 consenseritis,
1640 2238 1765 2286 tunc
1795 2230 2051 2303 iniquitas

456 2322 704 2371 armatur
732 2315 993 2371 membris
1023 2316 1235 2383 vestris,
1270 2325 1326 2372 ut
1355 2334 1455 2388 per
1482 2318 1597 2373 haec
1627 2333 1781 2372 arma
1804 2317 2051 2389 perﬁciat

455 2404 600 2476 quod
628 2404 769 2459 male
797 2404 960 2475 cupit.
988 2405 1168 2460 Nolite
1191 2420 1288 2461 vos
1311 2406 1566 2461 exhibere
1586 2406 1805 2472 delicto,
1831 2408 1926 2462 sed
1949 2424 2048 2463 ea:-

454 2493 633 2548 hibete
664 2509 755 2549 vos
786 2495 913 2556 Deo,
946 2493 1002 2547 id
1033 2502 1135 2560 est,
1166 2503 1470 2565 prmparate
1493 2511 1587 2549 vos
1611 2496 1749 2550 bene
1771 2496 2048 2565 operando

453 2579 682 2637 idoneos
707 2584 836 2638 Deo.
869 2583 934 2636 Et
960 2583 1163 2651 justum
1195 2591 1294 2649 est,
1331 2599 1428 2638 vos
1449 2583 1572 2639 dico
1596 2582 1767 2639 factos
1800 2586 2047 2640 viventes

451 2669 506 2725 in
529 2670 733 2739 justitia
760 2675 1032 2743 tanquam
1063 2687 1137 2727 ex
1166 2672 1442 2738 mortuis;
1472 2672 1670 2727 mortui
1701 2672 1841 2727 enim
1879 2674 2046 2727 eratis

448 2758 505 2813 in
531 2766 776 2830 peccato.
808 2759 924 2815 Nec
972 2759 1149 2814 solum
1193 2768 1317 2815 actu
1347 2760 1597 2816 exhibete
1638 2777 1736 2815 vos
1776 2762 1912 2826 Deo,
1947 2760 2045 2816 sed

450 2846 613 2902 etiam
660 2849 908 2903 membra
960 2853 1145 2903 vestra
1190 2848 1245 2902 in
1287 2864 1560 2904 consensu
1590 2857 1642 2904 et
1673 2850 2044 2906 exhortatione

450 2935 716 2991 bonorum
764 2944 1065 3007 praeparate
1113 2937 1241 2992 Deo.
1276 2937 1513 2991 Membra
1543 2945 1727 2992 vestra
1756 2938 1877 2992 dico
1907 2938 2044 2993 facta

451 3031 578 3079 tunc
603 3040 765 3079 arma
783 3024 1053 3094 justitia.
1079 3025 1176 3078 His
1197 3025 1339 3079 enim
1368 3025 1532 3079 armis
1552 3024 1798 3096 perﬁciet
1812 3026 2039 3094 justitia,

450 3111 594 3183 quod
625 3111 766 3167 bene
813 3112 1001 3167 suadet
1050 3120 1103 3167 et
1146 3112 1311 3182 cupit.
1360 3113 1583 3168 Debetis
1626 3114 1812 3184 utique
1857 3122 1910 3169 et
1936 3130 2021 3185 po-

453 3201 606 3255 testis
636 3200 892 3255 exhibere
922 3216 1019 3255 vos
1047 3201 1183 3256 Deo.
1208 3202 1348 3256 Nam
1367 3205 1682 3274 peccatum,
1706 3202 1805 3256 etsi
1827 3211 2040 3257 natura-

2162 653 2293 708 pere
2325 637 2550 708 potestis
2598 636 2846 692 libertate
2901 636 3134 707 perdita.
3182 636 3312 691 Ideo
3355 636 3552 690 bonum
3585 645 3666 691 est
3694 643 3752 690 ut

2162 722 2304 777 servi
2349 721 2476 777 facti
2518 722 2761 790 justitiaé,
2812 737 2845 776 a
2890 721 3063 791 gratia
3111 737 3219 775 non
3268 720 3571 787 declinetis,
3627 720 3750 793 quia

2162 811 2301 866 servi
2335 810 2458 866 facti
2488 811 2698 881 peccati
2725 826 2832 865 non
2865 810 3091 881 potestis
3120 818 3298 864 vestro
3320 810 3438 879 jure
3457 808 3651 864 reverti
3679 807 3751 863 ad

2162 899 2411 972 gratiam.
2447 901 2576 954 Ideo
2606 900 2658 953 in
2682 898 2890 968 justitia
2917 899 3223 969 perdurate,
3256 914 3355 953 nec
3385 905 3610 970 propter
3637 898 3742 953 hoc

2161 988 2356 1053 solum,
2400 989 2495 1043 sed
2542 988 2702 1043 etiam
2733 987 2855 1043 ideo
2904 987 3032 1059 quia
3074 1004 3196 1043 cum
3226 986 3354 1042 olim
3374 986 3509 1060 jugo
3539 984 3752 1058 peccati

2160 1077 2429 1148 deposito,
2485 1077 2612 1132 facti
2671 1076 2802 1132 estis
2858 1076 3007 1131 servi
3055 1076 3295 1145 justitize,
3356 1076 3403 1130 si
3455 1076 3649 1131 iterum
3677 1074 3748 1129 ad

2161 1167 2422 1221 vomitum
2490 1166 2689 1220 veteris
2756 1164 3027 1220 servitutis
3102 1163 3426 1230 relabimini,
3484 1163 3562 1218 rei
3619 1163 3750 1219 estis

2159 1254 2523 1309 instabilitatis
2570 1262 2621 1309 et
2662 1253 2821 1322 justze
2868 1252 3216 1324 perditionis;
3277 1252 3420 1325 quod
3477 1252 3555 1307 sic
3601 1252 3672 1306 ait
3732 1268 3748 1308 :

2157 1343 2279 1398 Non
2308 1344 2483 1398 solum
2517 1358 2617 1413 pro
2661 1358 2726 1397 eo
2775 1342 2918 1413 quod
2949 1343 3291 1412 prmmissum
3331 1349 3413 1396 cst
3451 1341 3751 1412 perdurare

2157 1432 2368 1486 debetis
2398 1432 2452 1485 in
2475 1431 2698 1500 justitia,
2734 1430 2831 1485 sed
2860 1432 3017 1485 etiam
3048 1446 3149 1502 pro
3180 1447 3244 1485 eo
3274 1429 3418 1502 quod
3447 1429 3702 1501 _sequitur
3734 1444 3749 1483 :

2156 1521 2309 1577 Unde
2337 1521 2550 1592 gratias
2580 1536 2678 1591 ago
2694 1520 2801 1574 Deo
2821 1536 2962 1586 meo,
2988 1519 3078 1589 qui
3101 1535 3196 1574 vos
3217 1519 3387 1592 gratis
3410 1518 3526 1573 sine
3560 1517 3752 1573 merito

2156 1618 2336 1665 vestro
2366 1625 2394 1662 a
2415 1609 2550 1678 jugo
2579 1608 2785 1679 peccati
2808 1607 3083 1663 liberavit.

2231 1696 2534 1753 3Slnde
2565 1697 2747 1767 utique
2777 1696 2982 1766 gratias
3009 1712 3142 1768 ago;
3171 1697 3301 1768 quia
3331 1711 3422 1751 vos
3439 1694 3748 1767 aliquando

2156 1786 2350 1858 fuistis
2362 1787 2505 1840 servi
2523 1786 2760 1856 peccati,
2779 1783 2875 1839 sed
2889 1784 2999 1852 jam
3017 1785 3293 1849 obedistis,
3310 1800 3410 1839 nec
3432 1781 3625 1851 coacti,
3650 1787 3747 1842 sed

2156 1891 2230 1929 ex
2258 1875 2441 1940 corde,
2475 1873 2529 1928 id
2560 1879 2642 1928 est
2670 1873 2890 1943 propria
2915 1872 3184 1927 voluntate
3203 1874 3380 1929 eundo
3410 1876 3471 1931 in
3501 1879 3749 1947 formam

2160 1963 2450 2027 doctrinae,
2475 1962 2526 2016 id
2545 1970 2644 2027 est,
2666 1961 2721 2015 in
2750 1962 3051 2016 doctrinam
3073 1979 3194 2032 qua:
3211 1978 3308 2017 vos
3326 1962 3451 2018 fecit
3481 1965 3597 2020 Deo
3617 1982 3748 2021 con-

2153 2052 2377 2106 formes.
2433 2051 2622 2122 Imago
2672 2050 2816 2105 enim
2862 2049 2963 2104 Dei
3009 2049 3312 2105 deformata
3368 2060 3419 2106 et
3475 2064 3749 2111 excaecata
3826 2088 3833 2091 —

2155 2139 2331 2195 fuerat
2371 2139 2425 2192 in
2474 2138 2666 2203 vobis;
2699 2138 2794 2193 sed
2823 2154 2920 2208 per
2957 2138 3369 2194 instructionem
3396 2156 3576 2196 meam
3606 2143 3750 2198 ima-

2158 2229 2339 2301 ginem
2372 2227 2471 2283 Dei
2510 2227 2563 2281 in
2612 2227 2767 2281 vobis
2797 2226 3106 2282 reformavi.
3139 2227 3394 2283 Formam
3422 2230 3544 2285 dico
3574 2231 3744 2303 illam,

2152 2318 2206 2372 id
2238 2325 2338 2382 est,
2390 2324 2499 2370 tam
2551 2315 2907 2371 excellentem
2944 2316 3081 2370 sicut
3123 2315 3558 2374 reformationem
3607 2319 3749 2376 ima-

2157 2406 2300 2477 ginis
2331 2405 2430 2460 Dei
2454 2423 2468 2469 ;
2502 2406 2564 2459 in
2593 2422 2760 2477 quam
2790 2403 3012 2458 formam
3040 2405 3239 2462 traditi
3258 2408 3393 2463 estis
3410 2424 3510 2479 per
3532 2408 3750 2465 miseri-

2158 2494 2398 2548 cordiam
2429 2493 2527 2547 Dei
2568 2502 2619 2547 et
2667 2493 2967 2547 doctrinam
3015 2502 3283 2549 nostram.
3338 2495 3441 2551 Per
3470 2513 3568 2551 vos
3599 2498 3751 2555 enim

2156 2580 2545 2635 insufﬁcientes
2603 2580 2765 2635 eratis
2820 2581 3126 2636 reformari.
3191 2582 3334 2637 Olim
3378 2582 3553 2639 fuistis
3599 2590 3751 2644 servi

2156 2670 2387 2741 peccati,
2422 2669 2519 2724 sed
2547 2685 2688 2725 nunc
2716 2670 2935 2725 liberati
2954 2688 2987 2725 a
3005 2677 3253 2741 peccato,
3276 2675 3420 2743 facti
3439 2677 3575 2729 estis
3596 2677 3746 2731 servi

2147 2760 2434 2831 justitia;
2466 2766 2515 2813 et
2544 2758 2667 2812 ideo
2689 2758 2855 2812 nolite
2876 2758 3102 2813 ulterius
3133 2760 3307 2833 redigi
3338 2761 3391 2814 in
3427 2762 3751 2819 servitutem

2149 2847 2381 2918 peccati.
2423 2847 2492 2901 Et
2523 2846 2677 2901 vobis
2706 2845 2859 2902 factis
2878 2847 2988 2916 jam
3019 2848 3193 2902 servis
3215 2849 3433 2917 justitiae
3467 2850 3591 2909 dico
3638 2852 3750 2908 hu-

2150 2952 2408 3001 manum,
2442 2936 2497 2990 id
2531 2944 2631 3000 est,
2683 2936 2940 3007 principio
2970 2937 3123 2991 vobis
3154 2938 3406 3009 quiddam
3437 2939 3569 2994 satis
3596 2939 3741 3011 leve,

2152 3025 2219 3077 ad
2252 3025 2396 3095 quod
2444 3024 2752 3079 humanitas
2782 3033 2963 3079 vestra
2990 3025 3122 3079 satis
3152 3035 3327 3096 potest
3356 3025 3632 3084 sufficere.
3675 3030 3749 3085 Et

2157 3112 2281 3176 hoc,
2309 3112 2436 3184 quia
2458 3112 2736 3183 spirituale
2758 3121 2839 3167 est
2859 3113 3110 3183 arduum,
3134 3130 3241 3169 non
3271 3116 3528 3186 praecipio
3550 3117 3708 3172 vobis
3726 3137 3746 3173 :

2154 3200 2292 3255 facio
2310 3202 2948 3274 propterinﬁrmitatem
2965 3205 3155 3258 carnis
3173 3208 3390 3269 vestrae,
3414 3204 3467 3259 id
3490 3213 3591 3273 est,
3615 3206 3747 3278 quia

450 3288 579 3344 liter
606 3288 674 3343 sit
703 3288 759 3342 in
778 3288 955 3355 vobis,
981 3306 1097 3346 non
1115 3297 1291 3343 tamen
1314 3290 1699 3345 dominabitur
1722 3291 1783 3345 in
1808 3292 1971 3357 vobis,
1997 3292 2042 3345 si
2075 3260 2119 3320 Ο
2154 3290 2267 3344 scio
2310 3305 2408 3345 vos
2437 3290 2613 3345 adhuc
2651 3290 2964 3346 carnalitate
3009 3292 3202 3362 premi,
3255 3308 3356 3348 nec
3386 3295 3518 3349 satis
3549 3260 3746 3355 ﬁrmos

450 3376 754 3432 confortato
785 3377 958 3433 libero
988 3377 1234 3444 arbitrio,
1268 3378 1443 3433 velitis
1472 3378 1567 3444 uti,
1603 3379 1700 3432 sed
1736 3379 1917 3449 potius
1948 3395 2045 3434 vos

449 3465 860 3521 dominabimini
888 3465 992 3536 ipsi
1039 3474 1282 3536 peccato,
1332 3482 1400 3521 ne
1428 3466 1623 3521 habeat
1653 3474 1860 3523 actum.
1904 3469 2041 3523 Vere

446 3562 735 3625 peccatum
764 3570 874 3610 non
898 3554 1265 3610 dominabitur
1291 3554 1348 3609 in
1376 3555 1532 3609 vobis
1566 3570 1578 3609 :
1611 3572 1725 3612 non
1749 3556 1857 3624 jam
1887 3559 2043 3613 enim

448 3644 584 3700 estis
616 3644 717 3699 sub
749 3644 882 3715 tege,
918 3660 1039 3715 quae
1071 3659 1197 3699 reos
1229 3642 1735 3712 faciebatjubendo,
1760 3660 1866 3699 non
1889 3646 2044 3715 adju-

446 3731 667 3798 vando;
702 3732 798 3788 sed
830 3734 968 3788 estis
1002 3733 1103 3788 sub
1130 3733 1335 3804 gratia,
1360 3748 1481 3804 qua:
1501 3732 1716 3787 dimittit
1735 3741 1955 3804 peccata
1990 3742 2041 3788 et

444 3820 663 3889 adjuvat
691 3820 909 3891 operari
936 3821 1100 3875 bona.

518 3908 660 3977 Quia
690 3909 886 3965 iterum
920 3924 1109 3965 errare
1140 3925 1203 3965 ex
1236 3925 1301 3966 eo
1352 3910 1618 3982 quosdam
1662 3911 1843 3976 sentit,
1895 3911 2040 3983 quod

444 3996 651 4053 dixerat
677 4014 777 4069 per
806 4000 1035 4071 gratiam
1066 3998 1248 4054 omnia
1294 3998 1515 4068 dimitti,
1543 4007 1595 4053 et
1621 3999 1726 4055 hac
1756 3998 1949 4055 ﬁducia
1980 4016 2039 4055 se

442 4102 687 4158 peccare,
734 4087 856 4158 quia
905 4086 1083 4158 gratia
1124 4095 1310 4158 parata
1353 4095 1487 4155 erat,
1538 4096 1594 4143 et
1638 4087 1915 4145 sufﬁciens
1944 4105 2037 4144 re-

441 4175 627 4230 laxare
656 4176 858 4242 omnia,
911 4184 1092 4231 contra
1136 4177 1217 4233 sic
1262 4176 1404 4232 male
1451 4185 1739 4248 operantes
1781 4177 1910 4233 dicit
1940 4178 2039 4233 hac

441 4263 741 4320 intentione
780 4280 892 4320 non
940 4281 1064 4320 esse
1103 4266 1465 4336 peccandum,
1498 4266 1622 4338 quia
1652 4266 1826 4339 gratia
1855 4265 2038 4321 omnia

444 4353 665 4425 quidem
714 4353 951 4423 dimittit,
1001 4354 1097 4409 sed
1147 4354 1192 4409 si
1237 4354 1432 4427 aliquis
1479 4355 1759 4426 peccando
1799 4371 1857 4410 se
1902 4354 2036 4409 sub-

444 4440 656 4496 duxerit
684 4442 896 4514 gratim,
943 4440 1118 4498 factus
1147 4459 1341 4499 servus
1371 4444 1602 4514 peccati,
1635 4443 1908 4515 quomodo
1937 4442 2037 4498 scit

442 4530 489 4585 si
537 4530 608 4585 ad
663 4530 892 4604 gratiam
949 4531 1148 4587 reverti
1203 4531 1415 4602 poterit,
1458 4548 1580 4587 cum
1624 4532 1736 4601 jam
1776 4531 1878 4586 sub
1900 4531 2035 4603 jugo

2151 3377 2205 3432 in
2238 3378 2626 3449 spiritualibus,
2676 3380 2991 3435 humanum
3032 3381 3217 3451 utique
3260 3382 3401 3438 dico.
3447 3384 3588 3437 Nam
3631 3386 3747 3445 hoc

2147 3467 2442 3521 humanum
2474 3476 2574 3531 est,
2598 3469 2749 3523 sicut
2779 3467 3114 3523 exhibuistis
3140 3470 3387 3525 membra
3406 3476 3593 3529 vestra
3623 3491 3750 3531 scr-

2145 3558 2263 3611 vire
2292 3557 2691 3623 immunditia’,
2724 3555 2779 3610 id
2800 3563 2881 3610 est
2907 3556 3149 3623 luxuriae,
3179 3558 3337 3630 gula),
3361 3558 3591 3626 libidini,
3626 3578 3747 3619 ser-

2144 3646 2260 3699 vire
2291 3644 2449 3698 etiam
2480 3645 2800 3716 iniquitati,
2833 3644 2887 3698 id
2919 3652 3018 3709 est,
3043 3660 3189 3700 omni
3206 3648 3475 3703 contrario
3495 3650 3740 3721 aequitati

2142 3734 2213 3788 ad
2251 3734 2734 3789 consummandam
2785 3734 3167 3805 iniquitatem,
3217 3735 3409 3791 saltem
3452 3738 3537 3793 ita
3578 3756 3742 3797 nunc

2141 3820 2329 3876 ﬁdeles
2359 3821 2483 3877 facti
2513 3821 2769 3877 exhibete
2790 3822 3040 3877 membra
3063 3827 3244 3878 vestra
3265 3826 3472 3881 servire
3481 3827 3743 3896 justitia:

2142 3910 2320 3965 eundo
2350 3912 2412 3965 in
2453 3911 2985 3979 sanctiﬁcationem,
3027 3911 3082 3965 id
3131 3920 3212 3966 est
3253 3911 3307 3966 in
3339 3912 3739 3984 plenitudinem

2131 3998 2371 4067 justitia}.
2396 4000 2511 4054 Hoc
2540 3999 2723 4069 utique
2753 3999 2885 4053 satis
2915 3999 3209 4054 humanum
3240 4009 3341 4070 est,
3385 4010 3443 4056 ut
3472 4011 3740 4075 quantum

2140 4087 2385 4142 servistis
2430 4086 2668 4153 diabolo,
2719 4096 2923 4141 tantum
2974 4088 3221 4143 servietis
3266 4091 3400 4156 Deo,
3447 4090 3533 4146 cui
3560 4094 3740 4149 multo

2136 4175 2313 4248 magis
2353 4175 2484 4230 estis
2525 4175 2764 4231 obnoxii.
2798 4176 2939 4231 Vere
2970 4175 3096 4247 quia
3126 4177 3266 4233 servi
3297 4177 3418 4234 facti
3448 4179 3577 4234 estis
3606 4181 3736 4249 Dei,

2137 4264 2339 4318 servire
2369 4264 2576 4319 debetis
2600 4264 2839 4333 justitia}.
2872 4265 3012 4320 Nam
3030 4282 3158 4321 cum
3179 4266 3329 4337 prius
3360 4270 3555 4324 essetis
3582 4273 3741 4326 servi

2133 4355 2372 4424 peccati,
2407 4350 2568 4407 liberi
2598 4360 2723 4408 tunc
2751 4353 2947 4424 fuistis
2965 4353 3231 4423 justitia,
3265 4354 3321 4409 id
3342 4363 3443 4421 est,
3476 4367 3740 4427 expertes

2138 4440 2209 4493 ab
2246 4440 2394 4495 omni
2442 4440 2668 4509 justitia,
2702 4439 2934 4496 ﬁdeliter
2983 4442 3286 4497 servientes
3325 4452 3570 4515 peccato.
3619 4445 3739 4503 Sed

2138 4544 2281 4585 nunc
2310 4527 2434 4585 facti
2477 4529 2622 4584 servi
2660 4529 2899 4598 justitiae,
2951 4528 3115 4600 longe
3146 4528 3359 4586 ﬁdelius
3390 4532 3594 4588 servire
3624 4534 3733 4589 de-

444 4620 649 4690 peccati
671 4619 870 4691 ligatus
901 4619 1014 4674 sit?
1045 4619 1500 4693 Quandoquidem
1526 4620 1626 4675 sub
1654 4621 1830 4692 gratia
1847 4636 2036 4675 sumus
2057 4614 2107 4673 D
2138 4617 2277 4672 betis
2305 4618 2441 4673 Deo.
2476 4616 2926 4689 Quandoquidem
2955 4632 3142 4673 amore
3162 4619 3370 4689 peccati
3393 4619 3597 4676 fecistis
3627 4639 3739 4679 vos

441 4724 563 4780 quae
594 4706 928 4764 sufﬁcienter
954 4716 1148 4780 purgat
1175 4709 1357 4765 omnia
1388 4727 1401 4764 :
1436 4726 1561 4781 ergo
1583 4710 1714 4781 quid
1741 4709 2034 4766 dicemus?

442 4800 526 4852 An
556 4796 681 4852 ideo
709 4796 855 4852 licite
884 4799 1258 4870 peecabimus,
1292 4800 1559 4871 quoniam
1589 4814 1705 4853 non
1722 4814 1919 4853 sumus
1936 4799 2036 4853 sub

443 4886 581 4955 lege.
618 4902 739 4956 quae
763 4886 1006 4954 jubendo
1035 4894 1229 4958 gravat
1258 4894 1313 4942 et
1340 4902 1447 4941 non
1470 4885 1707 4954 adjuvat,
1732 4886 1826 4941 sed
1848 4902 2036 4940 sumus

442 4972 541 5029 sub
567 4975 775 5045 gratia,
809 4991 928 5045 quae
959 4982 1011 5030 et
1043 4983 1268 5046 peccata
1297 4974 1538 5039 remittit,
1570 4981 1623 5028 et
1654 4973 1793 5028 bene
1822 4973 2035 5044 operari

438 5061 705 5129 adjuvat?
732 5062 922 5118 Absit!
957 5064 1090 5130 Hoc,
1123 5063 1317 5134 inquit,
1338 5063 1533 5117 abesse
1550 5061 1730 5124 debet,
1758 5069 1815 5116 ut
1834 5078 2034 5132 pecce-

437 5161 560 5200 mus
590 5145 789 5202 ﬁducia
809 5147 1002 5220 gratiae
1028 5167 1044 5214 ;
1077 5148 1203 5219 quia
1225 5162 1293 5201 an
1316 5147 1551 5202 nescitis
1580 5146 1721 5217 quod
1750 5148 1895 5202 servi
1915 5149 2035 5218 ejus

436 5236 572 5291 estis
605 5236 701 5291 cui
730 5237 1069 5292 exhibuistis
1099 5252 1189 5292 vos
1210 5236 1282 5291 ad
1299 5234 1665 5290 obediendum
1684 5234 1713 5287 ‘I
1742 5234 2033 5290 Servidico

434 5322 563 5379 facti
592 5326 686 5380 cui
716 5325 994 5390 obedistis,
1029 5324 1083 5379 id
1115 5332 1214 5389 est,
1246 5323 1302 5377 in
1333 5339 1395 5377 ea
1425 5323 1558 5378 hora
1588 5338 1691 5394 qua
1712 5323 1817 5378 cito
1838 5323 2031 5379 obedi-

435 5411 553 5466 stis.
586 5411 717 5480 Ejus
744 5412 888 5466 servi
917 5412 1039 5468 dico
1064 5430 1077 5477 ;
1102 5414 1215 5467 sive
1247 5413 1464 5483 peccati
1493 5411 1579 5466 cui
1608 5411 1889 5475 obedistis,
1934 5412 2031 5466 du-

435 5500 608 5554 centis
634 5499 708 5555 ad
738 5504 999 5564 mortem,
1028 5500 1082 5554 id
1104 5506 1186 5554 est
1205 5499 1274 5553 ad
1299 5499 1728 5565 damnationem;
1750 5502 1863 5555 sive
1886 5499 2029 5556 servi

432 5588 563 5643 estis
592 5588 944 5654 obeditionis,
978 5588 1033 5642 id
1061 5596 1142 5642 est
1164 5588 1385 5656 justitiae
1413 5588 1660 5645 ducentis
1691 5605 1788 5645 vos
1816 5589 1887 5644 ad
1912 5604 2029 5643 ma—

425 5677 604 5749 jorem
626 5676 923 5747 justitiam
945 5697 964 5743 ;
996 5676 1123 5749 quia
1143 5675 1449 5735 obediendo
1466 5686 1713 5752 peccato,
1736 5678 1878 5734 servi
1901 5693 2032 5751 pec-

2142 4714 2392 4777 expertes
2420 4705 2582 4760 totius
2605 4706 2862 4774 justitize:
2896 4722 3025 4778 ergo
3041 4723 3205 4779 quem
3225 4710 3499 4778 fructum,
3535 4709 3589 4763 id
3621 4719 3734 4780 est,

2135 4794 2265 4865 quid
2292 4794 2532 4848 utilitatis
2563 4793 2837 4850 habuistis
2868 4798 3005 4850 tunc
3048 4804 3174 4850 ante
3212 4796 3628 4853 conversionem
3663 4800 3737 4856 de

2134 4884 2253 4939 illis
2281 4883 2343 4937 in
2364 4884 2559 4954 quibus
2588 4888 2743 4938 nunc
2774 4891 2895 4954 post
2915 4884 3327 4939 conversionem
3350 4887 3684 4944 erubescitis
3707 4890 3740 4944 ?

2133 4971 2261 5026 Ideo
2291 4970 2369 5026 sic
2412 4970 2802 5044 interrogando
2845 4971 3114 5026 invehitur
3156 4973 3210 5027 in
3253 4989 3369 5039 eos,
3411 4982 3529 5029 uta
3558 4977 3743 5032 servi-

2133 5067 2241 5115 tute
2298 5060 2505 5131 peccati
2560 5060 2738 5130 magis
2768 5061 3058 5116 deterreat.
3110 5062 3189 5115 De
3232 5063 3512 5134 temporali
3545 5062 3738 5121 fructu

2130 5147 2341 5219 peccati
2400 5148 2523 5204 ideo
2572 5149 2746 5203 solum
2776 5149 3009 5221 requiro
3044 5164 3056 5203 :
3092 5165 3214 5204 nan:
3266 5150 3334 5205 de
3380 5149 3486 5206 ﬁne
3531 5168 3740 5209 eorum

2132 5237 2261 5291 satis
2288 5246 2496 5293 constat
2542 5238 2675 5306 ﬁnis
2713 5239 2945 5294 illorum
2975 5242 3058 5293 est
3099 5256 3269 5308 mors,
3302 5238 3357 5294 id
3396 5248 3496 5306 est,
3528 5239 3585 5295 in
3617 5239 3739 5299 fine

2133 5325 2256 5381 vita:
2307 5326 2557 5381 absorbet
2604 5326 2737 5380 istos
2788 5335 2995 5382 aeterna
3040 5327 3336 5383 damnatio.
3386 5327 3543 5383 Servi
3594 5329 3739 5388 facti

2130 5414 2337 5485 peccati
2384 5415 2591 5469 nullum
2641 5414 2874 5470 fructum
2934 5415 3218 5480 habuistis,
3271 5416 3367 5471 sed
3419 5434 3576 5473 nunc
3624 5436 3739 5491 per

2127 5504 2357 5576 gratiam
2390 5505 2612 5559 liberati
2640 5522 2675 5558 a
2699 5508 2948 5575 peccato,
2984 5505 3128 5560 servi
3158 5508 3351 5559 autem
3390 5508 3537 5576 facti
3588 5508 3736 5575 Deo,

2129 5592 2343 5648 habetis
2372 5596 2629 5663 [ructum
2664 5596 2933 5659 vestrum,
2985 5593 3040 5646 id
3089 5601 3190 5661 est,
3224 5591 3331 5647 fide
3357 5603 3613 5664 suscepta
3646 5599 3745 5653 di-

2126 5697 2292 5756 gnum
2317 5698 2331 5734 :
2350 5679 2582 5738 fructum
2606 5680 2728 5736 dico
2750 5681 3061 5737 tendentem
3082 5683 3145 5737 in
3179 5682 3739 5752 sanctiﬁcationem.
