3970 6480
291 401 342 451 61
932 392 1317 451 EXPOSITIO
1358 394 1432 448 IN
1469 389 1855 449 EPISTOLAS
1896 389 2117 447 PAULI.
2159 421 2230 432 —
2268 390 2344 445 IN
2381 389 2600 445 EPIST.
2644 389 2740 445 AD
2780 386 2950 445 ROM.
3536 386 3604 440 62

291 522 340 577 id
372 529 476 592 est,
512 522 566 577 in
596 521 992 594 plenitudinem
1019 520 1265 590 justitiae.
1314 519 1470 591 Impii
1511 526 1746 575 mortem
1800 517 1894 572 ha—
1915 519 1968 578 Α
2003 539 2024 563 α
2061 516 2263 571 malum
2291 517 2396 572 hoc
2426 531 2553 589 ago.
2588 515 2645 571 Si
2675 522 2855 570 autem
2901 513 3047 587 quod
3093 511 3222 569 nolo
3265 510 3399 567 illud
3440 508 3605 576 facio,

298 613 442 676 bent,
481 611 585 666 sed
616 627 713 666 vos
743 611 954 666 habetis
1000 611 1174 679 ﬁnem
1221 611 1399 665 vitam
1428 613 1725 664 aeternam.
1759 607 1899 661 Vere

299 716 443 756 mors
478 709 561 756 est
591 698 715 754 finis
766 700 1010 754 illorum:
1051 715 1179 754 nam
1229 715 1378 756 mors
1427 706 1509 753 est
1547 696 1898 769 stipendium

296 791 534 862 peccati,
571 790 624 843 id
655 798 756 854 est,
789 797 1078 860 peccatum
1127 788 1398 842 ministrat
1435 789 1578 842 hanc
1609 786 1824 856 stipem,
1845 784 1901 838 id

297 886 374 933 est
404 887 658 933 mortem.
694 877 1034 948 Stipendium
1062 877 1280 942 dicitur,
1318 878 1422 932 hoc
1453 876 1600 948 quod
1630 875 1895 939 tribunus,

301 967 387 1022 vel
417 976 640 1038 praetor,
675 975 901 1038 pensata
936 967 1195 1023 mercede
1237 966 1444 1032 militis,
1477 964 1748 1018 ministrat
1764 963 1815 1018 ei
1845 963 1902 1017 in

297 1057 555 1111 exercitu.
591 1058 735 1111 Mors
766 1056 994 1111 habetur
1021 1073 1086 1111 ex
1135 1064 1380 1127 peccato,
1432 1054 1529 1109 sed
1545 1056 1660 1109 vita
1681 1057 1901 1108 wterna

301 1146 530 1201 habetur
557 1163 658 1218 per
687 1147 934 1216 gratiam
965 1147 1084 1201 Dei.
1131 1145 1277 1201 Licet
1307 1144 1451 1199 enim
1483 1143 1701 1214 aliquod
1732 1141 1900 1196 meri-

299 1243 410 1289 tum
439 1235 509 1288 sit
538 1235 631 1300 ibi,
692 1235 870 1305 prima
916 1243 1100 1290 tamen
1152 1232 1466 1304 justiﬁcatio
1521 1232 1620 1287 fuit
1678 1248 1742 1286 ex
1786 1231 1903 1286 sola

298 1323 491 1396 gratia.
539 1325 605 1378 Et
663 1325 893 1380 directio
948 1324 1070 1379 vitae
1136 1340 1258 1395 quae
1313 1321 1574 1394 sequitur,
1609 1329 1662 1376 et
1708 1321 1900 1375 eadem

299 1413 471 1483 gratia
521 1413 685 1485 longe
716 1413 948 1484 amplius
1009 1429 1170 1484 quam
1227 1411 1489 1467 meruerit
1544 1417 1899 1476 remunerat;

305 1501 473 1573 gratia
532 1502 625 1556 dat
656 1502 821 1558 vitam
853 1510 1154 1568 aeternam;
1189 1510 1241 1556 et
1275 1507 1374 1556 hoc
1405 1502 1463 1556 in
1499 1500 1718 1555 Christo
1748 1501 1896 1566 Jesu,

300 1599 354 1654 id
410 1609 493 1656 est
546 1617 648 1672 per
700 1602 882 1657 Jesum
945 1601 1215 1656 Christum
1269 1599 1562 1655 Dominum
1631 1605 1898 1654 nostrum.

927 1744 1154 1800 CAPUT
1178 1744 1293 1799 VII.

2003 627 2025 656 ε
2056 607 2171 674 jam
2201 621 2311 660 non
2341 621 2446 677 ego
2467 620 2669 675 Operor
2698 604 2848 670 illud,
2893 603 2990 659 sed
3024 603 3168 675 quod
3199 601 3406 656 habitat
3432 599 3488 653 in
3517 614 3606 654 me

2003 718 2025 742 α
2052 703 2360 766 peccatum.
2383 694 2606 749 Invenio
2640 693 2808 766 igitur
2823 694 3002 764 legem
3020 690 3224 747 volenti
3245 689 3377 745 mihi
3418 688 3609 744 facere

2004 805 2026 834 ι
2063 784 2287 848 bonum,
2321 783 2575 855 quoniam
2624 783 2755 836 mihi
2804 782 3006 836 malum
3054 780 3284 850 adjacet.
3331 777 3606 835 Condele-

2003 895 2025 924 ι
2060 881 2180 928 ctor
2210 873 2353 928 enim
2384 872 2494 944 legi
2512 871 2608 926 Dei
2629 872 2930 927 secundum
2951 871 3271 926 interiorem
3301 867 3604 923 hominem.

2003 983 2026 1012 α
2063 962 2235 1017 Video
2265 969 2444 1016 autem
2476 961 2634 1015 aliam
2666 961 2845 1034 legem
2887 960 2940 1013 in
2989 959 3250 1015 membris
3303 957 3459 1025 meis,
3521 971 3607 1010 re-

2004 1073 2026 1097 ι
2061 1059 2396 1124 pugnantem
2443 1050 2553 1123 legi
2599 1050 2794 1105 mentis
2822 1065 2978 1114 meae,
3033 1057 3085 1104 et
3116 1048 3484 1118 captivantem
3515 1059 3605 1099 me

2005 1164 2026 1185 -
2062 1140 2354 1212 [captivum
2399 1155 2485 1194 me
2508 1138 2816 1210 ducentem]
2865 1139 2920 1192 in
2949 1138 3073 1210 lege
3123 1136 3334 1208 peccati
3374 1151 3494 1206 qua:
3525 1140 3610 1188 est

2006 1252 2028 1276 α
2072 1230 2125 1283 in
2158 1229 2422 1284 membris
2450 1228 2609 1283 meis.
2645 1227 2834 1282 Infelix
2866 1243 2972 1300 ego
2993 1228 3176 1291 homo,
3203 1225 3325 1297 quis
3347 1240 3436 1279 me
3464 1223 3607 1277 libe-

2007 1341 2028 1369 α
2067 1319 2205 1372 rabit
2237 1318 2305 1373 de
2347 1334 2578 1389 corpore
2608 1317 2799 1372 mortis
2855 1318 3012 1387 hujus
3043 1317 3071 1370 Τ
3117 1314 3303 1370 Gratia
3354 1312 3473 1378 Dei,
3509 1327 3608 1383 per

2006 1428 2027 1457 ι
2062 1409 2250 1463 Jesum
2302 1407 2576 1462 Christum
2629 1406 2920 1462 Dominum
2964 1413 3232 1460 nostrum.
3287 1402 3457 1475 Igitur
3503 1416 3608 1471 ego

2006 1521 2027 1544 α
2064 1497 2182 1568 ipse
2212 1505 2394 1554 mente
2425 1496 2605 1553 servio
2635 1495 2746 1571 legi
2776 1495 2896 1564 Dei,
2929 1510 3093 1551 carne
3135 1501 3316 1549 autem
3347 1490 3456 1562 legi
3479 1505 3608 1563 pec-

2006 1610 2027 1634 u
2066 1587 2186 1643 cali.
2227 1607 2250 1637 ι

2645 1743 2962 1784 EXPOSITIO.

377 1873 399 1897 α
437 1853 519 1906 An
567 1850 850 1923 ignoratis,
897 1851 1097 1907 fratres
1148 1851 1469 1922 (scientibus
1527 1849 1673 1905 enim
1720 1849 1899 1921 legem
1922 1885 1973 1944 Β
2074 1853 2211 1922 Quia
2241 1851 2494 1924 superius
2523 1852 2654 1907 satis
2687 1853 3014 1924 probaverat
3052 1850 3253 1906 debere
3283 1865 3379 1905 eos
3411 1847 3608 1918 subjici

305 1963 326 1986 α
361 1937 579 2009 loquor)
625 1940 755 2010 quia
802 1940 887 1996 lex
925 1940 980 1995 in
1028 1941 1249 1996 homine
1305 1940 1637 2008 dominatur,
1697 1947 1898 2011 quanto

305 2050 326 2074 «
362 2035 607 2098 tempore
637 2028 808 2082 vivit?
832 2031 970 2084 Nam
1000 2045 1122 2100 quae
1163 2029 1264 2084 sub
1293 2029 1411 2084 viro
1443 2037 1524 2084 est
1580 2027 1794 2092 mulier,
1830 2027 1904 2082 vi-

306 2137 327 2164 ¢
365 2125 523 2172 vente
556 2117 674 2172 viro
729 2118 953 2190 alligata
983 2127 1066 2173 est
1120 2117 1250 2191 legi,
1313 2118 1357 2172 si
1417 2127 1594 2172 autem
1654 2125 1902 2172 mortuus

309 2228 329 2250 α
376 2203 534 2259 fuerit
565 2205 644 2260 vir
675 2207 808 2276 ejus,
867 2207 1040 2262 saluta
1071 2216 1152 2261 est
1201 2223 1233 2261 a
1263 2206 1387 2279 lege
1435 2206 1552 2261 viri.
1623 2206 1795 2279 Igitur
1817 2205 1902 2260 vi-

307 2315 328 2338 α
375 2301 532 2349 vente
584 2294 700 2350 viro
746 2295 981 2368 [marito]
1030 2295 1310 2352 vocabitur
1352 2295 1616 2363 adultera,
1669 2294 1715 2350 si
1745 2294 1904 2349 fuerit

310 2408 330 2437 ι
367 2399 488 2443 cum
519 2384 625 2440 alio
654 2385 768 2440 viro
815 2405 829 2450 ;
864 2385 909 2440 si
939 2393 1119 2440 autem
1149 2395 1392 2441 mortuus
1421 2384 1580 2440 fuerit
1627 2385 1708 2439 vir
1763 2384 1899 2452 ejus,

308 2500 331 2528 ι
367 2477 598 2532 liberata
641 2483 725 2530 est
756 2490 788 2528 a
825 2475 948 2546 lege
979 2475 1096 2542 viri,
1156 2484 1213 2530 ut
1256 2491 1366 2530 non
1424 2475 1493 2528 sit
1538 2473 1800 2538 adultera,
1859 2473 1905 2527 si

309 2589 332 2617 ι
376 2582 499 2622 cum
530 2564 639 2620 alio
683 2563 843 2618 fuerit
889 2564 1025 2620 viro.
1059 2566 1265 2636 Itaque,
1325 2564 1525 2619 fratres
1571 2563 1773 2628 mei,et
1805 2578 1904 2617 vos

309 2677 332 2706 ι
375 2653 682 2710 mortiticati
712 2653 843 2708 estis
867 2652 975 2724 legi
1007 2671 1104 2725 per
1133 2670 1334 2725 corpus
1383 2653 1585 2708 Christi
1638 2668 1649 2706 :
1698 2661 1756 2706 ut
1786 2651 1904 2706 sitis

308 2767 331 2794 ε
369 2759 466 2799 vos
507 2743 732 2798 alterius
768 2743 860 2814 qui
890 2759 955 2798 ex
989 2744 1215 2798 mortuis
1257 2743 1572 2810 resurrexit,
1608 2751 1666 2796 ut
1709 2741 1902 2797 fructi-

309 2855 331 2884 σι
369 2831 540 2888 ﬁcetis
571 2834 706 2886 Deo.
741 2832 872 2886 Cum
887 2832 1030 2886 enim
1055 2848 1303 2887 essemus
1319 2831 1374 2886 in
1405 2848 1584 2900 carne,
1617 2831 1904 2902 passiones

307 2944 332 2974 ι
380 2929 731 2993 peccatorum
772 2937 894 2992 quae
948 2937 1044 2992 per
1099 2921 1282 2994 legem
1330 2929 1484 2976 erant
1539 2920 1906 2991 operabantur

307 3033 330 3061 ι
367 3011 420 3065 in
450 3009 709 3065 membris
747 3010 944 3066 nostris
995 3018 1052 3064 ut
1110 3008 1498 3065 fructiﬁcarent
1526 3009 1706 3064 morti.
1746 3008 1904 3065 39

307 3121 331 3150 ι
368 3101 525 3155 Nunc
581 3108 760 3154 autem
808 3099 970 3154 soluti
1008 3116 1196 3154 sumus
1227 3115 1259 3154 a
1302 3100 1425 3172 lege
1447 3099 1656 3165 mortis,
1698 3098 1753 3152 in
1797 3113 1906 3170 qua

308 3210 331 3238 ι
369 3188 764 3256 detinebamur,
813 3189 887 3243 ita
943 3196 999 3243 ut
1027 3189 1329 3244 serviamus
1352 3189 1406 3242 in
1463 3187 1700 3243 novitate
1746 3186 1906 3257 spiri-

2001 1942 2216 2015 gratiae,
2251 1950 2304 1997 et
2350 1941 2699 1997 serviendum
2728 1957 2851 1997 esse
2880 1941 3016 2007 Deo,
3050 1956 3119 1994 ne
3153 1939 3318 1994 modo
3353 1937 3407 1991 in
3447 1937 3607 2010 lega-

1999 2032 2142 2086 libus
2157 2039 2412 2102 putarent
2441 2047 2500 2084 se
2521 2031 2723 2085 debere
2757 2030 2966 2086 servire
2989 2031 3104 2084 Deo
3125 2029 3431 2099 (peccatum
3462 2026 3608 2080 enim

2003 2137 2126 2176 esse
2171 2120 2490 2188 credebant,
2541 2120 2587 2174 si
2616 2120 2773 2174 etiam
2804 2119 2859 2173 in
2889 2128 3138 2189 tempore
3185 2117 3376 2189 gratiae
3408 2115 3606 2189 legalia

2001 2209 2502 2281 praetermitterent)
2552 2209 2747 2280 probat
2792 2209 2990 2263 Paulus
3037 2223 3147 2262 non
3197 2206 3426 2262 ulterius
3484 2221 3605 2260 ser-

2002 2299 2260 2353 viendum
2288 2314 2412 2353 esse
2441 2298 2498 2352 in
2527 2298 2816 2370 legalibus,
2853 2313 2973 2369 quae
3000 2297 3045 2351 si
3085 2296 3367 2362 deserunt,
3391 2310 3502 2350 non
3524 2301 3610 2349 est

2002 2396 2287 2458 peccatum
2322 2406 2336 2453 ;
2372 2387 2417 2441 si
2450 2386 2672 2453 faciunt,
2702 2387 2784 2442 rei
2836 2394 2976 2441 sunt.
3009 2387 3132 2440 Non
3179 2384 3324 2440 enim
3369 2383 3608 2439 tenenda

2004 2486 2088 2532 est
2116 2477 2330 2542 umbra,
2361 2485 2652 2548 postquam
2683 2473 2831 2531 venit
2858 2477 3075 2541 veritas,
3099 2482 3152 2530 et
3182 2490 3304 2530 cum
3337 2472 3608 2529 carnalem

2003 2566 2185 2639 legem
2217 2566 2470 2637 expellat,
2506 2565 2767 2636 spirituali
2795 2565 2905 2637 legi
2937 2565 3125 2635 alligat
3143 2579 3258 2619 eos.
3293 2562 3498 2617 Littera
3525 2561 3607 2616 sic

1998 2655 2248 2727 jungitur
2287 2673 2300 2708 :
2335 2656 2438 2709 Per
2469 2655 2744 2709 Christum
2790 2656 2974 2710 Jesum
3007 2662 3086 2708 est
3117 2652 3226 2708 vita
3246 2661 3451 2706 aeterna
3480 2659 3607 2706 tan-

2005 2754 2137 2799 tum.
2170 2745 2307 2798 Nam
2336 2760 2436 2814 per
2456 2743 2637 2815 legem
2654 2758 2792 2808 non;
2819 2743 2947 2814 quia
2963 2760 3040 2798 an
3069 2743 3348 2812 ignoratis
3368 2744 3605 2811 fratres,

2005 2842 2062 2888 ut
2091 2833 2270 2905 magis
2301 2832 2499 2887 excitet
2519 2832 2587 2886 ad
2619 2831 2954 2887 intellectum
3005 2832 3164 2900 hujus
3195 2830 3294 2894 rei,
3331 2837 3383 2884 et
3413 2829 3611 2883 fratres

2005 2931 2180 2985 vocat,
2217 2921 2607 2993 etinterrogat.
2634 2921 2749 2975 Nec
2772 2921 3026 2991 ignorare
3049 2919 3261 2974 debetis
3281 2919 3611 2987 (scientibus

2006 3013 2161 3068 enim
2194 3013 2368 3082 Ioge-m
2392 3010 2604 3083 loquor)
2624 3010 2770 3081 quia,
2802 3010 2847 3064 si
2881 3010 3019 3064 bene
3049 3008 3329 3074 consultis,
3357 3008 3502 3062 idem
3531 3007 3615 3061 in-

2007 3100 2254 3156 venietis.
2279 3099 2644 3172 Anignoratis
2657 3098 2780 3155 dico
2802 3101 2934 3171 quia
2955 3100 3050 3154 lea:
3073 3113 3412 3170 quaecunque
3432 3096 3611 3168 posita

2009 3191 2097 3255 sit,
2130 3190 2462 3246 dominatur
2491 3191 2554 3244 in
2586 3190 2829 3254 homine,
2863 3204 2972 3243 non
3003 3203 3242 3259 semper,
3281 3187 3379 3242 sed
3400 3191 3610 3260 quanto

307 3301 330 3326 ιι
371 3286 476 3344 tus,
508 3285 562 3333 et
578 3293 685 3332 non
703 3251 759 3332 in
776 3285 1041 3334 vetustate
1063 3276 1432 3346 litterm.Quid
1463 3293 1595 3348 ergo
1632 3251 1908 3332 dicemus?
1932 3251 1978 3311 Ο
2011 3251 2257 3352 tempore
2288 3281 2426 3334 vivit
2455 3278 2544 3333 lex
2573 3278 2626 3332 in
2655 3294 2720 3333 eo
2752 3251 2988 3343 homine,
3032 3251 3140 3332 vel-
3177 3251 3342 3332 homo
3397 3251 3500 3330 sub
3549 3291 3611 3330 ea

308 3387 332 3416 ι
371 3367 480 3421 Lex
512 3374 797 3437 peccatum
827 3374 909 3422 est
937 3367 965 3421 ξ)
994 3367 1148 3422 Absit
1184 3366 1195 3422 l
1230 3367 1339 3422 Sed
1370 3374 1651 3437 peccatum
1682 3382 1790 3420 non
1809 3381 1907 3422 co-

306 3479 329 3501 «ι
373 3454 558 3526 gnovi,
592 3455 697 3509 nisi
726 3471 824 3525 per
853 3455 1054 3527 legem.
1103 3456 1244 3510 Nam
1274 3454 1773 3525 concupiscentiam
1806 3469 1908 3508 ne-

306 3563 329 3594 ι
369 3542 642 3606 sciebam,
703 3543 805 3598 nisi
861 3544 948 3599 lex
1004 3544 1255 3599 diceret:
1296 3565 1317 3594 ι
1369 3544 1492 3598 Non
1548 3543 1910 3614 concupisces

309 3656 332 3680 ιι
371 3631 572 3702 (Exod.
606 3647 706 3700 xx,
745 3635 849 3698 t7;
884 3635 1046 3689 Deut.
1075 3649 1127 3698 v,
1165 3631 1336 3703 49)..»
1390 3631 1696 3688 Occasione
1727 3640 1909 3687 autem

310 3743 332 3772 ι
371 3729 597 3792 accepta
620 3765 636 3787 ,
682 3730 967 3792 peccatum
1015 3738 1115 3792 per
1163 3721 1479 3776 mandatum
1511 3729 1792 3792 operatum
1828 3728 1911 3775 est

307 3842 330 3865 α
373 3811 430 3869 in
459 3828 547 3866 me
575 3827 792 3867 omnem
841 3810 1361 3881 concupiscentiam.
1423 3810 1552 3866 Sine
1582 3810 1704 3881 lege
1765 3810 1908 3864 enim

309 3928 332 3958 ι
373 3910 659 3976 peccatum
690 3907 958 3955 mortuum
990 3907 1128 3954 erat.
1153 3901 1272 3972 Ego
1301 3908 1483 3955 autem
1512 3899 1762 3955 vivebam
1793 3900 1911 3956 sine

310 4019 333 4042 «ε
375 3995 497 4066 lege
527 3991 840 4061 aliquando.
859 3989 967 4044 Sed
997 4005 1120 4044 cum
1153 3988 1393 4044 venisset
1422 3989 1756 4054 mandatum,
1788 4004 1914 4060 pec-

311 4110 334 4132 α
372 4091 553 4140 catum
582 4079 794 4135 revixit.
829 4079 948 4149 Ego
977 4087 1154 4133 autem
1195 4085 1446 4132 mortuus
1478 4095 1616 4144 sum,
1642 4086 1694 4134 et
1716 4079 1911 4134 inven-

313 4195 336 4221 α
377 4181 486 4226 tum
517 4178 598 4224 est
627 4169 757 4222 mihi
794 4168 1107 4222 mandatum
1141 4167 1288 4237 quod
1319 4175 1434 4222 erat
1489 4167 1557 4223 ad
1588 4169 1774 4231 vitam,
1810 4169 1913 4224 hoc

310 4287 333 4310 α
375 4277 496 4316 esse
527 4259 594 4314 ad
627 4265 878 4313 mortem.
911 4257 1049 4310 Nam
1071 4264 1352 4326 peccatum
1375 4256 1664 4312 occasione
1685 4264 1912 4327 accepta

311 4373 335 4401 α
374 4366 474 4420 per
503 4347 813 4402 mandatum
871 4345 1085 4400 seduxit
1126 4361 1231 4410 me,
1267 4352 1320 4399 et
1366 4361 1463 4415 per
1510 4345 1644 4400 illud
1690 4346 1910 4402 occidit.

310 4461 334 4489 ι
375 4441 557 4510 ltaque
586 4437 671 4491 lex
716 4435 931 4507 quidem
966 4442 1174 4500 sancta,
1209 4442 1262 4488 et
1293 4434 1608 4489 mandatum
1639 4444 1910 4502 sanctum,

309 4552 331 4575 .-
375 4536 427 4582 et
477 4527 701 4595 justum,
765 4532 818 4579 et
881 4524 1079 4578 bonum
1127 4524 1171 4591 (Ι
1213 4524 1347 4578 Tim.
1382 4539 1419 4591 ι,
1455 4527 1530 4593 8).
1572 4523 1729 4592 Quod
1777 4541 1913 4596 ergo

310 4639 333 4668 ι
372 4617 573 4670 bonum
605 4622 707 4682 est,
741 4613 870 4667 mihi
891 4612 1092 4668 factum
1122 4621 1203 4667 est
1228 4613 1416 4666 mors?
1434 4613 1588 4667 Absit
1614 4612 1624 4668 l
1651 4614 1759 4668 Sed
1779 4630 1911 4685 pec-

311 4728 334 4756 ί
372 4713 571 4768 catum,
606 4711 662 4756 ut
680 4710 940 4773 appareat
957 4712 1263 4773 peccatum,
1288 4718 1387 4773 per
1406 4701 1608 4758 bonum
1633 4712 1915 4774 operatum

312 4816 335 4845 ι
377 4803 458 4848 est
487 4793 617 4847 mihi
655 4800 905 4858 mortem;
960 4799 1016 4845 ut
1063 4790 1154 4847 fiat
1192 4809 1362 4863 supra
1411 4794 1632 4848 modum
1681 4809 1915 4863 peccans

312 4906 336 4934 α
385 4891 670 4954 peccatum
701 4898 800 4952 per
840 4881 1176 4938 mandatum.
1213 4883 1424 4938 Scimus
1469 4883 1614 4938 enim
1647 4883 1772 4954 quia
1829 4883 1916 4938 lex

312 4995 336 5024 ‹
377 4972 638 5043 spiritalis
662 4977 762 5026 est.
793 4971 914 5042 Ego
943 4978 1122 5026 autem
1173 4972 1410 5027 carnalis
1465 4989 1604 5037 sum,
1639 4973 1916 5028 venunda-

311 5086 333 5113 ε
377 5071 462 5116 tus
494 5061 592 5116 sub
621 5068 870 5132 peccato.
915 5059 1074 5127 Quod
1105 5061 1250 5115 enim
1279 5077 1481 5131 Operor
1506 5078 1614 5117 non
1646 5062 1911 5133 intelligo.

310 5175 334 5198 σι
375 5152 498 5206 Non
527 5151 674 5206 enim
707 5149 851 5220 quod
907 5149 1028 5204 volo
1059 5148 1304 5222 [bonum]
1334 5152 1438 5206 hoc
1467 5168 1593 5223 ago,
1627 5152 1725 5206 sed
1771 5151 1916 5222 quod

303 5265 324 5288 ιι
368 5240 460 5295 odi
492 5238 740 5312 [malum]
785 5238 913 5292 illud
962 5238 1122 5293 facio.
1155 5238 1209 5293 Si
1249 5248 1426 5294 autem
1459 5241 1603 5311 quod
1627 5241 1752 5296 nolo
1784 5240 1916 5295 illud

302 5355 323 5376 α
369 5328 528 5394 facio,
553 5327 838 5385 consentio
869 5326 979 5398 legi
1009 5327 1263 5398 quoniam
1307 5329 1447 5383 bona
1488 5338 1589 5384 est.
1625 5330 1780 5384 Nunc
1811 5345 1916 5384 au-

299 5444 322 5467 α
367 5427 477 5473 tem
502 5419 617 5486 jam
650 5433 758 5470 non
781 5432 886 5488 ego
915 5431 1116 5485 operor
1146 5417 1296 5485 illud,
1331 5418 1426 5472 sed
1460 5419 1604 5489 quod
1639 5419 1841 5472 habitat
1861 5418 1914 5472 in

301 5531 324 5559 ε
365 5524 455 5562 me
488 5514 795 5578 peccatum.
848 5506 972 5560 Scio
1001 5506 1145 5559 enim
1199 5507 1325 5577 quia
1356 5522 1462 5562 non
1488 5507 1693 5561 habitat
1721 5508 1773 5561 in
1805 5523 1914 5577 me,

299 5621 321 5645 α
365 5599 470 5653 hoc
500 5605 582 5651 est
613 5595 668 5649 in
703 5609 868 5648 carne
919 5612 1036 5649 mea
1087 5597 1308 5650 bonum.
1354 5596 1490 5649 Nam
1521 5597 1660 5651 velle
1705 5597 1917 5664 adjacet

300 5710 323 5739 ει
362 5687 519 5753 mihi,
552 5682 819 5756 perlicere
867 5693 1046 5740 autem
1088 5685 1290 5740 bonum
1348 5701 1456 5740 non
1515 5685 1751 5741 invenio.
1794 5687 1916 5740 Non

297 5799 320 5827 ι
371 5776 519 5832 enim
553 5773 705 5848 quod
728 5771 852 5828 volo
883 5773 1105 5841 bonum,
1140 5775 1244 5831 hoc
1276 5773 1451 5842 facio;
1485 5774 1583 5830 sed
1613 5774 1760 5846 quod
1790 5774 1917 5830 nolo

2007 3369 2131 3438 lege
2160 3367 2188 3422 εν
2218 3369 2376 3423 Velut
2406 3369 2450 3422 si
2482 3368 2537 3422 in
2567 3367 2808 3439 qualibet
2838 3367 2973 3422 urbe
3003 3367 3300 3437 praeceptio
3314 3365 3612 3437 aliquapo-

2007 3467 2245 3524 neretur,
2280 3474 2452 3530 usque
2499 3457 2568 3512 ad
2597 3457 2988 3512 determinatos
3012 3456 3315 3528 annos,qui
3345 3456 3488 3510 intra
3507 3455 3610 3510 hos

2008 3563 2183 3602 annos
2211 3555 2543 3618 praeceptum
2559 3546 2797 3618 positum
2831 3561 2939 3601 non
2971 3546 3292 3612 attenderet,
3324 3561 3446 3600 reus
3468 3552 3613 3599 esset

2010 3637 2466 3710 transgressionis
2499 3635 2688 3707 positae
2727 3635 2886 3708 legis.
2936 3635 3041 3704 Qui
3075 3651 3204 3690 vero
3232 3633 3397 3688 finitis
3423 3634 3610 3690 deter-

2009 3726 2230 3781 minatis
2258 3725 2413 3780 annis
2446 3724 2646 3781 faceret
2693 3734 2878 3780 contra
2933 3724 3165 3795 positam
3219 3724 3420 3796 legem,
3481 3739 3612 3778 reus

2010 3815 2136 3870 inde
2167 3831 2276 3871 non
2305 3823 2470 3878 esset,
2504 3815 2633 3885 quia
2663 3822 2878 3884 tempus
2908 3814 3152 3883 ejusdem
3182 3813 3322 3885 legis
3346 3814 3455 3880 jam
3477 3829 3614 3884 prai-

2011 3904 2248 3959 terisset.
2284 3904 2374 3960 Sic
2404 3904 2472 3958 de
2502 3903 2626 3975 lege
2661 3904 2995 3969 Judteorum,
3043 3903 3135 3975 qui
3159 3911 3406 3973 tempore
3437 3901 3611 3972 Moysi

2011 4009 2184 4065 usque
2213 3993 2281 4047 ad
2311 4002 2525 4064 tempus
2557 3992 2759 4048 Christi
2788 4007 2910 4048 eam
2948 4007 3057 4048 non
3115 3997 3434 4047 observaret
3484 4007 3613 4046 reus

2012 4091 2177 4137 esset.
2215 4082 2323 4136 Sed
2353 4090 2639 4154 postquam
2668 4081 2814 4137 venit
2846 4081 3034 4154 gratia,
3063 4081 3175 4150 jam
3224 4089 3440 4151 tempus
3494 4080 3613 4148 ejus

2013 4172 2152 4244 legis
2181 4171 2462 4242 praeteriit,
2497 4179 2550 4226 et
2579 4171 2659 4227 sic
2687 4187 2812 4226 reus
2853 4187 2960 4226 non
2991 4179 3074 4225 est
3105 4171 3195 4243 qui
3225 4186 3342 4224 eam
3386 4169 3610 4224 deserit.

2019 4262 2153 4316 Vere
2184 4263 2269 4316 lex
2291 4261 2465 4331 posita
2513 4260 2841 4326 dominatur,
2893 4260 3132 4332 quandiu
3161 4261 3323 4315 homo
3362 4258 3493 4314 vivit
3513 4258 3616 4312 sub

2015 4351 2158 4423 lege,
2193 4349 2280 4404 vel
2310 4350 2394 4404 lex
2425 4350 2478 4403 in
2502 4349 2742 4405 homine.
2767 4350 2910 4404 Nam
2940 4350 3023 4405 lex
3044 4349 3350 4422 conjugalis
3367 4349 3470 4402 ista
3491 4356 3574 4403 est
3600 4366 3614 4403 :

2016 4441 2216 4496 Mulier
2247 4455 2370 4511 qua:
2397 4443 2481 4494 est
2513 4440 2614 4494 sub
2659 4441 2798 4506 viro,
2851 4438 3078 4493 maritali
3127 4439 3290 4493 modo
3330 4437 3615 4507 foederata,

2016 4529 2106 4583 illa
2137 4530 2379 4599 alligata
2401 4531 2484 4583 est
2519 4529 2625 4599 tegi
2646 4527 2768 4592 viri,
2812 4527 3026 4582 vivente
3070 4527 3222 4592 viro;
3265 4527 3361 4582 sed
3389 4528 3440 4582 si
3467 4543 3618 4581 mor-

1935 4617 1986 4674 D
2018 4621 2150 4673 tuus
2188 4617 2368 4688 fuerit
2413 4617 2502 4672 vir
2521 4619 2664 4688 ejus,
2696 4617 2885 4673 soluta
2910 4621 2996 4672 est
3034 4617 3246 4671 mulier
3273 4632 3308 4670 a
3339 4616 3456 4686 tege
3485 4617 3616 4671 viri.

2019 4705 2470 4777 Quandoquidem
2502 4705 2699 4760 mulier
2755 4705 2968 4760 vivente
2997 4705 3113 4760 viro
3159 4704 3378 4777 alligata
3432 4711 3514 4760 est
3544 4705 3617 4760 ei.
3694 4755 3704 4766 ,

2018 4798 2200 4867 Igitur
2227 4795 2270 4848 si
2295 4796 2514 4850 vivente
2542 4797 2661 4850 viro
2692 4809 2810 4860 suo,
2847 4793 3106 4850 habuerit
3155 4810 3276 4850 rem
3319 4810 3450 4850 cum
3505 4794 3618 4852 alio

2017 4887 2152 4950 viro,
2171 4884 2458 4940 vocabitur
2475 4884 2758 4939 adultera.
2780 4883 2888 4938 Sed
2906 4885 2954 4939 si
2977 4885 3064 4939 vir
3084 4885 3205 4956 ejus
3224 4887 3483 4940 mortuus
3501 4885 3624 4954 [ue-

2017 4975 2115 5038 rit,
2155 4975 2395 5028 liberata
2425 4977 2510 5028 est
2541 4990 2575 5028 α
2607 4975 2722 5044 lege
2754 4973 2882 5037 viri,
2931 4975 3017 5028 ita
3036 4977 3101 5028 ut
3127 4975 3180 5028 si
3207 4975 3388 5044 fuerit
3409 4975 3620 5044 juncta

2017 5079 2146 5118 cum
2171 5063 2286 5118 alio
2305 5063 2441 5128 viro,
2454 5064 2579 5134 jam
2610 5079 2722 5118 non
2735 5062 3035 5132 judicetur
3053 5062 3339 5117 adultera.
3357 5065 3424 5116 Et
3436 5063 3540 5127 ita,
3565 5061 3622 5117 id

2016 5160 2100 5206 est
2130 5151 2291 5206 simili
2324 5151 2531 5206 ratione
2553 5154 2766 5222 fratres
2783 5150 2946 5206 40
2969 5152 3082 5206 mei
3103 5167 3193 5207 vos
3220 5151 3356 5206 estis
3377 5151 3619 5220 mortiﬁ-

2015 5242 2134 5295 cati
2173 5240 2344 5295 veteri
2379 5242 2504 5311 tegi,
2540 5256 2660 5311 quae
2684 5240 2810 5295 data
2841 5239 2938 5293 fuit
2969 5239 3312 5295 solummodo
3345 5255 3517 5311 usque
3552 5239 3622 5296 ad

2015 5329 2309 5384 adventum
2331 5329 2550 5383 Christi.
2574 5328 2877 5385 Mortificati
2900 5328 3023 5384 dico
3046 5345 3150 5402 per
3166 5345 3368 5401 corpus
3389 5328 3620 5395 Christi,

2016 5419 2068 5472 id
2101 5428 2181 5473 est
2230 5435 2329 5488 per
2388 5418 2658 5472 Christum
2703 5418 3103 5484 advenientem,
3166 5419 3256 5488 qui
3298 5433 3517 5489 corpus,
3570 5418 3625 5476 id

2016 5516 2097 5562 est
2129 5507 2329 5562 veritas
2359 5506 2531 5577 ipsius
2563 5507 2700 5577 legis
2751 5506 2866 5574 fuit,
2928 5515 2980 5561 et
3020 5507 3174 5575 cujus
3228 5506 3476 5577 corporis
3534 5506 3622 5562 lex

2017 5597 2211 5650 umbra
2245 5595 2360 5650 fuit.
2393 5597 2507 5650 Nec
2535 5594 2846 5650 mortiﬁcati
2876 5603 2932 5649 ut
2964 5595 3110 5650 vidui
3143 5584 3488 5660 remanentis,
3527 5595 3626 5652 sed

2016 5690 2082 5740 ut
2112 5685 2309 5741 amodo
2340 5686 2470 5740 sitis
2500 5685 2759 5754 alterius,
2791 5687 2914 5754 eius
2944 5685 3163 5740 scilicet
3184 5687 3280 5757 qui
3301 5685 3628 5740 resurrexit

2017 5791 2090 5831 ex
2117 5775 2379 5840 mortuis,
2399 5790 2500 5844 per
2520 5773 2666 5844 quod
2688 5773 2819 5829 satis
2849 5772 3299 5830 commendabilis
3328 5779 3412 5828 est
3440 5771 3618 5831 vobis.
