3970 6462
356 370 423 436 6'3

898 381 955 435 S.
996 340 1353 434 BRUNONIS
1391 370 2045 428 CABTHUSIANOBUM
2082 368 2562 427 lNSTlTUTORIS
2601 370 2754 425 OPP.
2797 368 2992 425 PARS.
3037 370 3102 424 ll.

3584 380 3656 433 6L

350 502 664 561 Resurrexit
688 503 756 558 ad
782 504 886 560 hoc
914 508 981 560 ut
1013 518 1113 574 per
1142 515 1265 556 eum
1295 497 1782 570 [ruetiﬁcaremus
1810 498 1938 561 Deo,
1962 496 2011 557 Α
2042 511 2113 550 ne
2132 494 2334 549 malum
2362 494 2547 561 habui,
2579 494 2703 550 licet
2734 509 2844 550 non
2866 494 3029 566 culpa
3076 494 3238 568 legis,
3292 498 3441 570 quod
3483 499 3661 573 equi-

349 591 407 648 id
435 601 517 648 est
542 608 644 664 per
663 592 895 666 gratiam
916 592 984 647 ad
1013 592 1278 646 honorem
1300 586 1421 641 Dei.
1445 586 1512 640 Et
1530 585 1694 639 modo
1723 584 1945 639 tandem

349 680 587 737 fructum
618 680 800 737 facere
829 681 954 736 licet
974 680 1075 735 sub
1092 676 1285 751 gratia,
1306 675 1434 746 quia
1463 691 1592 729 cum
1613 690 1863 729 essemus
1884 675 1947 728 in

353 785 546 834 carne,
580 769 634 824 id
672 778 756 825 est
793 769 997 824 detenti
1018 767 1073 821 in
1110 764 1447 831 carnalitale,
1493 769 1621 817 tunc
1654 763 1947 834 passiones

355 863 730 930 peccatorum,
758 858 811 912 id
833 866 917 913 est
935 856 1079 911 mala
1100 851 1394 919 desideria,
1416 867 1537 923 quae
1567 850 1691 906 licet
1722 866 1951 905 sensua-

356 946 424 1001 lis
453 947 615 1001 homo
644 945 944 1013 affectaret,
976 942 1256 999 rationalis
1303 949 1481 994 tamen
1512 939 1796 1010 passiones
1824 954 1948 993 esse

348 1035 647 1104 judicabat,
675 1051 797 1107 quae
842 1033 1129 1106 passiones
1177 1034 1344 1087 erant
1366 1037 1506 1084 nota:
1547 1044 1651 1100 per
1702 1029 1878 1099 legem
1896 1037 1952 1082 et

351 1132 711 1194 augmentataa
749 1139 851 1195 per
897 1122 1153 1177 delictum
1209 1116 1686 1190 praevaricationis,
1747 1132 1947 1188 opera-

350 1216 560 1268 bantur
586 1215 650 1269 in
671 1212 934 1267 membris
956 1210 1188 1274 nostris,
1224 1212 1288 1262 ut
1306 1206 1729 1278 fructiﬁcarent
1752 1206 1947 1270 morti,

353 1300 408 1355 id
438 1307 520 1355 est
546 1308 605 1355 ut
635 1299 878 1355 facerent
910 1298 1144 1353 fructum
1195 1294 1579 1350 damnationis.
1631 1293 1739 1347 Sed
1794 1308 1949 1348 nunc

353 1396 640 1459 postquam
671 1388 816 1443 venit
843 1386 1037 1459 gratia,
1069 1400 1267 1441 sumus
1323 1383 1497 1439 soluti
1526 1400 1559 1436 τι
1593 1383 1706 1452 lege
1753 1380 1944 1444 veteri,

354 1494 477 1550 qua:
506 1485 620 1533 erat
653 1477 811 1532 nobis
842 1476 927 1531 lex
954 1476 1176 1541 mortis,
1238 1476 1302 1529 in
1351 1490 1460 1545 qua
1515 1480 1686 1527 morte
1739 1469 1950 1542 peccati

353 1565 763 1631 detinebamur,
790 1580 891 1621 nec
911 1562 1179 1633 adjutorio
1199 1561 1339 1633 legis
1361 1576 1586 1631 surgere
1616 1568 1946 1631 poteramus.

354 1654 545 1720 Soluti,
578 1654 770 1726 inquit,
804 1667 1045 1707 sumusa
1077 1651 1199 1722 lege
1231 1649 1439 1706 carnali
1469 1666 1482 1703 :
1520 1649 1609 1713 ita,
1643 1647 1696 1701 id
1719 1656 1801 1702 est
1816 1663 1947 1718 pro-

352 1750 471 1813 pter
497 1743 619 1805 hoc,
649 1747 714 1797 ut
746 1742 945 1797 amodo
988 1742 1298 1796 serviamus
1318 1740 1381 1793 in
1420 1739 1670 1792 novitate
1689 1737 1945 1808 spiritus,

2046 584 2315 656 pollenter
2342 583 2413 637 ait
2443 598 2455 636 :
2488 583 2638 638 Licet
2676 583 2762 637 lex
2809 583 2952 639 bona
2986 583 3072 649 sit,
3108 593 3287 640 tamen
3328 593 3656 659 peccatum,

2045 673 2101 729 id
2131 681 2214 727 est
2268 680 2525 742 corrupta
2574 679 2789 733 natura.
2844 671 2930 726 vel
2988 672 3238 728 diabolus
3279 673 3660 744 instimulans,

2048 765 2341 835 apemtum
2363 766 2446 816 est
2471 762 2533 815 in
2554 777 2641 816 me
2661 762 3182 833 concupiscentiam
3228 779 3474 831 omnem,
3498 765 3555 825 id
3572 774 3659 821 est

2048 850 2346 917 voluntate,
2380 857 2526 913 actu,
2559 849 2952 904 consuetudine
2982 851 3266 920 peccandi.
3293 853 3426 919 Hoc,
3460 853 3656 926 inquit,

2048 947 2331 1009 operatum
2353 946 2434 993 est
2454 942 2748 1009 peccatum
2769 944 3001 1009 accepta
3038 942 3330 997 occasione
3351 958 3454 1015 per
3481 958 3657 998 man-

2048 1027 2269 1083 datum.
2302 1026 2357 1080 id
2386 1034 2467 1080 est
2498 1042 2596 1096 per
2624 1026 2802 1095 legem
2831 1024 3143 1081 mandatam
3194 1027 3527 1084 hominibus.
3547 1033 3657 1086 Ac-

2049 1124 2224 1186 cepta,
2259 1114 2348 1178 ait,
2386 1115 2693 1179 occasione,
2726 1114 2780 1169 id
2811 1122 2891 1168 est
2919 1116 3323 1186 opportunitate
3383 1134 3447 1173 ex
3479 1117 3603 1190 lege
3637 1138 3654 1183 ;

2047 1212 2159 1258 tum
2190 1204 2314 1276 quia
2343 1202 2606 1273 fragilitas
2644 1203 2883 1257 humana
2923 1204 3103 1276 magis
3147 1205 3403 1260 tendebat
3433 1205 3487 1261 in
3508 1207 3655 1262 veti-

2048 1300 2182 1356 tum,
2220 1300 2330 1345 tum
2363 1291 2491 1363 quia
2513 1291 2763 1345 diabolus
2795 1290 3106 1357 ferventius,
3140 1302 3360 1364 accepta
3381 1293 3526 1367 lege,
3562 1295 3656 1350 in-

2050 1381 2284 1436 sultabat
2313 1380 2541 1447 homini,
2565 1380 2757 1435 videns
2784 1380 2963 1451 legem
2995 1380 3179 1435 datam
3210 1381 3327 1437 fore
3357 1384 3657 1455 quemdam

2048 1470 2281 1542 gradum
2304 1468 2507 1524 homini
2525 1468 2787 1524 redeundi
2810 1468 2889 1523 4
2904 1468 2962 1524 1
2987 1469 3057 1523 ad
3078 1470 3452 1539 salvationem,
3487 1488 3653 1544 quem

2048 1558 2196 1629 prius
2227 1557 2408 1629 quieto
2455 1558 2578 1626 jure
2620 1556 2907 1627 possidens
2961 1555 3265 1629 inquietare
3310 1560 3651 1632 negligebat.

2120 1646 2430 1701 Notandum
2462 1645 2626 1701 etiam
2656 1645 2801 1717 quod
2831 1654 3114 1717 peccatum
3157 1656 3466 1719 corruptam
3493 1658 3655 1706 vocat

2049 1743 2317 1789 naturam.
2378 1736 2515 1790 Sunt
2569 1734 2714 1789 enim
2772 1734 2824 1788 in
2888 1749 3215 1807 unoquoque
3272 1744 3327 1791 et
3380 1738 3650 1792 sensualis

354 1829 408 1885 id
445 1838 528 1886 est
571 1830 926 1902 spiritualiter
982 1835 1308 1889 renovantes
1367 1841 1468 1881 nos
1524 1825 1765 1896 quotidie
1809 1824 2023 1912 beneB
2051 1824 2213 1879 homo
2262 1832 2313 1879 et
2375 1822 2686 1894 spiritualis.
2768 1823 3050 1877 Sensualis
3105 1824 3301 1879 dicitur
3359 1841 3490 1898 pars
3558 1826 3655 1882 illa

358 1919 575 1989 agendo
607 1935 620 1973 :
655 1919 805 1987 juxta
854 1917 987 1973 illud
1032 1934 1045 1970 :
1083 1937 1105 1966 «
1139 1913 1492 1971 Renovamini
1532 1912 1723 1984 spiritu
1754 1912 1948 1967 mentis

353 2015 550 2062 vestrae
577 2008 798 2078 (Ephes.
833 2021 911 2071 iv,
943 2005 1052 2075 23),
1094 2025 1117 2054 ι
1151 2008 1207 2059 et
1236 2020 1350 2059 non
1381 2001 1612 2072 amplius
1649 2000 1948 2054 serviamus

350 2096 414 2152 in
444 2099 727 2151 vetustate
760 2096 993 2158 litterae,
1027 2093 1369 2148 adhaerentes
1396 2090 1613 2145 litterali
1630 2088 1945 2157 intellectui,

348 2191 404 2239 ut
432 2190 671 2239 vetustas
697 2182 998 2239 consuevit.

423 2271 564 2340 Quia
591 2271 800 2327 dixerat
854 2270 1105 2342 superius
1152 2269 1371 2324 Iudaeos
1421 2266 1773 2323 mortiﬁcatos
1827 2282 1949 2320 esse

353 2360 526 2416 veteri
555 2360 684 2432 legi,
717 2375 819 2415 nec
848 2375 971 2415 esse
1000 2357 1384 2414 revertendum
1417 2356 1484 2411 ad
1514 2372 1653 2420 eam,
1674 2354 1801 2427 quia
1826 2371 1949 2425 pas-

357 2450 542 2505 siones
562 2456 911 2520 peccatorum
942 2455 1091 2503 erant
1111 2463 1211 2518 per
1236 2447 1436 2517 legem,
1470 2453 1522 2499 et
1552 2461 1652 2515 per
1680 2459 1802 2498 eam
1830 2442 1949 2497 fru-

352 2537 659 2594 ctificabant
710 2536 888 2603 morti,
947 2535 1319 2607 appellaverat
1375 2533 1535 2587 etiam
1591 2547 1714 2587 eam
1769 2531 1949 2604 legem

352 2626 561 2692 mortis,
594 2642 664 2682 ne
692 2626 832 2680 male
852 2624 1203 2696 opinarentur
1253 2622 1425 2678 Judaei
1480 2620 1706 2675 Paulum
1736 2620 1839 2674 hoc
1868 2620 1950 2673 in-

360 2714 628 2787 telligere,
657 2722 716 2769 ut
745 2714 830 2769 lex
862 2722 1009 2769 esset
1054 2728 1218 2768 causa
1247 2710 1456 2782 peccati
1511 2708 1775 2771 efﬁciens,
1800 2716 1852 2762 et
1880 2708 1947 2762 ad

350 2803 685 2874 peccandum
713 2802 1067 2873 compellens,
1127 2800 1322 2871 probat
1376 2799 1575 2869 legem,
1616 2805 1873 2869 quantum
1895 2796 1948 2850 in

353 2906 420 2946 ea
448 2899 553 2959 est,
577 2907 701 2947 esse
729 2891 947 2947 bonam.
978 2888 1118 2958 Quia
1162 2903 1292 2944 vero
1338 2887 1510 2942 Judaei
1558 2885 1792 2956 amplius
1848 2885 1950 2939 sub

349 2978 474 3049 lege
502 2986 816 3049 peccarent,
846 2978 951 3032 hoc
1001 2984 1255 3046 corrupta
1293 2982 1487 3030 natura
1542 2974 1792 3037 faciebat,
1842 2988 1950 3027 non

348 3066 456 3123 lex.
490 3066 689 3121 Littera
735 3065 814 3120 sic
835 3064 1086 3136 jungitur
1119 3079 1131 3119 :
1165 3062 1620 3133 Quandoquidem
1648 3078 1748 3131 per
1771 3060 1950 3132 legem

349 3153 817 3211 fructiﬁcabamus
845 3152 1027 3218 morti,
1059 3169 1185 3224 ergo
1216 3150 1348 3224 quid
1386 3152 1675 3206 dicemus?
1698 3149 1951 3204 Dicemus

350 3242 495 3316 quod
525 3243 623 3298 lea:
651 3246 734 3298 est
752 3245 1066 3314 peccatum,
1085 3240 1139 3294 id
1164 3248 1247 3295 est
1277 3254 1441 3295 causa
1460 3237 1668 3309 peccati
1681 3236 1943 3302 efficiens,

348 3338 402 3386 et
429 3330 768 3401 compellens
797 3329 867 3384 ad
898 3328 1271 3400 peccandum?
1303 3328 1458 3383 Absit
1524 3327 1629 3381 hoc
1656 3333 1713 3380 ut
1768 3326 1945 3397 legem

346 3419 592 3475 dicamus
628 3434 751 3474 esse
782 3424 1086 3488 peccatum,
1137 3416 1280 3489 quod
1330 3416 1378 3469 si
1408 3414 1736 3479 diceremus,
1788 3421 1842 3468 et
1871 3413 1949 3469 le-

353 3524 482 3580 gem
504 3522 627 3561 esse
683 3506 937 3575 injustam
992 3505 1366 3576 probaremus,
1414 3511 1468 3558 et
1486 3504 1657 3557 Deum
1704 3502 1946 3557 datorem

347 3595 489 3667 legis
534 3596 602 3650 de
648 3595 901 3665 injustitia
950 3609 1330 3666 argueremns,
1362 3592 1456 3663 qui
1484 3591 1664 3664 legem
1705 3590 1983 3645 dedisset'

300 3714 313 3727 ο
347 3684 766 3755 compellentem
796 3683 867 3738 ad
907 3690 1209 3753 peccatum.
1257 3682 1362 3735 Per
1404 3680 1582 3751 legem
1632 3679 1815 3750 utique
1837 3694 1945 3733 non

347 3781 432 3830 est
476 3780 774 3844 peccatum,
833 3770 931 3826 sed
979 3771 1178 3825 bonum
1212 3788 1226 3824 :
1259 3768 1496 3841 cognitio
1538 3767 1681 3823 enim
1711 3766 1941 3838 peccati.

352 3864 473 3920 Non
506 3864 666 3917 enim
702 3862 930 3931 cognovi
961 3863 1256 3932 peccatum
1288 3858 1405 3913 nisi
1435 3874 1537 3929 per
1567 3858 1763 3927 legem.
1813 3858 1952 3911 Ante

234 3972 246 3982 ο
349 3950 529 4023 legem
557 3949 742 4020 utique
772 3949 871 4003 fuit
890 3947 1129 4021 cognitio
1160 3946 1387 4017 peccati,
1439 3962 1559 4002 cum
1590 3946 1860 4016 pincerna
1890 3952 1943 3998 et

352 4038 527 4111 pistor
574 4036 874 4093 Pharaonis
926 4051 1095 4092 causa
1141 4034 1348 4106 peccati
1385 4034 1441 4089 in
1488 4049 1766 4089 carcerem
1793 4032 1945 4087 missi

346 4134 492 4184 sunt.
525 4126 632 4182 Sed
662 4142 761 4197 per
788 4126 968 4199 legem
1015 4124 1146 4180 dicit
1183 4123 1458 4194 cognitum
1492 4138 1614 4178 esse
1638 4129 1940 4192 peccatum,

348 4215 477 4287 quia
506 4214 772 4288 originale
802 4214 916 4269 fere
949 4213 1019 4267 ab
1040 4212 1292 4268 omnibus
1329 4220 1452 4266 ante
1497 4211 1678 4283 legem
1715 4211 1942 4282 ignora-

351 4304 530 4367 batur.
565 4311 618 4358 et
646 4303 880 4359 actualia
909 4301 1075 4356 multa
1105 4300 1485 4355 nesciebantur
1512 4316 1634 4355 esse
1661 4306 1944 4369 peccatum

348 4400 407 4448 ut
436 4390 872 4464 concupiscentia
901 4391 970 4446 de
1000 4406 1105 4461 qua
1133 4388 1351 4455 subdit;
1400 4404 1562 4460 praua
1592 4388 1749 4443 etiam
1778 4387 1946 4442 infer-

346 4480 502 4547 nalis,
537 4497 658 4552 quae
698 4478 944 4551 sequitur
968 4478 1037 4533 de
1091 4477 1349 4549 peccatis,
1398 4493 1504 4533 non
1545 4478 1617 4531 ita
1646 4477 1939 4542 sciebatur,

349 4585 454 4626 nec
500 4569 756 4625 meritum
816 4567 1052 4623 futurum
1097 4582 1207 4622 non
1258 4566 1630 4637 peccantibus.
1677 4558 2013 4620 PutabantD

349 4657 493 4713 enim
523 4673 715 4713 omnes
742 4656 798 4711 in
829 4654 1044 4710 inferno
1087 4670 1493 4725 permansuros,
1544 4654 1670 4709 licet
1700 4654 1801 4709 sub
1824 4653 1942 4706 dis-

349 4745 700 4801 similitudine
729 4759 1037 4816 poenarum.
1073 4744 1181 4798 Sed
1210 4760 1310 4814 per
1332 4743 1513 4815 legem
1542 4743 1819 4813 cognitum
1861 4750 1944 4797 est

349 4833 641 4907 originale,
671 4832 887 4904 cognita
918 4839 1043 4886 sunt
1079 4831 1241 4886 etiam
1280 4831 1446 4885 multa
1503 4831 1753 4896 actualia,
1795 4829 1943 4900 prius

352 4922 649 4995 incognita.
682 4922 798 4976 Nec
828 4920 987 4976 etiam
1021 4936 1082 4975 ea
1111 4936 1231 4992 quae
1288 4921 1509 4991 cognita
1563 4927 1739 4983 erant,
1797 4927 1944 4972 tanta

350 5026 474 5066 esse
502 5009 884 5065 credebantur.
915 5009 1139 5080 Cognita
1161 5017 1240 5065 est
1269 5009 1432 5065 etiam
1462 5007 1640 5062 futura
1668 5007 1943 5061 damnatio

346 5115 447 5170 pro
474 5097 731 5170 peccatis,
757 5106 810 5153 et
836 5098 959 5153 ideo
987 5097 1062 5153 ait
1086 5113 1098 5151 :
1132 5099 1237 5153 Per
1270 5097 1448 5169 legem
1478 5096 1712 5168 cognovi
1742 5111 1943 5165 pecca-

343 5196 479 5254 tum,
512 5194 565 5242 et
584 5186 871 5259 originale,
901 5195 954 5241 et
992 5187 1222 5242 actualia
1259 5194 1456 5258 quanta
1486 5192 1657 5251 erant,
1690 5198 1943 5254 p-nnam-

348 5292 455 5348 que
483 5290 586 5346 pro
616 5275 682 5329 iis
713 5273 963 5330 futuram.
998 5276 1136 5330 Vere
1163 5291 1265 5345 per
1291 5275 1472 5345 legem
1496 5272 1730 5345 cognovi
1743 5287 1943 5342 pecca-

347 5372 478 5420 tum.
514 5365 654 5420 Nam
683 5363 805 5432 hoc,
836 5364 1039 5420 scilicet
1069 5363 1611 5435 concupiscentiam,
1636 5376 1797 5432 quam
1819 5377 1943 5416 esse

348 5460 628 5525 peccatum
659 5453 990 5517 nesciebam,
1023 5453 1140 5506 nisi
1163 5453 1257 5506 lea:
1280 5451 1355 5505 ita
1383 5450 1594 5504 diceret
1619 5469 1637 5504 :
1669 5451 1787 5505 Non
1807 5466 1941 5505 con-

347 5544 616 5615 cupisces.
649 5542 758 5596 Lex
790 5540 1004 5612 quidem
1025 5539 1165 5593 bona
1184 5545 1285 5604 est,
1320 5537 1447 5609 quia
1463 5536 1555 5592 dat
1574 5537 1941 5610 cognitionem

347 5630 554 5702 peccati
587 5648 602 5699 ;
633 5629 731 5685 sed
760 5637 946 5684 tamen
974 5642 1075 5698 per
1089 5626 1269 5697 legem
1299 5624 1432 5682 nihil
1454 5626 1674 5696 bonum,
1699 5627 1796 5682 sed
1817 5643 1940 5683 om~

1972 3204 2019 3267 Ο

2050 1914 2262 1978 animae,
2295 1928 2418 1968 cum
2450 1928 2682 1983 corpore
2728 1928 2851 1983 quas
2904 1911 3177 1968 sensiticat
3232 1929 3453 1986 corpus,
3506 1923 3560 1970 et
3580 1916 3653 1969 ita

2048 2002 2314 2074 premitur
2386 2001 2532 2055 molo
2604 2001 2803 2065 carnis,
2864 2008 2921 2054 ut
2986 2017 3083 2071 per
3153 2001 3399 2074 singulos
3454 2019 3655 2059 sensus

2050 2090 2392 2163 congaudent
2420 2089 2701 2159 voluptati,
2738 2088 2973 2159 diligens
3019 2089 3204 2144 suavia
3236 2098 3418 2163 gustu,
3442 2107 3653 2148 canora

2048 2180 2251 2243 auditu,
2340 2177 2684 2233 delertabilia
2757 2177 2897 2243 visu,
2954 2178 3193 2247 jucunda
3259 2187 3425 2248 tactu,
3509 2180 3652 2237 bene

2052 2267 2349 2338 fragrantia
2377 2266 2628 2321 odoratu.
2664 2265 2763 2320 Illa
2810 2282 2939 2321 vero
2969 2281 3096 2337 pars
3135 2266 3329 2322 anima:
3368 2283 3491 2340 quie
3536 2285 3651 2324 non

2050 2357 2119 2411 ita
2148 2356 2408 2428 premitur
2437 2370 2623 2425 carne,
2649 2364 2699 2409 et
2736 2355 2824 2410 hic
2844 2355 3041 2409 dicitur
3058 2355 3407 2422 rationalitas,
3425 2365 3651 2413 contra-

2050 2445 2177 2500 dicit
2207 2444 2561 2508 sensualitati,
2595 2452 2647 2499 et
2674 2443 2989 2497 naturaliter
3032 2444 3234 2514 appetit
3264 2446 3407 2516 quod
3441 2446 3647 2502 bonum

2051 2542 2151 2589 est.
2186 2535 2327 2588 Vere
2356 2540 2636 2603 peccatum
2681 2541 2959 2603 operatum
2992 2540 3073 2586 est
3095 2532 3148 2585 in
3168 2548 3256 2587 me
3290 2533 3513 2603 malum,
3545 2551 3652 2606 per

2050 2622 2380 2677 mandatum.
2407 2622 2546 2675 Nam
2568 2621 2696 2675 dum
2726 2636 2874 2675 eram
2903 2621 3026 2676 sine
3051 2621 3186 2689 lege,
3209 2627 3498 2677 mortuum.
3519 2629 3651 2679 erat

2049 2715 2365 2777 peccatum,
2398 2709 2453 2764 id
2483 2717 2565 2764 est
2612 2717 2864 2780 corrupta
2907 2717 3094 2763 natura
3142 2710 3442 2765 secundum
3496 2712 3645 2783 quod

2050 2800 2230 2853 minus
2307 2799 2728 2870 impugnabatur
2771 2816 2801 2854 a
2859 2802 3096 2872 diabolo,
3156 2803 3337 2858 minus
3394 2800 3652 2871 cupiebat

2051 2896 2356 2959 peccatum,
2388 2888 2511 2958 quia
2539 2903 2648 2943 non
2678 2898 2797 2943 erat
2825 2891 3176 2961 prohibitum.
3210 2893 3492 2946 Peccatum
3513 2897 3647 2945 tunc

2052 2984 2322 3030 mortuum
2344 2983 2479 3045 erat,
2500 2992 2597 3047 ego
2626 2982 2819 3033 autem
2842 2980 3106 3047 vivebam,
3131 2980 3185 3035 id
3204 2988 3285 3036 est
3304 2980 3488 3035 vivere
3510 2978 3646 3032 mihi

2048 3064 2272 3118 videbar
2297 3079 2420 3118 cum
2458 3081 2637 3119 essem
2692 3067 2996 3138 aliquando
3042 3071 3165 3124 sine
3224 3070 3378 3139 lege;
3434 3066 3562 3138 quia
3592 3074 3648 3122 et

2052 3153 2231 3206 minus
2261 3154 2684 3225 cognoscebam,
2734 3171 2836 3211 nec
2864 3156 2935 3210 ita
2995 3157 3448 3227 concupiscebam
3503 3171 3642 3226 pec-

2049 3249 2243 3306 catum,
2279 3256 2381 3297 nec
2410 3242 2658 3297 diabolus
2687 3243 2824 3298 adeo
2866 3244 3261 3301 inardescebat.
3295 3248 3433 3300 Ante
3457 3244 3641 3317 legem

2047 3338 2317 3385 mortuum
2352 3338 2463 3384 erat
2492 3340 2806 3401 peccatum;
2837 3334 2933 3388 sed
2963 3350 3095 3390 cum
3130 3335 3372 3389 venisset
3392 3332 3639 3388 manda-

2051 3423 2193 3486 tum,
2227 3418 2370 3490 quod
2401 3427 2673 3474 mortuum
2702 3429 2818 3476 erat
2864 3423 3075 3478 revixit
3104 3427 3421 3496 peccatum,
3472 3421 3528 3476 id
3557 3430 3661 3477 est-

2046 3515 2306 3577 corrupta
2353 3516 2541 3563 natura
2571 3509 2718 3563 vires
2756 3511 3066 3581 resumpsit,
3098 3511 3276 3583 magis
3331 3510 3641 3565 stimulante

2045 3596 2371 3659 diabolo,,et
2399 3605 2454 3650 ut
2475 3605 2557 3651 est
2605 3597 2789 3652 vitium
2828 3600 3078 3654 humanae
3126 3597 3434 3671 fragilitatis
3463 3599 3640 3670 magis

2047 3685 2484 3755 concupiscendo
2540 3686 2843 3741 interdicta.
2920 3688 3131 3743 Revixit
3179 3688 3339 3753 ideo;
3399 3688 3526 3759 quia
3580 3688 3639 3742 in

2045 3772 2314 3845 principio
2342 3773 2564 3839 vixerat,
2600 3782 2652 3828 et
2680 3774 2959 3845 cognitum
2992 3775 3163 3830 fuerat
3192 3775 3477 3847 originale,
3511 3791 3638 3831 cum

2046 3863 2222 3918 adhuc
2251 3878 2446 3918 recens
2475 3870 2611 3917 erat.
2645 3864 2907 3918 Veniente
2953 3864 3208 3919 mandato
3266 3864 3457 3919 revixit
3500 3880 3637 3935 pec-

2046 3959 2255 4009 catum:
2298 3967 2393 4023 ego
2437 3955 2633 4005 autem
2662 3967 2789 4006 sum
2844 3956 3125 4020 mortuus,
3174 3968 3284 4008 non
3334 3952 3511 4007 solum
3566 3953 3639 4008 de

2044 4040 2336 4111 prioribus,
2379 4038 2477 4093 sed
2521 4038 2683 4094 etiam
2713 4040 2783 4095 de
2824 4040 3265 4111 praevaricatione
3320 4041 3460 4097 datin
3496 4040 3641 4111 legis

2044 4144 2169 4183 reus
2198 4127 2392 4183 factus.
2446 4128 2514 4181 Et
2560 4128 2997 4200 quandoquidem
3050 4145 3151 4200 per
3205 4130 3383 4201 legem
3441 4129 3638 4184 revixit

2045 4226 2351 4287 peccatum,
2383 4223 2437 4270 et
2466 4231 2571 4287 ego
2600 4223 2846 4271 mortuus
2894 4233 3034 4285 sum,
3093 4217 3259 4290 igitur
3296 4218 3638 4275 mandatum

2044 4305 2185 4378 quod
2201 4308 2325 4360 erat
2346 4304 2477 4359 mihi
2523 4305 2705 4359 datum
2744 4307 2817 4361 ad
2846 4308 3023 4361 vitam
3044 4306 3342 4362 secundum
3375 4306 3638 4363 intentio-

2043 4410 2169 4449 nem
2199 4393 2426 4459 datoris,
2459 4393 2561 4449 hoc
2592 4394 2920 4459 mandatum,
2944 4410 3054 4449 non
3078 4395 3191 4464 jam
3221 4394 3292 4449 ad
3319 4394 3504 4463 vitam,
3540 4396 3642 4452 sed

2045 4482 2320 4536 inversum
2351 4484 2648 4537 inventum
2669 4486 2752 4538 est
2783 4483 2926 4539 mihi
2972 4499 3087 4538 esse
3114 4483 3186 4538 ad
3227 4487 3486 4540 mortem.
3511 4484 3634 4539 Non

2043 4570 2166 4642 quia
2186 4586 2273 4625 me
2291 4570 2637 4640 compelleret
2658 4570 2728 4625 ad
2747 4578 3048 4641 peccatum,
3082 4571 3178 4626 sed
3202 4571 3324 4643 quia
3345 4587 3507 4626 causa
3517 4575 3637 4643 fuit

2044 4659 2161 4713 sine
2193 4675 2301 4730 qua
2329 4673 2431 4714 nec
2460 4675 2588 4714 reus
2627 4675 2807 4713 essem
2852 4658 3331 4730 praevaricationis,
3359 4668 3412 4715 et
3465 4674 3635 4716 causa

2042 4762 2143 4817 pro
2174 4762 2283 4816 qua
2336 4746 2587 4801 diabolus
2644 4748 2821 4820 magis
2869 4748 3183 4821 insurgeret
3235 4756 3428 4803 contra
3486 4751 3637 4820 quod

2043 4835 2128 4890 lex
2177 4850 2283 4889 non
2341 4834 2653 4903 adjuvabat,
2714 4836 2812 4891 sed
2867 4836 3231 4907 praecipiendo
3279 4836 3633 4907 impediebat.

2044 4924 2298 4995 Congrue
2329 4922 2457 4979 dicit
2488 4923 2763 4978 inventum
2795 4932 2877 4979 est
2906 4924 2975 4978 ad
3023 4932 3280 4989 mortem;
3327 4941 3435 4980 non
3488 4926 3634 4982 enim

2042 5012 2277 5083 positum
2295 5020 2407 5066 erat
2436 5013 2752 5067 mandatum
2796 5014 2866 5068 ad
2912 5021 3162 5068 mortem.
3224 5014 3424 5068 Probat
3470 5029 3635 5068 man-

2044 5102 2231 5155 datum
2262 5116 2384 5155 esse
2412 5100 2513 5154 sibi
2534 5102 2600 5154 ad
2644 5109 2895 5168 mortem,
2934 5116 3042 5157 non
3085 5110 3261 5156 tamen
3282 5102 3437 5173 culpa
3467 5102 3628 5174 legis,

2044 5189 2143 5244 sed
2189 5188 2319 5243 vitio
2366 5197 2638 5260 corruptae
2685 5197 2891 5244 naturae
2946 5190 3344 5260 compellentis,
3393 5190 3581 5246 dicens
3617 5208 3631 5247 :

2043 5278 2183 5333 Vere
2213 5278 2523 5332 mandatum
2551 5278 2827 5333 inventum
2849 5286 2931 5332 est
2952 5278 3080 5332 mihi
3104 5278 3171 5333 ad
3195 5286 3445 5344 mortem,
3469 5296 3629 5345 nam,

2041 5369 2357 5438 peccatum,
2391 5366 2444 5420 id
2473 5375 2557 5421 est
2602 5375 2855 5437 corrupta
2901 5367 3228 5421 sensualitas
3259 5382 3353 5421 seu
3384 5367 3635 5423 diabolus

2043 5459 2273 5527 accepta
2302 5458 2620 5521 occasione,
2655 5472 2750 5510 seu
2787 5456 2914 5526 quia
2943 5454 3127 5510 suasio
3157 5455 3533 5510 delectationis
3563 5459 3635 5513 ad

2042 5544 2376 5615 peccandum
2408 5543 2778 5599 vehementior
2816 5552 2915 5610 est,
2974 5559 3095 5598 cum
3136 5544 3289 5597 adest
3318 5543 3630 5614 prohibitio,

2042 5649 2138 5689 seu
2167 5632 2290 5706 quia
2317 5632 2564 5688 diabolus
2601 5632 2876 5689 ardentius
2920 5632 3289 5689 incumbebat.
3323 5632 3413 5688 Sic
3443 5632 3634 5709 utique
