3970 6476
243 397 310 448 65
911 387 1290 446 EXPOSITIO
1330 389 1402 445 IN
1441 388 1824 446 EPISTOLAS

1968 389 2090 446 ULI.
2122 419 2190 430 -—
2223 389 2293 443 ΙΝ
2333 388 2549 444 EPIST.
2592 391 2688 446 AD
2727 390 2897 448 ΗΘΜ.
3511 396 3578 449 66

242 526 465 590 accepta
495 515 899 588 opportunitate
929 532 1034 589 per
1061 516 1419 584 mandatum,
1481 516 1713 572 seduxit
1752 533 1859 582 me,
1889 519 1942 578 A
1970 515 2116 588 lege,
2149 514 2276 570 inde
2305 522 2535 586 apparet
2566 516 2712 588 quod
2743 515 2830 572 lex
2856 525 2910 572 et
2941 515 3077 572 ratio
3125 515 3286 572 simul
3315 516 3573 585 sentiant,

241 617 298 663 ut
313 607 687 664 consentirem
699 613 922 677 peccato
941 624 955 671 ;
975 609 1031 661 et
1059 623 1162 677 per
1189 606 1336 662 illud
1364 605 1631 662 seducere
1660 605 1868 662 occidit

248 713 355 766 me,
386 695 779 768 praecipitando
801 695 854 749 in
876 702 1056 750 actum
1078 695 1308 766 peccati.
1335 695 1403 750 Et
1424 695 1868 766 quandoquidem

251 786 571 842 mandatum
601 793 718 840 erat
747 784 815 838 ad
846 784 1030 850 vitam,
1065 800 1131 838 ex
1162 783 1324 855 culpa
1354 785 1565 855 peccati
1595 784 1870 840 inversum

255 884 336 932 est
368 876 436 931 ad
459 883 713 932 mortem.
737 874 920 945 Igitur
944 874 1040 929 lex
1069 879 1274 930 sancta
1296 881 1398 942 est,
1419 874 1472 928 id
1494 882 1577 929 est
1593 882 1872 946 praecepta

252 963 393 1038 legis
416 973 604 1019 sancta
634 971 777 1029 sunt,
796 967 852 1019 et
871 963 1234 1030 mandatum,
1258 962 1312 1016 id
1347 971 1429 1018 est
1449 979 1586 1035 opus
1625 980 1872 1035 praecep-

254 1062 452 1121 torum,
485 1062 543 1108 ut
561 1053 832 1122 jejunare,
864 1051 999 1107 dare
1047 1052 1475 1123 eleemosynam,
1507 1053 1630 1120 hoc,
1675 1053 1869 1126 inquit,

251 1143 570 1197 mandatum
605 1145 889 1207 sanctum,
924 1141 980 1196 id
1011 1149 1093 1196 est
1121 1141 1387 1197 sancitum
1419 1149 1472 1196 et
1515 1141 1786 1197 firmatum
1817 1143 1872 1197 in

249 1231 394 1287 bono
416 1240 516 1286 est.
543 1233 640 1286 Est
661 1231 821 1286 etiam
845 1233 866 1298 i
873 1235 1061 1286 ustum
1087 1231 1398 1302 aequitatem
1416 1248 1642 1287 servans
1659 1232 1727 1287 ad
1745 1249 1871 1303 pro-

253 1321 483 1376 ximum.
523 1321 622 1374 Est
653 1319 812 1374 etiam
841 1320 1073 1384 bonum,
1098 1320 1151 1374 id
1179 1328 1262 1374 est
1285 1321 1414 1375 utile
1444 1320 1688 1390 implenti
1718 1321 1869 1381 illud.

256 1411 419 1465 Modo
450 1408 782 1465 sufficienter
813 1409 1060 1479 probavit
1092 1409 1275 1482 legem
1303 1426 1427 1464 esse
1477 1411 1674 1464 bonam
1704 1411 1757 1465 in
1788 1428 1868 1466 se.

355 1499 463 1554 Sed
490 1499 697 1554 diceret
727 1498 948 1553 Judzeus
982 1516 994 1552 :
1028 1498 1150 1553 Non
1205 1514 1340 1554 curo
1388 1515 1456 1554 an
1490 1499 1575 1554 lex
1609 1500 1749 1555 bona
1781 1500 1869 1565 sit,

254 1605 380 1644 cum
412 1588 479 1642 sit
509 1588 643 1641 mihi
675 1603 837 1642 causa
866 1587 1248 1643 damnationis.
1284 1587 1404 1656 Quo
1453 1597 1642 1644 contra
1676 1590 1872 1644 Paulus

252 1678 449 1750 probat
479 1693 582 1747 per
637 1676 819 1748 legem
878 1676 1152 1731 neminem
1205 1677 1477 1743 damnari,
1540 1678 1637 1732 sed
1692 1679 1872 1750 potius

252 1766 478 1823 enutriri
506 1766 562 1819 in
590 1766 760 1820 bono.
801 1766 1067 1837 Corrupta
1105 1783 1233 1830 vero
1291 1775 1482 1821 natura
1541 1769 1675 1837 haec,
1709 1783 1870 1824 causa

1971 604 2097 660 licet
2125 603 2421 660 carnalitas
2466 605 2779 675 praevaleat.
2841 609 2983 679 Ago,
3041 606 3230 679 inquit,
3264 607 3398 661 illud
3429 608 3577 680 quod

1970 695 2080 760 odi,
2116 693 2170 748 id
2201 702 2282 749 est
2312 694 2445 748 illud
2477 695 2622 765 quod
2654 695 2799 750 nolo.
2834 697 2894 752 Si
2921 700 3116 752 autem
3146 696 3423 752 rationalis
3449 698 3580 754 nolo

1969 783 2119 839 illud
2144 785 2286 856 quod
2318 783 2551 838 carnalis
2579 785 2748 854 facio,
2773 801 2900 840 ecce
2923 785 3036 854 jam
3058 788 3352 842 consentio
3371 786 3499 856 legi,
3523 786 3579 840 id

1971 880 2072 935 est,
2107 872 2250 926 idem
2283 872 2472 928 volens
2501 873 2656 928 testis
2686 889 2804 928 sum
2857 873 2968 946 legi
2995 875 3065 930 de
3116 875 3220 931 hoc
3247 875 3392 949 quod
3437 876 3581 932 bona

1971 965 2075 1016 est.
2107 959 2562 1034 Quandoquidem
2593 978 2698 1034 ego
2737 963 3014 1018 rationalis
3068 963 3196 1019 nolo
3252 963 3385 1018 illud
3431 964 3580 1037 quod

1971 1049 2207 1106 earnalis
2238 1049 2379 1106 facio
2412 1049 2573 1119 (Illud
2601 1067 2747 1108 nunc
2807 1051 3069 1106 illativum
3124 1054 3248 1123 est),
3307 1055 3450 1124 Ergo
3479 1069 3578 1124 ego

1973 1139 2247 1194 rationalis
2267 1142 2391 1210 jam
2412 1156 2528 1196 non
2579 1157 2780 1212 operor
2834 1141 2982 1196 illud
3039 1143 3187 1213 quod
3243 1158 3331 1198 me
3363 1142 3580 1199 nolente

1972 1235 2232 1298 operatur
2260 1243 2410 1292 caro,
2445 1229 2540 1284 sed
2568 1233 2886 1301 peccatum,
2921 1229 2976 1284 id
3007 1238 3109 1298 est,
3141 1230 3317 1286 fomes
3345 1232 3578 1302 peccati,

1974 1319 2114 1390 quod
2144 1327 2427 1388 peccatum
2484 1318 2728 1385 habitat,
2761 1319 2814 1373 id
2865 1327 2966 1385 est,
3002 1319 3223 1375 assidue
3277 1329 3584 1377 remoratur

1973 1408 2036 1461 in
2062 1423 2151 1462 me
2189 1406 2417 1462 carnali.
2477 1408 2546 1462 Et
2601 1423 2727 1462 vere
2766 1415 3045 1478 peccatum
3102 1408 3304 1463 habitat
3359 1410 3415 1464 ni
3467 1426 3576 1477 me,

1973 1494 2102 1565 quia
2184 1495 2384 1551 bonum
2440 1512 2551 1551 non
2633 1496 2840 1552 habitat
2945 1497 3000 1551 in
3075 1513 3183 1553 me.
3260 1497 3419 1568 Quod
3501 1499 3583 1556 sic

1973 1583 2044 1638 ait
2080 1599 2092 1638 :
2127 1585 2248 1641 Scio
2272 1585 2499 1657 quidem
2527 1587 2661 1658 quia
2690 1586 2897 1642 bonum
2953 1603 3070 1642 non
3102 1585 3322 1643 habitat
3351 1589 3416 1643 in
3462 1605 3578 1655 me,

1973 1674 2078 1730 hoc
2109 1673 2258 1745 quod
2285 1674 2408 1730 dico
2436 1673 2491 1728 in
2537 1691 2622 1730 me
2680 1682 2781 1742 est,
2838 1674 2898 1730 id
2955 1679 3040 1731 est
3088 1677 3153 1730 in
3200 1691 3374 1733 carne
3426 1695 3576 1745 mea,

1973 1763 2028 1818 id
2049 1772 2132 1818 est
2162 1763 2217 1817 in
2245 1779 2332 1818 me
2361 1762 2582 1818 carnali.
2626 1765 2695 1818 Et
2751 1763 2854 1819 hoc
2909 1765 3107 1834 probat
3139 1782 3151 1819 :
3187 1765 3328 1821 Vere
3375 1767 3581 1822 bonum

255 1867 335 1912 est
367 1855 705 1926 compellens
734 1855 798 1908 ad
829 1864 1130 1926 peccatum.
1165 1856 1320 1911 Unde
1370 1857 1449 1913 sic
1479 1857 1554 1911 ait
1587 1873 1598 1911 :
1633 1856 1866 1925 Quando
1897 1883 1950 1943 Β
1972 1869 2080 1907 non
2102 1852 2305 1906 habitat
2326 1852 2380 1907 in
2403 1868 2570 1908 carne
2590 1869 2734 1921 mea,
2757 1869 2884 1908 nam
2906 1870 3084 1925 neque
3105 1870 3205 1925 per
3221 1855 3576 1924 voluntatem,

253 1945 476 2017 quidem
502 1944 815 1998 mandatum
856 1952 1099 2000 sanctum
1131 1953 1234 2011 est,
1283 1963 1411 2016 ergo
1458 1945 1592 2000 illud
1635 1948 1778 2020 quod
1808 1947 1864 2001 in

251 2052 309 2089 se
327 2036 536 2092 bonum
559 2037 643 2090 est
659 2033 808 2089 credi
825 2033 989 2088 debet
1011 2036 1156 2106 quod
1177 2035 1317 2090 mihi
1335 2038 1557 2105 factum
1574 2041 1660 2091 est
1689 2053 1858 2102 mors,

251 2123 306 2178 id
339 2131 424 2178 est
451 2138 618 2178 causa
648 2122 983 2192 compellens
1012 2139 1098 2178 me
1125 2123 1195 2177 ad
1241 2132 1470 2178 mortem
1491 2124 1518 2178 ?
1551 2126 1704 2180 Absit
1735 2126 1860 2193 hoc,

251 2220 306 2266 ut
336 2211 473 2265 illud
535 2211 682 2282 quod
743 2211 944 2266 bonum
1002 2219 1085 2266 est
1143 2211 1209 2265 sit
1265 2228 1430 2267 causa
1483 2230 1605 2284 quae
1659 2214 1862 2269 malum

251 2300 449 2356 efficiat
476 2299 488 2354 i
525 2299 836 2354 Mandatum
868 2300 1052 2372 utique
1082 2301 1228 2372 quod
1278 2301 1480 2356 bonum
1511 2311 1612 2368 est,
1640 2320 1749 2358 non
1779 2312 1863 2358 est

249 2390 384 2443 mihi
416 2388 614 2444 factum
646 2405 833 2454 mors;
875 2389 971 2444 sed
1025 2394 1343 2462 peccatum,
1377 2390 1431 2445 id
1479 2400 1560 2446 est
1604 2401 1864 2463 corrupta

251 2486 497 2534 natura:
557 2477 644 2533 vel
701 2477 952 2532 diabolus
1009 2478 1352 2534 instimulans
1407 2489 1740 2550 peccatum:
1788 2482 1863 2536 ita

254 2567 379 2623 dico
409 2570 476 2622 ut
503 2571 796 2638 appareat,
831 2567 884 2621 id
915 2575 1017 2635 est,
1080 2577 1137 2622 ut
1191 2577 1559 2640 cognoscatur
1589 2586 1713 2625 esse
1742 2589 1864 2643 pec-

257 2661 452 2713 catum
475 2677 493 2723 ,-
518 2656 650 2710 illud
669 2660 964 2728 Operatum
987 2661 1072 2712 est
1091 2658 1236 2712 mihi
1256 2663 1496 2714 mortem
1517 2676 1617 2732 per
1633 2660 1858 2728 bonum,

252 2744 306 2799 id
336 2752 422 2800 est
453 2753 681 2815 accepta
702 2746 992 2801 occasione
1013 2761 1043 2800 a
1072 2745 1195 2817 lege
1225 2765 1350 2820 quae
1372 2748 1516 2803 bona
1545 2757 1645 2813 est,
1682 2751 1864 2822 coegit

253 2851 339 2889 me
370 2833 551 2907 magis
581 2850 830 2904 peccare,
882 2835 1235 2905 prtevaricari
1291 2837 1455 2892 etiam
1511 2838 1659 2909 quod
1716 2839 1864 2909 prius

249 2939 358 2977 non
389 2931 536 2977 erat.
577 2921 875 2993 Operatum
903 2933 1004 2991 est,
1027 2923 1174 2993 dicit,
1206 2925 1280 2980 ita
1296 2943 1393 2996 per
1422 2926 1623 2981 bonum
1655 2932 1723 2982 ut
1738 2945 1867 3000 pec-

252 3016 449 3068 catum
478 3012 624 3080 ﬁat;
651 3029 894 3084 peccans
923 3030 1066 3068 nunc
1123 3013 1178 3068 in
1225 3014 1348 3087 lege
1392 3033 1567 3088 supra
1622 3017 1862 3088 priorem

249 3101 502 3166 modum,
530 3101 582 3156 id
600 3109 682 3155 est
704 3101 1016 3173 priusquam
1038 3102 1122 3157 lex
1135 3103 1358 3158 daretur
1382 3121 1482 3176 per
1501 3106 1861 3177 mandatum,

248 3189 303 3244 id
333 3198 416 3246 est
439 3206 537 3260 per
565 3189 726 3246 42
750 3191 1253 3261 praevaricationem
1277 3193 1514 3248 mandati
1543 3195 1718 3266 magis
1737 3213 1865 3268 pec-

250 3296 410 3335 cans.
436 3280 575 3334 Vere
591 3279 676 3334 lex
696 3296 802 3335 non
825 3287 907 3336 est
927 3289 1154 3351 operata
1167 3290 1421 3354 mortem,
1442 3284 1538 3338 sed
1552 3293 1858 3356 peccatum.

251 3368 386 3422 Nam
418 3384 522 3423 nos
554 3368 755 3423 scimus
775 3370 844 3424 ab
866 3370 1183 3426 auctoritate
1212 3371 1320 3427 vim
1349 3373 1606 3429 habente.
1642 3375 1863 3430 Scimus

250 3459 443 3529 utique
473 3459 605 3530 quia
637 3459 731 3514 lex
753 3462 838 3515 est
869 3461 1210 3531 spiritualis,
1244 3460 1299 3515 id
1343 3470 1443 3526 est,
1479 3462 1563 3518 vel
1595 3463 1723 3518 data
1764 3480 1864 3534 per

259 3546 527 3617 Spiritum
558 3556 828 3615 sanctum,
884 3548 970 3604 vel
1021 3549 1264 3605 nutriens
1308 3550 1557 3621 spiritum
1605 3552 1858 3619 hominis,

248 3652 484 3708 quorum
517 3635 750 3692 alterum
799 3636 843 3692 si
893 3638 980 3706 sit,
1014 3646 1225 3694 constat
1274 3640 1401 3710 quia
1448 3657 1556 3695 non
1587 3649 1668 3697 est
1697 3657 1862 3697 causa

250 3725 470 3781 mortis.
505 3725 614 3780 Lex
642 3725 826 3797 utique
858 3735 940 3781 est
970 3727 1288 3798 spiritualis,
1320 3729 1416 3784 sed
1448 3746 1544 3801 ego
1573 3747 1700 3786 sum
1731 3749 1863 3788 car-

245 3817 422 3885 nalis,
450 3813 506 3869 id
528 3823 612 3870 est
633 3814 921 3871 adhaerens
941 3816 1242 3872 carnalitati
1263 3836 1278 3883 ;
1299 3820 1676 3886 venundatus,
1701 3837 1862 3892 quem

249 3904 464 3975 primus
487 3919 692 3976 parens
709 3921 807 3975 pro
828 3914 992 3978 gustu
1012 3906 1159 3976 pomi
1180 3907 1514 3962 venumdedit
1538 3924 1550 3962 :
1583 3925 1686 3966 nec
1715 3911 1785 3964 ita
1807 3918 1864 3964 ut

247 3993 352 4048 sim
383 3993 564 4049 solum
594 3993 648 4048 in
679 4003 922 4064 peccato,
957 3995 1055 4049 sed
1075 3995 1239 4050 etiam
1256 3997 1356 4052 sub
1368 4001 1602 4069 peccato
1624 4019 1643 4067 ;
1666 3999 1793 4071 quia
1811 4008 1864 4054 et

247 4083 292 4136 si
322 4083 471 4152 volo,
508 4091 562 4138 et
589 4083 682 4138 diu
712 4083 925 4150 laboro,
958 4101 1059 4156 per
1074 4101 1162 4140 me
1181 4093 1360 4141 tamen
1381 4103 1608 4160 surgere
1625 4105 1860 4160 nequeo.

319 4173 423 4228 Hic
453 4171 643 4243 incipit
671 4173 958 4229 ostendere
991 4174 1137 4245 quod
1166 4174 1258 4230 lex
1287 4182 1341 4231 et
1393 4176 1670 4232 rationalis
1700 4179 1864 4236 homo

246 4261 302 4316 in
333 4263 619 4318 voluntate
652 4263 779 4318 boni
837 4265 1220 4332 consentiant;
1255 4266 1352 4322 sed
1408 4274 1587 4323 tamen
1642 4267 1712 4322 ab
1769 4268 1864 4324 illo

249 4353 432 4419 tertio,
471 4351 527 4406 id
559 4359 643 4408 est
672 4367 706 4406 a
735 4361 989 4425 corrupta
1046 4362 1242 4410 natura
1287 4364 1629 4426 superantur.
1663 4357 1733 4413 Et
1759 4359 1866 4415 hoc

248 4441 318 4496 de
352 4441 717 4496 rationalitate
747 4443 890 4513 quod
922 4443 1062 4498 bona
1096 4443 1164 4498 sit
1219 4452 1272 4499 et
1321 4445 1523 4500 bonum
1577 4446 1704 4502 velit
1734 4463 1864 4502 con-

249 4531 545 4586 venienter
572 4531 786 4603 probat.
823 4531 969 4588 Sicut
1000 4532 1141 4589 enim
1162 4533 1208 4587 si
1228 4533 1315 4589 lex
1335 4533 1480 4589 mala
1510 4543 1676 4602 esset,
1710 4537 1867 4592 dator

1970 1958 2146 2012 neque
2203 1958 2300 2012 per
2355 1951 2554 1998 actum.
2619 1943 2718 1997 Per
2775 1941 3106 1998 voluntatem
3193 1944 3413 2016 quidem
3471 1961 3582 2001 non

1963 2031 2191 2085 habitat.
2224 2033 2367 2086 Nam
2397 2033 2540 2087 velle
2570 2030 2774 2086 bonum
2810 2032 3038 2102 adjacet
3087 2033 3233 2089 mihi
3263 2033 3490 2101 carnali,
3525 2034 3581 2090 id

1965 2127 2048 2175 est
2078 2121 2488 2192 quodammodo
2521 2120 2862 2192 approximat
2892 2121 3044 2177 carni
3069 2139 3081 2177 :
3108 2139 3270 2178 nemo
3300 2123 3446 2178 enim
3475 2132 3584 2178 tam

1968 2209 2164 2280 impius
2195 2210 2325 2281 quia
2352 2210 2645 2282 aliquando
2705 2210 2894 2266 saltem
2955 2211 3158 2267 bonum
3214 2213 3362 2268 velit.
3423 2212 3583 2282 Quod

1965 2299 2011 2353 si
2039 2299 2266 2368 adjacet,
2291 2315 2426 2372 ergo
2458 2315 2565 2354 non
2597 2299 2804 2354 habitat
2834 2299 3013 2366 inme,
3038 2301 3177 2356 velle
3194 2301 3396 2357 bonum
3428 2303 3579 2372 adja-

1964 2396 2072 2444 cet.
2100 2389 2207 2444 Sed
2228 2389 2500 2461 perﬁcere
2523 2390 2729 2445 bonum
2751 2389 2882 2444 illud
2903 2391 3066 2446 nullo
3083 2392 3244 2447 modo
3273 2393 3502 2448 invenio
3523 2392 3579 2447 in

1963 2493 2130 2533 carne
2163 2494 2302 2532 mea.
2331 2478 2470 2533 Vere
2497 2477 2759 2549 perficere
2789 2478 2991 2534 bonum
3019 2495 3128 2533 non
3149 2487 3232 2535 est
3261 2480 3318 2534 in
3347 2497 3434 2535 me
3465 2497 3581 2537 car-

1963 2566 2094 2621 nali.
2109 2567 2251 2622 .Yam
2273 2582 2378 2637 ego
2395 2567 2630 2623 carnalis
2651 2584 2768 2624 non
2787 2568 2937 2638 facio
2962 2569 3064 2623 hoc
3081 2569 3286 2624 bonum
3297 2569 3440 2642 quod
3461 2571 3582 2628 volo

1963 2655 2266 2711 rationalis.
2299 2656 2405 2711 Sed
2432 2673 2532 2727 ago
2562 2655 2798 2712 carnalis
2830 2656 2932 2713 hoc
2984 2658 3218 2722 malum,
3253 2659 3397 2730 quod
3448 2661 3578 2716 nolo

1964 2744 2264 2800 rationalis.
2299 2745 2398 2800 Vel
2427 2745 2586 2800 aliter
2619 2763 2630 2798 :
2667 2746 2809 2801 Vere
2832 2745 3100 2816 perficere
3139 2746 3343 2802 bonum
3369 2765 3436 2803 ex
3466 2755 3578 2806 toto

1964 2850 2073 2889 non
2104 2833 2323 2889 invenio
2354 2833 2409 2888 in
2441 2850 2550 2889 me.
2583 2835 2722 2888 Nam
2751 2834 2913 2889 etiam
2942 2835 3047 2891 hoc
3068 2835 3270 2891 bonum
3301 2853 3410 2892 non
3439 2837 3580 2894 facio

1965 2923 2112 2996 quod
2145 2924 2348 2978 bonum
2379 2940 2502 2979 esse
2531 2939 2828 2994 cognosco,
2854 2933 2907 2979 et
2930 2925 3053 2981 ideo
3076 2924 3260 2982 facere
3280 2926 3425 2982 volo.
3457 2927 3581 2983 Non

1966 3013 2112 3068 enim
2149 3013 2330 3068 omnia
2366 3013 2512 3068 bona
2543 3013 2676 3067 mihi
2707 3021 2837 3069 nota
2867 3021 3008 3069 sunt.
3054 3015 3134 3070 De
3163 3031 3230 3069 eo
3277 3016 3424 3088 quod
3453 3017 3584 3072 dixit

1965 3102 2218 3173 superius
2243 3103 2312 3157 ad
2331 3103 2478 3157 aliud
2503 3102 2848 3174 probandum
2865 3121 2879 3158 :
2895 3119 3002 3158 non
3017 3103 3161 3175 quod
3183 3104 3306 3160 volo
3326 3105 3432 3162 hoc
3451 3122 3576 3178 ago,

1966 3192 2165 3248 iterum
2192 3193 2296 3248 hoc
2317 3208 2418 3263 per
2437 3192 2581 3247 aliud
2607 3192 2859 3263 probato,
2884 3191 3048 3248 infert
3067 3194 3256 3250 dicens
3289 3193 3579 3264 :Quando-

1965 3281 2185 3354 quidem
2213 3297 2318 3352 ego
2343 3281 2626 3336 rationalis
2642 3283 2772 3337 nolo
2793 3284 3012 3338 malum
3033 3284 3176 3355 quod
3197 3300 3300 3355 ago
3321 3285 3579 3353 carnalis,

1964 3387 2100 3442 ergo
2131 3387 2226 3443 ego
2255 3371 2541 3426 rationalis
2571 3387 2682 3428 non
2708 3387 2906 3444 operor
2929 3372 3078 3427 illud
3094 3373 3316 3440 malum,
3341 3375 3437 3429 sed
3455 3392 3585 3448 pec-

1963 3465 2177 3527 catum,
2193 3460 2248 3514 id
2263 3469 2346 3516 est
2359 3460 2640 3532 corruptio
2660 3468 2863 3516 natura:
2878 3479 2891 3515 :
2905 3461 3050 3534 quod
3061 3470 3348 3532 peccatum
3360 3464 3580 3520 habitat

1961 3551 2026 3604 in
2057 3567 2146 3605 me
2174 3549 2397 3615 carnali,
2430 3558 2690 3620 Operatur
2717 3549 2852 3606 illud
2883 3551 3106 3606 malum.
3157 3552 3370 3623 Repetit
3399 3553 3580 3609 locum

1963 3637 2107 3693 unde
2124 3636 2342 3703 inferat,
2375 3639 2426 3693 si
2446 3638 2588 3710 quod
2613 3639 2742 3695 nolo
2763 3638 2910 3694 illud
2932 3640 3100 3709 facio.
3123 3638 3578 3712 Quandoquidem

1966 3743 2071 3804 ego
2101 3725 2382 3782 rationalis
2403 3726 2532 3782 nolo
2551 3727 2773 3794 malum,
2799 3727 2886 3781 lex
2906 3735 3086 3782 autem
3105 3728 3266 3797 (sicut
3286 3730 3576 3800 probatum

1965 3819 2069 3887 est)
2091 3815 2295 3871 malum
2318 3815 2566 3871 similiter
2586 3832 2695 3871 non
2717 3816 2850 3884 vult,
2877 3817 3057 3889 Igitur
3071 3833 3176 3888 ego
3193 3818 3466 3874 rationalis
3487 3823 3579 3877 in-

1965 3907 2127 3961 venio
2160 3907 2335 3976 legem
2365 3921 2490 3960 esse
2522 3905 2742 3973 bonam,
2777 3905 2833 3960 id
2863 3915 2945 3960 est
2960 3906 3146 3962 utilem
3163 3907 3297 3961 mihi
3326 3908 3578 3965 rationali

1965 3995 2167 4051 volenti
2197 3993 2378 4050 facere
2409 3994 2635 4050 bonum.
2661 3995 2770 4050 Lex
2826 3994 3031 4050 bonum
3089 3995 3316 4062 docens,
3347 4005 3401 4053 et
3439 3999 3579 4054 ratio

1966 4083 2172 4139 bonum
2202 4083 2414 4151 volens,
2434 4083 2830 4142 consentiendo
2859 4084 2916 4138 in
2936 4085 3078 4140 bono
3096 4101 3156 4141 se
3172 4085 3405 4142 invicem
3426 4087 3580 4144 inve-

1966 4173 2139 4228 niunt.
2154 4175 2370 4230 Valenti
2391 4177 2581 4245 facere
2602 4175 2804 4230 bonum
2827 4182 3000 4231 etnon
3015 4173 3255 4242 facienti,
3276 4176 3416 4233 bene
3426 4177 3570 4244 dico,

1967 4263 2235 4335 quoniam
2263 4264 2483 4318 malum
2513 4263 2855 4320 carnalitatis
2873 4264 3098 4335 adjacet
3121 4265 3265 4321 mihi
3284 4265 3536 4322 rationali
3561 4285 3575 4322 :

1967 4359 2020 4407 et
2050 4360 2333 4423 propterea
2367 4352 2568 4408 bonum
2599 4353 2744 4424 quod
2776 4353 2901 4409 volo
2931 4352 3200 4424 perficere
3231 4371 3466 4428 nequeo.

2037 4442 2181 4496 Nota
2198 4441 2456 4512 quoniam
2476 4441 2675 4497 Paulus
2692 4440 2979 4515 figurative
3005 4442 3109 4497 sub
3133 4459 3372 4514 persona
3391 4461 3488 4500 sua
3509 4445 3580 4502 de

1967 4530 2219 4587 omnibus
2239 4530 2496 4602 loquitur,
2522 4547 2807 4586 assumens
2825 4531 2930 4586 sibi
2949 4547 3266 4602 personam,
3290 4550 3436 4590 nunc
3454 4544 3580 4593 ante

247 4618 390 4692 legis
419 4619 552 4674 inde
582 4620 1001 4690 vituperaretur,
1058 4622 1137 4678 sic
1165 4622 1328 4677 etiam
1359 4623 1406 4678 si
1435 4625 1697 4680 naturalis
1726 4619 1932 4682 ratioD
1963 4620 2123 4676 43
2160 4619 2342 4693 legem
2372 4635 2518 4675 nunc
2547 4619 2602 4674 in
2633 4619 2782 4694 lege.
2826 4621 2967 4675 Vere
3015 4620 3218 4676 bonum
3273 4622 3491 4680 invenio
3521 4626 3577 4681 in

248 4709 651 4766 adversaretur
680 4711 843 4776 bono,
872 4712 1018 4780 juste
1064 4712 1156 4784 qui
1199 4713 1468 4768 rationem
1510 4715 1737 4770 dederat
1792 4716 1861 4772 de

249 4797 397 4854 malo
428 4798 660 4854 rationis
689 4799 1128 4856 calumniaretur.
1163 4801 1303 4858 Vere
1326 4804 1428 4857 sub
1459 4813 1686 4874 peccato
1719 4822 1858 4860 sum.

251 4889 395 4944 Nam
426 4887 576 4960 quod
606 4904 712 4960 ego
743 4905 959 4961 aperor,
989 4889 1103 4946 sive
1134 4890 1454 4948 dimittendo
1483 4893 1687 4948 bonum
1717 4894 1864 4967 quod

249 4977 438 5049 utique
469 4985 556 5032 est
609 4977 821 5048 operari
866 4977 1091 5046 malum,
1153 4979 1268 5035 sive
1327 4979 1576 5037 faciendo
1635 4983 1861 5051 malum,

250 5066 420 5137 quod,
454 5067 702 5138 inquam,
736 5083 937 5138 operor
965 5084 1070 5141 ego
1120 5069 1411 5139 sensualis,
1473 5072 1729 5144 intelligo
1759 5088 1864 5146 ego

249 5155 539 5211 rationalis
569 5171 686 5211 non
717 5172 840 5212 esse
872 5158 1235 5228 Operandum.
1278 5159 1418 5215 Vere
1448 5175 1650 5231 operor
1678 5161 1866 5217 dimit-

249 5244 417 5300 tendo
448 5244 675 5310 bonum,
710 5245 855 5317 quod
886 5245 1131 5318 intelligo
1161 5263 1270 5303 non
1325 5265 1450 5304 esse
1495 5250 1856 5320 operandum.

254 5334 374 5390 Non
407 5336 567 5389 enim
598 5351 698 5406 ago
730 5336 828 5391 hoc
858 5335 1064 5392 bonum
1094 5338 1236 5409 quod
1265 5353 1371 5411 ego
1401 5339 1679 5394 rationalis
1706 5341 1824 5397 volo
1848 5362 1866 5409 ;

249 5430 300 5476 et
330 5439 462 5478 vere
491 5438 698 5493 operor
725 5422 974 5480 faciendo
1001 5425 1205 5480 malum
1259 5428 1407 5498 quod
1463 5428 1710 5501 intelligo
1759 5445 1869 5485 non

251 5527 374 5567 esse
407 5512 771 5583 Operandum.
804 5514 944 5568 Nam
973 5531 1078 5586 ego
1109 5515 1338 5572 carnalis
1367 5518 1518 5588 facio
1549 5519 1696 5574 illud
1726 5518 1870 5592 quod

251 5617 357 5673 ego
390 5601 675 5656 rationalis
705 5602 822 5658 odi.
863 5603 931 5657 Et
961 5620 1104 5660 nunc
1163 5605 1288 5677 quia
1344 5605 1430 5661 lex
1488 5607 1789 5680 spiritualis
1818 5618 1875 5665 et

253 5684 396 5742 bona
427 5694 532 5755 est,
564 5686 903 5744 rationalitas
958 5705 1088 5746 vero
1142 5706 1266 5746 mea
1322 5691 1521 5749 bonum
1577 5693 1692 5749 vult
1745 5709 1871 5751 cum

1961 4726 2068 4766 me.
2103 4711 2244 4766 Nam
2274 4725 2381 4781 ego
2410 4709 2766 4768 condelector
2797 4711 2903 4782 legi
2933 4710 3032 4765 Dei
3061 4729 3079 4766 :
3111 4711 3240 4783 quia
3269 4719 3322 4766 et
3349 4711 3442 4768 illa
3471 4713 3577 4770 bo-

1962 4816 2091 4855 num
2120 4799 2234 4856 vult
2264 4808 2315 4854 et
2343 4813 2448 4870 ego
2479 4815 2599 4854 cum
2622 4814 2708 4854 ea.
2731 4798 3096 4855 Condelector
3110 4799 3235 4857 dico
3261 4802 3576 4860 secundum

1962 4890 2300 4946 interiorem
2332 4889 2641 4955 hominem,
2677 4889 2807 4963 quia
2838 4887 3063 4944 interior
3103 4889 3266 4946 homo
3295 4891 3579 4950 rationalis

1964 4978 2080 5034 vult
2109 4978 2330 5050 quidem
2387 4977 2641 5036 bonum:
2703 4978 2807 5035 etsi
2863 4987 3096 5050 nequeat
3150 4980 3386 5051 operari.
3437 4982 3575 5039 Cum

1965 5068 2130 5123 modo
2151 5067 2345 5124 dixerit
2377 5067 2524 5140 quod
2545 5067 2632 5124 lex
2680 5074 2733 5122 et
2781 5066 3120 5124 rationalitas
3151 5069 3354 5125 bonum
3383 5071 3573 5141 velint,

1966 5156 2204 5212 ostendit
2231 5165 2521 5229 utrumque
2554 5156 2808 5228 superari
2835 5173 2866 5211 a
2908 5157 3084 5224 tertio,
3119 5157 3174 5214 id
3205 5167 3288 5215 est
3316 5174 3350 5214 a
3378 5175 3576 5217 cama-

1965 5245 2134 5312 litate,
2170 5245 2316 5318 quod
2347 5245 2565 5301 tertium
2593 5246 2832 5303 ostendit
2879 5246 3251 5318 superandum
3306 5265 3431 5305 esse
3477 5267 3579 5322 per

1968 5335 2220 5408 gratiam,
2254 5343 2308 5390 et
2337 5335 2442 5392 hoc
2471 5335 2603 5392 satis
2632 5334 2827 5393 idonee
2875 5335 3014 5394 facit.
3047 5337 3183 5392 Cum
3214 5338 3359 5393 enim
3389 5338 3575 5412 legem

1969 5425 2215 5480 ostendat
2244 5423 2477 5497 deprimi
2507 5440 2610 5497 per
2638 5424 3037 5494 carnalitatem,
3063 5441 3166 5483 nec
3194 5441 3290 5483 eos
3348 5428 3441 5499 qui
3470 5429 3574 5484 sub

1970 5512 2094 5584 lege
2124 5512 2340 5569 fuerunt
2367 5513 2661 5586 quidquam
2709 5513 2837 5569 boni
2895 5513 3114 5582 fecisse,
3170 5515 3276 5571 nisi
3313 5532 3413 5588 per
3439 5533 3559 5590 gra-

1971 5602 2122 5672 tiam,
2155 5620 2252 5674 per
2278 5604 2384 5660 hoc
2411 5603 2575 5674 plane
2603 5602 2823 5659 Judteos
2852 5603 3090 5659 insinuat
3146 5605 3352 5661 debere
3383 5607 3578 5675 subjici

1969 5691 2186 5764 penitus
2215 5692 2400 5764 gratim
2432 5691 2552 5757 Dei,
2613 5700 2666 5747 et
2719 5707 2831 5749 non
2885 5691 3120 5764 amplius
3173 5692 3304 5766 legi.
3340 5695 3444 5749 Per
3470 5695 3578 5751 hoc
