3970 6498
294 363 360 418 67
851 367 906 421 S.
959 363 1309 421 BRUNONIS
1356 359 2006 421 CABTHUSIANORUM
2050 360 2536 419 INSTITUTORIS
2577 364 2734 421 OPP.
2785 366 2961 421 PARS
3013 368 3077 421 ΙΙ.
3552 369 3619 420 68

308 488 504 545 iterum
534 490 682 562 quod
712 489 1152 559 rationalitatem,
1187 491 1288 545 etsi
1327 490 1530 544 bonum
1561 489 1745 554 vellet,
1781 503 1908 543 suc-
1930 489 1978 546 A
2013 487 2109 541 Dei
2139 488 2264 542 data
2294 506 2392 559 per
2422 491 2605 544 Jesum
2637 491 2904 545 Christum
2963 507 3051 544 me
3110 490 3390 555 liberavit,
3449 492 3630 561 igitur

309 578 566 634 cubuisse
595 587 776 634 tamen
805 580 1110 634 carnalitati
1159 579 1308 644 dicit,
1364 579 1617 651 gentiles,
1652 595 1720 632 ne
1763 594 1821 631 se
1850 577 1919 631 de
2019 593 2111 646 ego
2140 578 2255 649 ipse
2285 579 2377 649 qui
2409 589 2531 634 ante
2563 580 2794 650 gratiam
2821 581 3097 648 subjectus
3119 595 3266 634 eram
3291 579 3622 645 carnalitati,

307 665 480 721 libero
503 667 728 723 arbitrio
759 667 1004 734 efferant,
1037 668 1317 738 deprimit,
1350 676 1403 722 et
1452 668 1529 721 sic
1565 683 1756 721 omnes
1787 682 1918 737 gra-
2013 665 2124 734 jam
2156 667 2298 736 quod
2333 668 2532 721 bonum
2557 669 2805 722 volebam
2832 678 3029 739 potens
3051 667 3283 738 cperari,
3309 683 3417 722 non
3449 668 3626 722 solum

309 756 396 811 tia:
426 756 525 811 Dei
555 757 786 825 subjicit.
835 757 982 813 Licet
1030 757 1330 812 secundum
1381 756 1688 810 interiorem
1720 756 1919 811 conde-
2019 755 2160 820 volo,
2197 755 2291 808 sed
2323 756 2483 810 etiam
2513 759 2688 812 servio
2719 762 2909 812 mente
2934 799 2948 823 ,
2983 758 3035 810 id
3067 766 3148 811 est
3179 765 3499 827 potestatem
3522 757 3628 810 ha-

310 843 483 900 lector
503 844 609 915 legi
632 845 746 910 Dei,
770 849 961 901 tamen
987 847 1143 900 video
1163 847 1339 900 aliam
1365 846 1538 915 legem
1569 846 1630 899 in
1656 845 1920 899 membris
2021 843 2124 897 beo
2153 845 2450 898 Secundum
2485 846 2627 916 quod
2661 847 2797 899 ratio
2830 847 3086 899 admonet
3124 846 3262 900 bene
3292 844 3455 900 44
3487 861 3627 915 ope-

313 935 473 999 meis,
507 933 559 987 id
590 943 672 989 est
703 935 755 988 in
813 934 1131 989 carnalitate
1183 950 1323 988 mea.
1360 934 1560 1004 Legem
1613 933 1735 987 ideo
1767 932 1914 1000 dicit,
2021 933 2195 986 rando
2219 933 2426 988 servire
2455 936 2559 1005 legi
2583 936 2700 989 Dei.
2725 935 2838 988 Nec
2853 935 2921 988 ita
2945 943 3123 988 tamen
3147 943 3201 988 ut
3224 933 3396 988 fomes
3417 932 3630 1003 peccati

312 1023 440 1094 quia
469 1023 927 1094 quemadmodum
960 1023 1100 1077 ratio
1130 1023 1295 1078 dictat
1341 1038 1508 1092 agere
1540 1021 1684 1092 quod
1717 1022 1918 1075 bonum
2022 1021 2236 1090 penitus
2267 1022 2320 1076 in
2344 1039 2430 1077 me
2461 1023 2766 1078 destructus
2799 1024 2887 1087 sit,
2922 1025 3015 1078 sed
3074 1031 3400 1093 potestatem
3451 1023 3628 1078 habeo

310 1119 411 1179 est,
443 1111 520 1166 sic
550 1112 870 1166 sensualitas
901 1111 1047 1182 quod
1078 1111 1280 1165 malum
1329 1120 1459 1165 est:
1521 1110 1698 1182 legem
1743 1126 1920 1164 mem-
2024 1111 2228 1165 servire
2259 1113 2440 1174 carni,
2504 1111 2556 1164 id
2608 1121 2688 1166 est
2737 1113 3032 1166 secundum
3092 1113 3462 1166 carnalitatem
3519 1113 3631 1182 legi

316 1200 540 1254 brorum
573 1201 694 1256 dico
727 1205 1137 1273 repugnantem
1171 1201 1275 1271 legi
1322 1201 1529 1254 mentis
1565 1216 1720 1263 meae,
1754 1198 1806 1252 id
1838 1209 1919 1255 est
2021 1202 2259 1269 peccati.
2295 1200 2351 1253 In
2384 1201 2487 1254 hoc
2528 1201 2691 1254 etiam
2748 1201 3044 1254 maximum
3093 1209 3241 1255 notat
3287 1200 3627 1268 miraculum,

314 1288 474 1344 bonis
506 1305 625 1360 quae
647 1289 780 1343 ratio
833 1289 1042 1347 suadet.
1103 1289 1218 1344 Nec
1273 1288 1449 1342 solum
1507 1295 1917 1357 repugnantem,
2022 1288 2164 1358 quod
2197 1287 2369 1343 fomes
2399 1289 2622 1358 peccati,
2658 1297 2845 1343 contra
2876 1306 3035 1360 quem
3091 1289 3223 1342 nihil
3277 1289 3428 1359 prius
3473 1296 3631 1360 pote-

314 1377 410 1432 sed
443 1378 601 1432 etiam
620 1379 906 1450 captivum
924 1378 1224 1433 ducentem
1245 1394 1333 1432 me
1356 1378 1417 1431 in
1459 1377 1632 1447 legem
1655 1378 1874 1447 peccati
1904 1382 1922 1418 ἔ
2024 1384 2107 1429 rat
2138 1377 2294 1441 ratio,
2333 1393 2476 1432 nunc
2506 1378 2778 1446 subjaceat
2808 1378 3019 1446 rationi,
3053 1378 3098 1431 si
3129 1378 3255 1432 velit
3301 1379 3482 1432 homo.

315 1474 371 1520 ut
401 1481 597 1536 operer
639 1483 701 1520 ea
751 1483 871 1536 quas
915 1474 1165 1536 corrupta
1213 1465 1538 1519 sensualitas
1567 1465 1768 1528 dictat;
1803 1481 1924 1536 quae

324 1554 409 1609 lex
440 1554 654 1646 peccati
671 1560 765 1646 est
794 1555 1150 1646 in_me-mbris
1198 1555 1358 1646 meis,
1394 1553 1450 1646 id
1481 1561 1562 1607 est
1591 1559 1643 1609 in
1689 1552 1922 1646 singulis
2619 1590 2842 1646 CAPUT
2892 1591 3029 1645 ΠΗ.

323 1643 572 1699 sensibus
603 1642 825 1698 diffusa.
864 1643 932 1698 Et
964 1643 1406 1714 quandoquidem
1439 1642 1524 1696 lex
1553 1641 1974 1711 membrorum_

321 1733 590 1803 captivum
649 1748 735 1786 me
792 1732 938 1788 ducit
983 1732 1036 1785 in
1095 1739 1398 1801 peccatum,
1457 1747 1585 1801 ergo
1643 1729 1924 1784 rationalis
2100 1754 2122 1777 α
2160 1730 2304 1785 Nihil
2336 1746 2470 1801 ergo
2501 1746 2643 1787 nunc
2672 1732 3035 1786 damnationis
3093 1740 3173 1786 est
3222 1732 3306 1786 his
3353 1731 3444 1802 qui
3504 1739 3632 1786 sunt

319 1838 439 1876 sum
469 1823 683 1892 infelix
706 1821 870 1892 :quia
900 1837 1018 1874 sum
1049 1820 1227 1885 homo,
1257 1820 1310 1874 id
1341 1827 1424 1874 est
1454 1820 1582 1890 quia
1611 1818 1923 1874 carnalitate
1945 1844 1997 1904 Β
2031 1840 2051 1868 ι
2089 1819 2144 1874 in
2174 1820 2389 1874 Christo
2416 1822 2564 1886 Jesu,
2601 1820 2692 1891 qui
2723 1836 2832 1874 non
2883 1821 3176 1874 secundum
3237 1836 3457 1875 carnem
3515 1836 3636 1874 am-

318 1911 630 1980 deprimor;
665 1919 714 1964 et
746 1927 834 1965 me
857 1908 1130 1964 infelicem
1159 1910 1282 1980 qui:
1315 1909 1568 1963 liberabit
1602 1908 1666 1962 de
1697 1923 1924 1978 corpore
2032 1928 2053 1958 ‹
2089 1907 2294 1963 bulant.
2327 1909 2434 1963 Lex
2467 1908 2609 1962 enim
2643 1909 2863 1978 spiritus
2919 1910 3043 1963 vitae
3072 1909 3124 1962 in
3158 1911 3373 1964 Christo
3398 1911 3526 1963 Jesu
3559 1908 3632 1962 li-

317 2000 518 2055 mortis
539 1999 708 2069 hujus
733 1998 827 2052 ?id
842 2006 922 2053 est
952 1998 1020 2052 de
1043 2005 1213 2052 morte
1247 2005 1616 2067 peccatorum,
1653 2012 1772 2067 quae
1799 2001 1926 2048 sunt
2032 2017 2054 2046 ι
2089 1997 2299 2050 beravit
2329 2014 2415 2051 me
2445 2015 2474 2050 a
2505 1998 2626 2069 lege
2658 1997 2866 2067 peccati
2898 2007 2946 2052 et
2981 1999 3192 2053 mortis.
3232 1999 3372 2053 Nam
3393 1998 3535 2069 quod
3559 1998 3633 2051 im

316 2088 370 2142 in
401 2103 633 2159 corpore
663 2103 784 2141 meo
819 2105 830 2140 :
867 2087 953 2142 vel
973 2087 1042 2141 de
1074 2102 1310 2156 corpore
1358 2085 1576 2148 mortis;
1625 2085 1679 2140 id
1711 2093 1795 2138 est
1855 2085 1924 2139 de
2032 2108 2053 2131 α
2089 2085 2350 2155 possibile
2377 2094 2492 2140 erat
2513 2086 2641 2155 legi,
2663 2086 2715 2139 in
2746 2103 2852 2156 quo
2878 2086 3253 2140 intirmabatur
3272 2103 3370 2156 per
3388 2103 3631 2140 carnem.

319 2185 434 2232 tota
461 2177 564 2232 hac
594 2191 779 2230 massa
808 2183 1154 2246 peccatorum
1187 2191 1307 2245 qua:
1336 2174 1539 2228 ducunt
1569 2173 1636 2227 ad
1666 2181 1922 2228 mortem.
2033 2196 2053 2224 ι
2094 2176 2240 2228 Deus
2272 2175 2461 2228 Filium
2495 2191 2652 2228 suum
2688 2175 2907 2229 mittens
2938 2175 2990 2229 in
3015 2176 3421 2230 similitudinem
3453 2175 3638 2230 carnis

324 2265 431 2320 Lex
461 2281 569 2319 non
601 2272 781 2336 potest
809 2264 1040 2318 liberare
1071 2279 1160 2317 me
1183 2263 1426 2318 Judazum
1453 2281 1466 2327 ;
1519 2277 1626 2317 non
1663 2261 1803 2316 ratio
1831 2276 1928 2314 na-
2033 2287 2054 2311 α
2089 2263 2322 2334 peccati,
2356 2272 2406 2317 et
2439 2264 2508 2317 de
2536 2272 2763 2333 peccato
2796 2264 3068 2318 damnavit
3117 2273 3398 2334 peccatum
3430 2265 3483 2317 in
3512 2279 3638 2319 car-

325 2353 512 2408 turalis
542 2370 630 2408 me
659 2352 958 2424 gentilem;
991 2368 1113 2407 cum
1143 2352 1258 2406 hac
1283 2351 1338 2405 in
1393 2359 1625 2421 utroque
1653 2349 1924 2415 deficiant,
2033 2373 2054 2402 ι
2092 2368 2178 2415 ne,
2214 2361 2272 2406 ut
2323 2351 2631 2420 justificatio
2688 2352 2827 2422 legis
2879 2352 3196 2422 impleretur
3252 2353 3304 2406 in
3336 2352 3512 2420 nobis,
3543 2352 3638 2424 qui

323 2442 436 2498 scio
467 2441 846 2496 liberationem
876 2456 1075 2506 meam,
1109 2441 1355 2510 gratiam
1384 2441 1484 2495 Dei
1512 2439 1692 2492 datam
1718 2455 1821 2510 per
1841 2439 1928 2494 Je—
2033 2465 2054 2488 (ι
2091 2457 2198 2494 non
2229 2440 2525 2494 secundum
2557 2455 2774 2495 carnem
2817 2440 3176 2503 ambulamus,
3211 2441 3307 2494 sed
3339 2441 3636 2495 secundum

318 2547 448 2585 sum
472 2530 757 2585 Christum
784 2529 1081 2584 Dominum
1104 2532 1386 2584 nostrum.
1413 2527 1509 2581 llla
1528 2526 1775 2598 profecto
1795 2526 1928 2580 libe-
2034 2551 2056 2579 ι
2093 2529 2357 2599 spiritum.
2393 2528 2496 2597 Qui
2527 2529 2670 2582 enim
2712 2530 3006 2584 secundum
3053 2544 3275 2585 carnem
3321 2537 3480 2595 sunt,
3513 2546 3637 2599 quae

317 2619 591 2683 rabitme,
625 2626 678 2673 et
735 2618 860 2672 ideo
920 2633 1018 2672 vos
1074 2617 1247 2672 Judaei
1298 2616 1490 2686 gratiae
1536 2615 1761 2681 efficaci,
1820 2631 1929 2669 non
2033 2642 2052 2666 α
2089 2619 2264 2673 carnis
2297 2625 2419 2671 sunt
2451 2617 2714 2688 sapiunt:
2775 2618 2865 2689 qui
2921 2634 3053 2673 vero
3111 2618 3408 2674 secundum
3468 2618 3636 2688 spiri-

316 2707 425 2778 legi
456 2707 762 2778 impotenti,
795 2723 892 2761 vos
941 2706 1133 2762 iterum
1163 2705 1397 2778 gentiles
1446 2705 1637 2775 gratia:
1689 2704 1787 2758 Dei
1819 2720 1928 2758 non
2036 2731 2055 2756 α
2093 2716 2202 2761 tum
2233 2715 2372 2772 sunt,
2411 2723 2530 2778 quae
2561 2715 2683 2760 sunt
2744 2707 2966 2778 spiritus
3027 2708 3283 2761 sentiunt.
3339 2708 3475 2761 Nam
3506 2723 3639 2777 pru-

317 2796 511 2851 rationi
540 2795 853 2860 debilitatae,
916 2793 1266 2862 subjicimini.
1328 2792 1794 2847 Considerandum
1847 2799 1931 2845 est
2033 2820 2052 2842 ιι
2091 2796 2272 2850 dentia
2303 2796 2480 2850 carnis
2509 2811 2658 2850 mors
2689 2805 2770 2850 est
2803 2813 2815 2849 :
2850 2797 3135 2866 prudentia
3182 2804 3360 2850 autem
3393 2796 3634 2866 spiritus,

320 2885 464 2956 quod
495 2883 692 2954 duplex
723 2883 867 2937 velle
924 2883 1123 2937 bonum
1155 2881 1222 2936 sit
1279 2882 1334 2936 in
1389 2881 1627 2935 homine.
1685 2881 1928 2935 Alterum
2034 2909 2054 2931 ιι
2090 2885 2200 2939 vita
2229 2893 2284 2938 et
2315 2901 2437 2955 pax.
2472 2884 2739 2951 Quoniam
2773 2885 3040 2954 sapientia
3093 2886 3276 2940 carnis
3306 2884 3525 2940 inimica
3555 2892 3638 2938 est

319 2972 618 3029 secundum
673 2971 975 3026 naturalem
1057 2970 1342 3035 rationem,
1403 2986 1524 3040 qua:
1579 2969 1927 3039 corruptione
2035 2996 2056 3022 ι
2090 2974 2206 3028 Deo
2239 2973 2367 3043 Legi
2397 2973 2540 3027 enim
2572 2973 2671 3026 Dei
2730 2989 2838 3028 non
2898 2983 2978 3028 est
3038 2974 3300 3041 subjecta,
3357 2989 3460 3028 nec
3489 2972 3634 3026 enim

317 3061 528 3133 peccati
557 3061 843 3130 depressa,
876 3060 1079 3114 bonum
1111 3057 1258 3128 quod
1289 3057 1397 3112 vult
1427 3057 1642 3127 cperari
1672 3073 1780 3111 non
1811 3056 1927 3111 suf-
2036 3084 2056 3111 ι
2090 3068 2287 3132 potest.
2322 3060 2426 3130 Qui
2454 3069 2630 3116 autem
2661 3061 2715 3115 in
2745 3077 2911 3116 carne
2942 3069 3086 3126 sunt,
3121 3063 3234 3116 Deo
3279 3060 3506 3131 placere
3527 3077 3634 3115 non

319 3149 453 3206 ﬁcit.
493 3149 736 3204 Alterum
766 3147 909 3202 velle
931 3146 1232 3202 secundum
1258 3145 1669 3216 inspirationem
1693 3145 1922 3216 Spiritus
1946 3200 1990 3221 η
2036 3173 2056 3201 ε
2091 3159 2336 3221 possunt.
2399 3151 2508 3205 Vos
2565 3159 2745 3204 autem
2803 3150 2856 3204 in
2913 3165 3078 3206 carne
3135 3167 3241 3204 non
3272 3150 3419 3216 estis,
3454 3151 3550 3204 sed
3583 3152 3639 3204 in

321 3238 493 3294 sancti
522 3254 619 3309 per
647 3253 812 3309 quem
842 3236 1016 3292 fomes
1077 3235 1287 3306 peccati
1345 3234 1681 3305 deprimitur,
1715 3243 1770 3288 ut
1818 3235 1922 3289 bo-
1945 3234 1990 3260 υ
2029 3264 2049 3286 «ε
2088 3239 2300 3310 spiritu,
2335 3239 2380 3294 si
2411 3247 2592 3294 tamen
2639 3239 2858 3309 spiritus
2903 3239 3003 3293 Dei
3056 3239 3257 3293 habitat
3288 3239 3341 3292 in
3372 3238 3546 3293 vobis.
3582 3239 3639 3294 Si

318 3344 448 3382 num
476 3326 692 3397 operari
724 3324 1018 3396 possimus.
1051 3323 1202 3378 Velle
1249 3331 1427 3378 autem
1460 3323 1719 3377 naturalis
1749 3323 1920 3379 ratio-
2027 3350 2049 3379 ι
2082 3337 2257 3382 autem
2289 3328 2410 3400 quis
2443 3328 2689 3398 spiritum
2741 3327 2943 3382 Christi
2999 3343 3109 3382 non
3165 3327 3349 3394 habet,
3412 3328 3497 3382 hic
3526 3344 3637 3382 non

317 3416 402 3470 nis
433 3416 536 3471 hoc
565 3423 700 3480 erat,
731 3414 800 3470 de
832 3429 940 3485 quo
987 3413 1239 3484 superius
1285 3412 1498 3468 dicebat
1531 3427 1544 3466 ε
1605 3413 1725 3468 Νοη
1781 3412 1924 3484 quod
2029 3438 2050 3467 ι
2086 3426 2166 3471 est
2195 3418 2332 3485 ejus.
2364 3416 2420 3471 Si
2449 3425 2626 3472 autem
2658 3416 2905 3471 Christus
2959 3415 3012 3470 in
3071 3416 3225 3471 vobis
3282 3425 3382 3481 est,
3445 3432 3638 3486 corpus

321 3506 440 3562 volo
481 3504 685 3560 bonum
743 3504 842 3559 hoc
872 3519 992 3574 ago.
2029 3527 2050 3556 ι
2086 3505 2303 3577 quidem
2352 3513 2620 3560 mortuum
2666 3513 2748 3558 est
2792 3512 3015 3574 prOpter
3061 3513 3362 3575 peccatum,
3417 3505 3637 3574 spiritus

397 3593 617 3648 Dixerat
674 3591 928 3662 superius
969 3590 1275 3646 interiorem
1307 3590 1582 3645 hominem
1637 3597 1690 3644 et
1743 3589 1923 3662 legem
2030 3617 2051 3641 ‹‹
2087 3609 2219 3648 vero
2249 3593 2376 3648 vivit
2407 3602 2633 3664 pr0pter
2657 3591 3120 3661 justificationem.
3161 3593 3301 3661 Quia
3327 3593 3373 3646 si
3403 3593 3638 3663 Spiritus

326 3681 689 3737 condelectari
720 3682 774 3735 in
805 3681 948 3735 bono
980 3679 1098 3734 sola
1129 3679 1419 3745 voluntate,
1463 3695 1573 3734 non
1619 3687 1762 3745 actu,
1799 3679 1926 3750 quia
2030 3705 2050 3729 «
2089 3683 2204 3750 ejus
2235 3682 2326 3753 qui
2354 3681 2633 3737 suscitavit
2660 3683 2846 3736 Jesum
2879 3697 2912 3736 a
2959 3683 3186 3737 mortuis
3219 3682 3422 3736 habitat
3451 3682 3505 3735 in
3536 3697 3639 3736 vo-

321 3777 509 3825 contra
537 3770 655 3826 hec
682 3769 790 3823 duo
820 3767 1189 3824 invalescebat
1245 3768 1418 3823 fomes
1472 3768 1701 3838 peccati,
1746 3767 1925 3838 legem
2031 3793 2052 3821 «
2089 3771 2192 3835 bis,
2227 3770 2316 3841 qui
2347 3756 2626 3825 suscitavit
2656 3771 2840 3824 Iesum
2883 3771 3152 3825 Christum
3183 3786 3216 3825 a
3273 3770 3519 3836 mortuis,
3554 3770 3635 3824 vi-

325 3867 378 3913 et
406 3859 669 3913 rationem
702 3873 1020 3929 expugnans
1053 3874 1065 3910 :
1099 3857 1195 3912 sed
1225 3865 1513 3929 postquam
1570 3857 1715 3912 Deus
1745 3864 1928 3911 osten-
2033 3881 2054 3909 ι
2090 3858 2344 3926 vificabit,
2377 3866 2430 3913 et
2458 3859 2710 3914 mortalia
2750 3875 2986 3930 corpora
3039 3867 3237 3921 vestra,
3294 3868 3518 3929 prepter
3546 3858 3636 3913 in-

326 3947 403 4001 dit
433 3955 726 4017 utrumque
756 3945 956 4000 bonum
987 3945 1127 4018 legis
1159 3953 1212 3999 et
1241 3945 1468 4000 rationis
1497 3946 1552 4000 in
1581 3944 1799 4001 homine
1825 3945 1927 3999 de-
2032 3972 2052 3996 ιι
2088 3947 2420 4002 habitantem
2451 3948 2709 4017 Spiritum
2740 3949 2856 4016 ejus
2911 3948 2968 4002 in
3025 3949 3198 4004 vobis.
3261 3949 3412 4020 Ergo
3443 3946 3639 4000 fratres

325 4034 502 4102 ficere,
535 4035 683 4090 dedit
710 4034 778 4089 ad
807 4034 1056 4088 ultimum
1112 4034 1347 4106 gratiam
1392 4050 1567 4100 suam,
1627 4050 1748 4106 qua:
1788 4033 1928 4086 libe-
2033 4061 2053 4084 ιι
2090 4035 2367 4092 debitores
2398 4053 2602 4106 sumus,
2638 4053 2746 4093 non
2777 4038 2930 4094 carni
2959 4045 3016 4092 ut
3076 4037 3374 4092 secundum
3414 4051 3639 4091 carnem

324 4141 445 4180 rum
492 4123 769 4178 arbitrium
817 4123 1176 4189 confortavit;
1209 4131 1266 4178 ut
1316 4124 1425 4192 jam
1484 4123 1529 4177 si
1583 4122 1712 4178 velit
1767 4122 1929 4176 homo
2036 4147 2056 4176 ι
2091 4125 2355 4180 vivamus.
2426 4125 2482 4181 Si
2548 4127 2693 4180 enim
2751 4127 3048 4181 secundum
3105 4141 3322 4180 carnem
3373 4123 3634 4191 vixeritis,

323 4213 526 4268 bonum
556 4213 728 4284 possit
749 4212 985 4282 cperari,
1011 4220 1064 4266 et
1091 4213 1230 4267 bene
1252 4227 1508 4268 coercere
1536 4211 1779 4267 fomitem
1809 4227 1933 4280 pec-
2036 4237 2056 4261 α
2093 4213 2422 4269 moriemini.
2455 4213 2515 4268 Si
2544 4222 2726 4269 autem
2788 4214 2980 4285 spiritu
3037 4213 3170 4269 facta
3201 4213 3379 4267 carnis
3407 4211 3639 4265 mortifi-

323 4302 446 4358 cati.
483 4301 622 4370 Quia
653 4310 834 4357 autem
864 4301 1136 4357 hominem
1165 4303 1506 4372 redemptum
1539 4318 1637 4371 per
1673 4300 1928 4373 gratiam,
2037 4325 2058 4351 α
2095 4303 2366 4367 caveritis,
2446 4303 2660 4357 vivetis.
2724 4302 3044 4373 Quicunque
3099 4301 3243 4356 enim
3298 4300 3498 4370 Spiritu
3539 4299 3638 4352 Dei

323 4393 472 4448 Deus
527 4408 636 4446 non
687 4392 902 4462 penitus
932 4407 965 4446 a
1033 4391 1216 4446 fomite
1267 4390 1478 4462 peccati
1532 4390 1734 4454 divisit,
1795 4403 1931 4444 cau-
2037 4398 2349 4463 «aguntur,
2383 4391 2438 4445 hi
2469 4389 2563 4446 ﬁlii
2612 4399 2735 4446 sunt
2783 4391 2909 4446 Dei.
2974 4391 3096 4445 Non
3152 4389 3295 4444 enim
3352 4387 3638 4457 accepistis

325 4497 384 4535 sa
413 4481 528 4536 haec
557 4479 671 4547 fuit,
707 4481 833 4553 quia
862 4479 1079 4551 reliquit
1122 4480 1373 4534 meritum
1432 4478 1661 4534 homini.
1703 4477 1758 4532 Si
1788 4477 1933 4530 enim
2037 4503 2056 4526 «
2092 4480 2341 4550 spiritum
2372 4480 2647 4534 servitutis
2677 4480 2872 4534 iterum
2903 4479 2958 4533 in
2987 4479 3200 4546 timore,
3263 4477 3361 4532 sed
3419 4476 3638 4546 accepi-

323 4571 486 4626 homo
516 4569 632 4624 sala
660 4569 984 4625 necessitate
1038 4569 1130 4640 qui
1159 4585 1268 4623 non
1318 4577 1520 4639 posset,
1581 4583 1689 4622 non
1718 4581 1921 4637 pecca-
1945 4559 1997 4619 D
2032 4589 2053 4618 α
2092 4568 2189 4622 stis
2221 4569 2467 4638 spiritum
2498 4567 2806 4638 adoptionis
2860 4566 3093 4622 filiorum
3124 4567 3241 4631 Dei,
3278 4567 3331 4620 in
3363 4582 3470 4637 quo
3520 4565 3638 4620 cla-

324 4667 423 4725 ret,
456 4675 565 4714 non
596 4667 742 4714 esset
772 4658 1022 4714 meritum
1054 4673 1162 4728 quo
1211 4656 1407 4712 salvari
1436 4657 1679 4711 deberet.
1742 4656 1810 4710 Ut
1837 4672 1930 4710 au—
2035 4678 2057 4706 α
2093 4673 2284 4711 manus
2316 4673 2329 4710 :
2363 4657 2519 4711 Abba
2553 4656 2772 4726 (pater).
2807 4657 2929 4726 lpse
2959 4656 3101 4711 enim
3135 4655 3364 4726 Spiritus
3396 4654 3640 4708 testimo-

323 4755 433 4804 tem
461 4747 614 4804 locus
643 4756 789 4803 esset
817 4746 1084 4813 merendi,
1120 4747 1361 4801 fomitem
1419 4746 1630 4814 peccati
1659 4743 1931 4799 reluctan-
2034 4769 2054 4792 ιι
2093 4746 2240 4800 nium
2268 4745 2442 4800 reddit
2491 4745 2701 4814 spiritui
2749 4754 2952 4810 nostro,
2990 4745 3134 4816 quod
3166 4761 3352 4799 sumus
3383 4743 3475 4798 filii
3519 4743 3638 4798 Dei.

323 4844 430 4891 tem
453 4836 673 4905 dimisit,
735 4835 1074 4890 debilitatum
1124 4843 1302 4890 tamen
1332 4841 1382 4888 et
1440 4833 1510 4900 (si
1567 4833 1696 4888 velit
1743 4833 1928 4901 homo)
2035 4859 2056 4881 ‹‹
2093 4834 2148 4888 Si
2177 4841 2357 4888 autem
2387 4832 2503 4898 filii,
2536 4842 2588 4887 et
2618 4834 2866 4889 haaredes
2911 4834 3204 4888 :haaredes
3254 4833 3470 4904 quidem
3516 4831 3636 4897 Dei,

325 4925 598 4980 subditum
628 4924 842 4980 rationi.
886 4923 1026 4993 Quia
1055 4922 1254 4978 iterum
1311 4921 1586 4976 hominem
1617 4937 1650 4975 a
1704 4930 1932 4991 peccato
2035 4947 2056 4970 α
2094 4923 2408 4979 cohaeredes
2455 4929 2632 4976 autem
2665 4923 2862 4977 Christi
2897 4940 2911 4977 :
2945 4923 2990 4976 si
3029 4931 3210 4977 tamen
3257 4921 3634 4992 compatimur,

325 5013 684 5085 redemptum,
735 5029 845 5068 non
902 5013 957 5066 in
1015 5019 1162 5066 tanta
1251 5009 1510 5081 dignitate
1567 5009 1816 5075 restituit,
1877 5010 1931 5063 in
2036 5033 2058 5062 «
2094 5019 2151 5066 ut
2181 5019 2234 5066 et
2264 5010 2655 5084 glorificemur.
2689 5011 2954 5066 Existimo
2997 5011 3142 5065 enim
3191 5011 3337 5082 quod
3376 5025 3486 5064 non
3517 5017 3643 5063 sunt

323 5111 524 5173 quanta
552 5101 726 5158 fuerat
757 5102 926 5157 Adam
960 5117 1082 5156 cum
1115 5099 1330 5166 cecidit,
1382 5105 1585 5154 factum
1615 5107 1698 5154 est
1728 5115 1796 5152 ne
1826 5099 1930 5153 ite-
2034 5122 2056 5148 α
2093 5100 2382 5172 condignae
2416 5101 2700 5170 passiones
2754 5101 2912 5169 hujus
2961 5100 3227 5171 temporis
3286 5099 3355 5153 ad
3403 5098 3640 5153 futuram

322 5208 441 5246 rum
472 5193 634 5246 homo
664 5191 732 5246 de
765 5191 940 5244 subita
961 5198 1014 5244 et
1043 5196 1185 5243 tanta
1217 5187 1472 5242 felicitate
1530 5187 1919 5258 superbiendo,
2035 5209 2058 5239 ι
2091 5189 2341 5262 gloriam,
2377 5205 2497 5260 quae
2528 5189 2857 5245 revelabitur
2885 5189 2937 5242 in
2986 5189 3164 5244 nobis.
3216 5189 3356 5242 Nam
3406 5201 3640 5256 exspec-

321 5279 752 5350 irreparabiliter
781 5279 1016 5334 caderet.
1053 5275 1235 5344 Quare
1253 5275 1320 5329 ad
1342 5275 1661 5331 memoriam
1691 5277 1923 5347 peccati,
2035 5298 2058 5326 «ι
2094 5277 2225 5333 tatio
2255 5276 2515 5333 creatura:
2544 5278 2931 5333 revelationem
2954 5276 3189 5331 filiorum
3215 5276 3315 5330 Dei
3339 5282 3635 5346 exspectat.

322 5376 374 5422 et
404 5369 473 5423 ad
510 5368 813 5424 custodiam
863 5365 1178 5420 humilitatis
1235 5371 1539 5434 opportune
1595 5366 1787 5421 relicta
1843 5373 1925 5420 est
2035 5387 2059 5417 ι
2095 5366 2327 5420 Vanitati
2377 5367 2520 5421 enim
2568 5367 2744 5422 omnis
2798 5374 3046 5421 creatura
3092 5365 3335 5433 subjecta
3385 5373 3484 5431 est,
3530 5379 3640 5417 non

322 5473 485 5527 poena
513 5456 754 5527 peccati;
788 5462 842 5509 ut
873 5454 1036 5509 etiam
1059 5471 1157 5524 per
1173 5455 1276 5509 hoc
1299 5453 1614 5508 ostendatur
1642 5456 1724 5509 vis
1756 5455 1926 5510 sancti
2036 5476 2057 5502 ιι
2097 5455 2302 5520 volens,
2339 5455 2437 5510 sed
2466 5463 2689 5526 propter
2715 5471 2840 5509 eum
2872 5455 2964 5525 qui
2997 5453 3225 5522 subjecit
3254 5468 3374 5506 eam
3405 5453 3459 5505 in
3491 5467 3589 5521 spe
3623 5468 3637 5503 :

330 5545 584 5615 Spiritus,
644 5543 910 5611 adjutorio
968 5543 1118 5611 cujus
1175 5542 1450 5597 rationalis
1514 5545 1675 5600 homo
1729 5544 1930 5617 subigit
2036 5566 2056 5590 «
2097 5544 2226 5614 quia
2272 5551 2325 5598 et
2373 5544 2493 5614 ipsa
2541 5552 2783 5598 creatura
2813 5541 3131 5597 liberabitur
3161 5557 3193 5596 a
3224 5541 3478 5595 servitute
3507 5555 3640 5595 cor-

323 5634 428 5690 sibi
457 5631 730 5688 carnalem
766 5647 777 5684 :
811 5631 898 5686 cui
929 5633 1202 5702 subjectus
1233 5631 1347 5700 fuit,
1382 5633 1619 5703 quandiu
1650 5635 1766 5689 sine
1797 5651 1928 5708 gra-
2035 5655 2057 5679 «
2093 5633 2356 5702 ruptionis
2385 5633 2440 5686 in
2471 5632 2772 5686 libertatem
2795 5632 2986 5703 gloriae
3009 5630 3240 5685 ﬁliorum
3273 5630 3391 5683 Dei.
3428 5628 3643 5684 Scimus

321 5722 397 5777 tia
429 5721 546 5775 fuit.
583 5720 778 5776 Littera
809 5720 887 5776 sic
911 5721 1158 5795 jungitur
1188 5740 1200 5776 :
1254 5720 1711 5794 Quandoquidem
1753 5725 1930 5797 gratia
2036 5741 2058 5769 α
2097 5721 2240 5775 enim
2274 5721 2416 5792 quod
2453 5721 2630 5776 omnis
2680 5727 2927 5776 creatura
2972 5717 3284 5790 ingemiscit
3333 5726 3386 5774 et
3412 5718 3648 5789 parturit
