3970 6452
193 346 261 405 69
839 343 1222 403 EXPOSITIO
1261 343 1335 400 IN
1372 342 1753 402 EPISTOLAS
1794 342 2025 399 PAULI.
2062 374 2132 384 —
2162 340 2234 399 IN
2272 340 2493 400 EPIST.
2539 340 2635 400 AD
2674 340 2846 401 ROM.
3431 343 3500 402 '70

204 495 226 520 ι
258 488 436 544 usque
467 471 669 528 adhuc.
699 472 823 527 Non
853 471 1028 527 solum
1054 478 1234 526 autem
1277 470 1392 538 illa,
1443 470 1541 526 sed
1583 478 1635 525 et
1664 484 1798 525 nos-
1819 470 1873 530 A
1903 468 2154 539 provenit
2181 468 2286 524 vita
2316 476 2520 524 aeterna
2552 486 2565 524 :
2599 469 2736 525 Vitae
2781 469 2906 526 dico
2936 470 3135 526 habita:
3184 472 3245 527 in
3279 470 3501 531 Christo

202 584 223 613 ι
259 561 366 633 ipsi
413 560 682 633 primitias
712 561 933 632 spiritus
975 560 1238 615 habentes
1269 578 1284 626 ;
1318 568 1372 616 et
1397 559 1502 631 ipsi
1533 559 1671 614 intra
1700 575 1801 615 nos

205 672 226 701 ι
255 650 532 724 gemimus
551 694 566 717 ,
601 650 953 722 ad0ptionem
991 647 1229 705 filiorum
1260 648 1360 704 Dei
1387 656 1762 720 exspectantes
1784 690 1797 714 ,

202 763 223 788 κ
259 740 687 813 redemptionem
743 740 986 811 corporis
1046 738 1240 794 nostri.
1302 739 1410 810 Spe
1457 737 1603 793 enim
1662 737 1799 794 salvi

203 851 224 878 ι
260 828 386 885 facti
430 846 639 884 sumus.
702 829 839 900 Spes
881 837 1060 884 autem
1110 845 1232 902 qua:
1278 827 1507 895 videtur,
1560 843 1669 883 non
1717 834 1802 882 est

207 937 229 969 ι
263 934 410 990 spes.
444 919 585 973 Nam
617 919 763 990 quod
792 918 941 973 videt
984 917 1127 990 quis,
1176 917 1307 989 quid
1353 918 1582 988 sperat?
1613 916 1670 973 Si
1698 932 1798 971 au-

207 1030 227 1056 ι
262 1016 371 1062 tem
402 1007 550 1080 quod
595 1023 703 1062 non
750 1006 999 1064 videmus
1024 1051 1040 1074 ,
1084 1021 1370 1078 speramus
1399 1024 1412 1060 :
1443 1021 1545 1078 per
1590 1005 1800 1077 patien-

204 1120 225 1143 α
262 1095 390 1150 tiam
441 1104 848 1167 exspectamus.
921 1095 1181 1151 Similiter
1234 1102 1413 1150 autem
1467 1102 1521 1150 et
1578 1093 1799 1166 spiritus

206 1208 227 1232 ι
263 1186 484 1255 adjuvat
514 1184 884 1241 infirmitatem
934 1192 1195 1240 nostram.
1246 1184 1384 1239 Nam
1415 1183 1545 1256 quid
1576 1199 1799 1239 oremus

201 1295 223 1326 ι
263 1275 401 1331 sicut
429 1282 664 1346 oportet,
715 1274 992 1331 nescimus
1021 1292 1036 1341 ;
1070 1274 1165 1329 sed
1196 1273 1313 1345 ipse
1345 1273 1574 1345 Spiritus
1602 1281 1797 1344 postu-

205 1386 227 1411 a
264 1363 340 1418 lat
367 1380 467 1435 pro
497 1363 657 1419 nobis
705 1363 1001 1437 gemitibus
1048 1362 1531 1418 inenarrabilibus.
1566 1361 1673 1431 Qui
1696 1378 1796 1416 au-

205 1476 226 1499 u
263 1461 371 1508 tem
402 1461 671 1509 scrutatur
697 1454 886 1517 corda,
922 1452 1023 1509 scit
1052 1452 1199 1525 quod
1230 1451 1503 1508 desideret
1536 1451 1792 1523 Spiritus,

200 1562 222 1593 ι
260 1542 386 1614 quia
416 1543 719 1598 secundum
751 1543 928 1597 Deum
969 1541 1209 1613 postulat
1258 1557 1360 1613 pro
1396 1540 1624 1598 sanctis.
1668 1541 1795 1597 Sci-

202 1651 224 1680 ι
259 1648 383 1686 mus
437 1639 617 1687 autem
674 1631 932 1704 quoniam
978 1630 1331 1704 diligentibus
1383 1631 1558 1686 Deum
1612 1630 1797 1687 omnia

198 1742 221 1771 ι
254 1728 624 1792 c00perantur
650 1720 705 1775 in
736 1720 959 1787 bonum,
1005 1720 1090 1774 his
1121 1720 1213 1792 qui
1243 1720 1545 1775 secundum
1588 1735 1794 1791 propo-

1901 559 2050 624 Jesu,
2086 558 2140 613 id
2169 566 2251 614 est
2297 575 2397 630 per
2443 558 2718 614 Christu‘m
2759 560 2966 629 Jesum,
3022 560 3283 617 liberavit
3328 578 3420 618 me
3465 579 3502 620 α

1905 649 2021 717 lege
2048 650 2290 721 peccati,
2325 647 2380 702 id
2434 655 2517 703 est
2567 664 2597 702 a
2641 648 2828 705 fomite
2889 650 3122 721 peccati,
3184 655 3241 707 et
3288 667 3321 706 a
3374 651 3499 723 lege

1899 739 2117 805 mortis,
2167 736 2223 791 id
2269 744 2352 792 est
2401 736 2472 792 ab
2519 745 2643 793 actu
2690 737 2894 793 fomitis
2940 740 3174 810 peccati,
3238 756 3307 796 ne
3356 740 3503 814 quod

1898 825 2073 881 fomes
2103 825 2246 881 male
2279 825 2491 892 suadet,
2524 842 2806 898 operarer.
2840 829 2983 885 Vere
3014 828 3277 885 liberatus
3321 847 3440 886 sum
3470 846 3505 887 a

1896 914 2019 987 lege
2051 914 2263 986 peccati
2295 934 2309 983 ;
2345 932 2481 971 nam
2502 931 2602 987 per
2631 915 2824 971 Filium
2846 917 2967 972 Dei.
2995 919 3144 974 Deus
3176 919 3319 975 enim
3342 922 3505 977 misit

1901 1005 2109 1059 Filium
2140 1020 2309 1061 suum
2340 1020 2353 1059 :
2386 1020 2496 1059 non
2529 1005 2675 1076 quod
2706 1005 2872 1061 Filius
2903 1006 3123 1063 abesset
3149 1007 3369 1076 alicubi,
3404 1009 3503 1066 sed

1901 1093 2025 1165 quia
2055 1093 2170 1165 ipse
2201 1101 2395 1149 natura
2439 1093 2728 1149 invisibilis
2775 1111 2875 1165 per
2906 1095 3115 1151 unitam
3146 1097 3247 1151 sibi
3277 1113 3502 1154 carnem

1897 1181 2071 1237 factus
2102 1190 2153 1237 et
2184 1182 2432 1252 visibilis,
2466 1182 2666 1238 missus
2714 1183 2915 1240 dicitur
2963 1186 3261 1241 secundum
3303 1187 3501 1261 cogni-

1897 1270 2101 1326 tionem
2145 1279 2409 1327 nostram.
2460 1272 2604 1326 Misit
2645 1272 2832 1346 utique
2891 1275 3038 1329 Deus
3095 1274 3289 1330 Filium
3321 1293 3497 1345 suum,

1898 1375 2007 1414 non
2037 1360 2091 1413 in
2122 1376 2340 1416 carnem
2370 1360 2599 1432 peccati,
2631 1362 2729 1417 sed
2761 1364 2822 1419 in
2845 1363 3289 1421 similitudinem
3308 1368 3501 1422 carnis

1892 1451 2133 1520 peccati,
2167 1449 2221 1503 id
2253 1457 2335 1504 est
2365 1448 2422 1504 in
2450 1465 2677 1506 carnem
2726 1451 2962 1507 similem
2993 1453 3143 1510 carni
3175 1455 3488 1525 peccatrici.

1896 1537 2140 1592 Christus
2170 1537 2314 1593 enim
2344 1554 2563 1594 omnem
2613 1539 2797 1596 carnis
2827 1541 3111 1597 materiam
3140 1551 3335 1615 praeter
3361 1560 3498 1616 pec-

1895 1634 2077 1682 catum
2108 1626 2399 1694 sustinuit;
2446 1635 2499 1683 et
2546 1644 2644 1699 per
2691 1630 2918 1685 missum
2965 1631 3161 1687 Filium
3199 1633 3497 1690 damnavit

1893 1720 2213 1788 peccatum,
2245 1715 2301 1771 id
2358 1725 2441 1771 est
2489 1716 2733 1773 fomitem
2791 1720 3017 1790 peccati,
3083 1722 3228 1793 quod
3282 1730 3402 1779 erat
3430 1725 3494 1780 in

194 1832 216 1856 «ι
254 1809 419 1864 situm
449 1808 629 1865 vocati
661 1817 785 1864 sunt
832 1808 1026 1865 sancti.
1076 1810 1217 1864 Nam
1248 1825 1386 1882 quos
1442 1808 1864 1894 praescivitctB
1894 1821 2068 1894 carne
2106 1813 2313 1860 nostra.
2364 1808 2439 1862 De
2481 1812 2731 1878 peccato,
2794 1808 2849 1863 id
2904 1817 2984 1864 est
3036 1827 3137 1881 per
3181 1811 3372 1867 Filium
3403 1813 3493 1886 qui

200 1921 221 1947 ι
256 1898 665 1970 praedestinavit
712 1897 1023 1955 conformes
1069 1896 1186 1953 ﬁeri
1234 1897 1506 1972 imagines
1535 1897 1656 1952 Filii
1686 1897 1789 1965 sui,

190 2010 212 2035 ιι
250 1996 307 2042 ιιι
337 1987 407 2042 sit
438 1987 556 2059 ipse
611 1987 1007 2061 primogenitus
1036 1987 1091 2041 in
1121 1987 1303 2042 multis
1333 1987 1609 2042 fratribus.
1645 1986 1792 2056 Quos

195 2096 218 2126 ι
252 2084 433 2132 autem
464 2076 891 2148 praedestinavit,
925 2078 1027 2133 hoc
1066 2084 1120 2132 et
1148 2076 1362 2133 vocavit
1393 2095 1407 2144 ;
1441 2085 1492 2132 et
1531 2092 1667 2148 quos
1698 2093 1792 2131 ve-

191 2189 212 2213 ι
248 2166 410 2233 cavit,
442 2166 545 2221 hos
588 2174 641 2220 et
664 2164 980 2235 justificavit
1010 2184 1024 2220 :
1058 2183 1196 2239 quos
1239 2174 1417 2221 autem
1456 2164 1787 2236 justificavit,

190 2275 215 2305 ι
248 2255 373 2310 illos
404 2263 457 2311 et
484 2253 877 2328 magnificavit.
911 2254 1055 2324 Quid
1086 2270 1222 2328 ergo
1252 2255 1498 2311 dicemus
1527 2255 1597 2309 ad
1627 2256 1745 2310 haec
1764 2253 1793 2309 ?

192 2365 214 2394 ι
252 2343 309 2399 Si
341 2344 490 2399 Deus
519 2360 623 2415 pro
665 2343 843 2411 nobis,
891 2343 1012 2416 quis
1060 2352 1251 2401 contra
1299 2344 1449 2400 nos?
1478 2343 1581 2414 Qui
1624 2344 1787 2399 etiam

189 2455 212 2483 α
248 2433 477 2505 Proprio
503 2433 640 2489 Filio
688 2449 789 2489 suo
817 2450 925 2489 non
953 2434 1215 2505 pepercit,
1244 2434 1341 2489 sed
1364 2450 1461 2505 pro
1483 2433 1643 2489 nobis
1672 2449 1789 2488 om-

188 2543 210 2573 ι
244 2522 412 2577 nibus
475 2522 694 2577 tradidit
744 2522 914 2577 illum.
966 2522 1254 2592 Quomodo
1301 2539 1411 2578 non
1458 2524 1620 2579 etiam
1664 2539 1788 2579 cum

187 2634 208 2659 α
244 2611 341 2667 illo
377 2612 565 2666 omnia
594 2611 753 2667 nobis
785 2612 1054 2667 donavit?
1086 2611 1221 2681 Quis
1269 2612 1550 2669 accusabit
1580 2612 1785 2667 adver-

190 2723 212 2747 ·
247 2717 343 2754 sus
398 2701 603 2757 electos
633 2700 780 2756 Dei?
810 2702 956 2756 Deus
997 2701 1089 2773 qui
1111 2701 1389 2771 justiticat.
1420 2700 1554 2770 Quis
1584 2709 1665 2757 est
1696 2700 1788 2774 qui

188 2811 210 2840 ι
247 2788 629 2845 condemnet?
644 2790 1059 2845 Christuslesus
1075 2791 1423 2863 quimortuus
1445 2798 1544 2860 est,
1561 2791 1670 2847 imo
1693 2789 1786 2862 qui

182 2902 203 2925 ι
230 2878 399 2935 45
424 2887 475 2934 et
493 2879 911 2951 resurrexit,qui
924 2881 1082 2935 estad
1096 2880 1376 2936 dexteram
1390 2880 1609 2952 Dei.qui
1622 2880 1785 2935 etiam

184 2990 206 3019 ι
243 2968 564 3039 interpellat
593 2985 690 3040 pro
720 2968 897 3024 nobis.
948 2969 1081 3039 Quis
1134 2986 1268 3043 ergo
1314 2987 1417 3025 nos
1449 2969 1724 3042 separabit
1753 2986 1784 3024 a

180 3081 201 3105 ε
235 3057 511 3113 charitate
556 3057 799 3112 Christi?
834 3057 1180 3115 Tribulatio?
1228 3062 1313 3114 An
1353 3058 1654 3132 angustia?
1701 3061 1785 3113 An

180 3167 203 3197 ι
236 3146 558 3217 persecutio
576 3146 605 3200 ?
635 3149 719 3201 An
766 3146 939 3203 fames
958 3148 985 3201 Ὺ
1015 3151 1099 3203 An
1148 3148 1364 3203 auditas
1386 3148 1414 3204 ?
1443 3151 1530 3203 An
1559 3147 1782 3219 pericu-

181 3258 202 3283 ι
238 3235 399 3290 lum?
446 3237 535 3291 An
589 3234 854 3308 gladius?
908 3236 1057 3292 Sicut
1102 3236 1366 3308 scriptum
1416 3244 1545 3293 est:
1584 3258 1605 3287 ι
1642 3235 1785 3305 Quia

183 3341 203 3375 ι
237 3333 473 3396 prOpter
503 3332 553 3379 te
591 3323 985 3381 mortificamur
1031 3333 1144 3381 tota
1176 3325 1283 3392 die,
1319 3325 1565 3381 aestimati
1596 3342 1784 3381 sumus

179 3434 201 3463 ι
236 3415 375 3469 sicut
422 3430 562 3469 oves
610 3414 902 3469 occisionis
951 3416 1127 3485 (Psal.
1160 3430 1320 3481 XLIII,
1351 3414 1466 3487 23).
1504 3435 1527 3465 ι
1564 3414 1673 3470 Sed
1724 3414 1779 3469 in

177 3525 197 3549 ιι
232 3502 318 3557 his
362 3502 627 3558 omnibus
667 3518 988 3575 superamus
1033 3512 1259 3576 propter
1299 3520 1422 3560 eum
1470 3504 1560 3577 qui
1598 3503 1785 3560 dilexit

178 3614 199 3639 ει
234 3608 358 3647 nos.
393 3592 599 3647 Certus
641 3608 760 3646 sum
810 3592 952 3647 enim
1011 3593 1137 3665 quia
1183 3609 1361 3665 neque
1388 3609 1556 3663 mors,
1604 3609 1783 3665 neque

180 3703 202 3728 α
239 3681 372 3749 vita,
406 3696 593 3752 neque
624 3681 827 3754 angeli,
861 3698 1039 3753 neque
1068 3681 1430 3753 principatus,
1462 3699 1641 3754 neque
1671 3682 1783 3738 vir-

178 3794 199 3817 ι
238 3778 402 3839 tutes,
439 3785 627 3841 neque
670 3769 941 3838 instantia,
993 3787 1171 3843 neque
1218 3769 1417 3839 futura,
1452 3788 1630 3844 neque
1674 3770 1782 3827 for-

179 3880 200 3908 ι
238 3859 436 3927 titudo,
474 3874 657 3930 neque
684 3858 927 3927 altitudo,
976 3877 1154 3933 neque
1202 3859 1553 3932 profundum,
1604 3877 1782 3932 neque

177 3969 198 3999 α
233 3956 495 4005 creatura
541 3948 650 4002 alia
680 3946 905 4021 [aliqua]
935 3950 1132 4020 poterit
1173 3966 1274 4005 nos
1305 3966 1554 4021 separare
1584 3966 1614 4005 a
1644 3952 1782 4007 cha-

176 4059 197 4084 ι
230 4037 389 4095 ritate
422 4037 556 4105 Dei,
587 4052 709 4109 quae
738 4045 821 4093 est
850 4036 907 4093 in
926 4038 1140 4094 Christo
1166 4040 1295 4095 Jesu
1312 4039 1548 4096 Domino
1568 4047 1777 4096 nostro.

808 4232 1123 4274 EXPOSITIO.

235 4377 710 4452 Quandoquidem
752 4386 933 4435 mente
976 4379 1184 4435 servire
1232 4396 1453 4452 possum
1500 4380 1624 4455 lege
1654 4381 1774 4449 Dei,

168 4470 306 4542 Ergo
335 4487 503 4526 nunc
529 4469 590 4522 in
611 4475 853 4540 tempore
884 4469 1077 4543 gratiae
1107 4469 1258 4526 nihil
1286 4470 1673 4528 damnationis
1697 4488 1780 4528 re-

1894 1892 1992 1947 fuit
2023 1893 2198 1948 hostia
2246 1910 2345 1965 pro
2392 1896 2632 1966 peccatis
2679 1896 2920 1952 omnium
2969 1899 3173 1955 oblata.
3236 1901 3392 1958 Unde
3440 1909 3496 1958 et

1893 1982 2139 2038 Christus
2196 1983 2373 2039 dictus
2433 1992 2516 2040 est
2574 1994 2881 2056 peccatum.
2943 1988 3130 2043 Hostia
3186 1989 3331 2046 enim
3390 2007 3493 2063 pro

1891 2080 2115 2142 peccato
2136 2072 2337 2138 oblata,
2371 2081 2655 2145 peccatum
2685 2075 2985 2146 dicebatur,
3012 2078 3097 2134 vel
3119 2095 3218 2150 pro
3237 2088 3489 2151 peccato.

1890 2161 1990 2216 Vel
2037 2160 2108 2215 ita
2143 2178 2155 2217 :
2190 2162 2479 2219 Damnavit
2527 2171 2835 2234 peccatum,
2885 2166 2942 2221 id
2988 2175 3070 2222 est
3118 2168 3374 2225 Satanam
3418 2171 3488 2229 de

1890 2257 2113 2321 peccata
2146 2268 2159 2304 :
2192 2253 2339 2323 quod
2378 2252 2628 2307 diabolus
2676 2253 2802 2310 fecit
2831 2254 2886 2309 in
2918 2271 3082 2312 carne
3112 2257 3330 2314 Christi.
3361 2260 3493 2317 Dia-

1890 2339 2048 2394 bolus
2078 2341 2224 2396 enim
2248 2341 2338 2411 jus
2368 2342 2602 2397 habebat
2631 2342 2686 2397 in
2715 2359 2933 2400 omnem
2962 2346 3239 2403 hominem
3269 2358 3494 2421 prOpter

1889 2429 2156 2502 originale
2185 2438 2469 2501 peccatum
2503 2449 2517 2485 :
2552 2432 2620 2488 de
2652 2449 2760 2505 quo
2792 2433 2920 2506 quia
2949 2435 3194 2492 Christus
3222 2454 3350 2494 reus
3380 2456 3491 2496 non

1889 2517 1987 2573 fuit
2021 2520 2154 2587 (non
2184 2519 2330 2574 enim
2377 2520 2431 2574 in
2477 2523 2918 2594 concupiscentia
2965 2526 3141 2581 carnis
3168 2536 3330 2583 natus
3360 2532 3486 2601 est),

1888 2607 1941 2661 in
1975 2624 2098 2663 eum
2129 2607 2378 2664 diabolus
2415 2610 2716 2665 indebitum
2760 2612 2852 2682 jus
2881 2615 3164 2686 usurpavit
3196 2636 3208 2684 ;
3245 2617 3370 2674 ideo
3394 2618 3487 2688 jus

1889 2697 2035 2769 quod
2064 2713 2389 2754 concessum
2418 2698 2536 2770 ipse
2567 2708 2680 2755 erat
2708 2700 2763 2755 in
2792 2718 3004 2771 omnes,
3037 2705 3295 2775 perdidit,
3329 2716 3382 2762 et
3410 2708 3489 2765 sic

1889 2786 2017 2858 quia
2046 2786 2370 2843 inconcessa
2412 2789 2666 2861 captavit,
2718 2790 2862 2860 juste
2913 2808 3178 2849 concessa
3214 2796 3479 2867 perdidit.

1886 2876 2176 2931 Damnavit
2207 2877 2391 2949 utique
2420 2887 2710 2948 peccatum
2745 2896 2759 2933 :
2791 2881 2861 2935 ad
2892 2881 3015 2949 hoc,
3050 2887 3115 2939 ut
3143 2885 3488 2958 impleretur

1887 2966 1950 3020 in
1982 2965 2138 3021 nobis
2160 2966 2507 3038 justi/icatio
2541 2968 2696 3039 legis,
2717 2968 2771 3023 id
2789 2977 3049 3041 estquam
3073 2972 3161 3027 lex
3183 2974 3488 3047 praesigna-

1887 3054 2000 3119 bat,
2048 3062 2101 3109 et
2143 3054 2374 3125 implere
2420 3072 2529 3111 non
2576 3064 2783 3127 poterat
2825 3058 2881 3113 in
2910 3060 3070 3115 nobis
3104 3062 3173 3118 de
3203 3064 3435 3121 termino
3471 3084 3485 3121 :

1887 3145 1983 3216 qui
2014 3160 2129 3199 non
2157 3145 2516 3200 ambulamus
2536 3147 2848 3203 secundum
2877 3165 3111 3206 carnem
3142 3192 3157 3220 ,
3191 3151 3247 3207 id
3276 3161 3359 3208 est
3390 3170 3485 3210 se-

1887 3233 2104 3303 quendo
2132 3233 2409 3289 desideria
2439 3235 2651 3303 carnis;
2684 3236 2783 3293 sed
2805 3238 3149 3296 ambulamus
3174 3243 3487 3301 secundum

1887 3322 2175 3395 spiritum,
2236 3322 2289 3377 id
2350 3331 2432 3378 est
2489 3325 2793 3382 secundum
2852 3328 2998 3399 quod
3042 3329 3204 3387 dictat
3250 3332 3485 3405 Spiritus

1886 3419 2105 3466 sanctus
2135 3411 2223 3467 vel
2266 3413 2424 3469 ratio.
2474 3414 2778 3482 Damnavit,
2820 3416 2965 3485 dico,
2998 3428 3304 3490 peccatum,
3338 3424 3488 3494 quod

1886 3499 2093 3557 scilicet
2139 3500 2403 3558 damnare
2446 3512 2733 3574 peccatum
2779 3505 3119 3578 impossibile
3176 3518 3291 3565 erat
3337 3510 3475 3585 legi.

1885 3589 1993 3644 Lex
2023 3589 2169 3645 enim
2197 3590 2466 3662 impotens
2499 3600 2613 3647 erat
2640 3593 2874 3651 liberare
2891 3596 2959 3651 ab
2980 3597 3250 3671 originali,
3275 3600 3330 3655 in
3352 3618 3480 3673 quo,

1884 3678 1937 3733 id
1968 3687 2050 3733 est
2108 3678 2163 3733 in
2194 3679 2472 3752 implenda
2513 3682 2921 3754 justiﬁcatione,
2963 3685 3049 3741 lex
3096 3686 3481 3747 infirmabatur

1882 3784 1984 3838 per
2013 3784 2254 3835 carnem,
2300 3769 2354 3823 id
2410 3778 2492 3825 est
2539 3771 2664 3844 quia
2710 3774 3086 3831 carnalitatem
3132 3778 3473 3837 sectabatur.

1883 3857 2026 3913 Vere
2037 3857 2355 3927 justificatio
2372 3875 2481 3915 non
2504 3860 2851 3932 impletur,iis
2869 3864 2961 3936 qui
2976 3866 3255 3923 ambulant
3276 3885 3481 3925 secun-

1882 3946 2014 4001 dum
2036 3962 2290 4014 carnem;
2316 3966 2452 4005 nam
2473 3949 2508 4004 ii
2531 3952 2630 4023 qui
2642 3959 2920 4007 sectantur
2940 3958 3372 4026 carnalitatem,
3393 3976 3482 4015 sa-

1880 4037 2053 4108 piunt
2061 4036 2135 4105 ,id
2149 4044 2232 4092 est
2248 4052 2502 4110 saporem
2518 4039 2717 4095 bonum
2734 4042 3039 4113 capiunt,in
3053 4045 3136 4100 his
3150 4063 3272 4119 quae
3287 4050 3482 4105 carnis

1880 4126 2255 4182 sunt.Amodo
2268 4126 2322 4181 in
2337 4129 2687 4200 sequentibus
2698 4130 2862 4205 longe
2877 4135 3282 4191 commendabit
3294 4136 3480 4212 legem

1882 4213 2212 4285 spiritualem
2240 4232 2341 4286 per
2381 4219 2712 4289 oppositum,
2761 4221 3123 4294 deprimendo
3155 4227 3467 4285 carnalem.

1952 4301 2093 4372 Quid
2122 4304 2248 4359 inde
2277 4305 2481 4363 diceret
2499 4308 2694 4381 aliquis
2723 4309 2770 4366 si
2792 4312 3004 4384 sapiunt
3032 4331 3095 4370 ea
3128 4332 3249 4387 quas
3295 4314 3482 4375 carnis

1880 4393 2050 4448 sunt?
2079 4393 2282 4449 Malum
2310 4395 2496 4468 utique
2525 4398 2751 4453 multum
2780 4402 3014 4458 est'hoc.
3032 4404 3177 4460 Nam
3221 4406 3478 4476 pruden-

1880 4482 1961 4538 tia
1992 4483 2184 4538 carnis
2215 4487 2299 4538 est
2327 4500 2497 4552 mors,
2524 4486 2577 4541 id
2609 4496 2691 4542 est
2720 4504 2920 4546 vocare
2942 4491 3008 4546 iis
3039 4510 3162 4564 qua:
3191 4510 3319 4551 caro
3347 4512 3478 4553 sua-

164 4558 348 4615 lictum
382 4568 470 4615 est
505 4559 597 4614 his
628 4558 725 4631 qui
768 4564 904 4614 sunt
934 4561 996 4615 in
1042 4558 1263 4616 Christo
1297 4562 1448 4629 Iesu,
1484 4560 1539 4616 id
1571 4569 1653 4616 est
1684 4562 1776 4634 qui

1887 4570 1989 4637 det,
2024 4586 2175 4626 mors
2227 4572 2423 4629 animm
2478 4583 2582 4629 est.
2633 4576 2729 4631 His
2758 4578 2851 4650 qui
2893 4589 3195 4652 sequuntur
3222 4583 3474 4654 spiritum

162 4648 214 4703 in
245 4647 353 4705 fide
381 4647 593 4705 Christi
641 4647 813 4703 renati
862 4656 1006 4703 sunt.
1065 4650 1189 4704 Non
1243 4650 1389 4722 quod
1444 4651 1610 4706 modo
1649 4651 1778 4707 boni

145 4738 288 4801 'sint.
322 4739 498 4795 modo
530 4736 680 4792 male
709 4737 927 4810 agendo
970 4753 1077 4793 non
1111 4738 1238 4805 sint,
1272 4739 1370 4794 sed
1401 4740 1529 4811 quia
1560 4740 1633 4795 ita
1654 4748 1778 4796 sunt

169 4827 221 4881 in
251 4829 475 4883 Christo
504 4828 662 4892 Jesu,
693 4828 836 4899 quod
856 4843 972 4882 non
1000 4828 1298 4884 ambulant
1317 4830 1627 4885 secundum
1650 4846 1777 4886 car-

162 4934 307 4984 nem,
338 4918 396 4973 id
429 4926 515 4973 est
550 4931 664 4972 non
693 4915 1032 4971 delectantur
1060 4916 1114 4971 in
1144 4917 1323 4984 malis,
1358 4918 1615 4975 sectando
1645 4935 1776 4976 car-

162 5006 459 5063 nalitatem.
495 5004 800 5061 Ambulare
829 5021 1072 5079 congrue
1118 5015 1380 5063 removet.
1432 5007 1775 5080 lmpossibile

166 5096 305 5151 enim
363 5104 453 5153 est
516 5111 634 5151 non
681 5093 915 5150 invicem
962 5094 1147 5152 facere
1201 5113 1323 5169 qua:
1380 5097 1560 5153 carnis
1613 5106 1764 5153 sunt.

163 5185 454 5257 Propterea
503 5200 620 5241 non
660 5183 813 5250 dixit,
873 5184 964 5257 qui
1011 5193 1137 5240 sunt
1184 5186 1481 5242 secundum
1530 5203 1769 5256 carnem,

162 5274 255 5330 sed
285 5275 378 5348 qui
406 5273 719 5339 ambulant,
753 5272 809 5327 id
839 5281 922 5328 est
950 5273 1042 5346 qui
1072 5273 1141 5330 de
1171 5274 1316 5331 malo
1348 5292 1456 5332 non
1485 5277 1769 5347 pmnitent,

164 5364 253 5418 sed
282 5361 715 5421 consuescendo
764 5360 1105 5418 delectantur
1162 5363 1217 5417 in
1275 5380 1359 5420 eo.
1422 5365 1567 5421 Vero
1620 5365 1771 5422 nihil

164 5452 553 5512 damnationis
575 5455 663 5509 est
692 5451 781 5507 his
810 5452 905 5526 qui
935 5456 1076 5508 sunt
1102 5455 1164 5508 in
1196 5452 1416 5511 Christo
1445 5456 1595 5511 Iesu.
1628 5456 1771 5511 Nam

168 5543 256 5599 lex
282 5546 555 5617 spiritus,
592 5541 647 5596 id
676 5549 761 5597 est
808 5540 894 5596 vel
937 5558 1099 5613 quam
1140 5542 1374 5613 Spiritus
1423 5552 1640 5600 sanctus
1679 5545 1769 5600 di-

165 5638 284 5703 ctat,
313 5634 403 5690 vel
436 5634 562 5705 ipsa
595 5629 957 5697 rationalitas,
991 5630 1210 5702 spiritus
1237 5631 1360 5688 dico
1383 5632 1593 5689 datoris
1614 5635 1764 5703 vitaz,

163 5720 212 5775 id
241 5722 443 5796 estqui
473 5722 574 5778 dat
605 5720 694 5777 hic
744 5718 931 5777 vivere
974 5718 1030 5776 in
1074 5720 1362 5778 virtutibus
1405 5722 1551 5779 unde
1603 5722 1767 5780 etiam

1877 4657 2193 4731 implebitur
2214 4660 2526 4730 justificatio
2550 4663 2709 4737 legis.
2743 4666 2883 4722 Nam
2905 4668 2995 4741 qui
3016 4677 3141 4725 sunt
3169 4673 3471 4730 secundum

1878 4749 2158 4820 Spiritum,
2212 4750 2470 4819 sentiunt,
2519 4752 2574 4809 id
2619 4763 2701 4810 est
2749 4757 2967 4828 sapiunt
3014 4766 3067 4814 et
3095 4769 3375 4818 sectantur
3402 4781 3474 4821 ea

1875 4854 1995 4910 qua:
2045 4846 2169 4893 sunt
2216 4839 2468 4911 Spiritus.
2520 4842 2684 4900 46
2728 4845 2795 4900 Et
2824 4846 2953 4919 quid
2984 4846 3109 4904 inde
3137 4849 3342 4907 diceret
3368 4852 3476 4909 ali-

1876 4927 1998 4999 quis
2024 4927 2052 4981 Ἰ
2080 4927 2305 4984 Multum
2336 4931 2609 5004 equidem.
2633 4935 2775 4990 Nam
2803 4937 3111 5009 prudentia
3142 4943 3199 4997 et
3230 4942 3473 5014 spiritus

1874 5018 2013 5088 vita,
2045 5016 2101 5071 id
2131 5025 2213 5072 est
2243 5018 2429 5076 vivere
2459 5021 2549 5078 hic
2596 5022 2651 5077 in
2700 5024 3009 5096 virtutibus,
3042 5032 3103 5084 et
3127 5038 3209 5085 est
3236 5048 3380 5104 pax,
3414 5033 3472 5091 id

1874 5113 1954 5160 est
2012 5107 2367 5179 tranquillitas
2423 5111 2607 5180 animi,
2666 5122 2720 5169 et
2777 5116 2930 5188 quies
2987 5134 3020 5174 a
3050 5118 3463 5180 tentationibus.

1872 5194 1995 5249 Non
2026 5195 2171 5251 enim
2199 5213 2390 5254 omnes
2438 5200 2530 5272 qui
2574 5202 2760 5259 vivunt
2812 5205 2869 5261 in
2914 5205 3221 5275 virtutibus,
3272 5226 3472 5282 pacem

1871 5283 2009 5341 hanc
2038 5285 2260 5356 habent,
2294 5289 2393 5344 sed
2441 5290 2737 5349 admodum
2786 5296 2947 5367 pauci
2980 5316 2994 5363 ;
3027 5297 3153 5355 ideo
3179 5300 3474 5371 prudentia

1870 5373 2051 5429 carnis
2063 5383 2115 5430 et
2135 5391 2300 5443 mors,
2324 5381 2593 5451 quoniam
2604 5384 2889 5455 sapientia
2910 5389 3103 5443 carnis
3121 5392 3206 5445 est
3225 5390 3467 5449 inimica

1868 5462 1998 5531 Deo,
2034 5464 2275 5535 quandiu
2319 5465 2625 5525 inimicatur
2665 5472 2800 5539 Deo,
2854 5473 3041 5531 vivere
3094 5478 3301 5550 nequit.
3354 5480 3465 5538 Sed

1870 5550 1963 5641 qui
1987 5551 2191 5609 bonum
2230 5556 2568 5614 carnalitatis
2599 5576 2711 5616 sua;
2738 5562 2855 5618 Deo
2900 5565 3187 5635 praeponit,
3236 5583 3465 5641 regnum

1868 5639 1969 5696 Dei
1998 5643 2282 5716 (quantum
2311 5645 2365 5700 in
2395 5662 2454 5702 se
2501 5651 2605 5717 est)
2656 5649 2922 5719 diminuit,
2957 5653 3253 5723 subjiciens
3282 5639 3341 5714 se
3373 5674 3464 5715 re-

1867 5743 1979 5800 gno
2008 5732 2206 5790 carnis.
2242 5734 2383 5792 Vere
2413 5736 2683 5809 sapientia
2710 5740 2891 5796 carnis
2927 5750 3008 5799 est
3052 5741 3273 5801 inimica
3310 5746 3453 5803 Deo.
