  <div class='ocr_page' id='page_1' title='image "/cluster/home/n/w/nwhite01/storage/ocr_20150623/153-154/uc1.31175019678096/041.png"; bbox 0 0 3970 6472; ppageno 0'>
   <div class='ocr_carea' id='block_1_1' title="bbox 445 376 3743 441">
    <p class='ocr_par' dir='ltr' id='par_1_1' title="bbox 445 376 3743 441">
     <span class='ocr_line' id='line_1_1' title="bbox 445 376 3743 441; baseline -0.001 -1"><span class='ocrx_word' id='word_1_1' title='bbox 445 387 508 441; x_wconf 81' lang='lat' dir='ltr'><strong>7i</strong></span> <span class='ocrx_word' id='word_1_2' title='bbox 1004 384 1061 439; x_wconf 91' lang='lat' dir='ltr'><strong>S.</strong></span> <span class='ocrx_word' id='word_1_3' title='bbox 1103 378 1456 438; x_wconf 83' lang='lat' dir='ltr'><strong>BRUNONIS</strong></span> <span class='ocrx_word' id='word_1_4' title='bbox 1493 376 2143 435; x_wconf 76' lang='lat' dir='ltr'><strong>CARTHUSIANORUM</strong></span> <span class='ocrx_word' id='word_1_5' title='bbox 2179 377 2661 435; x_wconf 81' lang='lat' dir='ltr'><strong>INSTITUTORIS</strong></span> <span class='ocrx_word' id='word_1_6' title='bbox 2700 377 2853 435; x_wconf 91' lang='lat' dir='ltr'><strong>OPP.</strong></span> <span class='ocrx_word' id='word_1_7' title='bbox 2897 377 3070 434; x_wconf 82' lang='lat' dir='ltr'><strong>PARS</strong></span> <span class='ocrx_word' id='word_1_8' title='bbox 3109 380 3175 433; x_wconf 88' lang='lat' dir='ltr'><strong>II.</strong></span> <span class='ocrx_word' id='word_1_9' title='bbox 3670 382 3743 437; x_wconf 76' lang='lat'><strong>&#39;72</strong></span> 
     </span>
    </p>
   </div>
   <div class='ocr_carea' id='block_1_2' title="bbox 443 492 3726 580">
    <p class='ocr_par' dir='ltr' id='par_1_2' title="bbox 443 492 3726 580">
     <span class='ocr_line' id='line_1_2' title="bbox 443 492 3726 580; baseline -0.002 -14"><span class='ocrx_word' id='word_1_10' title='bbox 443 510 588 566; x_wconf 87' lang='lat' dir='ltr'><strong>Nam</strong></span> <span class='ocrx_word' id='word_1_11' title='bbox 612 524 728 565; x_wconf 93' lang='lat' dir='ltr'><strong>non</strong></span> <span class='ocrx_word' id='word_1_12' title='bbox 751 512 835 565; x_wconf 87' lang='lat' dir='ltr'><strong>est</strong></span> <span class='ocrx_word' id='word_1_13' title='bbox 866 508 1121 580; x_wconf 89' lang='lat' dir='ltr'><strong>subjecta</strong></span> <span class='ocrx_word' id='word_1_14' title='bbox 1153 508 1260 580; x_wconf 85' lang='lat' dir='ltr'><strong>legi</strong></span> <span class='ocrx_word' id='word_1_15' title='bbox 1286 507 1405 573; x_wconf 92' lang='lat' dir='ltr'><strong>Dei,</strong></span> <span class='ocrx_word' id='word_1_16' title='bbox 1440 504 1538 560; x_wconf 90' lang='lat' dir='ltr'><strong>sed</strong></span> <span class='ocrx_word' id='word_1_17' title='bbox 1567 492 1800 575; x_wconf 75' lang='lat' dir='ltr'><strong>imperio</strong></span> <span class='ocrx_word' id='word_1_18' title='bbox 1832 503 2033 559; x_wconf 89' lang='lat' dir='ltr'><strong>carnis.</strong></span> <span class='ocrx_word' id='word_1_19' title='bbox 2057 506 2109 565; x_wconf 82' lang='grc' dir='ltr'><strong>Α</strong></span> <span class='ocrx_word' id='word_1_20' title='bbox 2140 503 2238 559; x_wconf 87' lang='lat' dir='ltr'><strong>Dei</strong></span> <span class='ocrx_word' id='word_1_21' title='bbox 2268 503 2512 577; x_wconf 88' lang='lat' dir='ltr'><strong>agimini,</strong></span> <span class='ocrx_word' id='word_1_22' title='bbox 2546 512 2599 559; x_wconf 92' lang='lat' dir='ltr'><strong>et</strong></span> <span class='ocrx_word' id='word_1_23' title='bbox 2626 503 2811 560; x_wconf 84' lang='lat' dir='ltr'><strong>vivere</strong></span> <span class='ocrx_word' id='word_1_24' title='bbox 2841 504 3052 571; x_wconf 87' lang='lat' dir='ltr'><strong>vivctis,</strong></span> <span class='ocrx_word' id='word_1_25' title='bbox 3105 502 3235 575; x_wconf 83' lang='lat' dir='ltr'><strong>quia</strong></span> <span class='ocrx_word' id='word_1_26' title='bbox 3280 502 3375 557; x_wconf 88' lang='lat' dir='ltr'><strong>ﬁlii</strong></span> <span class='ocrx_word' id='word_1_27' title='bbox 3413 502 3513 559; x_wconf 87' lang='lat' dir='ltr'><strong>Dei</strong></span> <span class='ocrx_word' id='word_1_28' title='bbox 3545 503 3726 560; x_wconf 81' lang='lat' dir='ltr'><strong>eritis.</strong></span> 
     </span>
    </p>
   </div>
   <div class='ocr_carea' id='block_1_3' title="bbox 446 592 2038 670">
    <p class='ocr_par' dir='ltr' id='par_1_3' title="bbox 446 592 2038 670">
     <span class='ocr_line' id='line_1_3' title="bbox 446 592 2038 670; baseline -0.004 -16"><span class='ocrx_word' id='word_1_29' title='bbox 446 598 570 654; x_wconf 88' lang='lat' dir='ltr'><strong>Non</strong></span> <span class='ocrx_word' id='word_1_30' title='bbox 599 606 682 653; x_wconf 89' lang='lat' dir='ltr'><strong>est</strong></span> <span class='ocrx_word' id='word_1_31' title='bbox 736 598 999 667; x_wconf 88' lang='lat' dir='ltr'><strong>subjecta,</strong></span> <span class='ocrx_word' id='word_1_32' title='bbox 1058 599 1192 670; x_wconf 83' lang='lat' dir='ltr'><strong>quia</strong></span> <span class='ocrx_word' id='word_1_33' title='bbox 1235 611 1338 651; x_wconf 91' lang='lat' dir='ltr'><strong>nec</strong></span> <span class='ocrx_word' id='word_1_34' title='bbox 1387 610 1505 650; x_wconf 85' lang='lat' dir='ltr'><strong>esse</strong></span> <span class='ocrx_word' id='word_1_35' title='bbox 1547 597 1729 666; x_wconf 89' lang='lat' dir='ltr'><strong>potest</strong></span> <span class='ocrx_word' id='word_1_36' title='bbox 1777 592 2038 661; x_wconf 89' lang='lat' dir='ltr'><strong>subjecta,</strong></span> 
     </span>
    </p>
   </div>
   <div class='ocr_carea' id='block_1_4' title="bbox 444 682 2041 759">
    <p class='ocr_par' dir='ltr' id='par_1_4' title="bbox 444 682 2041 759">
     <span class='ocr_line' id='line_1_4' title="bbox 444 682 2041 759; baseline -0.004 -17"><span class='ocrx_word' id='word_1_37' title='bbox 444 686 682 759; x_wconf 91' lang='lat' dir='ltr'><strong>quandiu</strong></span> <span class='ocrx_word' id='word_1_38' title='bbox 713 686 1028 743; x_wconf 89' lang='lat' dir='ltr'><strong>carnalitati</strong></span> <span class='ocrx_word' id='word_1_39' title='bbox 1072 685 1333 741; x_wconf 86' lang='lat' dir='ltr'><strong>adheret.</strong></span> <span class='ocrx_word' id='word_1_40' title='bbox 1366 682 1509 753; x_wconf 90' lang='lat' dir='ltr'><strong>Quid</strong></span> <span class='ocrx_word' id='word_1_41' title='bbox 1543 682 1687 737; x_wconf 89' lang='lat' dir='ltr'><strong>enim</strong></span> <span class='ocrx_word' id='word_1_42' title='bbox 1717 697 2041 737; x_wconf 81' lang='lat' dir='ltr'><strong>enumerare</strong></span> 
     </span>
    </p>
   </div>
   <div class='ocr_carea' id='block_1_5' title="bbox 441 770 2041 848">
    <p class='ocr_par' dir='ltr' id='par_1_5' title="bbox 441 770 2041 848">
     <span class='ocr_line' id='line_1_5' title="bbox 441 770 2041 848; baseline -0.004 -18"><span class='ocrx_word' id='word_1_43' title='bbox 441 792 628 848; x_wconf 89' lang='lat' dir='ltr'><strong>quero</strong></span> <span class='ocrx_word' id='word_1_44' title='bbox 658 774 873 848; x_wconf 83' lang='lat' dir='ltr'><strong>singula</strong></span> <span class='ocrx_word' id='word_1_45' title='bbox 904 774 1114 841; x_wconf 89' lang='lat' dir='ltr'><strong>dicens,</strong></span> <span class='ocrx_word' id='word_1_46' title='bbox 1160 772 1443 845; x_wconf 77' lang='lat' dir='ltr'><strong>prudentia</strong></span> <span class='ocrx_word' id='word_1_47' title='bbox 1474 770 1653 827; x_wconf 89' lang='lat' dir='ltr'><strong>carnis</strong></span> <span class='ocrx_word' id='word_1_48' title='bbox 1697 779 1780 826; x_wconf 90' lang='lat' dir='ltr'><strong>est</strong></span> <span class='ocrx_word' id='word_1_49' title='bbox 1808 786 1958 826; x_wconf 90' lang='lat' dir='ltr'><strong>mors</strong></span> <span class='ocrx_word' id='word_1_50' title='bbox 1989 778 2041 825; x_wconf 90' lang='lat' dir='ltr'><strong>et</strong></span> 
     </span>
    </p>
   </div>
   <div class='ocr_carea' id='block_1_6' title="bbox 442 860 2040 935">
    <p class='ocr_par' dir='ltr' id='par_1_6' title="bbox 442 860 2040 935">
     <span class='ocr_line' id='line_1_6' title="bbox 442 860 2040 935; baseline -0.003 -16"><span class='ocrx_word' id='word_1_51' title='bbox 442 864 665 920; x_wconf 91' lang='lat' dir='ltr'><strong>inimica</strong></span> <span class='ocrx_word' id='word_1_52' title='bbox 696 865 812 920; x_wconf 90' lang='lat' dir='ltr'><strong>Deo</strong></span> <span class='ocrx_word' id='word_1_53' title='bbox 832 865 861 919; x_wconf 70' lang='grc'><strong>9</strong></span> <span class='ocrx_word' id='word_1_54' title='bbox 891 872 948 919; x_wconf 93' lang='lat' dir='ltr'><strong>ut</strong></span> <span class='ocrx_word' id='word_1_55' title='bbox 966 863 1160 935; x_wconf 84' lang='lat' dir='ltr'><strong>paucis</strong></span> <span class='ocrx_word' id='word_1_56' title='bbox 1182 861 1643 933; x_wconf 88' lang='lat' dir='ltr'><strong>comprehendam</strong></span> <span class='ocrx_word' id='word_1_57' title='bbox 1676 877 1689 916; x_wconf 89' lang='lat'><strong>:</strong></span> <span class='ocrx_word' id='word_1_58' title='bbox 1723 860 2040 933; x_wconf 78' lang='lat' dir='ltr'><strong>quicunque</strong></span> 
     </span>
    </p>
   </div>
   <div class='ocr_carea' id='block_1_7' title="bbox 440 948 2037 1021">
    <p class='ocr_par' dir='ltr' id='par_1_7' title="bbox 440 948 2037 1021">
     <span class='ocr_line' id='line_1_7' title="bbox 440 948 2037 1021; baseline -0.004 -11"><span class='ocrx_word' id='word_1_59' title='bbox 440 957 579 1010; x_wconf 89' lang='lat' dir='ltr'><strong>sunt</strong></span> <span class='ocrx_word' id='word_1_60' title='bbox 608 955 671 1009; x_wconf 88' lang='lat' dir='ltr'><strong>in</strong></span> <span class='ocrx_word' id='word_1_61' title='bbox 703 969 896 1017; x_wconf 86' lang='lat' dir='ltr'><strong>carne,</strong></span> <span class='ocrx_word' id='word_1_62' title='bbox 923 952 977 1007; x_wconf 93' lang='lat' dir='ltr'><strong>id</strong></span> <span class='ocrx_word' id='word_1_63' title='bbox 1010 959 1092 1007; x_wconf 91' lang='lat' dir='ltr'><strong>est</strong></span> <span class='ocrx_word' id='word_1_64' title='bbox 1118 950 1175 1005; x_wconf 94' lang='lat' dir='ltr'><strong>in</strong></span> <span class='ocrx_word' id='word_1_65' title='bbox 1204 949 1536 1016; x_wconf 90' lang='lat' dir='ltr'><strong>carnalitate,</strong></span> <span class='ocrx_word' id='word_1_66' title='bbox 1572 949 1812 1021; x_wconf 89' lang='lat' dir='ltr'><strong>quandiu</strong></span> <span class='ocrx_word' id='word_1_67' title='bbox 1841 948 1916 1001; x_wconf 89' lang='lat' dir='ltr'><strong>ibi</strong></span> <span class='ocrx_word' id='word_1_68' title='bbox 1936 948 2037 1003; x_wconf 87' lang='lat' dir='ltr'><strong>de-</strong></span> 
     </span>
    </p>
   </div>
   <div class='ocr_carea' id='block_1_8' title="bbox 441 1036 2042 1113">
    <p class='ocr_par' dir='ltr' id='par_1_8' title="bbox 441 1036 2042 1113">
     <span class='ocr_line' id='line_1_8' title="bbox 441 1036 2042 1113; baseline -0.004 -16"><span class='ocrx_word' id='word_1_69' title='bbox 441 1042 695 1108; x_wconf 90' lang='lat' dir='ltr'><strong>tinentur,</strong></span> <span class='ocrx_word' id='word_1_70' title='bbox 728 1043 836 1098; x_wconf 88' lang='lat' dir='ltr'><strong>Deo</strong></span> <span class='ocrx_word' id='word_1_71' title='bbox 863 1042 1089 1113; x_wconf 89' lang='lat' dir='ltr'><strong>placere</strong></span> <span class='ocrx_word' id='word_1_72' title='bbox 1111 1057 1225 1095; x_wconf 90' lang='lat' dir='ltr'><strong>non</strong></span> <span class='ocrx_word' id='word_1_73' title='bbox 1248 1043 1501 1112; x_wconf 88' lang='lat' dir='ltr'><strong>possunt.</strong></span> <span class='ocrx_word' id='word_1_74' title='bbox 1538 1036 1676 1106; x_wconf 86' lang='lat' dir='ltr'><strong>Quia</strong></span> <span class='ocrx_word' id='word_1_75' title='bbox 1705 1037 1869 1093; x_wconf 91' lang='lat' dir='ltr'><strong>modo</strong></span> <span class='ocrx_word' id='word_1_76' title='bbox 1890 1036 2042 1092; x_wconf 81' lang='lat' dir='ltr'><strong>dixe-</strong></span> 
     </span>
    </p>
   </div>
   <div class='ocr_carea' id='block_1_9' title="bbox 442 1128 2041 1202">
    <p class='ocr_par' dir='ltr' id='par_1_9' title="bbox 442 1128 2041 1202">
     <span class='ocr_line' id='line_1_9' title="bbox 442 1128 2041 1202; baseline -0.003 -17"><span class='ocrx_word' id='word_1_77' title='bbox 442 1138 544 1197; x_wconf 89' lang='lat' dir='ltr'><strong>rat,</strong></span> <span class='ocrx_word' id='word_1_78' title='bbox 577 1130 670 1202; x_wconf 89' lang='lat' dir='ltr'><strong>qui</strong></span> <span class='ocrx_word' id='word_1_79' title='bbox 700 1130 756 1184; x_wconf 88' lang='lat' dir='ltr'><strong>in</strong></span> <span class='ocrx_word' id='word_1_80' title='bbox 785 1145 946 1186; x_wconf 91' lang='lat' dir='ltr'><strong>carne</strong></span> <span class='ocrx_word' id='word_1_81' title='bbox 978 1136 1101 1183; x_wconf 91' lang='lat' dir='ltr'><strong>sunt</strong></span> <span class='ocrx_word' id='word_1_82' title='bbox 1132 1129 1248 1183; x_wconf 90' lang='lat' dir='ltr'><strong>Deo</strong></span> <span class='ocrx_word' id='word_1_83' title='bbox 1278 1128 1494 1200; x_wconf 89' lang='lat' dir='ltr'><strong>placere</strong></span> <span class='ocrx_word' id='word_1_84' title='bbox 1524 1133 1818 1199; x_wconf 85' lang='lat' dir='ltr'><strong>nequeunt.</strong></span> <span class='ocrx_word' id='word_1_85' title='bbox 1843 1142 1913 1181; x_wconf 90' lang='lat' dir='ltr'><strong>ne</strong></span> <span class='ocrx_word' id='word_1_86' title='bbox 1941 1142 2041 1197; x_wconf 93' lang='lat' dir='ltr'><strong>per</strong></span> 
     </span>
    </p>
   </div>
   <div class='ocr_carea' id='block_1_10' title="bbox 443 1214 2081 1288">
    <p class='ocr_par' dir='ltr' id='par_1_10' title="bbox 443 1214 2081 1288">
     <span class='ocr_line' id='line_1_10' title="bbox 443 1214 2081 1288; baseline -0.002 -15"><span class='ocrx_word' id='word_1_87' title='bbox 443 1220 547 1275; x_wconf 90' lang='lat' dir='ltr'><strong>hoc</strong></span> <span class='ocrx_word' id='word_1_88' title='bbox 602 1219 897 1274; x_wconf 84' lang='lat' dir='ltr'><strong>deterreret</strong></span> <span class='ocrx_word' id='word_1_89' title='bbox 952 1218 1263 1283; x_wconf 85' lang='lat' dir='ltr'><strong>Romanos,</strong></span> <span class='ocrx_word' id='word_1_90' title='bbox 1313 1216 1405 1288; x_wconf 88' lang='lat' dir='ltr'><strong>qui</strong></span> <span class='ocrx_word' id='word_1_91' title='bbox 1458 1215 1607 1287; x_wconf 89' lang='lat' dir='ltr'><strong>prius</strong></span> <span class='ocrx_word' id='word_1_92' title='bbox 1656 1214 2081 1284; x_wconf 44' lang='lat' dir='ltr'><strong>justiﬁcatione&#39;</strong></span> 
     </span>
    </p>
   </div>
   <div class='ocr_carea' id='block_1_11' title="bbox 441 1304 2042 1379">
    <p class='ocr_par' dir='ltr' id='par_1_11' title="bbox 441 1304 2042 1379">
     <span class='ocr_line' id='line_1_11' title="bbox 441 1304 2042 1379; baseline -0.003 -17"><span class='ocrx_word' id='word_1_93' title='bbox 441 1315 686 1379; x_wconf 88' lang='lat' dir='ltr'><strong>accepta,</strong></span> <span class='ocrx_word' id='word_1_94' title='bbox 714 1306 785 1362; x_wconf 88' lang='lat' dir='ltr'><strong>ad</strong></span> <span class='ocrx_word' id='word_1_95' title='bbox 814 1307 999 1379; x_wconf 91' lang='lat' dir='ltr'><strong>aliqua</strong></span> <span class='ocrx_word' id='word_1_96' title='bbox 1027 1314 1253 1377; x_wconf 86' lang='lat' dir='ltr'><strong>peccata</strong></span> <span class='ocrx_word' id='word_1_97' title='bbox 1284 1304 1482 1375; x_wconf 84' lang='lat' dir='ltr'><strong>relapsi</strong></span> <span class='ocrx_word' id='word_1_98' title='bbox 1506 1304 1741 1371; x_wconf 89' lang='lat' dir='ltr'><strong>fuerant,</strong></span> <span class='ocrx_word' id='word_1_99' title='bbox 1767 1304 2042 1359; x_wconf 83' lang='lat' dir='ltr'><strong>demulcet</strong></span> 
     </span>
    </p>
   </div>
   <div class='ocr_carea' id='block_1_12' title="bbox 442 1393 2039 1467">
    <p class='ocr_par' dir='ltr' id='par_1_12' title="bbox 442 1393 2039 1467">
     <span class='ocr_line' id='line_1_12' title="bbox 442 1393 2039 1467; baseline -0.003 -14"><span class='ocrx_word' id='word_1_100' title='bbox 442 1411 540 1453; x_wconf 87' lang='lat' dir='ltr'><strong>eos</strong></span> <span class='ocrx_word' id='word_1_101' title='bbox 568 1395 915 1461; x_wconf 86' lang='lat' dir='ltr'><strong>blandiendo,</strong></span> <span class='ocrx_word' id='word_1_102' title='bbox 949 1403 1130 1450; x_wconf 91' lang='lat' dir='ltr'><strong>tamen</strong></span> <span class='ocrx_word' id='word_1_103' title='bbox 1151 1411 1273 1467; x_wconf 81' lang='lat' dir='ltr'><strong>que</strong></span> <span class='ocrx_word' id='word_1_104' title='bbox 1319 1393 1566 1449; x_wconf 89' lang='lat' dir='ltr'><strong>facienda</strong></span> <span class='ocrx_word' id='word_1_105' title='bbox 1614 1393 1719 1447; x_wconf 92' lang='lat' dir='ltr'><strong>sint</strong></span> <span class='ocrx_word' id='word_1_106' title='bbox 1746 1393 1825 1448; x_wconf 90' lang='lat' dir='ltr'><strong>eis</strong></span> <span class='ocrx_word' id='word_1_107' title='bbox 1854 1401 2039 1464; x_wconf 89' lang='lat' dir='ltr'><strong>aperte</strong></span> 
     </span>
    </p>
   </div>
   <div class='ocr_carea' id='block_1_13' title="bbox 444 1482 2039 1554">
    <p class='ocr_par' dir='ltr' id='par_1_13' title="bbox 444 1482 2039 1554">
     <span class='ocr_line' id='line_1_13' title="bbox 444 1482 2039 1554; baseline -0.003 -13"><span class='ocrx_word' id='word_1_108' title='bbox 444 1484 747 1541; x_wconf 87' lang='lat' dir='ltr'><strong>insinuans.</strong></span> <span class='ocrx_word' id='word_1_109' title='bbox 782 1483 888 1554; x_wconf 88' lang='lat' dir='ltr'><strong>Qui</strong></span> <span class='ocrx_word' id='word_1_110' title='bbox 917 1484 971 1537; x_wconf 93' lang='lat' dir='ltr'><strong>in</strong></span> <span class='ocrx_word' id='word_1_111' title='bbox 1020 1499 1186 1539; x_wconf 88' lang='lat' dir='ltr'><strong>carne</strong></span> <span class='ocrx_word' id='word_1_112' title='bbox 1232 1491 1356 1537; x_wconf 91' lang='lat' dir='ltr'><strong>sunt</strong></span> <span class='ocrx_word' id='word_1_113' title='bbox 1385 1483 1499 1537; x_wconf 93' lang='lat' dir='ltr'><strong>Deo</strong></span> <span class='ocrx_word' id='word_1_114' title='bbox 1528 1482 1748 1553; x_wconf 80' lang='lat' dir='ltr'><strong>placere</strong></span> <span class='ocrx_word' id='word_1_115' title='bbox 1778 1498 1887 1537; x_wconf 90' lang='lat' dir='ltr'><strong>non</strong></span> <span class='ocrx_word' id='word_1_116' title='bbox 1916 1498 2039 1553; x_wconf 87' lang='lat' dir='ltr'><strong>pos-</strong></span> 
     </span>
    </p>
   </div>
   <div class='ocr_carea' id='block_1_14' title="bbox 446 1571 2038 1642">
    <p class='ocr_par' dir='ltr' id='par_1_14' title="bbox 446 1571 2038 1642">
     <span class='ocr_line' id='line_1_14' title="bbox 446 1571 2038 1642; baseline -0.003 -13"><span class='ocrx_word' id='word_1_117' title='bbox 446 1582 589 1629; x_wconf 90' lang='lat' dir='ltr'><strong>sunt.</strong></span> <span class='ocrx_word' id='word_1_118' title='bbox 623 1573 731 1629; x_wconf 91' lang='lat' dir='ltr'><strong>Sed</strong></span> <span class='ocrx_word' id='word_1_119' title='bbox 752 1590 860 1641; x_wconf 90' lang='lat' dir='ltr'><strong>vos,</strong></span> <span class='ocrx_word' id='word_1_120' title='bbox 886 1590 918 1629; x_wconf 91' lang='grc' dir='ltr'>ο</span> <span class='ocrx_word' id='word_1_121' title='bbox 937 1572 1187 1639; x_wconf 81' lang='lat' dir='ltr'><strong>Romani,</strong></span> <span class='ocrx_word' id='word_1_122' title='bbox 1208 1588 1324 1627; x_wconf 87' lang='lat' dir='ltr'><strong>non</strong></span> <span class='ocrx_word' id='word_1_123' title='bbox 1334 1573 1461 1642; x_wconf 90' lang='lat' dir='ltr'><strong>jam</strong></span> <span class='ocrx_word' id='word_1_124' title='bbox 1478 1572 1619 1627; x_wconf 87' lang='lat' dir='ltr'><strong>estis</strong></span> <span class='ocrx_word' id='word_1_125' title='bbox 1643 1571 1702 1625; x_wconf 89' lang='lat' dir='ltr'><strong>in</strong></span> <span class='ocrx_word' id='word_1_126' title='bbox 1720 1587 1912 1637; x_wconf 88' lang='lat' dir='ltr'><strong>carne,</strong></span> <span class='ocrx_word' id='word_1_127' title='bbox 1936 1586 2038 1625; x_wconf 89' lang='lat' dir='ltr'><strong>nec</strong></span> 
     </span>
    </p>
   </div>
   <div class='ocr_carea' id='block_1_15' title="bbox 439 1660 2039 1732">
    <p class='ocr_par' dir='ltr' id='par_1_15' title="bbox 439 1660 2039 1732">
     <span class='ocr_line' id='line_1_15' title="bbox 439 1660 2039 1732; baseline -0.003 -13"><span class='ocrx_word' id='word_1_128' title='bbox 439 1679 538 1719; x_wconf 89' lang='lat' dir='ltr'><strong>vos</strong></span> <span class='ocrx_word' id='word_1_129' title='bbox 568 1662 621 1717; x_wconf 94' lang='lat' dir='ltr'><strong>in</strong></span> <span class='ocrx_word' id='word_1_130' title='bbox 652 1678 818 1719; x_wconf 89' lang='lat' dir='ltr'><strong>carne</strong></span> <span class='ocrx_word' id='word_1_131' title='bbox 848 1679 969 1717; x_wconf 90' lang='lat' dir='ltr'><strong>esse</strong></span> <span class='ocrx_word' id='word_1_132' title='bbox 988 1661 1253 1732; x_wconf 78' lang='lat' dir='ltr'><strong>intelligo,</strong></span> <span class='ocrx_word' id='word_1_133' title='bbox 1278 1660 1373 1716; x_wconf 88' lang='lat' dir='ltr'><strong>sed</strong></span> <span class='ocrx_word' id='word_1_134' title='bbox 1402 1660 1536 1715; x_wconf 83' lang='lat' dir='ltr'><strong>estis</strong></span> <span class='ocrx_word' id='word_1_135' title='bbox 1567 1662 1628 1715; x_wconf 89' lang='lat' dir='ltr'><strong>in</strong></span> <span class='ocrx_word' id='word_1_136' title='bbox 1658 1660 1886 1732; x_wconf 76' lang='lat' dir='ltr'><strong>spiritu.</strong></span> <span class='ocrx_word' id='word_1_137' title='bbox 1925 1660 2039 1715; x_wconf 88' lang='lat' dir='ltr'><strong>Hac</strong></span> 
     </span>
    </p>
   </div>
   <div class='ocr_carea' id='block_1_16' title="bbox 441 1748 2039 1820">
    <p class='ocr_par' dir='ltr' id='par_1_16' title="bbox 441 1748 2039 1820">
     <span class='ocr_line' id='line_1_16' title="bbox 441 1748 2039 1820; baseline -0.003 -13"><span class='ocrx_word' id='word_1_138' title='bbox 441 1750 755 1807; x_wconf 91' lang='lat' dir='ltr'><strong>conditione</strong></span> <span class='ocrx_word' id='word_1_139' title='bbox 784 1759 968 1806; x_wconf 91' lang='lat' dir='ltr'><strong>tamen</strong></span> <span class='ocrx_word' id='word_1_140' title='bbox 1025 1765 1125 1805; x_wconf 89' lang='lat' dir='ltr'><strong>vos</strong></span> <span class='ocrx_word' id='word_1_141' title='bbox 1169 1765 1291 1803; x_wconf 90' lang='lat' dir='ltr'><strong>esse</strong></span> <span class='ocrx_word' id='word_1_142' title='bbox 1322 1748 1376 1803; x_wconf 91' lang='lat' dir='ltr'><strong>in</strong></span> <span class='ocrx_word' id='word_1_143' title='bbox 1407 1748 1599 1820; x_wconf 89' lang='lat' dir='ltr'><strong>spiritu</strong></span> <span class='ocrx_word' id='word_1_144' title='bbox 1638 1748 1953 1819; x_wconf 86' lang='lat' dir='ltr'><strong>pronuntio,</strong></span> <span class='ocrx_word' id='word_1_145' title='bbox 1988 1748 2039 1803; x_wconf 90' lang='lat' dir='ltr'><strong>si</strong></span> 
     </span>
    </p>
   </div>
   <div class='ocr_carea' id='block_1_17' title="bbox 445 1836 2108 1924">
    <p class='ocr_par' dir='ltr' id='par_1_17' title="bbox 445 1836 2108 1924">
     <span class='ocr_line' id='line_1_17' title="bbox 445 1836 2108 1924; baseline -0.004 -26"><span class='ocrx_word' id='word_1_146' title='bbox 445 1842 689 1913; x_wconf 88' lang='lat' dir='ltr'><strong>Spiritus</strong></span> <span class='ocrx_word' id='word_1_147' title='bbox 718 1841 818 1897; x_wconf 90' lang='lat' dir='ltr'><strong>Dei</strong></span> <span class='ocrx_word' id='word_1_148' title='bbox 846 1854 1009 1911; x_wconf 90' lang='lat' dir='ltr'><strong>quem</strong></span> <span class='ocrx_word' id='word_1_149' title='bbox 1064 1839 1119 1893; x_wconf 91' lang='lat' dir='ltr'><strong>in</strong></span> <span class='ocrx_word' id='word_1_150' title='bbox 1150 1838 1417 1909; x_wconf 90' lang='lat' dir='ltr'><strong>baptismo</strong></span> <span class='ocrx_word' id='word_1_151' title='bbox 1446 1836 1742 1908; x_wconf 90' lang='lat' dir='ltr'><strong>accepistis</strong></span> <span class='ocrx_word' id='word_1_152' title='bbox 1792 1836 2029 1901; x_wconf 81' lang='lat' dir='ltr'><strong>habitat,</strong></span> <span class='ocrx_word' id='word_1_153' title='bbox 2057 1864 2108 1924; x_wconf 79' lang='grc' dir='ltr'>Β</span> 
     </span>
    </p>
   </div>
   <div class='ocr_carea' id='block_1_18' title="bbox 443 1926 2036 2000">
    <p class='ocr_par' dir='ltr' id='par_1_18' title="bbox 443 1926 2036 2000">
     <span class='ocr_line' id='line_1_18' title="bbox 443 1926 2036 2000; baseline -0.003 -16"><span class='ocrx_word' id='word_1_154' title='bbox 443 1929 500 1984; x_wconf 91' lang='lat' dir='ltr'><strong>id</strong></span> <span class='ocrx_word' id='word_1_155' title='bbox 528 1937 611 1983; x_wconf 93' lang='lat' dir='ltr'><strong>est</strong></span> <span class='ocrx_word' id='word_1_156' title='bbox 640 1936 960 2000; x_wconf 86' lang='lat' dir='ltr'><strong>perseverat</strong></span> <span class='ocrx_word' id='word_1_157' title='bbox 989 1930 1051 1983; x_wconf 86' lang='lat' dir='ltr'><strong>in</strong></span> <span class='ocrx_word' id='word_1_158' title='bbox 1082 1927 1250 1984; x_wconf 90' lang='lat' dir='ltr'><strong>vobis.</strong></span> <span class='ocrx_word' id='word_1_159' title='bbox 1283 1928 1341 1983; x_wconf 91' lang='lat' dir='ltr'><strong>Si</strong></span> <span class='ocrx_word' id='word_1_160' title='bbox 1370 1927 1493 1999; x_wconf 90' lang='lat' dir='ltr'><strong>quis</strong></span> <span class='ocrx_word' id='word_1_161' title='bbox 1520 1931 1716 1982; x_wconf 91' lang='lat' dir='ltr'><strong>autem</strong></span> <span class='ocrx_word' id='word_1_162' title='bbox 1748 1927 1879 1996; x_wconf 93' lang='lat' dir='ltr'><strong>(non</strong></span> <span class='ocrx_word' id='word_1_163' title='bbox 1911 1926 2036 1981; x_wconf 92' lang='lat' dir='ltr'><strong>dico</strong></span> 
     </span>
    </p>
   </div>
   <div class='ocr_carea' id='block_1_19' title="bbox 443 2014 2038 2089">
    <p class='ocr_par' dir='ltr' id='par_1_19' title="bbox 443 2014 2038 2089">
     <span class='ocr_line' id='line_1_19' title="bbox 443 2014 2038 2089; baseline -0.003 -16"><span class='ocrx_word' id='word_1_164' title='bbox 443 2018 513 2074; x_wconf 91' lang='lat' dir='ltr'><strong>de</strong></span> <span class='ocrx_word' id='word_1_165' title='bbox 541 2016 719 2085; x_wconf 88' lang='lat' dir='ltr'><strong>vobis,</strong></span> <span class='ocrx_word' id='word_1_166' title='bbox 750 2017 847 2072; x_wconf 90' lang='lat' dir='ltr'><strong>sed</strong></span> <span class='ocrx_word' id='word_1_167' title='bbox 877 2016 1185 2089; x_wconf 90' lang='lat' dir='ltr'><strong>quicunque</strong></span> <span class='ocrx_word' id='word_1_168' title='bbox 1213 2015 1302 2070; x_wconf 90' lang='lat' dir='ltr'><strong>ille</strong></span> <span class='ocrx_word' id='word_1_169' title='bbox 1331 2015 1420 2085; x_wconf 83' lang='lat' dir='ltr'><strong>sit)</strong></span> <span class='ocrx_word' id='word_1_170' title='bbox 1453 2015 1543 2087; x_wconf 93' lang='lat' dir='ltr'><strong>qui</strong></span> <span class='ocrx_word' id='word_1_171' title='bbox 1574 2032 1689 2071; x_wconf 89' lang='lat' dir='ltr'><strong>non</strong></span> <span class='ocrx_word' id='word_1_172' title='bbox 1721 2016 1883 2070; x_wconf 86' lang='lat' dir='ltr'><strong>habet</strong></span> <span class='ocrx_word' id='word_1_173' title='bbox 1922 2014 2038 2087; x_wconf 83' lang='lat' dir='ltr'><strong>Spi-</strong></span> 
     </span>
    </p>
   </div>
   <div class='ocr_carea' id='block_1_20' title="bbox 440 2102 2039 2177">
    <p class='ocr_par' dir='ltr' id='par_1_20' title="bbox 440 2102 2039 2177">
     <span class='ocr_line' id='line_1_20' title="bbox 440 2102 2039 2177; baseline -0.004 -14"><span class='ocrx_word' id='word_1_174' title='bbox 440 2110 624 2163; x_wconf 85' lang='lat' dir='ltr'><strong>ritum</strong></span> <span class='ocrx_word' id='word_1_175' title='bbox 648 2105 875 2171; x_wconf 87' lang='lat' dir='ltr'><strong>Christi,</strong></span> <span class='ocrx_word' id='word_1_176' title='bbox 903 2106 992 2161; x_wconf 88' lang='lat' dir='ltr'><strong>hic</strong></span> <span class='ocrx_word' id='word_1_177' title='bbox 1013 2122 1127 2161; x_wconf 90' lang='lat' dir='ltr'><strong>non</strong></span> <span class='ocrx_word' id='word_1_178' title='bbox 1164 2109 1250 2161; x_wconf 88' lang='lat' dir='ltr'><strong>est</strong></span> <span class='ocrx_word' id='word_1_179' title='bbox 1278 2107 1420 2177; x_wconf 90' lang='lat' dir='ltr'><strong>ejus,</strong></span> <span class='ocrx_word' id='word_1_180' title='bbox 1453 2103 1661 2159; x_wconf 88' lang='lat' dir='ltr'><strong>scilicet</strong></span> <span class='ocrx_word' id='word_1_181' title='bbox 1693 2103 1811 2169; x_wconf 89' lang='lat' dir='ltr'><strong>Dei,</strong></span> <span class='ocrx_word' id='word_1_182' title='bbox 1861 2102 1917 2157; x_wconf 93' lang='lat' dir='ltr'><strong>id</strong></span> <span class='ocrx_word' id='word_1_183' title='bbox 1955 2111 2039 2157; x_wconf 87' lang='lat' dir='ltr'><strong>est</strong></span> 
     </span>
    </p>
   </div>
   <div class='ocr_carea' id='block_1_21' title="bbox 441 2192 2036 2265">
    <p class='ocr_par' dir='ltr' id='par_1_21' title="bbox 441 2192 2036 2265">
     <span class='ocr_line' id='line_1_21' title="bbox 441 2192 2036 2265; baseline -0.002 -14"><span class='ocrx_word' id='word_1_184' title='bbox 441 2211 552 2251; x_wconf 92' lang='lat' dir='ltr'><strong>non</strong></span> <span class='ocrx_word' id='word_1_185' title='bbox 580 2195 745 2250; x_wconf 87' lang='lat' dir='ltr'><strong>habet</strong></span> <span class='ocrx_word' id='word_1_186' title='bbox 773 2202 984 2265; x_wconf 86' lang='lat' dir='ltr'><strong>partem</strong></span> <span class='ocrx_word' id='word_1_187' title='bbox 1014 2209 1134 2251; x_wconf 90' lang='lat' dir='ltr'><strong>cum</strong></span> <span class='ocrx_word' id='word_1_188' title='bbox 1165 2194 1280 2248; x_wconf 91' lang='lat' dir='ltr'><strong>Deo</strong></span> <span class='ocrx_word' id='word_1_189' title='bbox 1305 2193 1423 2249; x_wconf 84' lang='lat' dir='ltr'><strong>.Hic</strong></span> <span class='ocrx_word' id='word_1_190' title='bbox 1451 2192 1610 2263; x_wconf 90' lang='lat' dir='ltr'><strong>plane</strong></span> <span class='ocrx_word' id='word_1_191' title='bbox 1627 2192 1861 2247; x_wconf 89' lang='lat' dir='ltr'><strong>ostendit</strong></span> <span class='ocrx_word' id='word_1_192' title='bbox 1892 2193 2036 2262; x_wconf 80' lang='lat' dir='ltr'><strong>Apo-</strong></span> 
     </span>
    </p>
   </div>
   <div class='ocr_carea' id='block_1_22' title="bbox 445 2280 2031 2353">
    <p class='ocr_par' dir='ltr' id='par_1_22' title="bbox 445 2280 2031 2353">
     <span class='ocr_line' id='line_1_22' title="bbox 445 2280 2031 2353; baseline -0.003 -15"><span class='ocrx_word' id='word_1_193' title='bbox 445 2283 615 2340; x_wconf 91' lang='lat' dir='ltr'><strong>stolus</strong></span> <span class='ocrx_word' id='word_1_194' title='bbox 652 2282 910 2353; x_wconf 91' lang='lat' dir='ltr'><strong>Spiritum</strong></span> <span class='ocrx_word' id='word_1_195' title='bbox 953 2282 1031 2338; x_wconf 91' lang='lat' dir='ltr'><strong>sic</strong></span> <span class='ocrx_word' id='word_1_196' title='bbox 1081 2297 1115 2337; x_wconf 91' lang='lat' dir='ltr'><strong>a</strong></span> <span class='ocrx_word' id='word_1_197' title='bbox 1161 2281 1314 2348; x_wconf 88' lang='lat' dir='ltr'><strong>Filio,</strong></span> <span class='ocrx_word' id='word_1_198' title='bbox 1365 2289 1421 2335; x_wconf 93' lang='lat' dir='ltr'><strong>ut</strong></span> <span class='ocrx_word' id='word_1_199' title='bbox 1449 2296 1482 2335; x_wconf 90' lang='lat' dir='ltr'><strong>a</strong></span> <span class='ocrx_word' id='word_1_200' title='bbox 1528 2281 1685 2335; x_wconf 88' lang='lat' dir='ltr'><strong>Patre</strong></span> <span class='ocrx_word' id='word_1_201' title='bbox 1712 2280 2031 2351; x_wconf 88' lang='lat' dir='ltr'><strong>procedere,</strong></span> 
     </span>
    </p>
   </div>
   <div class='ocr_carea' id='block_1_23' title="bbox 444 2363 2037 2439">
    <p class='ocr_par' dir='ltr' id='par_1_23' title="bbox 444 2363 2037 2439">
     <span class='ocr_line' id='line_1_23' title="bbox 444 2363 2037 2439; baseline -0.003 -16"><span class='ocrx_word' id='word_1_202' title='bbox 444 2367 536 2424; x_wconf 93' lang='lat' dir='ltr'><strong>ubi</strong></span> <span class='ocrx_word' id='word_1_203' title='bbox 565 2368 639 2422; x_wconf 86' lang='lat' dir='ltr'><strong>ait</strong></span> <span class='ocrx_word' id='word_1_204' title='bbox 684 2367 945 2439; x_wconf 90' lang='lat' dir='ltr'><strong>Spiritum</strong></span> <span class='ocrx_word' id='word_1_205' title='bbox 976 2366 1095 2433; x_wconf 91' lang='lat' dir='ltr'><strong>Dei,</strong></span> <span class='ocrx_word' id='word_1_206' title='bbox 1129 2374 1181 2421; x_wconf 92' lang='lat' dir='ltr'><strong>et</strong></span> <span class='ocrx_word' id='word_1_207' title='bbox 1210 2365 1472 2437; x_wconf 92' lang='lat' dir='ltr'><strong>Spiritum</strong></span> <span class='ocrx_word' id='word_1_208' title='bbox 1517 2365 1738 2435; x_wconf 87' lang='lat' dir='ltr'><strong>Christi,</strong></span> <span class='ocrx_word' id='word_1_209' title='bbox 1795 2372 1847 2420; x_wconf 93' lang='lat' dir='ltr'><strong>et</strong></span> <span class='ocrx_word' id='word_1_210' title='bbox 1891 2363 2037 2436; x_wconf 91' lang='lat' dir='ltr'><strong>quod</strong></span> 
     </span>
    </p>
   </div>
   <div class='ocr_carea' id='block_1_24' title="bbox 440 2453 2035 2527">
    <p class='ocr_par' dir='ltr' id='par_1_24' title="bbox 440 2453 2035 2527">
     <span class='ocr_line' id='line_1_24' title="bbox 440 2453 2035 2527; baseline -0.004 -14"><span class='ocrx_word' id='word_1_211' title='bbox 440 2457 586 2513; x_wconf 90' lang='lat' dir='ltr'><strong>idem</strong></span> <span class='ocrx_word' id='word_1_212' title='bbox 617 2456 686 2511; x_wconf 89' lang='lat' dir='ltr'><strong>sit</strong></span> <span class='ocrx_word' id='word_1_213' title='bbox 717 2456 946 2527; x_wconf 89' lang='lat' dir='ltr'><strong>Spiritus</strong></span> <span class='ocrx_word' id='word_1_214' title='bbox 976 2455 1095 2525; x_wconf 90' lang='lat' dir='ltr'><strong>Dei,</strong></span> <span class='ocrx_word' id='word_1_215' title='bbox 1128 2464 1181 2511; x_wconf 92' lang='lat' dir='ltr'><strong>et</strong></span> <span class='ocrx_word' id='word_1_216' title='bbox 1214 2454 1443 2526; x_wconf 88' lang='lat' dir='ltr'><strong>Spiritus</strong></span> <span class='ocrx_word' id='word_1_217' title='bbox 1492 2453 1711 2509; x_wconf 88' lang='lat' dir='ltr'><strong>Christi.</strong></span> <span class='ocrx_word' id='word_1_218' title='bbox 1744 2454 1802 2509; x_wconf 93' lang='lat' dir='ltr'><strong>Si</strong></span> <span class='ocrx_word' id='word_1_219' title='bbox 1841 2457 2035 2509; x_wconf 88' lang='lat' dir='ltr'><strong>autem</strong></span> 
     </span>
    </p>
   </div>
   <div class='ocr_carea' id='block_1_25' title="bbox 445 2542 2035 2615">
    <p class='ocr_par' dir='ltr' id='par_1_25' title="bbox 445 2542 2035 2615">
     <span class='ocr_line' id='line_1_25' title="bbox 445 2542 2035 2615; baseline -0.002 -15"><span class='ocrx_word' id='word_1_220' title='bbox 445 2545 722 2612; x_wconf 82' lang='lat' dir='ltr'><strong>Christus,</strong></span> <span class='ocrx_word' id='word_1_221' title='bbox 758 2544 812 2599; x_wconf 91' lang='lat' dir='ltr'><strong>id</strong></span> <span class='ocrx_word' id='word_1_222' title='bbox 840 2553 924 2599; x_wconf 91' lang='lat' dir='ltr'><strong>est</strong></span> <span class='ocrx_word' id='word_1_223' title='bbox 944 2543 1178 2615; x_wconf 91' lang='lat' dir='ltr'><strong>Spiritus</strong></span> <span class='ocrx_word' id='word_1_224' title='bbox 1195 2542 1407 2608; x_wconf 88' lang='lat' dir='ltr'><strong>Christi,</strong></span> <span class='ocrx_word' id='word_1_225' title='bbox 1442 2546 1529 2599; x_wconf 87' lang='lat' dir='ltr'><strong>est</strong></span> <span class='ocrx_word' id='word_1_226' title='bbox 1556 2545 1617 2599; x_wconf 89' lang='lat' dir='ltr'><strong>in</strong></span> <span class='ocrx_word' id='word_1_227' title='bbox 1641 2542 1807 2606; x_wconf 82' lang='lat' dir='ltr'><strong>vobis,</strong></span> <span class='ocrx_word' id='word_1_228' title='bbox 1831 2558 2035 2614; x_wconf 87' lang='lat' dir='ltr'><strong>corpus</strong></span> 
     </span>
    </p>
   </div>
   <div class='ocr_carea' id='block_1_26' title="bbox 439 2630 2035 2708">
    <p class='ocr_par' dir='ltr' id='par_1_26' title="bbox 439 2630 2035 2708">
     <span class='ocr_line' id='line_1_26' title="bbox 439 2630 2035 2708; baseline -0.004 -18"><span class='ocrx_word' id='word_1_229' title='bbox 439 2635 666 2708; x_wconf 85' lang='lat' dir='ltr'><strong>quidem</strong></span> <span class='ocrx_word' id='word_1_230' title='bbox 709 2638 961 2690; x_wconf 87' lang='lat' dir='ltr'><strong>vestrum</strong></span> <span class='ocrx_word' id='word_1_231' title='bbox 1009 2637 1299 2688; x_wconf 88' lang='lat' dir='ltr'><strong>mortuum</strong></span> <span class='ocrx_word' id='word_1_232' title='bbox 1337 2636 1441 2698; x_wconf 83' lang='lat' dir='ltr'><strong>est,</strong></span> <span class='ocrx_word' id='word_1_233' title='bbox 1492 2631 1549 2686; x_wconf 93' lang='lat' dir='ltr'><strong>id</strong></span> <span class='ocrx_word' id='word_1_234' title='bbox 1594 2639 1675 2686; x_wconf 91' lang='lat' dir='ltr'><strong>est</strong></span> <span class='ocrx_word' id='word_1_235' title='bbox 1722 2630 2035 2686; x_wconf 88' lang='lat' dir='ltr'><strong>mortalitati</strong></span> 
     </span>
    </p>
   </div>
   <div class='ocr_carea' id='block_1_27' title="bbox 439 2720 2035 2794">
    <p class='ocr_par' dir='ltr' id='par_1_27' title="bbox 439 2720 2035 2794">
     <span class='ocr_line' id='line_1_27' title="bbox 439 2720 2035 2794; baseline -0.004 -15"><span class='ocrx_word' id='word_1_236' title='bbox 439 2723 616 2779; x_wconf 88' lang='lat' dir='ltr'><strong>adhuc</strong></span> <span class='ocrx_word' id='word_1_237' title='bbox 649 2722 892 2791; x_wconf 89' lang='lat' dir='ltr'><strong>subjacet</strong></span> <span class='ocrx_word' id='word_1_238' title='bbox 920 2725 1158 2794; x_wconf 88' lang='lat' dir='ltr'><strong>prapter</strong></span> <span class='ocrx_word' id='word_1_239' title='bbox 1181 2725 1499 2794; x_wconf 86' lang='lat' dir='ltr'><strong>peccatum,</strong></span> <span class='ocrx_word' id='word_1_240' title='bbox 1533 2720 1587 2774; x_wconf 93' lang='lat' dir='ltr'><strong>id</strong></span> <span class='ocrx_word' id='word_1_241' title='bbox 1610 2728 1691 2775; x_wconf 90' lang='lat' dir='ltr'><strong>est</strong></span> <span class='ocrx_word' id='word_1_242' title='bbox 1708 2720 1793 2776; x_wconf 90' lang='lat' dir='ltr'><strong>vel</strong></span> <span class='ocrx_word' id='word_1_243' title='bbox 1812 2727 2035 2791; x_wconf 87' lang='lat' dir='ltr'><strong>propter</strong></span> 
     </span>
    </p>
   </div>
   <div class='ocr_carea' id='block_1_28' title="bbox 436 2808 2034 2883">
    <p class='ocr_par' dir='ltr' id='par_1_28' title="bbox 436 2808 2034 2883">
     <span class='ocr_line' id='line_1_28' title="bbox 436 2808 2034 2883; baseline -0.003 -14"><span class='ocrx_word' id='word_1_244' title='bbox 436 2828 648 2883; x_wconf 81' lang='lat' dir='ltr'><strong>penam</strong></span> <span class='ocrx_word' id='word_1_245' title='bbox 703 2810 932 2883; x_wconf 90' lang='lat' dir='ltr'><strong>peccati,</strong></span> <span class='ocrx_word' id='word_1_246' title='bbox 991 2810 1078 2866; x_wconf 87' lang='lat' dir='ltr'><strong>vel</strong></span> <span class='ocrx_word' id='word_1_247' title='bbox 1108 2818 1335 2881; x_wconf 90' lang='lat' dir='ltr'><strong>propter</strong></span> <span class='ocrx_word' id='word_1_248' title='bbox 1380 2810 1702 2875; x_wconf 89' lang='lat' dir='ltr'><strong>custodiam,</strong></span> <span class='ocrx_word' id='word_1_249' title='bbox 1734 2825 1803 2864; x_wconf 90' lang='lat' dir='ltr'><strong>ne</strong></span> <span class='ocrx_word' id='word_1_250' title='bbox 1834 2808 2034 2864; x_wconf 90' lang='lat' dir='ltr'><strong>iterum</strong></span> 
     </span>
    </p>
   </div>
   <div class='ocr_carea' id='block_1_29' title="bbox 435 2897 2035 2971">
    <p class='ocr_par' dir='ltr' id='par_1_29' title="bbox 435 2897 2035 2971">
     <span class='ocr_line' id='line_1_29' title="bbox 435 2897 2035 2971; baseline -0.003 -15"><span class='ocrx_word' id='word_1_251' title='bbox 435 2900 646 2957; x_wconf 89' lang='lat' dir='ltr'><strong>cadatis</strong></span> <span class='ocrx_word' id='word_1_252' title='bbox 692 2916 789 2971; x_wconf 90' lang='lat' dir='ltr'><strong>per</strong></span> <span class='ocrx_word' id='word_1_253' title='bbox 833 2898 1170 2965; x_wconf 88' lang='lat' dir='ltr'><strong>elationem;</strong></span> <span class='ocrx_word' id='word_1_254' title='bbox 1210 2914 1409 2969; x_wconf 89' lang='lat' dir='ltr'><strong>corpus</strong></span> <span class='ocrx_word' id='word_1_255' title='bbox 1469 2898 1687 2970; x_wconf 91' lang='lat' dir='ltr'><strong>quidem</strong></span> <span class='ocrx_word' id='word_1_256' title='bbox 1729 2897 1905 2953; x_wconf 92' lang='lat' dir='ltr'><strong>adhuc</strong></span> <span class='ocrx_word' id='word_1_257' title='bbox 1952 2904 2035 2952; x_wconf 90' lang='lat' dir='ltr'><strong>est</strong></span> 
     </span>
    </p>
   </div>
   <div class='ocr_carea' id='block_1_30' title="bbox 439 2986 2033 3060">
    <p class='ocr_par' dir='ltr' id='par_1_30' title="bbox 439 2986 2033 3060">
     <span class='ocr_line' id='line_1_30' title="bbox 439 2986 2033 3060; baseline -0.002 -17"><span class='ocrx_word' id='word_1_258' title='bbox 439 2996 712 3043; x_wconf 90' lang='lat' dir='ltr'><strong>mortuum</strong></span> <span class='ocrx_word' id='word_1_259' title='bbox 730 3003 741 3043; x_wconf 94' lang='lat'><strong>:</strong></span> <span class='ocrx_word' id='word_1_260' title='bbox 757 2986 856 3043; x_wconf 89' lang='lat' dir='ltr'><strong>sed</strong></span> <span class='ocrx_word' id='word_1_261' title='bbox 867 2988 1108 3060; x_wconf 82' lang='lat' dir='ltr'><strong>spiritus</strong></span> <span class='ocrx_word' id='word_1_262' title='bbox 1130 2994 1313 3042; x_wconf 86' lang='lat' dir='ltr'><strong>vester</strong></span> <span class='ocrx_word' id='word_1_263' title='bbox 1323 2986 1438 3055; x_wconf 90' lang='lat' dir='ltr'><strong>jam</strong></span> <span class='ocrx_word' id='word_1_264' title='bbox 1460 2988 1595 3042; x_wconf 85' lang='lat' dir='ltr'><strong>vivit</strong></span> <span class='ocrx_word' id='word_1_265' title='bbox 1607 2989 1842 3057; x_wconf 87' lang='lat' dir='ltr'><strong>propter</strong></span> <span class='ocrx_word' id='word_1_266' title='bbox 1851 2986 2033 3056; x_wconf 88' lang='lat' dir='ltr'><strong>justi-</strong></span> 
     </span>
    </p>
   </div>
   <div class='ocr_carea' id='block_1_31' title="bbox 438 3074 2035 3147">
    <p class='ocr_par' dir='ltr' id='par_1_31' title="bbox 438 3074 2035 3147">
     <span class='ocr_line' id='line_1_31' title="bbox 438 3074 2035 3147; baseline -0.003 -15"><span class='ocrx_word' id='word_1_267' title='bbox 438 3077 781 3147; x_wconf 77' lang='lat' dir='ltr'><strong>ficationem,</strong></span> <span class='ocrx_word' id='word_1_268' title='bbox 815 3075 870 3130; x_wconf 91' lang='lat' dir='ltr'><strong>id</strong></span> <span class='ocrx_word' id='word_1_269' title='bbox 927 3082 1009 3131; x_wconf 91' lang='lat' dir='ltr'><strong>est</strong></span> <span class='ocrx_word' id='word_1_270' title='bbox 1040 3091 1139 3146; x_wconf 89' lang='lat' dir='ltr'><strong>per</strong></span> <span class='ocrx_word' id='word_1_271' title='bbox 1195 3090 1365 3146; x_wconf 89' lang='lat' dir='ltr'><strong>opera</strong></span> <span class='ocrx_word' id='word_1_272' title='bbox 1402 3074 1624 3144; x_wconf 85' lang='lat' dir='ltr'><strong>justitie</strong></span> <span class='ocrx_word' id='word_1_273' title='bbox 1671 3091 1792 3145; x_wconf 87' lang='lat' dir='ltr'><strong>que</strong></span> <span class='ocrx_word' id='word_1_274' title='bbox 1819 3082 2035 3130; x_wconf 89' lang='lat' dir='ltr'><strong>exercet</strong></span> 
     </span>
    </p>
   </div>
   <div class='ocr_carea' id='block_1_32' title="bbox 434 3161 2033 3236">
    <p class='ocr_par' dir='ltr' id='par_1_32' title="bbox 434 3161 2033 3236">
     <span class='ocr_line' id='line_1_32' title="bbox 434 3161 2033 3236; baseline -0.004 -15"><span class='ocrx_word' id='word_1_275' title='bbox 434 3162 769 3235; x_wconf 91' lang='lat' dir='ltr'><strong>justiﬁcatus</strong></span> <span class='ocrx_word' id='word_1_276' title='bbox 798 3180 831 3218; x_wconf 93' lang='lat' dir='ltr'><strong>a</strong></span> <span class='ocrx_word' id='word_1_277' title='bbox 860 3163 1117 3236; x_wconf 87' lang='lat' dir='ltr'><strong>peccatis,</strong></span> <span class='ocrx_word' id='word_1_278' title='bbox 1150 3162 1242 3218; x_wconf 93' lang='lat' dir='ltr'><strong>ubi</strong></span> <span class='ocrx_word' id='word_1_279' title='bbox 1291 3163 1411 3219; x_wconf 89' lang='lat' dir='ltr'><strong>ait:</strong></span> <span class='ocrx_word' id='word_1_280' title='bbox 1454 3161 1511 3218; x_wconf 90' lang='lat' dir='ltr'><strong>Si</strong></span> <span class='ocrx_word' id='word_1_281' title='bbox 1558 3163 1802 3218; x_wconf 89' lang='lat' dir='ltr'><strong>Christus</strong></span> <span class='ocrx_word' id='word_1_282' title='bbox 1848 3170 1931 3218; x_wconf 89' lang='lat' dir='ltr'><strong>est</strong></span> <span class='ocrx_word' id='word_1_283' title='bbox 1976 3162 2033 3216; x_wconf 93' lang='lat' dir='ltr'><strong>in</strong></span> 
     </span>
    </p>
   </div>
   <div class='ocr_carea' id='block_1_33' title="bbox 439 3225 2101 3323">
    <p class='ocr_par' dir='ltr' id='par_1_33' title="bbox 439 3225 2101 3323">
     <span class='ocr_line' id='line_1_33' title="bbox 439 3225 2101 3323; baseline -0.002 -14"><span class='ocrx_word' id='word_1_284' title='bbox 439 3225 612 3320; x_wconf 67' lang='lat' dir='ltr'><strong>vobis,</strong></span> <span class='ocrx_word' id='word_1_285' title='bbox 655 3252 826 3308; x_wconf 88' lang='lat' dir='ltr'><strong>innuit</strong></span> <span class='ocrx_word' id='word_1_286' title='bbox 861 3225 1143 3308; x_wconf 69' lang='lat' dir='ltr'><strong>Christum</strong></span> <span class='ocrx_word' id='word_1_287' title='bbox 1201 3259 1253 3307; x_wconf 91' lang='lat' dir='ltr'><strong>et</strong></span> <span class='ocrx_word' id='word_1_288' title='bbox 1301 3251 1556 3323; x_wconf 91' lang='lat' dir='ltr'><strong>Spiritum</strong></span> <span class='ocrx_word' id='word_1_289' title='bbox 1598 3260 1845 3308; x_wconf 90' lang='lat' dir='ltr'><strong>sanctum</strong></span> <span class='ocrx_word' id='word_1_290' title='bbox 1886 3225 2101 3306; x_wconf 73' lang='lat' dir='ltr'><strong>idcmc</strong></span> 
     </span>
    </p>
   </div>
   <div class='ocr_carea' id='block_1_34' title="bbox 448 3340 2030 3411">
    <p class='ocr_par' dir='ltr' id='par_1_34' title="bbox 448 3340 2030 3411">
     <span class='ocr_line' id='line_1_34' title="bbox 448 3340 2030 3411; baseline -0.003 -13"><span class='ocrx_word' id='word_1_291' title='bbox 448 3358 571 3399; x_wconf 91' lang='lat' dir='ltr'><strong>esse</strong></span> <span class='ocrx_word' id='word_1_292' title='bbox 600 3343 655 3397; x_wconf 93' lang='lat' dir='ltr'><strong>in</strong></span> <span class='ocrx_word' id='word_1_293' title='bbox 685 3341 987 3397; x_wconf 87' lang='lat' dir='ltr'><strong>substantia</strong></span> <span class='ocrx_word' id='word_1_294' title='bbox 1029 3340 1276 3396; x_wconf 90' lang='lat' dir='ltr'><strong>Deitatis.</strong></span> <span class='ocrx_word' id='word_1_295' title='bbox 1306 3341 1422 3397; x_wconf 91' lang='lat' dir='ltr'><strong>Nec</strong></span> <span class='ocrx_word' id='word_1_296' title='bbox 1453 3340 1629 3397; x_wconf 85' lang='lat' dir='ltr'><strong>solum</strong></span> <span class='ocrx_word' id='word_1_297' title='bbox 1656 3357 1754 3411; x_wconf 91' lang='lat' dir='ltr'><strong>per</strong></span> <span class='ocrx_word' id='word_1_298' title='bbox 1782 3340 2030 3411; x_wconf 90' lang='lat' dir='ltr'><strong>spiritum</strong></span> 
     </span>
    </p>
   </div>
   <div class='ocr_carea' id='block_1_35' title="bbox 438 3429 2027 3501">
    <p class='ocr_par' dir='ltr' id='par_1_35' title="bbox 438 3429 2027 3501">
     <span class='ocr_line' id='line_1_35' title="bbox 438 3429 2027 3501; baseline -0.001 -15"><span class='ocrx_word' id='word_1_299' title='bbox 438 3430 776 3487; x_wconf 87' lang='lat' dir='ltr'><strong>habitantem</strong></span> <span class='ocrx_word' id='word_1_300' title='bbox 807 3430 861 3485; x_wconf 92' lang='lat' dir='ltr'><strong>in</strong></span> <span class='ocrx_word' id='word_1_301' title='bbox 909 3429 1085 3499; x_wconf 87' lang='lat' dir='ltr'><strong>vobis,</strong></span> <span class='ocrx_word' id='word_1_302' title='bbox 1127 3429 1289 3485; x_wconf 88' lang='lat' dir='ltr'><strong>vitam</strong></span> <span class='ocrx_word' id='word_1_303' title='bbox 1337 3429 1557 3501; x_wconf 82' lang='lat' dir='ltr'><strong>spiritus</strong></span> <span class='ocrx_word' id='word_1_304' title='bbox 1608 3429 1895 3495; x_wconf 87' lang='lat' dir='ltr'><strong>habebitis,</strong></span> <span class='ocrx_word' id='word_1_305' title='bbox 1929 3429 2027 3485; x_wconf 90' lang='lat' dir='ltr'><strong>sed</strong></span> 
     </span>
    </p>
   </div>
   <div class='ocr_carea' id='block_1_36' title="bbox 437 3518 2026 3593">
    <p class='ocr_par' dir='ltr' id='par_1_36' title="bbox 437 3518 2026 3593">
     <span class='ocr_line' id='line_1_36' title="bbox 437 3518 2026 3593; baseline -0.001 -17"><span class='ocrx_word' id='word_1_306' title='bbox 437 3520 601 3576; x_wconf 90' lang='lat' dir='ltr'><strong>etiam</strong></span> <span class='ocrx_word' id='word_1_307' title='bbox 614 3520 663 3577; x_wconf 89' lang='lat' dir='ltr'><strong>si</strong></span> <span class='ocrx_word' id='word_1_308' title='bbox 683 3519 932 3593; x_wconf 81' lang='lat' dir='ltr'><strong>Spiritus</strong></span> <span class='ocrx_word' id='word_1_309' title='bbox 953 3521 1076 3591; x_wconf 89' lang='lat' dir='ltr'><strong>ejus</strong></span> <span class='ocrx_word' id='word_1_310' title='bbox 1097 3520 1193 3592; x_wconf 88' lang='lat' dir='ltr'><strong>qui</strong></span> <span class='ocrx_word' id='word_1_311' title='bbox 1207 3519 1506 3575; x_wconf 86' lang='lat' dir='ltr'><strong>suscitavit</strong></span> <span class='ocrx_word' id='word_1_312' title='bbox 1515 3518 2026 3586; x_wconf 84' lang='lat' dir='ltr'><strong>Jesumamortuis,</strong></span> 
     </span>
    </p>
   </div>
   <div class='ocr_carea' id='block_1_37' title="bbox 436 3605 2025 3681">
    <p class='ocr_par' dir='ltr' id='par_1_37' title="bbox 436 3605 2025 3681">
     <span class='ocr_line' id='line_1_37' title="bbox 436 3605 2025 3681; baseline -0.001 -17"><span class='ocrx_word' id='word_1_313' title='bbox 436 3625 537 3681; x_wconf 90' lang='lat' dir='ltr'><strong>pro</strong></span> <span class='ocrx_word' id='word_1_314' title='bbox 568 3610 672 3666; x_wconf 90' lang='lat' dir='ltr'><strong>hac</strong></span> <span class='ocrx_word' id='word_1_315' title='bbox 702 3623 871 3665; x_wconf 91' lang='lat' dir='ltr'><strong>causa</strong></span> <span class='ocrx_word' id='word_1_316' title='bbox 902 3607 1026 3680; x_wconf 88' lang='lat' dir='ltr'><strong>quia</strong></span> <span class='ocrx_word' id='word_1_317' title='bbox 1056 3607 1287 3679; x_wconf 90' lang='lat' dir='ltr'><strong>Spiritus</strong></span> <span class='ocrx_word' id='word_1_318' title='bbox 1316 3615 1536 3663; x_wconf 89' lang='lat' dir='ltr'><strong>sanctus</strong></span> <span class='ocrx_word' id='word_1_319' title='bbox 1565 3607 1619 3661; x_wconf 90' lang='lat' dir='ltr'><strong>in</strong></span> <span class='ocrx_word' id='word_1_320' title='bbox 1651 3623 1717 3663; x_wconf 92' lang='lat' dir='ltr'><strong>eo</strong></span> <span class='ocrx_word' id='word_1_321' title='bbox 1746 3605 2025 3662; x_wconf 89' lang='lat' dir='ltr'><strong>habitavit.</strong></span> 
     </span>
    </p>
   </div>
   <div class='ocr_carea' id='block_1_38' title="bbox 435 3694 2032 3769">
    <p class='ocr_par' dir='ltr' id='par_1_38' title="bbox 435 3694 2032 3769">
     <span class='ocr_line' id='line_1_38' title="bbox 435 3694 2032 3769; baseline -0.001 -17"><span class='ocrx_word' id='word_1_322' title='bbox 435 3697 511 3765; x_wconf 92' lang='lat' dir='ltr'><strong>Si,</strong></span> <span class='ocrx_word' id='word_1_323' title='bbox 544 3696 736 3769; x_wconf 86' lang='lat' dir='ltr'><strong>inquit,</strong></span> <span class='ocrx_word' id='word_1_324' title='bbox 772 3696 918 3751; x_wconf 91' lang='lat' dir='ltr'><strong>idem</strong></span> <span class='ocrx_word' id='word_1_325' title='bbox 945 3695 1173 3767; x_wconf 90' lang='lat' dir='ltr'><strong>Spiritus</strong></span> <span class='ocrx_word' id='word_1_326' title='bbox 1202 3695 1421 3752; x_wconf 83' lang='lat' dir='ltr'><strong>habitat</strong></span> <span class='ocrx_word' id='word_1_327' title='bbox 1445 3696 1506 3751; x_wconf 89' lang='lat' dir='ltr'><strong>in</strong></span> <span class='ocrx_word' id='word_1_328' title='bbox 1534 3695 1701 3762; x_wconf 86' lang='lat' dir='ltr'><strong>vobis,</strong></span> <span class='ocrx_word' id='word_1_329' title='bbox 1726 3694 2032 3765; x_wconf 81' lang='lat' dir='ltr'><strong>viviﬁcabit</strong></span> 
     </span>
    </p>
   </div>
   <div class='ocr_carea' id='block_1_39' title="bbox 432 3782 2030 3857">
    <p class='ocr_par' dir='ltr' id='par_1_39' title="bbox 432 3782 2030 3857">
     <span class='ocr_line' id='line_1_39' title="bbox 432 3782 2030 3857; baseline -0.003 -16"><span class='ocrx_word' id='word_1_330' title='bbox 432 3786 609 3842; x_wconf 82' lang='lat' dir='ltr'><strong>etiam</strong></span> <span class='ocrx_word' id='word_1_331' title='bbox 629 3786 901 3850; x_wconf 73' lang='lat' dir='ltr'><strong>mortalia</strong></span> <span class='ocrx_word' id='word_1_332' title='bbox 919 3800 1151 3857; x_wconf 87' lang='lat' dir='ltr'><strong>corpora</strong></span> <span class='ocrx_word' id='word_1_333' title='bbox 1175 3788 1381 3851; x_wconf 86' lang='lat' dir='ltr'><strong>vestra,</strong></span> <span class='ocrx_word' id='word_1_334' title='bbox 1398 3782 1541 3840; x_wconf 85' lang='lat' dir='ltr'><strong>facta</strong></span> <span class='ocrx_word' id='word_1_335' title='bbox 1560 3783 1885 3839; x_wconf 77' lang='lat' dir='ltr'><strong>immortalia</strong></span> <span class='ocrx_word' id='word_1_336' title='bbox 1904 3799 2030 3854; x_wconf 87' lang='lat' dir='ltr'><strong>pro-</strong></span> 
     </span>
    </p>
   </div>
   <div class='ocr_carea' id='block_1_40' title="bbox 430 3872 2027 3946">
    <p class='ocr_par' dir='ltr' id='par_1_40' title="bbox 430 3872 2027 3946">
     <span class='ocr_line' id='line_1_40' title="bbox 430 3872 2027 3946; baseline -0.002 -17"><span class='ocrx_word' id='word_1_337' title='bbox 430 3882 553 3946; x_wconf 87' lang='lat' dir='ltr'><strong>pter</strong></span> <span class='ocrx_word' id='word_1_338' title='bbox 581 3874 831 3930; x_wconf 90' lang='lat' dir='ltr'><strong>eamdem</strong></span> <span class='ocrx_word' id='word_1_339' title='bbox 853 3887 1098 3939; x_wconf 89' lang='lat' dir='ltr'><strong>causam,</strong></span> <span class='ocrx_word' id='word_1_340' title='bbox 1121 3872 1328 3928; x_wconf 91' lang='lat' dir='ltr'><strong>scilicet</strong></span> <span class='ocrx_word' id='word_1_341' title='bbox 1358 3877 1590 3945; x_wconf 85' lang='lat' dir='ltr'><strong>prapter</strong></span> <span class='ocrx_word' id='word_1_342' title='bbox 1607 3872 2027 3928; x_wconf 84' lang='lat' dir='ltr'><strong>inhabitantem</strong></span> 
     </span>
    </p>
   </div>
   <div class='ocr_carea' id='block_1_41' title="bbox 436 3959 2027 4036">
    <p class='ocr_par' dir='ltr' id='par_1_41' title="bbox 436 3959 2027 4036">
     <span class='ocr_line' id='line_1_41' title="bbox 436 3959 2027 4036; baseline -0.003 -15"><span class='ocrx_word' id='word_1_343' title='bbox 436 3963 713 4036; x_wconf 87' lang='lat' dir='ltr'><strong>Spiritum</strong></span> <span class='ocrx_word' id='word_1_344' title='bbox 743 3964 866 4034; x_wconf 87' lang='lat' dir='ltr'><strong>ejus</strong></span> <span class='ocrx_word' id='word_1_345' title='bbox 906 3963 971 4017; x_wconf 91' lang='lat' dir='ltr'><strong>in</strong></span> <span class='ocrx_word' id='word_1_346' title='bbox 1009 3961 1175 4017; x_wconf 86' lang='lat' dir='ltr'><strong>vobis.</strong></span> <span class='ocrx_word' id='word_1_347' title='bbox 1200 3961 1268 4015; x_wconf 90' lang='lat' dir='ltr'><strong>Et</strong></span> <span class='ocrx_word' id='word_1_348' title='bbox 1296 3961 1422 4033; x_wconf 89' lang='lat' dir='ltr'><strong>quia</strong></span> <span class='ocrx_word' id='word_1_349' title='bbox 1452 3960 1531 4017; x_wconf 92' lang='lat' dir='ltr'><strong>sic</strong></span> <span class='ocrx_word' id='word_1_350' title='bbox 1559 3961 1628 4016; x_wconf 90' lang='lat' dir='ltr'><strong>de</strong></span> <span class='ocrx_word' id='word_1_351' title='bbox 1658 3960 1815 4017; x_wconf 91' lang='lat' dir='ltr'><strong>vobis</strong></span> <span class='ocrx_word' id='word_1_352' title='bbox 1843 3959 2027 4016; x_wconf 88' lang='lat' dir='ltr'><strong>facere</strong></span> 
     </span>
    </p>
   </div>
   <div class='ocr_carea' id='block_1_42' title="bbox 432 4048 2026 4123">
    <p class='ocr_par' dir='ltr' id='par_1_42' title="bbox 432 4048 2026 4123">
     <span class='ocr_line' id='line_1_42' title="bbox 432 4048 2026 4123; baseline -0.001 -18"><span class='ocrx_word' id='word_1_353' title='bbox 432 4050 626 4123; x_wconf 86' lang='lat' dir='ltr'><strong>possit,</strong></span> <span class='ocrx_word' id='word_1_354' title='bbox 660 4059 711 4106; x_wconf 92' lang='lat' dir='ltr'><strong>et</strong></span> <span class='ocrx_word' id='word_1_355' title='bbox 738 4050 989 4105; x_wconf 82' lang='lat' dir='ltr'><strong>facturus</strong></span> <span class='ocrx_word' id='word_1_356' title='bbox 1045 4050 1112 4104; x_wconf 91' lang='lat' dir='ltr'><strong>sit</strong></span> <span class='ocrx_word' id='word_1_357' title='bbox 1151 4048 1522 4123; x_wconf 82' lang='lat' dir='ltr'><strong>presignavit,</strong></span> <span class='ocrx_word' id='word_1_358' title='bbox 1554 4049 1611 4103; x_wconf 91' lang='lat' dir='ltr'><strong>in</strong></span> <span class='ocrx_word' id='word_1_359' title='bbox 1650 4065 1717 4105; x_wconf 93' lang='lat' dir='ltr'><strong>eo</strong></span> <span class='ocrx_word' id='word_1_360' title='bbox 1746 4048 1889 4121; x_wconf 91' lang='lat' dir='ltr'><strong>quod</strong></span> <span class='ocrx_word' id='word_1_361' title='bbox 1913 4048 2026 4119; x_wconf 90' lang='lat' dir='ltr'><strong>jam</strong></span> 
     </span>
    </p>
   </div>
   <div class='ocr_carea' id='block_1_43' title="bbox 430 4137 1594 4197">
    <p class='ocr_par' dir='ltr' id='par_1_43' title="bbox 430 4137 1594 4197">
     <span class='ocr_line' id='line_1_43' title="bbox 430 4137 1594 4197; baseline -0.003 -1"><span class='ocrx_word' id='word_1_362' title='bbox 430 4140 734 4197; x_wconf 85' lang='lat' dir='ltr'><strong>suscitavit</strong></span> <span class='ocrx_word' id='word_1_363' title='bbox 756 4140 947 4195; x_wconf 78' lang='lat' dir='ltr'><strong>Iesum</strong></span> <span class='ocrx_word' id='word_1_364' title='bbox 971 4137 1259 4194; x_wconf 84' lang='lat' dir='ltr'><strong>Christum</strong></span> <span class='ocrx_word' id='word_1_365' title='bbox 1279 4156 1314 4194; x_wconf 89' lang='lat' dir='ltr'><strong>a</strong></span> <span class='ocrx_word' id='word_1_366' title='bbox 1332 4140 1594 4194; x_wconf 87' lang='lat' dir='ltr'><strong>mortuis.</strong></span> 
     </span>
    </p>
   </div>
   <div class='ocr_carea' id='block_1_44' title="bbox 502 4226 2025 4299">
    <p class='ocr_par' dir='ltr' id='par_1_44' title="bbox 502 4226 2025 4299">
     <span class='ocr_line' id='line_1_44' title="bbox 502 4226 2025 4299; baseline -0.002 -16"><span class='ocrx_word' id='word_1_367' title='bbox 502 4227 643 4297; x_wconf 88' lang='lat' dir='ltr'><strong>Quia</strong></span> <span class='ocrx_word' id='word_1_368' title='bbox 671 4228 717 4282; x_wconf 91' lang='lat' dir='ltr'><strong>si</strong></span> <span class='ocrx_word' id='word_1_369' title='bbox 747 4226 1010 4299; x_wconf 90' lang='lat' dir='ltr'><strong>queritur</strong></span> <span class='ocrx_word' id='word_1_370' title='bbox 1062 4243 1229 4299; x_wconf 89' lang='lat' dir='ltr'><strong>quare</strong></span> <span class='ocrx_word' id='word_1_371' title='bbox 1261 4226 1511 4282; x_wconf 91' lang='lat' dir='ltr'><strong>Christus</strong></span> <span class='ocrx_word' id='word_1_372' title='bbox 1542 4233 1667 4281; x_wconf 88' lang='lat' dir='ltr'><strong>ante</strong></span> <span class='ocrx_word' id='word_1_373' title='bbox 1715 4241 1906 4281; x_wconf 89' lang='lat' dir='ltr'><strong>omnes</strong></span> <span class='ocrx_word' id='word_1_374' title='bbox 1934 4226 2025 4280; x_wconf 90' lang='lat' dir='ltr'><strong>in-</strong></span> 
     </span>
    </p>
   </div>
   <div class='ocr_carea' id='block_1_45' title="bbox 425 4313 2025 4388">
    <p class='ocr_par' dir='ltr' id='par_1_45' title="bbox 425 4313 2025 4388">
     <span class='ocr_line' id='line_1_45' title="bbox 425 4313 2025 4388; baseline -0.003 -16"><span class='ocrx_word' id='word_1_375' title='bbox 425 4314 791 4388; x_wconf 86' lang='lat' dir='ltr'><strong>corruptibilis</strong></span> <span class='ocrx_word' id='word_1_376' title='bbox 843 4314 1132 4371; x_wconf 89' lang='lat' dir='ltr'><strong>suscitatus</strong></span> <span class='ocrx_word' id='word_1_377' title='bbox 1189 4315 1297 4370; x_wconf 81' lang='lat' dir='ltr'><strong>sit?</strong></span> <span class='ocrx_word' id='word_1_378' title='bbox 1353 4314 1717 4386; x_wconf 88' lang='lat' dir='ltr'><strong>respondetur</strong></span> <span class='ocrx_word' id='word_1_379' title='bbox 1745 4313 1868 4370; x_wconf 89' lang='lat' dir='ltr'><strong>ideo</strong></span> <span class='ocrx_word' id='word_1_380' title='bbox 1899 4315 2025 4386; x_wconf 89' lang='lat' dir='ltr'><strong>quia</strong></span> 
     </span>
    </p>
   </div>
   <div class='ocr_carea' id='block_1_46' title="bbox 428 4402 2026 4476">
    <p class='ocr_par' dir='ltr' id='par_1_46' title="bbox 428 4402 2026 4476">
     <span class='ocr_line' id='line_1_46' title="bbox 428 4402 2026 4476; baseline -0.003 -15"><span class='ocrx_word' id='word_1_381' title='bbox 428 4405 497 4461; x_wconf 91' lang='lat' dir='ltr'><strong>de</strong></span> <span class='ocrx_word' id='word_1_382' title='bbox 528 4404 733 4476; x_wconf 90' lang='lat' dir='ltr'><strong>Spiritu</strong></span> <span class='ocrx_word' id='word_1_383' title='bbox 764 4412 951 4460; x_wconf 90' lang='lat' dir='ltr'><strong>sancto</strong></span> <span class='ocrx_word' id='word_1_384' title='bbox 980 4411 1277 4474; x_wconf 91' lang='lat' dir='ltr'><strong>conceptus</strong></span> <span class='ocrx_word' id='word_1_385' title='bbox 1307 4403 1375 4458; x_wconf 89' lang='lat' dir='ltr'><strong>sit</strong></span> <span class='ocrx_word' id='word_1_386' title='bbox 1407 4423 1421 4469; x_wconf 89' lang='lat'><strong>;</strong></span> <span class='ocrx_word' id='word_1_387' title='bbox 1457 4402 1581 4476; x_wconf 92' lang='lat' dir='ltr'><strong>quia</strong></span> <span class='ocrx_word' id='word_1_388' title='bbox 1604 4409 1885 4474; x_wconf 91' lang='lat' dir='ltr'><strong>peccatum</strong></span> <span class='ocrx_word' id='word_1_389' title='bbox 1915 4417 2026 4459; x_wconf 91' lang='lat' dir='ltr'><strong>non</strong></span> 
     </span>
    </p>
   </div>
   <div class='ocr_carea' id='block_1_47' title="bbox 427 4490 2023 4566">
    <p class='ocr_par' dir='ltr' id='par_1_47' title="bbox 427 4490 2023 4566">
     <span class='ocr_line' id='line_1_47' title="bbox 427 4490 2023 4566; baseline -0.001 -18"><span class='ocrx_word' id='word_1_390' title='bbox 427 4493 574 4561; x_wconf 84' lang='lat' dir='ltr'><strong>fecit,</strong></span> <span class='ocrx_word' id='word_1_391' title='bbox 607 4501 661 4549; x_wconf 89' lang='lat' dir='ltr'><strong>et</strong></span> <span class='ocrx_word' id='word_1_392' title='bbox 689 4492 818 4566; x_wconf 91' lang='lat' dir='ltr'><strong>quia</strong></span> <span class='ocrx_word' id='word_1_393' title='bbox 848 4509 949 4565; x_wconf 90' lang='lat' dir='ltr'><strong>per</strong></span> <span class='ocrx_word' id='word_1_394' title='bbox 995 4508 1121 4548; x_wconf 94' lang='lat' dir='ltr'><strong>eum</strong></span> <span class='ocrx_word' id='word_1_395' title='bbox 1151 4492 1618 4563; x_wconf 88' lang='lat' dir='ltr'><strong>incorruptionem</strong></span> <span class='ocrx_word' id='word_1_396' title='bbox 1646 4507 1837 4547; x_wconf 90' lang='lat' dir='ltr'><strong>omnes</strong></span> <span class='ocrx_word' id='word_1_397' title='bbox 1867 4490 2023 4546; x_wconf 88' lang='lat' dir='ltr'><strong>habi-</strong></span> 
     </span>
    </p>
   </div>
   <div class='ocr_carea' id='block_1_48' title="bbox 2142 591 3735 664">
    <p class='ocr_par' dir='ltr' id='par_1_48' title="bbox 2142 591 3735 664">
     <span class='ocr_line' id='line_1_48' title="bbox 2142 591 3735 664; baseline 0.001 -18"><span class='ocrx_word' id='word_1_398' title='bbox 2142 591 2299 661; x_wconf 90' lang='lat' dir='ltr'><strong>Quod</strong></span> <span class='ocrx_word' id='word_1_399' title='bbox 2329 593 2406 648; x_wconf 90' lang='lat' dir='ltr'><strong>sic</strong></span> <span class='ocrx_word' id='word_1_400' title='bbox 2436 593 2508 648; x_wconf 91' lang='lat' dir='ltr'><strong>ait</strong></span> <span class='ocrx_word' id='word_1_401' title='bbox 2543 608 2555 647; x_wconf 93' lang='lat'><strong>:</strong></span> <span class='ocrx_word' id='word_1_402' title='bbox 2592 594 2728 648; x_wconf 88' lang='lat' dir='ltr'><strong>Vere</strong></span> <span class='ocrx_word' id='word_1_403' title='bbox 2776 593 2822 648; x_wconf 90' lang='lat' dir='ltr'><strong>si</strong></span> <span class='ocrx_word' id='word_1_404' title='bbox 2857 591 3311 648; x_wconf 88' lang='lat' dir='ltr'><strong>mortiﬁcaveritis</strong></span> <span class='ocrx_word' id='word_1_405' title='bbox 3341 607 3585 661; x_wconf 86' lang='lat' dir='ltr'><strong>carnem,</strong></span> <span class='ocrx_word' id='word_1_406' title='bbox 3628 610 3735 664; x_wconf 89' lang='lat' dir='ltr'><strong>per</strong></span> 
     </span>
    </p>
   </div>
   <div class='ocr_carea' id='block_1_49' title="bbox 2143 681 3731 755">
    <p class='ocr_par' dir='ltr' id='par_1_49' title="bbox 2143 681 3731 755">
     <span class='ocr_line' id='line_1_49' title="bbox 2143 681 3731 755; baseline 0.001 -20"><span class='ocrx_word' id='word_1_407' title='bbox 2143 681 2390 752; x_wconf 89' lang='lat' dir='ltr'><strong>spiritum</strong></span> <span class='ocrx_word' id='word_1_408' title='bbox 2422 681 2635 737; x_wconf 87' lang='lat' dir='ltr'><strong>vivetis.</strong></span> <span class='ocrx_word' id='word_1_409' title='bbox 2681 683 2821 738; x_wconf 85' lang='lat' dir='ltr'><strong>Nam</strong></span> <span class='ocrx_word' id='word_1_410' title='bbox 2873 684 3188 755; x_wconf 83' lang='lat' dir='ltr'><strong>quicunque</strong></span> <span class='ocrx_word' id='word_1_411' title='bbox 3226 686 3478 754; x_wconf 87' lang='lat' dir='ltr'><strong>aguntur</strong></span> <span class='ocrx_word' id='word_1_412' title='bbox 3504 682 3731 754; x_wconf 81' lang='lat' dir='ltr'><strong>Spiritu</strong></span> 
     </span>
    </p>
   </div>
   <div class='ocr_carea' id='block_1_50' title="bbox 2137 770 3733 842">
    <p class='ocr_par' dir='ltr' id='par_1_50' title="bbox 2137 770 3733 842">
     <span class='ocr_line' id='line_1_50' title="bbox 2137 770 3733 842; baseline 0.001 -16"><span class='ocrx_word' id='word_1_413' title='bbox 2137 772 2239 826; x_wconf 84' lang='lat' dir='ltr'><strong>Dei</strong></span> <span class='ocrx_word' id='word_1_414' title='bbox 2259 771 2429 842; x_wconf 90' lang='lat' dir='ltr'><strong>(quod</strong></span> <span class='ocrx_word' id='word_1_415' title='bbox 2459 779 2541 826; x_wconf 90' lang='lat' dir='ltr'><strong>est</strong></span> <span class='ocrx_word' id='word_1_416' title='bbox 2572 771 2903 827; x_wconf 88' lang='lat' dir='ltr'><strong>mortiﬁcare</strong></span> <span class='ocrx_word' id='word_1_417' title='bbox 2934 770 3075 827; x_wconf 83' lang='lat' dir='ltr'><strong>facta</strong></span> <span class='ocrx_word' id='word_1_418' title='bbox 3103 771 3331 841; x_wconf 88' lang='lat' dir='ltr'><strong>carnis),</strong></span> <span class='ocrx_word' id='word_1_419' title='bbox 3367 770 3429 827; x_wconf 89' lang='lat' dir='ltr'><strong>hi</strong></span> <span class='ocrx_word' id='word_1_420' title='bbox 3457 775 3596 826; x_wconf 86' lang='lat' dir='ltr'><strong>sunt</strong></span> <span class='ocrx_word' id='word_1_421' title='bbox 3618 771 3733 840; x_wconf 80' lang='lat' dir='ltr'><strong>ﬁlii</strong></span> 
     </span>
    </p>
   </div>
   <div class='ocr_carea' id='block_1_51' title="bbox 2142 860 2997 928">
    <p class='ocr_par' dir='ltr' id='par_1_51' title="bbox 2142 860 2997 928">
     <span class='ocr_line' id='line_1_51' title="bbox 2142 860 2997 928; baseline 0 -14"><span class='ocrx_word' id='word_1_422' title='bbox 2142 860 2264 928; x_wconf 87' lang='lat' dir='ltr'><strong>Dei,</strong></span> <span class='ocrx_word' id='word_1_423' title='bbox 2297 868 2348 914; x_wconf 88' lang='lat' dir='ltr'><strong>et</strong></span> <span class='ocrx_word' id='word_1_424' title='bbox 2378 861 2493 916; x_wconf 87' lang='lat' dir='ltr'><strong>hec</strong></span> <span class='ocrx_word' id='word_1_425' title='bbox 2523 868 2604 915; x_wconf 89' lang='lat' dir='ltr'><strong>est</strong></span> <span class='ocrx_word' id='word_1_426' title='bbox 2634 860 2743 916; x_wconf 92' lang='lat' dir='ltr'><strong>vita</strong></span> <span class='ocrx_word' id='word_1_427' title='bbox 2770 869 2997 915; x_wconf 89' lang='lat' dir='ltr'><strong>eterna.</strong></span> 
     </span>
    </p>
   </div>
   <div class='ocr_carea' id='block_1_52' title="bbox 2214 948 3734 1025">
    <p class='ocr_par' dir='ltr' id='par_1_52' title="bbox 2214 948 3734 1025">
     <span class='ocr_line' id='line_1_52' title="bbox 2214 948 3734 1025; baseline 0.002 -24"><span class='ocrx_word' id='word_1_428' title='bbox 2214 948 2505 1025; x_wconf 82' lang='lat' dir='ltr'><strong>Postquam</strong></span> <span class='ocrx_word' id='word_1_429' title='bbox 2562 949 2690 1003; x_wconf 90' lang='lat' dir='ltr'><strong>satis</strong></span> <span class='ocrx_word' id='word_1_430' title='bbox 2757 948 3159 1005; x_wconf 90' lang='lat' dir='ltr'><strong>commendavit</strong></span> <span class='ocrx_word' id='word_1_431' title='bbox 3231 948 3411 1020; x_wconf 80' lang='lat' dir='ltr'><strong>legem</strong></span> <span class='ocrx_word' id='word_1_432' title='bbox 3486 948 3734 1020; x_wconf 89' lang='lat' dir='ltr'><strong>spiritus,</strong></span> 
     </span>
    </p>
   </div>
   <div class='ocr_carea' id='block_1_53' title="bbox 2140 1036 3737 1109">
    <p class='ocr_par' dir='ltr' id='par_1_53' title="bbox 2140 1036 3737 1109">
     <span class='ocr_line' id='line_1_53' title="bbox 2140 1036 3737 1109; baseline 0.001 -18"><span class='ocrx_word' id='word_1_433' title='bbox 2140 1036 2375 1091; x_wconf 88' lang='lat' dir='ltr'><strong>ostendit</strong></span> <span class='ocrx_word' id='word_1_434' title='bbox 2429 1045 2625 1108; x_wconf 90' lang='lat' dir='ltr'><strong>quanta</strong></span> <span class='ocrx_word' id='word_1_435' title='bbox 2680 1038 2877 1091; x_wconf 90' lang='lat' dir='ltr'><strong>utilitas</strong></span> <span class='ocrx_word' id='word_1_436' title='bbox 2948 1037 3016 1092; x_wconf 91' lang='lat' dir='ltr'><strong>sit</strong></span> <span class='ocrx_word' id='word_1_437' title='bbox 3079 1036 3237 1092; x_wconf 90' lang='lat' dir='ltr'><strong>nobis</strong></span> <span class='ocrx_word' id='word_1_438' title='bbox 3300 1054 3398 1109; x_wconf 87' lang='lat' dir='ltr'><strong>per</strong></span> <span class='ocrx_word' id='word_1_439' title='bbox 3472 1037 3737 1108; x_wconf 90' lang='lat' dir='ltr'><strong>Spiritum</strong></span> 
     </span>
    </p>
   </div>
   <div class='ocr_carea' id='block_1_54' title="bbox 2142 1125 3736 1198">
    <p class='ocr_par' dir='ltr' id='par_1_54' title="bbox 2142 1125 3736 1198">
     <span class='ocr_line' id='line_1_54' title="bbox 2142 1125 3736 1198; baseline 0.003 -20"><span class='ocrx_word' id='word_1_440' title='bbox 2142 1133 2407 1195; x_wconf 86' lang='lat' dir='ltr'><strong>sanctum,</strong></span> <span class='ocrx_word' id='word_1_441' title='bbox 2468 1126 2612 1198; x_wconf 88' lang='lat' dir='ltr'><strong>quod</strong></span> <span class='ocrx_word' id='word_1_442' title='bbox 2667 1126 2781 1195; x_wconf 89' lang='lat' dir='ltr'><strong>jam</strong></span> <span class='ocrx_word' id='word_1_443' title='bbox 2827 1125 3025 1197; x_wconf 90' lang='lat' dir='ltr'><strong>partim</strong></span> <span class='ocrx_word' id='word_1_444' title='bbox 3070 1141 3236 1197; x_wconf 89' lang='lat' dir='ltr'><strong>supra</strong></span> <span class='ocrx_word' id='word_1_445' title='bbox 3282 1126 3538 1181; x_wconf 90' lang='lat' dir='ltr'><strong>ostendit.</strong></span> <span class='ocrx_word' id='word_1_446' title='bbox 3590 1128 3736 1182; x_wconf 82' lang='lat' dir='ltr'><strong>Vere</strong></span> 
     </span>
    </p>
   </div>
   <div class='ocr_carea' id='block_1_55' title="bbox 2140 1212 3736 1287">
    <p class='ocr_par' dir='ltr' id='par_1_55' title="bbox 2140 1212 3736 1287">
     <span class='ocr_line' id='line_1_55' title="bbox 2140 1212 3736 1287; baseline 0.003 -20"><span class='ocrx_word' id='word_1_447' title='bbox 2140 1212 2232 1267; x_wconf 92' lang='lat' dir='ltr'><strong>ﬁlii</strong></span> <span class='ocrx_word' id='word_1_448' title='bbox 2291 1214 2441 1269; x_wconf 89' lang='lat' dir='ltr'><strong>estis.</strong></span> <span class='ocrx_word' id='word_1_449' title='bbox 2503 1216 2623 1270; x_wconf 83' lang='lat' dir='ltr'><strong>Non</strong></span> <span class='ocrx_word' id='word_1_450' title='bbox 2671 1217 2825 1271; x_wconf 90' lang='lat' dir='ltr'><strong>enim</strong></span> <span class='ocrx_word' id='word_1_451' title='bbox 2872 1215 2980 1283; x_wconf 92' lang='lat' dir='ltr'><strong>jam</strong></span> <span class='ocrx_word' id='word_1_452' title='bbox 3040 1215 3171 1269; x_wconf 90' lang='lat' dir='ltr'><strong>estis</strong></span> <span class='ocrx_word' id='word_1_453' title='bbox 3229 1214 3394 1283; x_wconf 84' lang='lat' dir='ltr'><strong>servi,</strong></span> <span class='ocrx_word' id='word_1_454' title='bbox 3448 1215 3596 1287; x_wconf 91' lang='lat' dir='ltr'><strong>quod</strong></span> <span class='ocrx_word' id='word_1_455' title='bbox 3652 1216 3736 1272; x_wconf 90' lang='lat' dir='ltr'><strong>sic</strong></span> 
     </span>
    </p>
   </div>
   <div class='ocr_carea' id='block_1_56' title="bbox 2144 1303 3735 1377">
    <p class='ocr_par' dir='ltr' id='par_1_56' title="bbox 2144 1303 3735 1377">
     <span class='ocr_line' id='line_1_56' title="bbox 2144 1303 3735 1377; baseline 0.001 -19"><span class='ocrx_word' id='word_1_456' title='bbox 2144 1303 2264 1358; x_wconf 90' lang='lat' dir='ltr'><strong>ait:</strong></span> <span class='ocrx_word' id='word_1_457' title='bbox 2322 1304 2433 1358; x_wconf 93' lang='lat' dir='ltr'><strong>Vos</strong></span> <span class='ocrx_word' id='word_1_458' title='bbox 2484 1303 2707 1375; x_wconf 88' lang='lat' dir='ltr'><strong>quidem</strong></span> <span class='ocrx_word' id='word_1_459' title='bbox 2762 1305 3059 1375; x_wconf 87' lang='lat' dir='ltr'><strong>accepistis</strong></span> <span class='ocrx_word' id='word_1_460' title='bbox 3114 1306 3400 1377; x_wconf 85' lang='lat' dir='ltr'><strong>spiritum,</strong></span> <span class='ocrx_word' id='word_1_461' title='bbox 3464 1305 3561 1359; x_wconf 90' lang='lat' dir='ltr'><strong>sed</strong></span> <span class='ocrx_word' id='word_1_462' title='bbox 3619 1321 3735 1360; x_wconf 91' lang='lat' dir='ltr'><strong>non</strong></span> 
     </span>
    </p>
   </div>
   <div class='ocr_carea' id='block_1_57' title="bbox 2141 1390 3733 1463">
    <p class='ocr_par' dir='ltr' id='par_1_57' title="bbox 2141 1390 3733 1463">
     <span class='ocr_line' id='line_1_57' title="bbox 2141 1390 3733 1463; baseline 0.001 -17"><span class='ocrx_word' id='word_1_463' title='bbox 2141 1390 2381 1462; x_wconf 90' lang='lat' dir='ltr'><strong>spiritum</strong></span> <span class='ocrx_word' id='word_1_464' title='bbox 2411 1394 2709 1448; x_wconf 89' lang='lat' dir='ltr'><strong>servitutis</strong></span> <span class='ocrx_word' id='word_1_465' title='bbox 2741 1410 2754 1446; x_wconf 92' lang='lat'><strong>:</strong></span> <span class='ocrx_word' id='word_1_466' title='bbox 2790 1401 2844 1446; x_wconf 93' lang='lat' dir='ltr'><strong>ut</strong></span> <span class='ocrx_word' id='word_1_467' title='bbox 2873 1393 3104 1463; x_wconf 88' lang='lat' dir='ltr'><strong>amplius</strong></span> <span class='ocrx_word' id='word_1_468' title='bbox 3144 1393 3285 1448; x_wconf 86' lang='lat' dir='ltr'><strong>servi</strong></span> <span class='ocrx_word' id='word_1_469' title='bbox 3319 1393 3435 1447; x_wconf 91' lang='lat' dir='ltr'><strong>sitis</strong></span> <span class='ocrx_word' id='word_1_470' title='bbox 3460 1434 3473 1461; x_wconf 94' lang='lat'><strong>,</strong></span> <span class='ocrx_word' id='word_1_471' title='bbox 3525 1401 3577 1447; x_wconf 91' lang='lat' dir='ltr'><strong>et</strong></span> <span class='ocrx_word' id='word_1_472' title='bbox 3606 1410 3733 1447; x_wconf 86' lang='lat' dir='ltr'><strong>ser-</strong></span> 
     </span>
    </p>
   </div>
   <div class='ocr_carea' id='block_1_58' title="bbox 2139 1480 3737 1553">
    <p class='ocr_par' dir='ltr' id='par_1_58' title="bbox 2139 1480 3737 1553">
     <span class='ocr_line' id='line_1_58' title="bbox 2139 1480 3737 1553; baseline 0.001 -17"><span class='ocrx_word' id='word_1_473' title='bbox 2139 1480 2297 1536; x_wconf 91' lang='lat' dir='ltr'><strong>viatis</strong></span> <span class='ocrx_word' id='word_1_474' title='bbox 2326 1482 2538 1537; x_wconf 89' lang='lat' dir='ltr'><strong>iterum</strong></span> <span class='ocrx_word' id='word_1_475' title='bbox 2586 1483 2646 1537; x_wconf 88' lang='lat' dir='ltr'><strong>in</strong></span> <span class='ocrx_word' id='word_1_476' title='bbox 2696 1484 2917 1537; x_wconf 86' lang='lat' dir='ltr'><strong>timore.</strong></span> <span class='ocrx_word' id='word_1_477' title='bbox 2969 1482 3108 1536; x_wconf 91' lang='lat' dir='ltr'><strong>Dum</strong></span> <span class='ocrx_word' id='word_1_478' title='bbox 3142 1481 3286 1537; x_wconf 92' lang='lat' dir='ltr'><strong>enim</strong></span> <span class='ocrx_word' id='word_1_479' title='bbox 3318 1482 3419 1535; x_wconf 92' lang='lat' dir='ltr'><strong>sub</strong></span> <span class='ocrx_word' id='word_1_480' title='bbox 3451 1482 3575 1553; x_wconf 86' lang='lat' dir='ltr'><strong>lege</strong></span> <span class='ocrx_word' id='word_1_481' title='bbox 3607 1498 3737 1537; x_wconf 90' lang='lat' dir='ltr'><strong>era-</strong></span> 
     </span>
    </p>
   </div>
   <div class='ocr_carea' id='block_1_59' title="bbox 2142 1568 3734 1642">
    <p class='ocr_par' dir='ltr' id='par_1_59' title="bbox 2142 1568 3734 1642">
     <span class='ocr_line' id='line_1_59' title="bbox 2142 1568 3734 1642; baseline 0.001 -18"><span class='ocrx_word' id='word_1_482' title='bbox 2142 1569 2229 1634; x_wconf 91' lang='lat' dir='ltr'><strong>tis,</strong></span> <span class='ocrx_word' id='word_1_483' title='bbox 2264 1568 2426 1625; x_wconf 69' lang='lat'><strong>4&#39;7</strong></span> <span class='ocrx_word' id='word_1_484' title='bbox 2461 1570 2655 1626; x_wconf 90' lang='lat' dir='ltr'><strong>timore</strong></span> <span class='ocrx_word' id='word_1_485' title='bbox 2685 1587 2963 1641; x_wconf 74' lang='lat' dir='ltr'><strong>penamm</strong></span> <span class='ocrx_word' id='word_1_486' title='bbox 2995 1587 3130 1642; x_wconf 90' lang='lat' dir='ltr'><strong>quas</strong></span> <span class='ocrx_word' id='word_1_487' title='bbox 3160 1570 3245 1625; x_wconf 88' lang='lat' dir='ltr'><strong>lex</strong></span> <span class='ocrx_word' id='word_1_488' title='bbox 3268 1570 3581 1626; x_wconf 89' lang='lat' dir='ltr'><strong>minabatur</strong></span> <span class='ocrx_word' id='word_1_489' title='bbox 3611 1587 3734 1626; x_wconf 90' lang='lat' dir='ltr'><strong>ser-</strong></span> 
     </span>
    </p>
   </div>
   <div class='ocr_carea' id='block_1_60' title="bbox 2140 1658 3732 1731">
    <p class='ocr_par' dir='ltr' id='par_1_60' title="bbox 2140 1658 3732 1731">
     <span class='ocr_line' id='line_1_60' title="bbox 2140 1658 3732 1731; baseline 0.001 -18"><span class='ocrx_word' id='word_1_490' title='bbox 2140 1658 2370 1714; x_wconf 90' lang='lat' dir='ltr'><strong>viebatis</strong></span> <span class='ocrx_word' id='word_1_491' title='bbox 2404 1676 2417 1713; x_wconf 91' lang='lat'>:</span> <span class='ocrx_word' id='word_1_492' title='bbox 2450 1659 2541 1731; x_wconf 90' lang='lat' dir='ltr'><strong>qui</strong></span> <span class='ocrx_word' id='word_1_493' title='bbox 2587 1667 2768 1715; x_wconf 90' lang='lat' dir='ltr'><strong>autem</strong></span> <span class='ocrx_word' id='word_1_494' title='bbox 2811 1660 3005 1715; x_wconf 90' lang='lat' dir='ltr'><strong>timore</strong></span> <span class='ocrx_word' id='word_1_495' title='bbox 3049 1676 3227 1731; x_wconf 75' lang='lat' dir='ltr'><strong>pene</strong></span> <span class='ocrx_word' id='word_1_496' title='bbox 3270 1660 3453 1729; x_wconf 88' lang='lat' dir='ltr'><strong>servit,</strong></span> <span class='ocrx_word' id='word_1_497' title='bbox 3506 1675 3732 1731; x_wconf 81' lang='lat' dir='ltr'><strong>penam</strong></span> 
     </span>
    </p>
   </div>
   <div class='ocr_carea' id='block_1_61' title="bbox 2140 1747 3734 1819">
    <p class='ocr_par' dir='ltr' id='par_1_61' title="bbox 2140 1747 3734 1819">
     <span class='ocr_line' id='line_1_61' title="bbox 2140 1747 3734 1819; baseline 0.001 -18"><span class='ocrx_word' id='word_1_498' title='bbox 2140 1748 2339 1814; x_wconf 85' lang='lat' dir='ltr'><strong>evadit,</strong></span> <span class='ocrx_word' id='word_1_499' title='bbox 2392 1747 2623 1819; x_wconf 81' lang='lat' dir='ltr'><strong>gloriam</strong></span> <span class='ocrx_word' id='word_1_500' title='bbox 2666 1765 2777 1803; x_wconf 92' lang='lat' dir='ltr'><strong>non</strong></span> <span class='ocrx_word' id='word_1_501' title='bbox 2833 1755 3093 1803; x_wconf 89' lang='lat' dir='ltr'><strong>meretur.</strong></span> <span class='ocrx_word' id='word_1_502' title='bbox 3151 1748 3411 1819; x_wconf 89' lang='lat' dir='ltr'><strong>Spiritum</strong></span> <span class='ocrx_word' id='word_1_503' title='bbox 3454 1748 3734 1803; x_wconf 91' lang='lat' dir='ltr'><strong>servitutis</strong></span> 
     </span>
    </p>
   </div>
   <div class='ocr_carea' id='block_1_62' title="bbox 2139 1836 3736 1910">
    <p class='ocr_par' dir='ltr' id='par_1_62' title="bbox 2139 1836 3736 1910">
     <span class='ocr_line' id='line_1_62' title="bbox 2139 1836 3736 1910; baseline 0.001 -21"><span class='ocrx_word' id='word_1_504' title='bbox 2139 1836 2324 1907; x_wconf 86' lang='lat' dir='ltr'><strong>utique</strong></span> <span class='ocrx_word' id='word_1_505' title='bbox 2351 1851 2459 1891; x_wconf 93' lang='lat' dir='ltr'><strong>non</strong></span> <span class='ocrx_word' id='word_1_506' title='bbox 2495 1838 2803 1907; x_wconf 90' lang='lat' dir='ltr'><strong>accepistis,</strong></span> <span class='ocrx_word' id='word_1_507' title='bbox 2830 1837 2927 1892; x_wconf 90' lang='lat' dir='ltr'><strong>sed</strong></span> <span class='ocrx_word' id='word_1_508' title='bbox 2939 1838 3246 1908; x_wconf 75' lang='lat' dir='ltr'><strong>accepistis</strong></span> <span class='ocrx_word' id='word_1_509' title='bbox 3270 1838 3539 1909; x_wconf 89' lang='lat' dir='ltr'><strong>spiritum</strong></span> <span class='ocrx_word' id='word_1_510' title='bbox 3568 1838 3736 1910; x_wconf 80' lang='lat' dir='ltr'><strong>adap-</strong></span> 
     </span>
    </p>
   </div>
   <div class='ocr_carea' id='block_1_63' title="bbox 2140 1924 3735 1997">
    <p class='ocr_par' dir='ltr' id='par_1_63' title="bbox 2140 1924 3735 1997">
     <span class='ocr_line' id='line_1_63' title="bbox 2140 1924 3735 1997; baseline 0.001 -19"><span class='ocrx_word' id='word_1_511' title='bbox 2140 1926 2312 1979; x_wconf 87' lang='lat' dir='ltr'><strong>tionis</strong></span> <span class='ocrx_word' id='word_1_512' title='bbox 2334 1925 2604 1992; x_wconf 80' lang='lat' dir='ltr'><strong>ﬁliorum,</strong></span> <span class='ocrx_word' id='word_1_513' title='bbox 2638 1925 2692 1980; x_wconf 93' lang='lat' dir='ltr'><strong>id</strong></span> <span class='ocrx_word' id='word_1_514' title='bbox 2724 1933 2804 1980; x_wconf 90' lang='lat' dir='ltr'><strong>est</strong></span> <span class='ocrx_word' id='word_1_515' title='bbox 2833 1942 2931 1995; x_wconf 92' lang='lat' dir='ltr'><strong>per</strong></span> <span class='ocrx_word' id='word_1_516' title='bbox 2961 1942 3122 1997; x_wconf 88' lang='lat' dir='ltr'><strong>quem</strong></span> <span class='ocrx_word' id='word_1_517' title='bbox 3151 1925 3481 1996; x_wconf 91' lang='lat' dir='ltr'><strong>adoptamini</strong></span> <span class='ocrx_word' id='word_1_518' title='bbox 3512 1926 3566 1979; x_wconf 92' lang='lat' dir='ltr'><strong>in</strong></span> <span class='ocrx_word' id='word_1_519' title='bbox 3590 1924 3735 1981; x_wconf 86' lang='lat' dir='ltr'><strong>ﬁlios</strong></span> 
     </span>
    </p>
   </div>
   <div class='ocr_carea' id='block_1_64' title="bbox 2136 2012 3731 2085">
    <p class='ocr_par' dir='ltr' id='par_1_64' title="bbox 2136 2012 3731 2085">
     <span class='ocr_line' id='line_1_64' title="bbox 2136 2012 3731 2085; baseline 0.003 -19"><span class='ocrx_word' id='word_1_520' title='bbox 2136 2012 2253 2067; x_wconf 91' lang='lat' dir='ltr'><strong>Dei.</strong></span> <span class='ocrx_word' id='word_1_521' title='bbox 2285 2014 2349 2068; x_wconf 91' lang='lat' dir='ltr'><strong>In</strong></span> <span class='ocrx_word' id='word_1_522' title='bbox 2380 2031 2487 2085; x_wconf 88' lang='lat' dir='ltr'><strong>quo</strong></span> <span class='ocrx_word' id='word_1_523' title='bbox 2524 2012 2713 2085; x_wconf 91' lang='lat' dir='ltr'><strong>spiritu</strong></span> <span class='ocrx_word' id='word_1_524' title='bbox 2761 2014 3013 2079; x_wconf 86' lang='lat' dir='ltr'><strong>docente,</strong></span> <span class='ocrx_word' id='word_1_525' title='bbox 3048 2029 3148 2067; x_wconf 92' lang='lat' dir='ltr'><strong>nos</strong></span> <span class='ocrx_word' id='word_1_526' title='bbox 3184 2015 3503 2070; x_wconf 84' lang='lat' dir='ltr'><strong>clamamus</strong></span> <span class='ocrx_word' id='word_1_527' title='bbox 3534 2030 3552 2065; x_wconf 90' lang='lat'><strong><em>:</em></strong></span> <span class='ocrx_word' id='word_1_528' title='bbox 3585 2014 3731 2070; x_wconf 81' lang='lat' dir='ltr'><strong>Abba</strong></span> 
     </span>
    </p>
   </div>
   <div class='ocr_carea' id='block_1_65' title="bbox 2135 2101 3732 2175">
    <p class='ocr_par' dir='ltr' id='par_1_65' title="bbox 2135 2101 3732 2175">
     <span class='ocr_line' id='line_1_65' title="bbox 2135 2101 3732 2175; baseline 0 -19"><span class='ocrx_word' id='word_1_529' title='bbox 2135 2103 2363 2172; x_wconf 86' lang='lat' dir='ltr'><strong>(pater).</strong></span> <span class='ocrx_word' id='word_1_530' title='bbox 2378 2102 2535 2157; x_wconf 82' lang='lat' dir='ltr'><strong>Abba</strong></span> <span class='ocrx_word' id='word_1_531' title='bbox 2548 2102 2833 2157; x_wconf 84' lang='lat' dir='ltr'><strong>Hebreum</strong></span> <span class='ocrx_word' id='word_1_532' title='bbox 2850 2111 2950 2167; x_wconf 91' lang='lat' dir='ltr'><strong>est,</strong></span> <span class='ocrx_word' id='word_1_533' title='bbox 2969 2101 3283 2175; x_wconf 85' lang='lat' dir='ltr'><strong>signiﬁcans</strong></span> <span class='ocrx_word' id='word_1_534' title='bbox 3305 2102 3358 2156; x_wconf 94' lang='lat' dir='ltr'><strong>id</strong></span> <span class='ocrx_word' id='word_1_535' title='bbox 3379 2103 3523 2175; x_wconf 90' lang='lat' dir='ltr'><strong>quod</strong></span> <span class='ocrx_word' id='word_1_536' title='bbox 3552 2111 3732 2174; x_wconf 88' lang='lat' dir='ltr'><strong>pater,</strong></span> 
     </span>
    </p>
   </div>
   <div class='ocr_carea' id='block_1_66' title="bbox 2136 2190 3735 2263">
    <p class='ocr_par' dir='ltr' id='par_1_66' title="bbox 2136 2190 3735 2263">
     <span class='ocr_line' id='line_1_66' title="bbox 2136 2190 3735 2263; baseline 0.001 -18"><span class='ocrx_word' id='word_1_537' title='bbox 2136 2190 2220 2245; x_wconf 88' lang='lat' dir='ltr'><strong>vel</strong></span> <span class='ocrx_word' id='word_1_538' title='bbox 2248 2199 2399 2261; x_wconf 90' lang='lat' dir='ltr'><strong>pater</strong></span> <span class='ocrx_word' id='word_1_539' title='bbox 2429 2190 2700 2247; x_wconf 88' lang='lat' dir='ltr'><strong>Grecum.</strong></span> <span class='ocrx_word' id='word_1_540' title='bbox 2746 2191 2874 2246; x_wconf 93' lang='lat' dir='ltr'><strong>Ideo</strong></span> <span class='ocrx_word' id='word_1_541' title='bbox 2918 2191 3193 2246; x_wconf 86' lang='lat' dir='ltr'><strong>hebream</strong></span> <span class='ocrx_word' id='word_1_542' title='bbox 3223 2207 3413 2247; x_wconf 92' lang='lat' dir='ltr'><strong>vocem</strong></span> <span class='ocrx_word' id='word_1_543' title='bbox 3444 2194 3642 2263; x_wconf 86' lang='lat' dir='ltr'><strong>posuit,</strong></span> <span class='ocrx_word' id='word_1_544' title='bbox 3679 2200 3735 2249; x_wconf 91' lang='lat' dir='ltr'><strong>et</strong></span> 
     </span>
    </p>
   </div>
   <div class='ocr_carea' id='block_1_67' title="bbox 2133 2279 3736 2351">
    <p class='ocr_par' dir='ltr' id='par_1_67' title="bbox 2133 2279 3736 2351">
     <span class='ocr_line' id='line_1_67' title="bbox 2133 2279 3736 2351; baseline 0.002 -17"><span class='ocrx_word' id='word_1_545' title='bbox 2133 2295 2327 2334; x_wconf 81' lang='lat' dir='ltr'><strong>vocem</strong></span> <span class='ocrx_word' id='word_1_546' title='bbox 2354 2279 2616 2350; x_wconf 86' lang='lat' dir='ltr'><strong>gentium,</strong></span> <span class='ocrx_word' id='word_1_547' title='bbox 2642 2296 2739 2334; x_wconf 90' lang='lat' dir='ltr'><strong>seu</strong></span> <span class='ocrx_word' id='word_1_548' title='bbox 2760 2295 3013 2351; x_wconf 87' lang='lat' dir='ltr'><strong>grecam,</strong></span> <span class='ocrx_word' id='word_1_549' title='bbox 3051 2296 3146 2334; x_wconf 92' lang='lat' dir='ltr'><strong>seu</strong></span> <span class='ocrx_word' id='word_1_550' title='bbox 3176 2279 3420 2346; x_wconf 87' lang='lat' dir='ltr'><strong>latinam,</strong></span> <span class='ocrx_word' id='word_1_551' title='bbox 3452 2288 3509 2335; x_wconf 92' lang='lat' dir='ltr'><strong>ut</strong></span> <span class='ocrx_word' id='word_1_552' title='bbox 3538 2289 3736 2337; x_wconf 89' lang='lat' dir='ltr'><strong>osten-</strong></span> 
     </span>
    </p>
   </div>
   <div class='ocr_carea' id='block_1_68' title="bbox 2135 2367 3734 2441">
    <p class='ocr_par' dir='ltr' id='par_1_68' title="bbox 2135 2367 3734 2441">
     <span class='ocr_line' id='line_1_68' title="bbox 2135 2367 3734 2441; baseline 0.003 -19"><span class='ocrx_word' id='word_1_553' title='bbox 2135 2367 2228 2422; x_wconf 90' lang='lat' dir='ltr'><strong>dat</strong></span> <span class='ocrx_word' id='word_1_554' title='bbox 2282 2374 2565 2439; x_wconf 87' lang='lat' dir='ltr'><strong>utrumqne</strong></span> <span class='ocrx_word' id='word_1_555' title='bbox 2618 2368 2897 2439; x_wconf 89' lang='lat' dir='ltr'><strong>populum,</strong></span> <span class='ocrx_word' id='word_1_556' title='bbox 2956 2367 3201 2424; x_wconf 87' lang='lat' dir='ltr'><strong>Judeum</strong></span> <span class='ocrx_word' id='word_1_557' title='bbox 3258 2378 3311 2423; x_wconf 92' lang='lat' dir='ltr'><strong>et</strong></span> <span class='ocrx_word' id='word_1_558' title='bbox 3368 2369 3624 2441; x_wconf 87' lang='lat' dir='ltr'><strong>gentilem</strong></span> <span class='ocrx_word' id='word_1_559' title='bbox 3674 2370 3734 2426; x_wconf 91' lang='lat' dir='ltr'><strong>in</strong></span> 
     </span>
    </p>
   </div>
   <div class='ocr_carea' id='block_1_69' title="bbox 2134 2456 3734 2529">
    <p class='ocr_par' dir='ltr' id='par_1_69' title="bbox 2134 2456 3734 2529">
     <span class='ocr_line' id='line_1_69' title="bbox 2134 2456 3734 2529; baseline 0.003 -19"><span class='ocrx_word' id='word_1_560' title='bbox 2134 2456 2370 2512; x_wconf 91' lang='lat' dir='ltr'><strong>novitate</strong></span> <span class='ocrx_word' id='word_1_561' title='bbox 2415 2456 2637 2527; x_wconf 90' lang='lat' dir='ltr'><strong>spiritus</strong></span> <span class='ocrx_word' id='word_1_562' title='bbox 2684 2456 2884 2513; x_wconf 89' lang='lat' dir='ltr'><strong>debere</strong></span> <span class='ocrx_word' id='word_1_563' title='bbox 2942 2459 3151 2513; x_wconf 89' lang='lat' dir='ltr'><strong>servire</strong></span> <span class='ocrx_word' id='word_1_564' title='bbox 3200 2458 3336 2527; x_wconf 91' lang='lat' dir='ltr'><strong>Deo,</strong></span> <span class='ocrx_word' id='word_1_565' title='bbox 3384 2473 3491 2513; x_wconf 93' lang='lat' dir='ltr'><strong>non</strong></span> <span class='ocrx_word' id='word_1_566' title='bbox 3527 2458 3641 2529; x_wconf 91' lang='lat' dir='ltr'><strong>jam</strong></span> <span class='ocrx_word' id='word_1_567' title='bbox 3674 2458 3734 2514; x_wconf 90' lang='lat' dir='ltr'><strong>in</strong></span> 
     </span>
    </p>
   </div>
   <div class='ocr_carea' id='block_1_70' title="bbox 2133 2544 3735 2616">
    <p class='ocr_par' dir='ltr' id='par_1_70' title="bbox 2133 2544 3735 2616">
     <span class='ocr_line' id='line_1_70' title="bbox 2133 2544 3735 2616; baseline 0.002 -16"><span class='ocrx_word' id='word_1_568' title='bbox 2133 2553 2396 2600; x_wconf 91' lang='lat' dir='ltr'><strong>vetustate</strong></span> <span class='ocrx_word' id='word_1_569' title='bbox 2426 2544 2635 2601; x_wconf 86' lang='lat' dir='ltr'><strong>littere.</strong></span> <span class='ocrx_word' id='word_1_570' title='bbox 2687 2546 2825 2600; x_wconf 89' lang='lat' dir='ltr'><strong>Vere</strong></span> <span class='ocrx_word' id='word_1_571' title='bbox 2874 2545 2926 2599; x_wconf 91' lang='lat' dir='ltr'><strong>in</strong></span> <span class='ocrx_word' id='word_1_572' title='bbox 2958 2545 3148 2616; x_wconf 91' lang='lat' dir='ltr'><strong>spiritu</strong></span> <span class='ocrx_word' id='word_1_573' title='bbox 3197 2546 3512 2603; x_wconf 87' lang='lat' dir='ltr'><strong>clamamus</strong></span> <span class='ocrx_word' id='word_1_574' title='bbox 3534 2566 3553 2603; x_wconf 93' lang='lat'><strong><em>:</em></strong></span> <span class='ocrx_word' id='word_1_575' title='bbox 3584 2548 3735 2603; x_wconf 77' lang='lat' dir='ltr'><strong>Abba</strong></span> 
     </span>
    </p>
   </div>
   <div class='ocr_carea' id='block_1_71' title="bbox 2134 2633 3732 2706">
    <p class='ocr_par' dir='ltr' id='par_1_71' title="bbox 2134 2633 3732 2706">
     <span class='ocr_line' id='line_1_71' title="bbox 2134 2633 3732 2706; baseline 0.003 -18"><span class='ocrx_word' id='word_1_576' title='bbox 2134 2634 2363 2705; x_wconf 86' lang='lat' dir='ltr'><strong>(pater).</strong></span> <span class='ocrx_word' id='word_1_577' title='bbox 2396 2633 2533 2688; x_wconf 89' lang='lat' dir='ltr'><strong>Nam</strong></span> <span class='ocrx_word' id='word_1_578' title='bbox 2568 2635 2818 2706; x_wconf 90' lang='lat' dir='ltr'><strong>Spiritus</strong></span> <span class='ocrx_word' id='word_1_579' title='bbox 2858 2642 3079 2690; x_wconf 90' lang='lat' dir='ltr'><strong>sanctus</strong></span> <span class='ocrx_word' id='word_1_580' title='bbox 3111 2635 3295 2690; x_wconf 84' lang='lat' dir='ltr'><strong>reddit</strong></span> <span class='ocrx_word' id='word_1_581' title='bbox 3338 2636 3732 2692; x_wconf 88' lang='lat' dir='ltr'><strong>testimonium</strong></span> 
     </span>
    </p>
   </div>
   <div class='ocr_carea' id='block_1_72' title="bbox 2133 2722 3733 2795">
    <p class='ocr_par' dir='ltr' id='par_1_72' title="bbox 2133 2722 3733 2795">
     <span class='ocr_line' id='line_1_72' title="bbox 2133 2722 3733 2795; baseline 0.002 -18"><span class='ocrx_word' id='word_1_582' title='bbox 2133 2723 2368 2795; x_wconf 85' lang='lat' dir='ltr'><strong>spiritui</strong></span> <span class='ocrx_word' id='word_1_583' title='bbox 2384 2728 2597 2789; x_wconf 88' lang='lat' dir='ltr'><strong>nostro,</strong></span> <span class='ocrx_word' id='word_1_584' title='bbox 2642 2722 2696 2777; x_wconf 91' lang='lat' dir='ltr'><strong>id</strong></span> <span class='ocrx_word' id='word_1_585' title='bbox 2744 2731 2824 2777; x_wconf 91' lang='lat' dir='ltr'><strong>est</strong></span> <span class='ocrx_word' id='word_1_586' title='bbox 2846 2723 3007 2778; x_wconf 88' lang='lat' dir='ltr'><strong>docet</strong></span> <span class='ocrx_word' id='word_1_587' title='bbox 3047 2723 3310 2778; x_wconf 89' lang='lat' dir='ltr'><strong>rationem</strong></span> <span class='ocrx_word' id='word_1_588' title='bbox 3355 2732 3593 2778; x_wconf 87' lang='lat' dir='ltr'><strong>nostram</strong></span> <span class='ocrx_word' id='word_1_589' title='bbox 3623 2726 3733 2781; x_wconf 90' lang='lat' dir='ltr'><strong>hoc</strong></span> 
     </span>
    </p>
   </div>
   <div class='ocr_carea' id='block_1_73' title="bbox 2132 2810 3732 2883">
    <p class='ocr_par' dir='ltr' id='par_1_73' title="bbox 2132 2810 3732 2883">
     <span class='ocr_line' id='line_1_73' title="bbox 2132 2810 3732 2883; baseline 0 -16"><span class='ocrx_word' id='word_1_590' title='bbox 2132 2810 2274 2883; x_wconf 86' lang='lat' dir='ltr'><strong>quod</strong></span> <span class='ocrx_word' id='word_1_591' title='bbox 2319 2828 2517 2867; x_wconf 90' lang='lat' dir='ltr'><strong>sumus</strong></span> <span class='ocrx_word' id='word_1_592' title='bbox 2544 2812 2656 2881; x_wconf 79' lang='lat' dir='ltr'><strong>ﬁlii</strong></span> <span class='ocrx_word' id='word_1_593' title='bbox 2703 2812 2822 2867; x_wconf 90' lang='lat' dir='ltr'><strong>Dei.</strong></span> <span class='ocrx_word' id='word_1_594' title='bbox 2854 2812 2971 2865; x_wconf 92' lang='lat' dir='ltr'><strong>Nisi</strong></span> <span class='ocrx_word' id='word_1_595' title='bbox 3020 2811 3164 2866; x_wconf 90' lang='lat' dir='ltr'><strong>enim</strong></span> <span class='ocrx_word' id='word_1_596' title='bbox 3197 2811 3430 2883; x_wconf 90' lang='lat' dir='ltr'><strong>Spiritus</strong></span> <span class='ocrx_word' id='word_1_597' title='bbox 3459 2813 3561 2868; x_wconf 93' lang='lat' dir='ltr'><strong>hoc</strong></span> <span class='ocrx_word' id='word_1_598' title='bbox 3588 2812 3732 2867; x_wconf 91' lang='lat' dir='ltr'><strong>insi-</strong></span> 
     </span>
    </p>
   </div>
   <div class='ocr_carea' id='block_1_74' title="bbox 2131 2899 3731 2967">
    <p class='ocr_par' dir='ltr' id='par_1_74' title="bbox 2131 2899 3731 2967">
     <span class='ocr_line' id='line_1_74' title="bbox 2131 2899 3731 2967; baseline 0.004 -14"><span class='ocrx_word' id='word_1_599' title='bbox 2131 2907 2343 2967; x_wconf 87' lang='lat' dir='ltr'><strong>nuaret,</strong></span> <span class='ocrx_word' id='word_1_600' title='bbox 2376 2899 2714 2955; x_wconf 89' lang='lat' dir='ltr'><strong>nesciremus</strong></span> <span class='ocrx_word' id='word_1_601' title='bbox 2761 2915 2861 2955; x_wconf 90' lang='lat' dir='ltr'><strong>nos</strong></span> <span class='ocrx_word' id='word_1_602' title='bbox 2905 2916 3028 2955; x_wconf 89' lang='lat' dir='ltr'><strong>esse</strong></span> <span class='ocrx_word' id='word_1_603' title='bbox 3078 2899 3220 2955; x_wconf 87' lang='lat' dir='ltr'><strong>ﬁlios</strong></span> <span class='ocrx_word' id='word_1_604' title='bbox 3255 2900 3375 2957; x_wconf 88' lang='lat' dir='ltr'><strong>Dei.</strong></span> <span class='ocrx_word' id='word_1_605' title='bbox 3422 2903 3482 2957; x_wconf 92' lang='lat' dir='ltr'><strong>Si</strong></span> <span class='ocrx_word' id='word_1_606' title='bbox 3528 2906 3731 2959; x_wconf 88' lang='lat' dir='ltr'><strong>autem</strong></span> 
     </span>
    </p>
   </div>
   <div class='ocr_carea' id='block_1_75' title="bbox 2133 2988 3734 3061">
    <p class='ocr_par' dir='ltr' id='par_1_75' title="bbox 2133 2988 3734 3061">
     <span class='ocr_line' id='line_1_75' title="bbox 2133 2988 3734 3061; baseline 0.002 -20"><span class='ocrx_word' id='word_1_607' title='bbox 2133 3004 2321 3042; x_wconf 90' lang='lat' dir='ltr'><strong>sumus</strong></span> <span class='ocrx_word' id='word_1_608' title='bbox 2349 2989 2478 3057; x_wconf 82' lang='lat' dir='ltr'><strong>ﬁlii,</strong></span> <span class='ocrx_word' id='word_1_609' title='bbox 2503 2988 2705 3044; x_wconf 86' lang='lat' dir='ltr'><strong>erimus</strong></span> <span class='ocrx_word' id='word_1_610' title='bbox 2734 2990 2908 3043; x_wconf 87' lang='lat' dir='ltr'><strong>etiam</strong></span> <span class='ocrx_word' id='word_1_611' title='bbox 2940 2988 3202 3045; x_wconf 68' lang='lat' dir='ltr'><strong>heredes.</strong></span> <span class='ocrx_word' id='word_1_612' title='bbox 3235 2988 3377 3045; x_wconf 90' lang='lat' dir='ltr'><strong>Ecce</strong></span> <span class='ocrx_word' id='word_1_613' title='bbox 3400 2990 3546 3061; x_wconf 91' lang='lat' dir='ltr'><strong>quod</strong></span> <span class='ocrx_word' id='word_1_614' title='bbox 3575 2990 3734 3045; x_wconf 88' lang='lat' dir='ltr'><strong>utili-</strong></span> 
     </span>
    </p>
   </div>
   <div class='ocr_carea' id='block_1_76' title="bbox 2134 3075 3733 3150">
    <p class='ocr_par' dir='ltr' id='par_1_76' title="bbox 2134 3075 3733 3150">
     <span class='ocr_line' id='line_1_76' title="bbox 2134 3075 3733 3150; baseline 0.003 -20"><span class='ocrx_word' id='word_1_615' title='bbox 2134 3084 2273 3131; x_wconf 87' lang='lat' dir='ltr'><strong>tates</strong></span> <span class='ocrx_word' id='word_1_616' title='bbox 2303 3085 2427 3132; x_wconf 92' lang='lat' dir='ltr'><strong>sunt</strong></span> <span class='ocrx_word' id='word_1_617' title='bbox 2456 3076 2615 3132; x_wconf 89' lang='lat' dir='ltr'><strong>nobis</strong></span> <span class='ocrx_word' id='word_1_618' title='bbox 2661 3092 2763 3148; x_wconf 88' lang='lat' dir='ltr'><strong>per</strong></span> <span class='ocrx_word' id='word_1_619' title='bbox 2801 3075 3083 3147; x_wconf 92' lang='lat' dir='ltr'><strong>Spiritum.</strong></span> <span class='ocrx_word' id='word_1_620' title='bbox 3119 3077 3277 3132; x_wconf 87' lang='lat' dir='ltr'><strong>Prius</strong></span> <span class='ocrx_word' id='word_1_621' title='bbox 3306 3078 3630 3150; x_wconf 89' lang='lat' dir='ltr'><strong>adoptamur</strong></span> <span class='ocrx_word' id='word_1_622' title='bbox 3669 3079 3733 3136; x_wconf 91' lang='lat' dir='ltr'><strong>in</strong></span> 
     </span>
    </p>
   </div>
   <div class='ocr_carea' id='block_1_77' title="bbox 2131 3162 3733 3224">
    <p class='ocr_par' dir='ltr' id='par_1_77' title="bbox 2131 3162 3733 3224">
     <span class='ocr_line' id='line_1_77' title="bbox 2131 3162 3733 3224; baseline 0.003 -5"><span class='ocrx_word' id='word_1_623' title='bbox 2131 3162 2293 3221; x_wconf 86' lang='lat' dir='ltr'><strong>ﬁlios.</strong></span> <span class='ocrx_word' id='word_1_624' title='bbox 2326 3165 2534 3221; x_wconf 90' lang='lat' dir='ltr'><strong>Dehinc</strong></span> <span class='ocrx_word' id='word_1_625' title='bbox 2581 3164 2904 3221; x_wconf 91' lang='lat' dir='ltr'><strong>clamamus.</strong></span> <span class='ocrx_word' id='word_1_626' title='bbox 2957 3166 3216 3221; x_wconf 84' lang='lat' dir='ltr'><strong>Heredes</strong></span> <span class='ocrx_word' id='word_1_627' title='bbox 3243 3167 3403 3221; x_wconf 90' lang='lat' dir='ltr'><strong>etiam</strong></span> <span class='ocrx_word' id='word_1_628' title='bbox 3437 3168 3733 3224; x_wconf 91' lang='lat' dir='ltr'><strong>constitui-</strong></span> 
     </span>
    </p>
   </div>
   <div class='ocr_carea' id='block_1_78' title="bbox 2131 3253 3733 3329">
    <p class='ocr_par' dir='ltr' id='par_1_78' title="bbox 2131 3253 3733 3329">
     <span class='ocr_line' id='line_1_78' title="bbox 2131 3253 3733 3329; baseline 0.002 -21"><span class='ocrx_word' id='word_1_629' title='bbox 2131 3271 2273 3325; x_wconf 87' lang='lat' dir='ltr'><strong>mur,</strong></span> <span class='ocrx_word' id='word_1_630' title='bbox 2305 3270 2406 3309; x_wconf 90' lang='lat' dir='ltr'><strong>nec</strong></span> <span class='ocrx_word' id='word_1_631' title='bbox 2448 3254 2569 3309; x_wconf 90' lang='lat' dir='ltr'><strong>vilis</strong></span> <span class='ocrx_word' id='word_1_632' title='bbox 2617 3253 2967 3324; x_wconf 81' lang='lat' dir='ltr'><strong>hereditatis,</strong></span> <span class='ocrx_word' id='word_1_633' title='bbox 3002 3255 3100 3309; x_wconf 91' lang='lat' dir='ltr'><strong>sed</strong></span> <span class='ocrx_word' id='word_1_634' title='bbox 3149 3254 3395 3312; x_wconf 70' lang='lat' dir='ltr'><strong>heredes</strong></span> <span class='ocrx_word' id='word_1_635' title='bbox 3441 3258 3559 3324; x_wconf 88' lang='lat' dir='ltr'><strong>Dei,</strong></span> <span class='ocrx_word' id='word_1_636' title='bbox 3595 3257 3733 3329; x_wconf 88' lang='lat' dir='ltr'><strong>quia</strong></span> 
     </span>
    </p>
   </div>
   <div class='ocr_carea' id='block_1_79' title="bbox 2131 3341 3734 3416">
    <p class='ocr_par' dir='ltr' id='par_1_79' title="bbox 2131 3341 3734 3416">
     <span class='ocr_line' id='line_1_79' title="bbox 2131 3341 3734 3416; baseline 0.002 -19"><span class='ocrx_word' id='word_1_637' title='bbox 2131 3343 2278 3398; x_wconf 92' lang='lat' dir='ltr'><strong>Deus</strong></span> <span class='ocrx_word' id='word_1_638' title='bbox 2331 3341 2616 3397; x_wconf 90' lang='lat' dir='ltr'><strong>distribuet</strong></span> <span class='ocrx_word' id='word_1_639' title='bbox 2664 3342 2822 3397; x_wconf 90' lang='lat' dir='ltr'><strong>nobis</strong></span> <span class='ocrx_word' id='word_1_640' title='bbox 2871 3343 3238 3399; x_wconf 86' lang='lat' dir='ltr'><strong>hereditatem</strong></span> <span class='ocrx_word' id='word_1_641' title='bbox 3285 3361 3438 3400; x_wconf 89' lang='lat' dir='ltr'><strong>suam</strong></span> <span class='ocrx_word' id='word_1_642' title='bbox 3465 3387 3479 3416; x_wconf 89' lang='lat'><strong>,</strong></span> <span class='ocrx_word' id='word_1_643' title='bbox 3538 3345 3591 3399; x_wconf 90' lang='lat' dir='ltr'><strong>id</strong></span> <span class='ocrx_word' id='word_1_644' title='bbox 3640 3354 3734 3400; x_wconf 92' lang='lat' dir='ltr'><strong>est</strong></span> 
     </span>
    </p>
   </div>
   <div class='ocr_carea' id='block_1_80' title="bbox 2129 3430 3732 3506">
    <p class='ocr_par' dir='ltr' id='par_1_80' title="bbox 2129 3430 3732 3506">
     <span class='ocr_line' id='line_1_80' title="bbox 2129 3430 3732 3506; baseline 0.003 -21"><span class='ocrx_word' id='word_1_645' title='bbox 2129 3431 2291 3487; x_wconf 90' lang='lat' dir='ltr'><strong>totius</strong></span> <span class='ocrx_word' id='word_1_646' title='bbox 2338 3431 2465 3487; x_wconf 92' lang='lat' dir='ltr'><strong>boni</strong></span> <span class='ocrx_word' id='word_1_647' title='bbox 2541 3430 2936 3487; x_wconf 90' lang='lat' dir='ltr'><strong>sufﬁcientiam.</strong></span> <span class='ocrx_word' id='word_1_648' title='bbox 3002 3431 3058 3487; x_wconf 94' lang='lat' dir='ltr'><strong>Si</strong></span> <span class='ocrx_word' id='word_1_649' title='bbox 3100 3433 3395 3505; x_wconf 89' lang='lat' dir='ltr'><strong>querimus</strong></span> <span class='ocrx_word' id='word_1_650' title='bbox 3450 3434 3732 3506; x_wconf 91' lang='lat' dir='ltr'><strong>quomodo</strong></span> 
     </span>
    </p>
   </div>
   <div class='ocr_carea' id='block_1_81' title="bbox 2128 3520 3731 3587">
    <p class='ocr_par' dir='ltr' id='par_1_81' title="bbox 2128 3520 3731 3587">
     <span class='ocr_line' id='line_1_81' title="bbox 2128 3520 3731 3587; baseline 0.003 -14"><span class='ocrx_word' id='word_1_651' title='bbox 2128 3535 2317 3574; x_wconf 92' lang='lat' dir='ltr'><strong>sumus</strong></span> <span class='ocrx_word' id='word_1_652' title='bbox 2346 3520 2593 3576; x_wconf 87' lang='lat' dir='ltr'><strong>heredes</strong></span> <span class='ocrx_word' id='word_1_653' title='bbox 2621 3520 2743 3587; x_wconf 91' lang='lat' dir='ltr'><strong>Dei,</strong></span> <span class='ocrx_word' id='word_1_654' title='bbox 2776 3536 2900 3577; x_wconf 91' lang='lat' dir='ltr'><strong>cum</strong></span> <span class='ocrx_word' id='word_1_655' title='bbox 2929 3538 3058 3575; x_wconf 90' lang='lat' dir='ltr'><strong>usus</strong></span> <span class='ocrx_word' id='word_1_656' title='bbox 3075 3521 3273 3577; x_wconf 90' lang='lat' dir='ltr'><strong>habeat</strong></span> <span class='ocrx_word' id='word_1_657' title='bbox 3304 3522 3578 3578; x_wconf 88' lang='lat' dir='ltr'><strong>heredem</strong></span> <span class='ocrx_word' id='word_1_658' title='bbox 3596 3538 3731 3579; x_wconf 88' lang='lat' dir='ltr'><strong>esse</strong></span> 
     </span>
    </p>
   </div>
   <div class='ocr_carea' id='block_1_82' title="bbox 2128 3609 3727 3683">
    <p class='ocr_par' dir='ltr' id='par_1_82' title="bbox 2128 3609 3727 3683">
     <span class='ocr_line' id='line_1_82' title="bbox 2128 3609 3727 3683; baseline 0.003 -21"><span class='ocrx_word' id='word_1_659' title='bbox 2128 3616 2305 3663; x_wconf 89' lang='lat' dir='ltr'><strong>morte</strong></span> <span class='ocrx_word' id='word_1_660' title='bbox 2360 3609 2715 3665; x_wconf 83' lang='lat' dir='ltr'><strong>decessoris?</strong></span> <span class='ocrx_word' id='word_1_661' title='bbox 2767 3610 3133 3680; x_wconf 90' lang='lat' dir='ltr'><strong>respondetur</strong></span> <span class='ocrx_word' id='word_1_662' title='bbox 3175 3611 3299 3683; x_wconf 91' lang='lat' dir='ltr'><strong>quia</strong></span> <span class='ocrx_word' id='word_1_663' title='bbox 3355 3612 3520 3677; x_wconf 91' lang='lat' dir='ltr'><strong>Deus,</strong></span> <span class='ocrx_word' id='word_1_664' title='bbox 3581 3627 3727 3683; x_wconf 89' lang='lat' dir='ltr'><strong>quo-</strong></span> 
     </span>
    </p>
   </div>
   <div class='ocr_carea' id='block_1_83' title="bbox 2129 3697 3725 3769">
    <p class='ocr_par' dir='ltr' id='par_1_83' title="bbox 2129 3697 3725 3769">
     <span class='ocr_line' id='line_1_83' title="bbox 2129 3697 3725 3769; baseline 0.002 -17"><span class='ocrx_word' id='word_1_665' title='bbox 2129 3697 2424 3753; x_wconf 90' lang='lat' dir='ltr'><strong>dammodo</strong></span> <span class='ocrx_word' id='word_1_666' title='bbox 2479 3698 2638 3753; x_wconf 89' lang='lat' dir='ltr'><strong>nobis</strong></span> <span class='ocrx_word' id='word_1_667' title='bbox 2685 3698 2949 3753; x_wconf 91' lang='lat' dir='ltr'><strong>morietur</strong></span> <span class='ocrx_word' id='word_1_668' title='bbox 3005 3698 3060 3753; x_wconf 92' lang='lat' dir='ltr'><strong>in</strong></span> <span class='ocrx_word' id='word_1_669' title='bbox 3110 3697 3287 3754; x_wconf 84' lang='lat' dir='ltr'><strong>futura</strong></span> <span class='ocrx_word' id='word_1_670' title='bbox 3349 3699 3725 3769; x_wconf 89' lang='lat' dir='ltr'><strong>beatitudine,</strong></span> 
     </span>
    </p>
   </div>
   <div class='ocr_carea' id='block_1_84' title="bbox 2127 3786 3729 3859">
    <p class='ocr_par' dir='ltr' id='par_1_84' title="bbox 2127 3786 3729 3859">
     <span class='ocr_line' id='line_1_84' title="bbox 2127 3786 3729 3859; baseline 0.002 -19"><span class='ocrx_word' id='word_1_671' title='bbox 2127 3786 2425 3841; x_wconf 90' lang='lat' dir='ltr'><strong>secundum</strong></span> <span class='ocrx_word' id='word_1_672' title='bbox 2452 3787 2556 3841; x_wconf 92' lang='lat' dir='ltr'><strong>hoc</strong></span> <span class='ocrx_word' id='word_1_673' title='bbox 2588 3787 2731 3858; x_wconf 90' lang='lat' dir='ltr'><strong>quod</strong></span> <span class='ocrx_word' id='word_1_674' title='bbox 2774 3802 2918 3843; x_wconf 91' lang='lat' dir='ltr'><strong>nunc</strong></span> <span class='ocrx_word' id='word_1_675' title='bbox 2947 3787 3195 3843; x_wconf 89' lang='lat' dir='ltr'><strong>videmus</strong></span> <span class='ocrx_word' id='word_1_676' title='bbox 3243 3804 3364 3843; x_wconf 93' lang='lat' dir='ltr'><strong>eum</strong></span> <span class='ocrx_word' id='word_1_677' title='bbox 3395 3805 3492 3859; x_wconf 91' lang='lat' dir='ltr'><strong>per</strong></span> <span class='ocrx_word' id='word_1_678' title='bbox 3520 3805 3729 3859; x_wconf 86' lang='lat' dir='ltr'><strong>specu-</strong></span> 
     </span>
    </p>
   </div>
   <div class='ocr_carea' id='block_1_85' title="bbox 2127 3874 3729 3947">
    <p class='ocr_par' dir='ltr' id='par_1_85' title="bbox 2127 3874 3729 3947">
     <span class='ocr_line' id='line_1_85' title="bbox 2127 3874 3729 3947; baseline 0.002 -19"><span class='ocrx_word' id='word_1_679' title='bbox 2127 3874 2239 3929; x_wconf 92' lang='lat' dir='ltr'><strong>lum</strong></span> <span class='ocrx_word' id='word_1_680' title='bbox 2293 3882 2347 3930; x_wconf 88' lang='lat' dir='ltr'><strong>et</strong></span> <span class='ocrx_word' id='word_1_681' title='bbox 2376 3875 2430 3929; x_wconf 92' lang='lat' dir='ltr'><strong>in</strong></span> <span class='ocrx_word' id='word_1_682' title='bbox 2458 3875 2769 3947; x_wconf 81' lang='lat' dir='ltr'><strong>enigmate,</strong></span> <span class='ocrx_word' id='word_1_683' title='bbox 2802 3883 2929 3932; x_wconf 92' lang='lat' dir='ltr'><strong>tunc</strong></span> <span class='ocrx_word' id='word_1_684' title='bbox 2984 3884 3167 3931; x_wconf 88' lang='lat' dir='ltr'><strong>autem</strong></span> <span class='ocrx_word' id='word_1_685' title='bbox 3214 3875 3351 3932; x_wconf 86' lang='lat' dir='ltr'><strong>facie</strong></span> <span class='ocrx_word' id='word_1_686' title='bbox 3407 3877 3476 3932; x_wconf 91' lang='lat' dir='ltr'><strong>ad</strong></span> <span class='ocrx_word' id='word_1_687' title='bbox 3524 3875 3729 3933; x_wconf 81' lang='lat' dir='ltr'><strong>faciem</strong></span> 
     </span>
    </p>
   </div>
   <div class='ocr_carea' id='block_1_86' title="bbox 2128 3963 3729 4030">
    <p class='ocr_par' dir='ltr' id='par_1_86' title="bbox 2128 3963 3729 4030">
     <span class='ocr_line' id='line_1_86' title="bbox 2128 3963 3729 4030; baseline 0.003 -13"><span class='ocrx_word' id='word_1_688' title='bbox 2128 3980 2316 4018; x_wconf 90' lang='lat' dir='ltr'><strong>sumus</strong></span> <span class='ocrx_word' id='word_1_689' title='bbox 2335 3963 2525 4019; x_wconf 90' lang='lat' dir='ltr'><strong>visuri.</strong></span> <span class='ocrx_word' id='word_1_690' title='bbox 2550 3965 2809 4019; x_wconf 86' lang='lat' dir='ltr'><strong>Heredes</strong></span> <span class='ocrx_word' id='word_1_691' title='bbox 2830 3965 3033 4020; x_wconf 90' lang='lat' dir='ltr'><strong>erimus</strong></span> <span class='ocrx_word' id='word_1_692' title='bbox 3050 3965 3170 4030; x_wconf 90' lang='lat' dir='ltr'><strong>Dei,</strong></span> <span class='ocrx_word' id='word_1_693' title='bbox 3194 3964 3505 4022; x_wconf 69' lang='lat' dir='ltr'><strong>coheredes</strong></span> <span class='ocrx_word' id='word_1_694' title='bbox 3526 3970 3729 4022; x_wconf 88' lang='lat' dir='ltr'><strong>autem</strong></span> 
     </span>
    </p>
   </div>
   <div class='ocr_carea' id='block_1_87' title="bbox 2130 4050 3725 4125">
    <p class='ocr_par' dir='ltr' id='par_1_87' title="bbox 2130 4050 3725 4125">
     <span class='ocr_line' id='line_1_87' title="bbox 2130 4050 3725 4125; baseline 0.002 -19"><span class='ocrx_word' id='word_1_695' title='bbox 2130 4050 2358 4117; x_wconf 88' lang='lat' dir='ltr'><strong>Christi,</strong></span> <span class='ocrx_word' id='word_1_696' title='bbox 2392 4052 2519 4125; x_wconf 92' lang='lat' dir='ltr'><strong>quia</strong></span> <span class='ocrx_word' id='word_1_697' title='bbox 2565 4052 2816 4109; x_wconf 90' lang='lat' dir='ltr'><strong>eamdem</strong></span> <span class='ocrx_word' id='word_1_698' title='bbox 2844 4053 3217 4108; x_wconf 88' lang='lat' dir='ltr'><strong>hereditatem</strong></span> <span class='ocrx_word' id='word_1_699' title='bbox 3256 4069 3420 4125; x_wconf 90' lang='lat' dir='ltr'><strong>quam</strong></span> <span class='ocrx_word' id='word_1_700' title='bbox 3451 4053 3725 4123; x_wconf 88' lang='lat' dir='ltr'><strong>Christus,</strong></span> 
     </span>
    </p>
   </div>
   <div class='ocr_carea' id='block_1_88' title="bbox 2123 4140 3725 4212">
    <p class='ocr_par' dir='ltr' id='par_1_88' title="bbox 2123 4140 3725 4212">
     <span class='ocr_line' id='line_1_88' title="bbox 2123 4140 3725 4212; baseline 0.003 -17"><span class='ocrx_word' id='word_1_701' title='bbox 2123 4140 2177 4195; x_wconf 90' lang='lat' dir='ltr'><strong>id</strong></span> <span class='ocrx_word' id='word_1_702' title='bbox 2207 4140 2764 4212; x_wconf 88' lang='lat' dir='ltr'><strong>estincorruptionem</strong></span> <span class='ocrx_word' id='word_1_703' title='bbox 2783 4142 3081 4197; x_wconf 90' lang='lat' dir='ltr'><strong>secundum</strong></span> <span class='ocrx_word' id='word_1_704' title='bbox 3104 4157 3328 4197; x_wconf 91' lang='lat' dir='ltr'><strong>carnem</strong></span> <span class='ocrx_word' id='word_1_705' title='bbox 3348 4143 3512 4199; x_wconf 92' lang='lat' dir='ltr'><strong>modo</strong></span> <span class='ocrx_word' id='word_1_706' title='bbox 3527 4151 3725 4200; x_wconf 90' lang='lat' dir='ltr'><strong>nostro</strong></span> 
     </span>
    </p>
   </div>
   <div class='ocr_carea' id='block_1_89' title="bbox 2123 4228 3718 4300">
    <p class='ocr_par' dir='ltr' id='par_1_89' title="bbox 2123 4228 3718 4300">
     <span class='ocr_line' id='line_1_89' title="bbox 2123 4228 3718 4300; baseline 0.002 -16"><span class='ocrx_word' id='word_1_707' title='bbox 2123 4228 2477 4300; x_wconf 90' lang='lat' dir='ltr'><strong>accipiemus.</strong></span> <span class='ocrx_word' id='word_1_708' title='bbox 2512 4229 2764 4286; x_wconf 67' lang='lat' dir='ltr'><strong>Heredes</strong></span> <span class='ocrx_word' id='word_1_709' title='bbox 2797 4229 2926 4285; x_wconf 91' lang='lat' dir='ltr'><strong>dicit</strong></span> <span class='ocrx_word' id='word_1_710' title='bbox 2964 4231 3074 4296; x_wconf 78' lang='lat' dir='ltr'><strong>Dei,</strong></span> <span class='ocrx_word' id='word_1_711' title='bbox 3108 4230 3253 4285; x_wconf 90' lang='lat' dir='ltr'><strong>velut</strong></span> <span class='ocrx_word' id='word_1_712' title='bbox 3275 4230 3392 4299; x_wconf 85' lang='lat' dir='ltr'><strong>ejus</strong></span> <span class='ocrx_word' id='word_1_713' title='bbox 3422 4232 3578 4300; x_wconf 88' lang='lat' dir='ltr'><strong>cujus</strong></span> <span class='ocrx_word' id='word_1_714' title='bbox 3628 4240 3718 4287; x_wconf 92' lang='lat' dir='ltr'><strong>est</strong></span> 
     </span>
    </p>
   </div>
   <div class='ocr_carea' id='block_1_90' title="bbox 2128 4317 3720 4390">
    <p class='ocr_par' dir='ltr' id='par_1_90' title="bbox 2128 4317 3720 4390">
     <span class='ocr_line' id='line_1_90' title="bbox 2128 4317 3720 4390; baseline 0.004 -19"><span class='ocrx_word' id='word_1_715' title='bbox 2128 4317 2434 4386; x_wconf 85' lang='lat' dir='ltr'><strong>hereditas,</strong></span> <span class='ocrx_word' id='word_1_716' title='bbox 2484 4334 2712 4390; x_wconf 91' lang='lat' dir='ltr'><strong>eamque</strong></span> <span class='ocrx_word' id='word_1_717' title='bbox 2769 4318 3059 4374; x_wconf 91' lang='lat' dir='ltr'><strong>distribuit.</strong></span> <span class='ocrx_word' id='word_1_718' title='bbox 3114 4318 3429 4376; x_wconf 73' lang='lat' dir='ltr'><strong>Coherwdes</strong></span> <span class='ocrx_word' id='word_1_719' title='bbox 3480 4319 3720 4388; x_wconf 81' lang='lat' dir='ltr'><strong>Christi,</strong></span> 
     </span>
    </p>
   </div>
   <div class='ocr_carea' id='block_1_91' title="bbox 2124 4406 3712 4479">
    <p class='ocr_par' dir='ltr' id='par_1_91' title="bbox 2124 4406 3712 4479">
     <span class='ocr_line' id='line_1_91' title="bbox 2124 4406 3712 4479; baseline 0.002 -17"><span class='ocrx_word' id='word_1_720' title='bbox 2124 4406 2272 4462; x_wconf 90' lang='lat' dir='ltr'><strong>velut</strong></span> <span class='ocrx_word' id='word_1_721' title='bbox 2302 4406 2419 4475; x_wconf 89' lang='lat' dir='ltr'><strong>ejus</strong></span> <span class='ocrx_word' id='word_1_722' title='bbox 2449 4407 2541 4479; x_wconf 92' lang='lat' dir='ltr'><strong>qui</strong></span> <span class='ocrx_word' id='word_1_723' title='bbox 2594 4407 2877 4464; x_wconf 90' lang='lat' dir='ltr'><strong>nobiscum</strong></span> <span class='ocrx_word' id='word_1_724' title='bbox 2906 4415 3113 4479; x_wconf 89' lang='lat' dir='ltr'><strong>partem</strong></span> <span class='ocrx_word' id='word_1_725' title='bbox 3142 4407 3318 4479; x_wconf 87' lang='lat' dir='ltr'><strong>capiet</strong></span> <span class='ocrx_word' id='word_1_726' title='bbox 3348 4407 3712 4465; x_wconf 81' lang='lat' dir='ltr'><strong>hereditatis.</strong></span> 
     </span>
    </p>
   </div>
   <div class='ocr_carea' id='block_1_92' title="bbox 2124 4495 3723 4563">
    <p class='ocr_par' dir='ltr' id='par_1_92' title="bbox 2124 4495 3723 4563">
     <span class='ocr_line' id='line_1_92' title="bbox 2124 4495 3723 4563; baseline 0.003 -13"><span class='ocrx_word' id='word_1_727' title='bbox 2124 4495 2452 4551; x_wconf 86' lang='lat' dir='ltr'><strong>Coheredes</strong></span> <span class='ocrx_word' id='word_1_728' title='bbox 2479 4495 2679 4551; x_wconf 90' lang='lat' dir='ltr'><strong>erimus</strong></span> <span class='ocrx_word' id='word_1_729' title='bbox 2737 4496 2957 4563; x_wconf 88' lang='lat' dir='ltr'><strong>Christi,</strong></span> <span class='ocrx_word' id='word_1_730' title='bbox 3017 4497 3122 4552; x_wconf 91' lang='lat' dir='ltr'><strong>hac</strong></span> <span class='ocrx_word' id='word_1_731' title='bbox 3178 4506 3359 4552; x_wconf 87' lang='lat' dir='ltr'><strong>tamen</strong></span> <span class='ocrx_word' id='word_1_732' title='bbox 3405 4497 3723 4557; x_wconf 86' lang='lat' dir='ltr'><strong>conditione</strong></span> 
     </span>
    </p>
   </div>
   <div class='ocr_carea' id='block_1_93' title="bbox 426 4576 3716 4657">
    <p class='ocr_par' dir='ltr' id='par_1_93' title="bbox 426 4576 3716 4657">
     <span class='ocr_line' id='line_1_93' title="bbox 426 4576 3716 4657; baseline 0.002 -20"><span class='ocrx_word' id='word_1_733' title='bbox 426 4581 532 4638; x_wconf 93' lang='lat' dir='ltr'><strong>turi</strong></span> <span class='ocrx_word' id='word_1_734' title='bbox 554 4590 696 4650; x_wconf 90' lang='lat' dir='ltr'><strong>sunt,</strong></span> <span class='ocrx_word' id='word_1_735' title='bbox 729 4582 957 4655; x_wconf 83' lang='lat' dir='ltr'><strong>dignum</strong></span> <span class='ocrx_word' id='word_1_736' title='bbox 986 4580 1086 4636; x_wconf 83' lang='lat' dir='ltr'><strong>fuit</strong></span> <span class='ocrx_word' id='word_1_737' title='bbox 1124 4588 1184 4636; x_wconf 91' lang='lat' dir='ltr'><strong>ut</strong></span> <span class='ocrx_word' id='word_1_738' title='bbox 1231 4596 1422 4637; x_wconf 91' lang='lat' dir='ltr'><strong>omnes</strong></span> <span class='ocrx_word' id='word_1_739' title='bbox 1451 4580 1508 4634; x_wconf 92' lang='lat' dir='ltr'><strong>in</strong></span> <span class='ocrx_word' id='word_1_740' title='bbox 1538 4580 1661 4651; x_wconf 92' lang='lat' dir='ltr'><strong>hoc,</strong></span> <span class='ocrx_word' id='word_1_741' title='bbox 1691 4587 1745 4635; x_wconf 89' lang='lat' dir='ltr'><strong>et</strong></span> <span class='ocrx_word' id='word_1_742' title='bbox 1774 4588 2022 4650; x_wconf 90' lang='lat' dir='ltr'><strong>tempore</strong></span> <span class='ocrx_word' id='word_1_743' title='bbox 2043 4583 2095 4644; x_wconf 94' lang='lat' dir='ltr'><strong>D</strong></span> <span class='ocrx_word' id='word_1_744' title='bbox 2125 4583 2249 4639; x_wconf 90' lang='lat' dir='ltr'><strong>dico</strong></span> <span class='ocrx_word' id='word_1_745' title='bbox 2282 4601 2295 4637; x_wconf 91' lang='lat'><strong>:</strong></span> <span class='ocrx_word' id='word_1_746' title='bbox 2320 4586 2368 4640; x_wconf 90' lang='lat' dir='ltr'><strong>si</strong></span> <span class='ocrx_word' id='word_1_747' title='bbox 2396 4586 2780 4657; x_wconf 88' lang='lat' dir='ltr'><strong>compatimur</strong></span> <span class='ocrx_word' id='word_1_748' title='bbox 2809 4585 3020 4640; x_wconf 86' lang='lat' dir='ltr'><strong>Christo</strong></span> <span class='ocrx_word' id='word_1_749' title='bbox 3065 4601 3174 4640; x_wconf 93' lang='lat' dir='ltr'><strong>non</strong></span> <span class='ocrx_word' id='word_1_750' title='bbox 3203 4576 3502 4643; x_wconf 83' lang='lat' dir='ltr'><strong>intentione</strong></span> <span class='ocrx_word' id='word_1_751' title='bbox 3531 4586 3716 4644; x_wconf 90' lang='lat' dir='ltr'><strong>laudis</strong></span> 
     </span>
    </p>
   </div>
   <div class='ocr_carea' id='block_1_94' title="bbox 426 4667 2022 4743">
    <p class='ocr_par' dir='ltr' id='par_1_94' title="bbox 426 4667 2022 4743">
     <span class='ocr_line' id='line_1_94' title="bbox 426 4667 2022 4743; baseline -0.003 -16"><span class='ocrx_word' id='word_1_752' title='bbox 426 4670 772 4743; x_wconf 88' lang='lat' dir='ltr'><strong>preveniret,</strong></span> <span class='ocrx_word' id='word_1_753' title='bbox 808 4678 860 4726; x_wconf 91' lang='lat' dir='ltr'><strong>et</strong></span> <span class='ocrx_word' id='word_1_754' title='bbox 887 4670 1011 4741; x_wconf 89' lang='lat' dir='ltr'><strong>plus</strong></span> <span class='ocrx_word' id='word_1_755' title='bbox 1052 4669 1304 4726; x_wconf 90' lang='lat' dir='ltr'><strong>omnibus</strong></span> <span class='ocrx_word' id='word_1_756' title='bbox 1331 4669 1623 4741; x_wconf 90' lang='lat' dir='ltr'><strong>acciperet.</strong></span> <span class='ocrx_word' id='word_1_757' title='bbox 1671 4667 2022 4741; x_wconf 89' lang='lat' dir='ltr'><strong>Quandoqui-</strong></span> 
     </span>
    </p>
   </div>
   <div class='ocr_carea' id='block_1_95' title="bbox 424 4757 2021 4828">
    <p class='ocr_par' dir='ltr' id='par_1_95' title="bbox 424 4757 2021 4828">
     <span class='ocr_line' id='line_1_95' title="bbox 424 4757 2021 4828; baseline -0.003 -12"><span class='ocrx_word' id='word_1_758' title='bbox 424 4760 553 4816; x_wconf 91' lang='lat' dir='ltr'><strong>dem</strong></span> <span class='ocrx_word' id='word_1_759' title='bbox 580 4761 729 4815; x_wconf 91' lang='lat' dir='ltr'><strong>Deus</strong></span> <span class='ocrx_word' id='word_1_760' title='bbox 759 4766 812 4815; x_wconf 92' lang='lat' dir='ltr'><strong>et</strong></span> <span class='ocrx_word' id='word_1_761' title='bbox 833 4759 949 4828; x_wconf 88' lang='lat' dir='ltr'><strong>jam</strong></span> <span class='ocrx_word' id='word_1_762' title='bbox 978 4758 1218 4814; x_wconf 90' lang='lat' dir='ltr'><strong>animam</strong></span> <span class='ocrx_word' id='word_1_763' title='bbox 1244 4757 1558 4823; x_wconf 81' lang='lat' dir='ltr'><strong>viviﬁcavit,</strong></span> <span class='ocrx_word' id='word_1_764' title='bbox 1591 4764 1641 4813; x_wconf 91' lang='lat' dir='ltr'><strong>et</strong></span> <span class='ocrx_word' id='word_1_765' title='bbox 1666 4772 1867 4828; x_wconf 89' lang='lat' dir='ltr'><strong>corpus</strong></span> <span class='ocrx_word' id='word_1_766' title='bbox 1881 4757 2021 4812; x_wconf 90' lang='lat' dir='ltr'><strong>vivi-</strong></span> 
     </span>
    </p>
   </div>
   <div class='ocr_carea' id='block_1_96' title="bbox 426 4845 2023 4918">
    <p class='ocr_par' dir='ltr' id='par_1_96' title="bbox 426 4845 2023 4918">
     <span class='ocr_line' id='line_1_96' title="bbox 426 4845 2023 4918; baseline -0.002 -15"><span class='ocrx_word' id='word_1_767' title='bbox 426 4847 766 4917; x_wconf 85' lang='lat' dir='ltr'><strong>ﬁcabit,ergo</strong></span> <span class='ocrx_word' id='word_1_768' title='bbox 786 4850 998 4918; x_wconf 83' lang='lat' dir='ltr'><strong>fratres</strong></span> <span class='ocrx_word' id='word_1_769' title='bbox 1007 4848 1134 4918; x_wconf 91' lang='lat' dir='ltr'><strong>jam</strong></span> <span class='ocrx_word' id='word_1_770' title='bbox 1149 4863 1265 4903; x_wconf 90' lang='lat' dir='ltr'><strong>non</strong></span> <span class='ocrx_word' id='word_1_771' title='bbox 1276 4862 1472 4903; x_wconf 87' lang='lat' dir='ltr'><strong>sumus</strong></span> <span class='ocrx_word' id='word_1_772' title='bbox 1486 4845 1759 4901; x_wconf 87' lang='lat' dir='ltr'><strong>debitores</strong></span> <span class='ocrx_word' id='word_1_773' title='bbox 1777 4845 2023 4913; x_wconf 88' lang='lat' dir='ltr'><strong>carni,id</strong></span> 
     </span>
    </p>
   </div>
   <div class='ocr_carea' id='block_1_97' title="bbox 424 4932 2023 5005">
    <p class='ocr_par' dir='ltr' id='par_1_97' title="bbox 424 4932 2023 5005">
     <span class='ocr_line' id='line_1_97' title="bbox 424 4932 2023 5005; baseline -0.002 -14"><span class='ocrx_word' id='word_1_774' title='bbox 424 4944 509 4992; x_wconf 89' lang='lat' dir='ltr'><strong>est</strong></span> <span class='ocrx_word' id='word_1_775' title='bbox 531 4936 644 5005; x_wconf 89' lang='lat' dir='ltr'><strong>jam</strong></span> <span class='ocrx_word' id='word_1_776' title='bbox 673 4934 806 4990; x_wconf 90' lang='lat' dir='ltr'><strong>nihil</strong></span> <span class='ocrx_word' id='word_1_777' title='bbox 834 4935 1097 4991; x_wconf 92' lang='lat' dir='ltr'><strong>debemus</strong></span> <span class='ocrx_word' id='word_1_778' title='bbox 1128 4934 1448 5002; x_wconf 88' lang='lat' dir='ltr'><strong>carnalitati,</strong></span> <span class='ocrx_word' id='word_1_779' title='bbox 1482 4933 1579 4989; x_wconf 91' lang='lat' dir='ltr'><strong>sed</strong></span> <span class='ocrx_word' id='word_1_780' title='bbox 1608 4932 1817 5005; x_wconf 90' lang='lat' dir='ltr'><strong>spiritui</strong></span> <span class='ocrx_word' id='word_1_781' title='bbox 1848 4952 1863 4998; x_wconf 90' lang='lat'><strong>;</strong></span> <span class='ocrx_word' id='word_1_782' title='bbox 1898 4933 2023 5005; x_wconf 89' lang='lat' dir='ltr'><strong>quia</strong></span> 
     </span>
    </p>
   </div>
   <div class='ocr_carea' id='block_1_98' title="bbox 425 5020 2022 5097">
    <p class='ocr_par' dir='ltr' id='par_1_98' title="bbox 425 5020 2022 5097">
     <span class='ocr_line' id='line_1_98' title="bbox 425 5020 2022 5097; baseline -0.001 -17"><span class='ocrx_word' id='word_1_783' title='bbox 425 5039 524 5097; x_wconf 91' lang='lat' dir='ltr'><strong>per</strong></span> <span class='ocrx_word' id='word_1_784' title='bbox 551 5024 797 5096; x_wconf 90' lang='lat' dir='ltr'><strong>spiritum</strong></span> <span class='ocrx_word' id='word_1_785' title='bbox 828 5024 1080 5091; x_wconf 89' lang='lat' dir='ltr'><strong>vivimus,</strong></span> <span class='ocrx_word' id='word_1_786' title='bbox 1113 5031 1166 5079; x_wconf 92' lang='lat' dir='ltr'><strong>et</strong></span> <span class='ocrx_word' id='word_1_787' title='bbox 1191 5024 1371 5079; x_wconf 90' lang='lat' dir='ltr'><strong>adhuc</strong></span> <span class='ocrx_word' id='word_1_788' title='bbox 1399 5020 1813 5079; x_wconf 89' lang='lat' dir='ltr'><strong>viviﬁcabimur.</strong></span> <span class='ocrx_word' id='word_1_789' title='bbox 1842 5022 2022 5078; x_wconf 89' lang='lat' dir='ltr'><strong>Debe-</strong></span> 
     </span>
    </p>
   </div>
   <div class='ocr_carea' id='block_1_99' title="bbox 431 5109 2023 5185">
    <p class='ocr_par' dir='ltr' id='par_1_99' title="bbox 431 5109 2023 5185">
     <span class='ocr_line' id='line_1_99' title="bbox 431 5109 2023 5185; baseline -0.003 -16"><span class='ocrx_word' id='word_1_790' title='bbox 431 5129 554 5169; x_wconf 91' lang='lat' dir='ltr'><strong>mus</strong></span> <span class='ocrx_word' id='word_1_791' title='bbox 581 5112 800 5185; x_wconf 89' lang='lat' dir='ltr'><strong>quidem</strong></span> <span class='ocrx_word' id='word_1_792' title='bbox 830 5112 980 5169; x_wconf 92' lang='lat' dir='ltr'><strong>carni</strong></span> <span class='ocrx_word' id='word_1_793' title='bbox 1011 5128 1131 5185; x_wconf 89' lang='lat' dir='ltr'><strong>que</strong></span> <span class='ocrx_word' id='word_1_794' title='bbox 1157 5110 1463 5168; x_wconf 89' lang='lat' dir='ltr'><strong>necessaria</strong></span> <span class='ocrx_word' id='word_1_795' title='bbox 1494 5118 1618 5164; x_wconf 90' lang='lat' dir='ltr'><strong>sunt</strong></span> <span class='ocrx_word' id='word_1_796' title='bbox 1634 5109 1702 5179; x_wconf 89' lang='lat' dir='ltr'><strong>ei,</strong></span> <span class='ocrx_word' id='word_1_797' title='bbox 1733 5117 1791 5164; x_wconf 92' lang='lat' dir='ltr'><strong>ut</strong></span> <span class='ocrx_word' id='word_1_798' title='bbox 1820 5110 2023 5166; x_wconf 89' lang='lat' dir='ltr'><strong>victum</strong></span> 
     </span>
    </p>
   </div>
   <div class='ocr_carea' id='block_1_100' title="bbox 424 5200 2023 5275">
    <p class='ocr_par' dir='ltr' id='par_1_100' title="bbox 424 5200 2023 5275">
     <span class='ocr_line' id='line_1_100' title="bbox 424 5200 2023 5275; baseline -0.003 -18"><span class='ocrx_word' id='word_1_799' title='bbox 424 5209 479 5257; x_wconf 91' lang='lat' dir='ltr'><strong>et</strong></span> <span class='ocrx_word' id='word_1_800' title='bbox 508 5209 879 5275; x_wconf 80' lang='lat' dir='ltr'><strong>tegumentum</strong></span> <span class='ocrx_word' id='word_1_801' title='bbox 913 5220 929 5269; x_wconf 88' lang='lat'><strong>;</strong></span> <span class='ocrx_word' id='word_1_802' title='bbox 963 5201 1061 5256; x_wconf 92' lang='lat' dir='ltr'><strong>sed</strong></span> <span class='ocrx_word' id='word_1_803' title='bbox 1089 5216 1200 5255; x_wconf 92' lang='lat' dir='ltr'><strong>non</strong></span> <span class='ocrx_word' id='word_1_804' title='bbox 1214 5200 1285 5254; x_wconf 89' lang='lat' dir='ltr'><strong>ita</strong></span> <span class='ocrx_word' id='word_1_805' title='bbox 1316 5200 1563 5256; x_wconf 90' lang='lat' dir='ltr'><strong>vivamus</strong></span> <span class='ocrx_word' id='word_1_806' title='bbox 1591 5207 1881 5270; x_wconf 89' lang='lat' dir='ltr'><strong>sequentes</strong></span> <span class='ocrx_word' id='word_1_807' title='bbox 1902 5214 2023 5255; x_wconf 90' lang='lat' dir='ltr'><strong>car-</strong></span> 
     </span>
    </p>
   </div>
   <div class='ocr_carea' id='block_1_101' title="bbox 423 5288 2021 5355">
    <p class='ocr_par' dir='ltr' id='par_1_101' title="bbox 423 5288 2021 5355">
     <span class='ocr_line' id='line_1_101' title="bbox 423 5288 2021 5355; baseline -0.003 -9"><span class='ocrx_word' id='word_1_808' title='bbox 423 5290 724 5347; x_wconf 91' lang='lat' dir='ltr'><strong>nalitatem.</strong></span> <span class='ocrx_word' id='word_1_809' title='bbox 746 5291 805 5347; x_wconf 90' lang='lat' dir='ltr'><strong>Si</strong></span> <span class='ocrx_word' id='word_1_810' title='bbox 824 5292 980 5346; x_wconf 89' lang='lat' dir='ltr'><strong>enim</strong></span> <span class='ocrx_word' id='word_1_811' title='bbox 1008 5289 1323 5345; x_wconf 86' lang='lat' dir='ltr'><strong>secundum</strong></span> <span class='ocrx_word' id='word_1_812' title='bbox 1352 5303 1584 5344; x_wconf 87' lang='lat' dir='ltr'><strong>carnem</strong></span> <span class='ocrx_word' id='word_1_813' title='bbox 1606 5288 1886 5355; x_wconf 73' lang='lat' dir='ltr'><strong>vixeritis,</strong></span> <span class='ocrx_word' id='word_1_814' title='bbox 1910 5304 2021 5343; x_wconf 90' lang='lat' dir='ltr'><strong>non</strong></span> 
     </span>
    </p>
   </div>
   <div class='ocr_carea' id='block_1_102' title="bbox 422 5376 2021 5447">
    <p class='ocr_par' dir='ltr' id='par_1_102' title="bbox 422 5376 2021 5447">
     <span class='ocr_line' id='line_1_102' title="bbox 422 5376 2021 5447; baseline -0.003 -10"><span class='ocrx_word' id='word_1_815' title='bbox 422 5378 849 5445; x_wconf 86' lang='lat' dir='ltr'><strong>viviﬁcabimini,</strong></span> <span class='ocrx_word' id='word_1_816' title='bbox 868 5378 967 5433; x_wconf 91' lang='lat' dir='ltr'><strong>sed</strong></span> <span class='ocrx_word' id='word_1_817' title='bbox 983 5377 1331 5433; x_wconf 86' lang='lat' dir='ltr'><strong>moriemini.</strong></span> <span class='ocrx_word' id='word_1_818' title='bbox 1358 5376 1417 5432; x_wconf 88' lang='lat' dir='ltr'><strong>Si</strong></span> <span class='ocrx_word' id='word_1_819' title='bbox 1437 5379 1629 5430; x_wconf 87' lang='lat' dir='ltr'><strong>autem</strong></span> <span class='ocrx_word' id='word_1_820' title='bbox 1648 5378 1807 5447; x_wconf 80' lang='lat' dir='ltr'><strong>facta</strong></span> <span class='ocrx_word' id='word_1_821' title='bbox 1827 5379 2021 5433; x_wconf 88' lang='lat' dir='ltr'><strong>carnis</strong></span> 
     </span>
    </p>
   </div>
   <div class='ocr_carea' id='block_1_103' title="bbox 425 5465 2020 5538">
    <p class='ocr_par' dir='ltr' id='par_1_103' title="bbox 425 5465 2020 5538">
     <span class='ocr_line' id='line_1_103' title="bbox 425 5465 2020 5538; baseline -0.003 -14"><span class='ocrx_word' id='word_1_822' title='bbox 425 5472 651 5525; x_wconf 87' lang='lat' dir='ltr'><strong>mortua</strong></span> <span class='ocrx_word' id='word_1_823' title='bbox 662 5468 934 5538; x_wconf 80' lang='lat' dir='ltr'><strong>feceritis,</strong></span> <span class='ocrx_word' id='word_1_824' title='bbox 958 5482 1061 5538; x_wconf 89' lang='lat' dir='ltr'><strong>per</strong></span> <span class='ocrx_word' id='word_1_825' title='bbox 1076 5465 1347 5535; x_wconf 87' lang='lat' dir='ltr'><strong>spiritum</strong></span> <span class='ocrx_word' id='word_1_826' title='bbox 1380 5465 1599 5530; x_wconf 88' lang='lat' dir='ltr'><strong>vivetis,</strong></span> <span class='ocrx_word' id='word_1_827' title='bbox 1623 5471 1677 5520; x_wconf 87' lang='lat' dir='ltr'><strong>et</strong></span> <span class='ocrx_word' id='word_1_828' title='bbox 1708 5465 1797 5521; x_wconf 92' lang='lat' dir='ltr'><strong>hic</strong></span> <span class='ocrx_word' id='word_1_829' title='bbox 1818 5481 2020 5520; x_wconf 91' lang='lat' dir='ltr'><strong>secun-</strong></span> 
     </span>
    </p>
   </div>
   <div class='ocr_carea' id='block_1_104' title="bbox 422 5550 2020 5625">
    <p class='ocr_par' dir='ltr' id='par_1_104' title="bbox 422 5550 2020 5625">
     <span class='ocr_line' id='line_1_104' title="bbox 422 5550 2020 5625; baseline -0.003 -13"><span class='ocrx_word' id='word_1_830' title='bbox 422 5557 554 5612; x_wconf 93' lang='lat' dir='ltr'><strong>dum</strong></span> <span class='ocrx_word' id='word_1_831' title='bbox 598 5554 859 5621; x_wconf 87' lang='lat' dir='ltr'><strong>animam,</strong></span> <span class='ocrx_word' id='word_1_832' title='bbox 892 5561 946 5609; x_wconf 90' lang='lat' dir='ltr'><strong>et</strong></span> <span class='ocrx_word' id='word_1_833' title='bbox 989 5553 1047 5607; x_wconf 94' lang='lat' dir='ltr'><strong>in</strong></span> <span class='ocrx_word' id='word_1_834' title='bbox 1091 5550 1270 5607; x_wconf 88' lang='lat' dir='ltr'><strong>futuro</strong></span> <span class='ocrx_word' id='word_1_835' title='bbox 1314 5550 1612 5608; x_wconf 91' lang='lat' dir='ltr'><strong>secundum</strong></span> <span class='ocrx_word' id='word_1_836' title='bbox 1657 5554 1902 5625; x_wconf 87' lang='lat' dir='ltr'><strong>corporis</strong></span> <span class='ocrx_word' id='word_1_837' title='bbox 1932 5554 2020 5608; x_wconf 91' lang='lat' dir='ltr'><strong>in-</strong></span> 
     </span>
    </p>
   </div>
   <div class='ocr_carea' id='block_1_105' title="bbox 421 5637 2021 5716">
    <p class='ocr_par' dir='ltr' id='par_1_105' title="bbox 421 5637 2021 5716">
     <span class='ocr_line' id='line_1_105' title="bbox 421 5637 2021 5716; baseline -0.003 -15"><span class='ocrx_word' id='word_1_838' title='bbox 421 5643 852 5716; x_wconf 90' lang='lat' dir='ltr'><strong>corruptionem.</strong></span> <span class='ocrx_word' id='word_1_839' title='bbox 886 5641 954 5697; x_wconf 90' lang='lat' dir='ltr'><strong>Et</strong></span> <span class='ocrx_word' id='word_1_840' title='bbox 996 5637 1324 5698; x_wconf 87' lang='lat' dir='ltr'><strong>mortiﬁcare</strong></span> <span class='ocrx_word' id='word_1_841' title='bbox 1371 5639 1583 5696; x_wconf 90' lang='lat' dir='ltr'><strong>debetis</strong></span> <span class='ocrx_word' id='word_1_842' title='bbox 1614 5660 1629 5708; x_wconf 85' lang='lat'><strong>;</strong></span> <span class='ocrx_word' id='word_1_843' title='bbox 1660 5658 1785 5697; x_wconf 90' lang='lat' dir='ltr'><strong>nam</strong></span> <span class='ocrx_word' id='word_1_844' title='bbox 1819 5641 2021 5713; x_wconf 87' lang='lat' dir='ltr'><strong>Spiritu</strong></span> 
     </span>
    </p>
   </div>
   <div class='ocr_carea' id='block_1_106' title="bbox 2122 4672 3719 4746">
    <p class='ocr_par' dir='ltr' id='par_1_106' title="bbox 2122 4672 3719 4746">
     <span class='ocr_line' id='line_1_106' title="bbox 2122 4672 3719 4746; baseline 0.003 -18"><span class='ocrx_word' id='word_1_845' title='bbox 2122 4673 2210 4728; x_wconf 93' lang='lat' dir='ltr'><strong>vel</strong></span> <span class='ocrx_word' id='word_1_846' title='bbox 2237 4672 2373 4728; x_wconf 90' lang='lat' dir='ltr'><strong>lucri</strong></span> <span class='ocrx_word' id='word_1_847' title='bbox 2400 4672 2739 4744; x_wconf 88' lang='lat' dir='ltr'><strong>temporalis,</strong></span> <span class='ocrx_word' id='word_1_848' title='bbox 2773 4673 2872 4730; x_wconf 88' lang='lat' dir='ltr'><strong>sed</strong></span> <span class='ocrx_word' id='word_1_849' title='bbox 2906 4677 2973 4728; x_wconf 89' lang='lat' dir='ltr'><strong>ut</strong></span> <span class='ocrx_word' id='word_1_850' title='bbox 3008 4674 3409 4746; x_wconf 80' lang='lat' dir='ltr'><strong>gloriﬁcemur,</strong></span> <span class='ocrx_word' id='word_1_851' title='bbox 3440 4675 3719 4732; x_wconf 90' lang='lat' dir='ltr'><strong>desiderio</strong></span> 
     </span>
    </p>
   </div>
   <div class='ocr_carea' id='block_1_107' title="bbox 2123 4761 3723 4835">
    <p class='ocr_par' dir='ltr' id='par_1_107' title="bbox 2123 4761 3723 4835">
     <span class='ocr_line' id='line_1_107' title="bbox 2123 4761 3723 4835; baseline 0.003 -20"><span class='ocrx_word' id='word_1_852' title='bbox 2123 4768 2331 4815; x_wconf 89' lang='lat' dir='ltr'><strong>tantum</strong></span> <span class='ocrx_word' id='word_1_853' title='bbox 2360 4769 2580 4817; x_wconf 87' lang='lat' dir='ltr'><strong>eterne</strong></span> <span class='ocrx_word' id='word_1_854' title='bbox 2620 4761 2812 4832; x_wconf 82' lang='lat' dir='ltr'><strong>glorie</strong></span> <span class='ocrx_word' id='word_1_855' title='bbox 2858 4762 3102 4833; x_wconf 87' lang='lat' dir='ltr'><strong>Compati</strong></span> <span class='ocrx_word' id='word_1_856' title='bbox 3131 4763 3315 4835; x_wconf 90' lang='lat' dir='ltr'><strong>utique</strong></span> <span class='ocrx_word' id='word_1_857' title='bbox 3345 4764 3625 4829; x_wconf 88' lang='lat' dir='ltr'><strong>debemus,</strong></span> <span class='ocrx_word' id='word_1_858' title='bbox 3659 4772 3723 4820; x_wconf 90' lang='lat' dir='ltr'><strong>ut</strong></span> 
     </span>
    </p>
   </div>
   <div class='ocr_carea' id='block_1_108' title="bbox 2123 4848 3721 4923">
    <p class='ocr_par' dir='ltr' id='par_1_108' title="bbox 2123 4848 3721 4923">
     <span class='ocr_line' id='line_1_108' title="bbox 2123 4848 3721 4923; baseline 0.003 -20"><span class='ocrx_word' id='word_1_859' title='bbox 2123 4848 2513 4922; x_wconf 85' lang='lat' dir='ltr'><strong>gloriﬁcemur.</strong></span> <span class='ocrx_word' id='word_1_860' title='bbox 2544 4851 2686 4906; x_wconf 86' lang='lat' dir='ltr'><strong>Nam</strong></span> <span class='ocrx_word' id='word_1_861' title='bbox 2708 4866 2813 4921; x_wconf 85' lang='lat' dir='ltr'><strong>ego</strong></span> <span class='ocrx_word' id='word_1_862' title='bbox 2829 4850 3079 4907; x_wconf 87' lang='lat' dir='ltr'><strong>existimo</strong></span> <span class='ocrx_word' id='word_1_863' title='bbox 3109 4852 3186 4921; x_wconf 91' lang='lat' dir='ltr'><strong>(et</strong></span> <span class='ocrx_word' id='word_1_864' title='bbox 3214 4868 3404 4908; x_wconf 89' lang='lat' dir='ltr'><strong>verum</strong></span> <span class='ocrx_word' id='word_1_865' title='bbox 3434 4852 3539 4922; x_wconf 88' lang='lat' dir='ltr'><strong>est)</strong></span> <span class='ocrx_word' id='word_1_866' title='bbox 3570 4854 3721 4923; x_wconf 92' lang='lat' dir='ltr'><strong>quod</strong></span> 
     </span>
    </p>
   </div>
   <div class='ocr_carea' id='block_1_109' title="bbox 2122 4938 3718 5013">
    <p class='ocr_par' dir='ltr' id='par_1_109' title="bbox 2122 4938 3718 5013">
     <span class='ocr_line' id='line_1_109' title="bbox 2122 4938 3718 5013; baseline 0.002 -19"><span class='ocrx_word' id='word_1_867' title='bbox 2122 4954 2315 4994; x_wconf 88' lang='lat' dir='ltr'><strong>omnes</strong></span> <span class='ocrx_word' id='word_1_868' title='bbox 2340 4940 2629 5011; x_wconf 86' lang='lat' dir='ltr'><strong>passiones</strong></span> <span class='ocrx_word' id='word_1_869' title='bbox 2661 4938 2831 5011; x_wconf 86' lang='lat' dir='ltr'><strong>hujus</strong></span> <span class='ocrx_word' id='word_1_870' title='bbox 2863 4942 3144 5012; x_wconf 86' lang='lat' dir='ltr'><strong>temporis,</strong></span> <span class='ocrx_word' id='word_1_871' title='bbox 3176 4940 3231 4995; x_wconf 92' lang='lat' dir='ltr'><strong>id</strong></span> <span class='ocrx_word' id='word_1_872' title='bbox 3260 4950 3343 4997; x_wconf 88' lang='lat' dir='ltr'><strong>est</strong></span> <span class='ocrx_word' id='word_1_873' title='bbox 3361 4958 3481 5013; x_wconf 83' lang='lat' dir='ltr'><strong>que</strong></span> <span class='ocrx_word' id='word_1_874' title='bbox 3496 4949 3718 5012; x_wconf 87' lang='lat' dir='ltr'><strong>tempo-</strong></span> 
     </span>
    </p>
   </div>
   <div class='ocr_carea' id='block_1_110' title="bbox 2122 5026 3713 5101">
    <p class='ocr_par' dir='ltr' id='par_1_110' title="bbox 2122 5026 3713 5101">
     <span class='ocr_line' id='line_1_110' title="bbox 2122 5026 3713 5101; baseline 0.003 -21"><span class='ocrx_word' id='word_1_875' title='bbox 2122 5026 2264 5081; x_wconf 88' lang='lat' dir='ltr'><strong>rales</strong></span> <span class='ocrx_word' id='word_1_876' title='bbox 2313 5034 2457 5094; x_wconf 93' lang='lat' dir='ltr'><strong>sunt,</strong></span> <span class='ocrx_word' id='word_1_877' title='bbox 2501 5034 2551 5083; x_wconf 89' lang='lat' dir='ltr'><strong>et</strong></span> <span class='ocrx_word' id='word_1_878' title='bbox 2603 5027 2780 5096; x_wconf 89' lang='lat' dir='ltr'><strong>hujus,</strong></span> <span class='ocrx_word' id='word_1_879' title='bbox 2827 5027 2883 5082; x_wconf 93' lang='lat' dir='ltr'><strong>id</strong></span> <span class='ocrx_word' id='word_1_880' title='bbox 2925 5036 3007 5083; x_wconf 92' lang='lat' dir='ltr'><strong>est</strong></span> <span class='ocrx_word' id='word_1_881' title='bbox 3050 5036 3153 5083; x_wconf 89' lang='lat' dir='ltr'><strong>tam</strong></span> <span class='ocrx_word' id='word_1_882' title='bbox 3198 5029 3380 5085; x_wconf 87' lang='lat' dir='ltr'><strong>brevis</strong></span> <span class='ocrx_word' id='word_1_883' title='bbox 3425 5030 3713 5101; x_wconf 87' lang='lat' dir='ltr'><strong>temporis,</strong></span> 
     </span>
    </p>
   </div>
   <div class='ocr_carea' id='block_1_111' title="bbox 2121 5115 3719 5189">
    <p class='ocr_par' dir='ltr' id='par_1_111' title="bbox 2121 5115 3719 5189">
     <span class='ocr_line' id='line_1_111' title="bbox 2121 5115 3719 5189; baseline 0.003 -19"><span class='ocrx_word' id='word_1_884' title='bbox 2121 5131 2237 5172; x_wconf 89' lang='lat' dir='ltr'><strong>non</strong></span> <span class='ocrx_word' id='word_1_885' title='bbox 2265 5119 2403 5171; x_wconf 88' lang='lat' dir='ltr'><strong>sunt</strong></span> <span class='ocrx_word' id='word_1_886' title='bbox 2424 5116 2717 5187; x_wconf 75' lang='lat' dir='ltr'><strong>condigne</strong></span> <span class='ocrx_word' id='word_1_887' title='bbox 2743 5115 2818 5172; x_wconf 90' lang='lat' dir='ltr'><strong>ad</strong></span> <span class='ocrx_word' id='word_1_888' title='bbox 2847 5117 3262 5188; x_wconf 91' lang='lat' dir='ltr'><strong>promerendam</strong></span> <span class='ocrx_word' id='word_1_889' title='bbox 3291 5121 3553 5189; x_wconf 83' lang='lat' dir='ltr'><strong>futuram</strong></span> <span class='ocrx_word' id='word_1_890' title='bbox 3596 5120 3719 5189; x_wconf 88' lang='lat' dir='ltr'><strong>glo-</strong></span> 
     </span>
    </p>
   </div>
   <div class='ocr_carea' id='block_1_112' title="bbox 2122 5204 3719 5279">
    <p class='ocr_par' dir='ltr' id='par_1_112' title="bbox 2122 5204 3719 5279">
     <span class='ocr_line' id='line_1_112' title="bbox 2122 5204 3719 5279; baseline 0.003 -20"><span class='ocrx_word' id='word_1_891' title='bbox 2122 5204 2289 5269; x_wconf 89' lang='lat' dir='ltr'><strong>riam,</strong></span> <span class='ocrx_word' id='word_1_892' title='bbox 2322 5220 2444 5276; x_wconf 74' lang='lat' dir='ltr'><strong>qua:</strong></span> <span class='ocrx_word' id='word_1_893' title='bbox 2472 5205 2814 5261; x_wconf 84' lang='lat' dir='ltr'><strong>revelabitur</strong></span> <span class='ocrx_word' id='word_1_894' title='bbox 2828 5205 2891 5260; x_wconf 85' lang='lat' dir='ltr'><strong>in</strong></span> <span class='ocrx_word' id='word_1_895' title='bbox 2913 5206 3219 5278; x_wconf 88' lang='lat' dir='ltr'><strong>nobis,quia</strong></span> <span class='ocrx_word' id='word_1_896' title='bbox 3240 5223 3341 5262; x_wconf 90' lang='lat' dir='ltr'><strong>nec</strong></span> <span class='ocrx_word' id='word_1_897' title='bbox 3362 5222 3463 5263; x_wconf 93' lang='lat' dir='ltr'><strong>nos</strong></span> <span class='ocrx_word' id='word_1_898' title='bbox 3497 5206 3602 5277; x_wconf 90' lang='lat' dir='ltr'><strong>ipsi</strong></span> <span class='ocrx_word' id='word_1_899' title='bbox 3624 5208 3719 5279; x_wconf 92' lang='lat' dir='ltr'><strong>qui</strong></span> 
     </span>
    </p>
   </div>
   <div class='ocr_carea' id='block_1_113' title="bbox 2120 5291 3719 5369">
    <p class='ocr_par' dir='ltr' id='par_1_113' title="bbox 2120 5291 3719 5369">
     <span class='ocr_line' id='line_1_113' title="bbox 2120 5291 3719 5369; baseline 0.001 -22"><span class='ocrx_word' id='word_1_900' title='bbox 2120 5308 2241 5347; x_wconf 89' lang='lat' dir='ltr'><strong>eam</strong></span> <span class='ocrx_word' id='word_1_901' title='bbox 2271 5291 2503 5348; x_wconf 90' lang='lat' dir='ltr'><strong>habituri</strong></span> <span class='ocrx_word' id='word_1_902' title='bbox 2531 5310 2737 5362; x_wconf 91' lang='lat' dir='ltr'><strong>sumus,</strong></span> <span class='ocrx_word' id='word_1_903' title='bbox 2767 5310 2925 5366; x_wconf 91' lang='lat' dir='ltr'><strong>quam</strong></span> <span class='ocrx_word' id='word_1_904' title='bbox 2973 5294 3138 5367; x_wconf 86' lang='lat' dir='ltr'><strong>digna</strong></span> <span class='ocrx_word' id='word_1_905' title='bbox 3180 5304 3234 5351; x_wconf 90' lang='lat' dir='ltr'><strong>et</strong></span> <span class='ocrx_word' id='word_1_906' title='bbox 3279 5311 3483 5369; x_wconf 86' lang='lat' dir='ltr'><strong>magna</strong></span> <span class='ocrx_word' id='word_1_907' title='bbox 3528 5294 3595 5351; x_wconf 90' lang='lat' dir='ltr'><strong>sit</strong></span> <span class='ocrx_word' id='word_1_908' title='bbox 3622 5295 3719 5350; x_wconf 87' lang='lat' dir='ltr'><strong>in-</strong></span> 
     </span>
    </p>
   </div>
   <div class='ocr_carea' id='block_1_114' title="bbox 2122 5380 3705 5456">
    <p class='ocr_par' dir='ltr' id='par_1_114' title="bbox 2122 5380 3705 5456">
     <span class='ocr_line' id='line_1_114' title="bbox 2122 5380 3705 5456; baseline 0.004 -21"><span class='ocrx_word' id='word_1_909' title='bbox 2122 5380 2436 5453; x_wconf 86' lang='lat' dir='ltr'><strong>telligimus.</strong></span> <span class='ocrx_word' id='word_1_910' title='bbox 2496 5383 2639 5439; x_wconf 89' lang='lat' dir='ltr'><strong>Vere</strong></span> <span class='ocrx_word' id='word_1_911' title='bbox 2685 5383 2858 5456; x_wconf 85' lang='lat' dir='ltr'><strong>gloria</strong></span> <span class='ocrx_word' id='word_1_912' title='bbox 2905 5384 3022 5440; x_wconf 86' lang='lat' dir='ltr'><strong>hec</strong></span> <span class='ocrx_word' id='word_1_913' title='bbox 3074 5383 3402 5439; x_wconf 86' lang='lat' dir='ltr'><strong>revelabitur</strong></span> <span class='ocrx_word' id='word_1_914' title='bbox 3432 5384 3488 5439; x_wconf 93' lang='lat' dir='ltr'><strong>in</strong></span> <span class='ocrx_word' id='word_1_915' title='bbox 3518 5384 3705 5441; x_wconf 91' lang='lat' dir='ltr'><strong>nobis.</strong></span> 
     </span>
    </p>
   </div>
   <div class='ocr_carea' id='block_1_115' title="bbox 2120 5470 3715 5543">
    <p class='ocr_par' dir='ltr' id='par_1_115' title="bbox 2120 5470 3715 5543">
     <span class='ocr_line' id='line_1_115' title="bbox 2120 5470 3715 5543; baseline 0.003 -18"><span class='ocrx_word' id='word_1_916' title='bbox 2120 5470 2261 5525; x_wconf 88' lang='lat' dir='ltr'><strong>Nam</strong></span> <span class='ocrx_word' id='word_1_917' title='bbox 2307 5472 2630 5543; x_wconf 73' lang='lat' dir='ltr'><strong>expectatio</strong></span> <span class='ocrx_word' id='word_1_918' title='bbox 2678 5476 2979 5542; x_wconf 69' lang='lat' dir='ltr'><strong>creaturae,</strong></span> <span class='ocrx_word' id='word_1_919' title='bbox 3036 5471 3092 5527; x_wconf 91' lang='lat' dir='ltr'><strong>id</strong></span> <span class='ocrx_word' id='word_1_920' title='bbox 3121 5481 3202 5527; x_wconf 91' lang='lat' dir='ltr'><strong>est</strong></span> <span class='ocrx_word' id='word_1_921' title='bbox 3232 5472 3397 5529; x_wconf 88' lang='lat' dir='ltr'><strong>totius</strong></span> <span class='ocrx_word' id='word_1_922' title='bbox 3445 5472 3715 5530; x_wconf 84' lang='lat' dir='ltr'><strong>Ecclesie</strong></span> 
     </span>
    </p>
   </div>
   <div class='ocr_carea' id='block_1_116' title="bbox 2119 5560 3718 5632">
    <p class='ocr_par' dir='ltr' id='par_1_116' title="bbox 2119 5560 3718 5632">
     <span class='ocr_line' id='line_1_116' title="bbox 2119 5560 3718 5632; baseline 0.003 -19"><span class='ocrx_word' id='word_1_923' title='bbox 2119 5563 2413 5628; x_wconf 75' lang='lat' dir='ltr'><strong>exspectat</strong></span> <span class='ocrx_word' id='word_1_924' title='bbox 2435 5560 2841 5616; x_wconf 76' lang='lat' dir='ltr'><strong>reuelationem</strong></span> <span class='ocrx_word' id='word_1_925' title='bbox 2868 5560 3119 5629; x_wconf 79' lang='lat' dir='ltr'><strong>ﬁliorum</strong></span> <span class='ocrx_word' id='word_1_926' title='bbox 3148 5562 3265 5631; x_wconf 92' lang='lat' dir='ltr'><strong>Dei,</strong></span> <span class='ocrx_word' id='word_1_927' title='bbox 3290 5570 3347 5617; x_wconf 93' lang='lat' dir='ltr'><strong>ut</strong></span> <span class='ocrx_word' id='word_1_928' title='bbox 3376 5570 3427 5616; x_wconf 92' lang='lat' dir='ltr'><strong>et</strong></span> <span class='ocrx_word' id='word_1_929' title='bbox 3446 5561 3551 5632; x_wconf 89' lang='lat' dir='ltr'><strong>ipsi</strong></span> <span class='ocrx_word' id='word_1_930' title='bbox 3572 5562 3718 5617; x_wconf 90' lang='lat' dir='ltr'><strong>inter</strong></span> 
     </span>
    </p>
   </div>
   <div class='ocr_carea' id='block_1_117' title="bbox 2118 5644 3717 5717">
    <p class='ocr_par' dir='ltr' id='par_1_117' title="bbox 2118 5644 3717 5717">
     <span class='ocr_line' id='line_1_117' title="bbox 2118 5644 3717 5717; baseline 0.006 -17"><span class='ocrx_word' id='word_1_931' title='bbox 2118 5644 2259 5702; x_wconf 86' lang='lat' dir='ltr'><strong>ﬁlios</strong></span> <span class='ocrx_word' id='word_1_932' title='bbox 2287 5646 2388 5702; x_wconf 88' lang='lat' dir='ltr'><strong>Dei</strong></span> <span class='ocrx_word' id='word_1_933' title='bbox 2443 5646 2772 5704; x_wconf 78' lang='lat' dir='ltr'><strong>revelantur.</strong></span> <span class='ocrx_word' id='word_1_934' title='bbox 2822 5646 2963 5717; x_wconf 89' lang='lat' dir='ltr'><strong>Quia</strong></span> <span class='ocrx_word' id='word_1_935' title='bbox 3006 5648 3053 5704; x_wconf 91' lang='lat' dir='ltr'><strong>si</strong></span> <span class='ocrx_word' id='word_1_936' title='bbox 3095 5650 3272 5707; x_wconf 86' lang='lat' dir='ltr'><strong>omnis</strong></span> <span class='ocrx_word' id='word_1_937' title='bbox 3320 5649 3580 5707; x_wconf 90' lang='lat' dir='ltr'><strong>Ecclesia</strong></span> <span class='ocrx_word' id='word_1_938' title='bbox 3608 5650 3717 5709; x_wconf 92' lang='lat' dir='ltr'><strong>hoc</strong></span> 
     </span>
    </p>
   </div>
  </div>
