3970 6470
209 334 285 387 73
836 326 1213 385 EXPOSITIO
1261 327 1335 383 IN
1371 323 1754 384 EPISTOLAS
1810 319 2034 379 PAULI.
2074 351 2145 363 —
2190 322 2264 377 IN
2315 320 2534 377 EPIST.
2596 321 2692 378 AD
2749 318 2921 378 BOM.
3471 327 3541 381 ’74

218 460 537 525 exspectat,
591 452 925 510 credendum
982 460 1065 508 est
1109 437 1342 508 futiirum
1390 468 1516 508 esse
1559 450 1707 523 quod
1738 448 1912 507 ex-A
1940 462 2142 517 corpus
2192 454 2439 502 nostrum
2484 446 2648 502 modo
2685 446 2902 521 fragile,
2962 447 3111 503 nulla
3158 458 3540 522 corrumpetur

223 551 462 615 spectat.
518 543 870 613 Exspectatio
918 549 1218 613 exspectat,
1260 540 1625 613 frequentiam
1669 547 1835 595 notat.

223 634 558 688 Creaturam
608 640 768 689 vocat
812 631 1138 696 Ecclesiam,
1188 646 1318 685 nam
1368 632 1486 687 haec
1533 629 1841 701 specialiter

221 729 479 778 creatura
541 720 643 777 Dei
690 728 790 786 est,
841 735 1002 791 quam
1050 719 1215 775 etiam
1248 718 1601 788 justiﬁcando
1643 734 1839 774 novam

222 820 542 866 creaturam
602 809 774 865 fecit:
826 816 881 864 et
929 809 1058 880 quia
1095 824 1259 864 causa
1287 809 1406 877 ejus
1454 809 1595 863 bona
1654 807 1842 863 omnia

222 907 413 955 creata
442 907 594 962 sunt,
619 898 742 953 ideo
771 905 1040 964 creatura,
1071 896 1128 951 id
1159 905 1244 952 est
1280 896 1533 953 Ecclesia
1563 903 1840 967 exspectat

226 989 369 1043 hanc
395 987 812 1052 revelationem,
835 986 969 1057 quia
987 986 1240 1056 subjecta
1262 990 1350 1041 est
1381 985 1651 1052 vanitati,
1679 984 1735 1039 id
1757 992 1840 1039 est

226 1077 473 1132 miseriis
519 1076 719 1143 carnis,
765 1092 886 1147 qua:
918 1090 1073 1129 vanae
1104 1074 1338 1129 sunt.‘Si
1369 1075 1516 1129 enim
1544 1073 1709 1129 modo
1738 1090 1837 1130 co-

230 1167 423 1232 medit,
473 1174 599 1236 post
645 1164 921 1220 modicum
969 1164 1163 1219 iterum
1195 1164 1433 1229 esuriet;
1466 1164 1512 1217 si
1542 1164 1698 1231 bibit,
1732 1163 1839 1218 ite-

226 1271 348 1309 rum
377 1254 541 1321 sitiet,
576 1261 627 1309 et
659 1253 739 1310 sic
764 1253 820 1307 in
857 1253 1092 1309 caeteris.
1125 1253 1194 1307 Et
1226 1252 1354 1324 quia
1385 1253 1503 1308 haec
1535 1252 1720 1308 omnia
1750 1252 1838 1307 vi-

232 1343 329 1398 det
386 1358 546 1410 vana,
607 1342 732 1398 ideo
789 1348 1068 1413 exspectat.
1120 1341 1224 1397 hoc
1276 1340 1369 1396 ubi
1426 1341 1576 1396 nulla
1630 1340 1698 1395 sit
1736 1355 1839 1397 va-

232 1431 425 1487 rietas.

308 1521 569 1590 Subjecta
597 1519 819 1592 quidem
847 1526 930 1576 est
959 1518 1199 1584 vanitati,
1233 1518 1330 1575 sed
1352 1535 1466 1575 non
1483 1520 1691 1589 volens,
1715 1518 1840 1590 quia

230 1610 405 1665 nollet
443 1609 559 1680 pati
604 1610 723 1665 haec
763 1624 924 1675 vana,
975 1616 1029 1663 et
1072 1608 1201 1663 licet
1231 1625 1341 1663 non
1386 1608 1608 1674 volens,
1644 1612 1840 1664 tamen

230 1703 471 1771 propter
492 1716 624 1755 eum
655 1697 885 1753 sustinet
911 1699 1008 1770 qui
1035 1698 1275 1769 subjecit
1306 1713 1433 1752 eam
1463 1697 1547 1751 his
1577 1696 1836 1763 miseriis,

231 1804 306 1843 ne
336 1789 532 1843 iterum
563 1786 931 1857 snperbiendo
954 1786 1182 1857 periret.
1224 1786 1470 1857 Subjecit
1500 1786 1624 1841 dico
1655 1787 1718 1842 in
1740 1801 1836 1857 spe
1865 1810 1919 1871 Β

230 1878 490 1950 positam,
524 1886 581 1931 ut
612 1892 767 1947 spem
794 1876 1016 1930 haberet
1042 1874 1311 1931 evadendi
1344 1875 1486 1931 hanc
1512 1874 1834 1941 vanitatem;

231 1967 294 2021 in
321 1983 419 2038 spe
463 1965 588 2021 dico
637 1966 755 2031 hac,
787 1966 939 2037 quia,
981 1964 1036 2018 id
1067 1972 1150 2019 est
1198 1965 1344 2035 quod
1373 1972 1430 2019 ut
1459 1964 1728 2029 Christus,
1762 1964 1842 2020 sic

234 2058 415 2112 etiam
452 2056 579 2126 ipsa
607 2058 875 2110 creatura
925 2053 1256 2109 liberabitur
1275 2071 1310 2108 a
1339 2055 1617 2109 servitute
1639 2070 1840 2109 corru-

230 2146 469 2218 ptionis,
493 2144 550 2197 id
582 2150 664 2198 est
681 2141 1075 2208 variabilitatis,
1111 2140 1492 2197 transferenda
1521 2157 1554 2196 a
1584 2142 1842 2197 servitute

236 2235 301 2288 in
325 2233 665 2296 libertatem,
690 2246 724 2285 a
743 2229 1092 2302 corruptione
1114 2232 1176 2285 in
1195 2231 1431 2301 gloriam
1446 2231 1697 2300 ﬁliorum
1720 2233 1838 2286 Dei.

238 2323 385 2377 Bene
412 2320 537 2376 dico
584 2336 699 2375 non
746 2321 934 2375 volens
973 2320 1228 2389 subjecta
1254 2324 1341 2374 est
1379 2339 1398 2374 :
1425 2337 1563 2375 nam
1594 2335 1696 2375 nos
1724 2322 1841 2375 sci-

236 2426 367 2465 mus
381 2408 528 2482 quod
546 2410 730 2465 omnis
745 2412 1032 2474 creatura,
1058 2407 1115 2463 id
1131 2418 1213 2463 est
1230 2408 1497 2476 Ecclesia,
1518 2410 1842 2481 ingemiscit

239 2499 424 2554 animo
472 2502 529 2554 et
557 2500 834 2570 parturit,
894 2497 951 2551 id
1000 2504 1080 2551 est
1110 2496 1346 2552 maximo
1396 2505 1597 2553 conatu
1629 2498 1842 2553 laborat

240 2586 521 2658 operando
589 2586 1046 2657 quemadmodum
1108 2586 1422 2655 parturiens
1486 2585 1723 2643 fructum
1772 2587 1842 2642 de

238 2676 429 2731 labore
460 2683 811 2746 exspectans.
854 2675 1080 2729 Parturit
1121 2674 1246 2731 dico
1275 2692 1449 2748 usque
1465 2675 1669 2745 adhuc,
1719 2674 1844 2747 quia

239 2779 273 2819 a
304 2764 483 2834 primo
515 2763 662 2831 justo
687 2779 906 2833 semper
952 2762 1009 2816 in
1037 2762 1226 2818 labore
1256 2761 1356 2817 fuit
1387 2763 1639 2818 Ecclesia
1666 2779 1842 2834 usque

238 2852 311 2909 ad
366 2854 471 2909 hoc
518 2861 751 2922 tempus.
799 2852 1062 2907 Creatura
1107 2852 1293 2922 utique
1352 2852 1681 2923 ingemiscit,
1727 2870 1843 2910 non

240 2944 429 2998 solum
471 2946 665 2997 autem
694 2942 798 2997 illa
835 2948 1107 3005 creatura,
1141 2941 1236 2997 sed
1281 2942 1456 2996 etiam
1484 2943 1718 3012 nosipsi,
1753 2941 1845 3013 qui

242 3039 405 3086 tantae
434 3030 715 3103 dignitatis
763 3046 952 3085 sumus
981 3029 1129 3101 quod
1149 3030 1310 3084 etiam
1337 3030 1412 3084 dii
1442 3047 1565 3086 esse
1614 3038 1844 3102 reputa-

242 3136 368 3174 mur
402 3135 414 3173 :
448 3134 548 3174 nos
577 3119 701 3175 dico
730 3119 996 3175 habentes
1028 3120 1323 3191 primitias
1346 3121 1606 3190 spiritus,
1643 3119 1770 3191 quia
1789 3119 1846 3173 in

243 3208 520 3279 primitiva
576 3207 826 3263 Ecclesia
880 3208 1032 3278 prius
1089 3207 1343 3262 omnibus
1373 3215 1426 3262 et
1471 3208 1842 3263 abundantius

246 3298 509 3370 Spiritum
567 3304 815 3353 sanctum
870 3296 1203 3367 accepimus,
1264 3296 1631 3352 abundantius
1681 3297 1844 3353 etiam

244 3386 529 3458 prophetis
559 3385 650 3457 qui
680 3394 1082 3457 praecesserunt
1112 3404 1126 3440 :
1178 3401 1288 3441 non
1318 3386 1465 3440 enim
1496 3402 1716 3457 semper
1742 3402 1845 3457 per

247 3476 507 3547 Spiritum
538 3484 783 3531 sanctum
811 3475 1191 3546 loquebantur,
1214 3474 1343 3546 quia
1370 3474 1665 3546 aliquando
1697 3491 1847 3531 rece-

247 3564 410 3620 debat
466 3564 698 3635 Spiritus
754 3572 975 3620 sanctus
1032 3563 1102 3618 ab
1153 3563 1252 3629 eis,
1288 3572 1341 3618 et
1370 3580 1494 3635 quae
1522 3562 1660 3619 falsa
1689 3573 1846 3619 erant

244 3653 619 3724 pradicebant
641 3670 654 3707 :
679 3652 840 3710 48
864 3660 918 3707 ut
932 3653 1153 3707 Nathan
1175 3652 1506 3725 quandoque
1541 3661 1595 3708 et
1618 3653 1847 3726 quidam

246 3742 337 3797 alii
369 3759 382 3798 :
416 3742 513 3796 sed
561 3741 790 3813 apostoli
835 3757 1113 3812 nunquam
1155 3741 1352 3811 privati
1400 3750 1525 3796 sunt
1554 3741 1726 3797 semel
1755 3758 1845 3799 ac-

250 3839 410 3902 cepto
464 3830 666 3901 Spiritu
723 3838 929 3886 sancto.
998 3831 1221 3902 Nosipsi
1268 3830 1530 3885 habentes
1581 3831 1846 3901 primitias

253 3920 495 3991 spiritus,
549 3919 640 3991 qui
687 3919 828 3974 adeo
868 3918 1022 3992 digni
1051 3935 1256 3984 sumus,
1290 3918 1456 3975 etiam
1485 3919 1589 3990 ipsi
1617 3920 1784 3976 iidem
1814 3936 1848 3976 a

248 4010 367 4065 Deo
404 4008 625 4081 fragiles
668 4024 874 4074 sumus,
906 4008 1053 4079 quod
1083 4007 1355 4081 gemimus
1387 4009 1847 4080 quemadmodum

252 4106 518 4155 creatura.
546 4098 616 4152 Et
642 4112 712 4153 ne
731 4104 1045 4168 putarentur
1070 4113 1292 4168 gemere
1322 4097 1702 4168 compassione
1725 4098 1850 4152 sub-

250 4186 506 4253 ditorum,
538 4194 592 4241 et
620 4201 729 4241 non
759 4201 860 4257 pro
891 4202 970 4254 se,
1002 4185 1332 4241 determinat
1366 4201 1378 4240 :
1408 4188 1692 4244 Geminius
1724 4187 1848 4243 dico

252 4277 413 4331 intra
443 4292 563 4340 nos,
596 4275 652 4329 id
682 4282 767 4330 est
791 4275 966 4345 pressi
995 4274 1385 4330 tentationibus
1416 4292 1539 4347 quae
1569 4291 1671 4331 nos
1711 4292 1848 4331 con-

252 4363 467 4419 turbant
506 4362 758 4419 interius.
793 4362 953 4417 Prius
982 4362 1105 4434 ipsi,
1139 4372 1268 4419 nota
1297 4372 1380 4419 est
1407 4363 1689 4436 dignitatis
1723 4382 1736 4419 :
1771 4364 1850 4420 al-

254 4461 432 4508 terum
486 4452 609 4523 ipsi,
658 4450 985 4523 fragilitatis.
1029 4453 1134 4508 Per
1162 4453 1267 4508 hoc
1295 4452 1590 4523 Apostolus
1616 4453 1848 4509 multum

1938 535 2319 590 mutabilitate.
2354 536 2456 590 Per
2483 537 2587 591 hoc
2607 536 2752 608 quod
2768 536 2898 593 dicit
2919 543 3339 611 exspectantes,
3368 538 3549 596 innuit

1940 641 1999 680 se
2030 625 2101 679 de
2140 624 2323 679 futura
2366 625 2661 695 adoptione
2695 625 2859 697 loqui,
2912 642 3023 682 non
3070 627 3140 682 de
3174 628 3292 698 jam
3322 628 3532 685 habita.

1938 714 2075 770 Rem
2105 713 2248 768 enim
2274 715 2388 783 jam
2432 714 2669 768 habitam
2705 731 2816 770 non
2845 724 3248 787 exspectamus.
3290 718 3537 775 Creden-

1940 804 2071 858 dum
2127 812 2210 859 est
2255 803 2422 859 etiam
2468 803 2743 858 Christum
2791 805 3157 876 assumpsisse
3182 806 3308 862 ideo
3338 823 3540 880 corpus

1939 909 2061 949 cum
2108 893 2311 960 anima,
2353 900 2411 946 ut
2456 900 2743 963 utrumque
2790 892 3049 949 liberaret
3096 912 3126 949 a
3158 896 3535 969 corruptione.

1939 983 2079 1038 Vere
2100 990 2498 1052 exspectamus,
2531 982 2658 1053 quia
2686 998 2840 1053 spem
2872 983 3156 1040 habemus.
3193 985 3332 1058 Spes
3361 995 3543 1043 autem

1937 1071 2044 1125 ista
2071 1086 2332 1143 magnum
2377 1071 2541 1125 habet
2570 1070 2839 1137 meritum,
2883 1088 3009 1126 nam
3040 1074 3224 1129 salvos
3259 1091 3362 1131 nos
3391 1075 3540 1133 facit.

1942 1159 2104 1228 Quod
2134 1160 2212 1216 sic
2241 1160 2336 1227 ait,
2368 1176 2482 1232 spe,
2516 1159 2570 1213 id
2600 1168 2685 1215 est
2710 1160 2906 1216 merito
2938 1162 3074 1233 spei,
3109 1163 3235 1235 quia
3265 1180 3382 1219 rem
3411 1165 3542 1222 invi-

1942 1249 2157 1304 sibilem
2186 1257 2240 1304 et
2269 1250 2435 1305 etiam
2462 1248 2873 1321 incogitabilem
2893 1259 3210 1308 constanter
3232 1269 3540 1325 speramus,

1941 1339 2044 1394 hoc
2074 1339 2268 1393 merito
2297 1339 2443 1393 salvi
2484 1354 2704 1405 sumus,
2740 1347 2793 1394 et
2817 1339 2875 1394 in
2920 1340 3025 1396 hac
3054 1357 3154 1412 spe
3182 1344 3328 1413 facti
3358 1360 3544 1399 sumus

1940 1427 2008 1481 ab
2051 1426 2175 1492 alio,
2228 1442 2337 1482 non
2383 1443 2414 1481 a
2461 1426 2638 1482 nobis.
2686 1428 2812 1483 Non
2859 1428 3007 1483 enim
3046 1429 3316 1504 fragilitas
3357 1441 3547 1489 nostra

1938 1515 2045 1570 nisi
2096 1516 2301 1587 Spiritu
2349 1524 2538 1572 sancto
2583 1515 2885 1572 confortata
2929 1527 3192 1589 speraret,
3243 1521 3372 1593 quia
3409 1538 3543 1579 nes-

1940 1604 2089 1673 ciret,
2125 1612 2176 1660 et
2222 1604 2301 1661 sic
2331 1620 2434 1660 nec
2464 1604 2710 1659 meritum
2769 1606 2957 1661 salutis
2985 1607 3248 1676 haberet;
3282 1627 3379 1681 spe
3410 1611 3548 1668 salvi

1941 1693 2065 1749 facti
2110 1710 2319 1762 sumus,
2370 1702 2578 1749 tantum
2607 1695 2861 1750 meritum
2891 1696 3056 1751 habet
3084 1714 3214 1754 vera
3255 1716 3413 1771 spes;
3445 1701 3546 1757 sed

1939 1782 2033 1837 illa
2060 1800 2204 1854 spes,
2237 1782 2294 1837 id
2341 1791 2425 1837 est
2453 1799 2544 1838 res
2591 1792 2811 1854 sperata
2840 1801 2962 1856 qua:
3009 1787 3250 1857 videtur,
3272 1790 3399 1861 jam
3428 1806 3548 1846 non

1943 1876 2029 1929 est
2059 1888 2204 1943 spes,
2237 1887 2341 1927 nec
2371 1870 2488 1943 spei
2517 1872 2772 1927 meritum
2801 1874 2981 1928 habet.
3017 1874 3156 1946 Spes
3187 1876 3332 1931 enim
3371 1885 3456 1933 est
3476 1879 3546 1935 de

1941 1977 2003 2016 re
2033 1977 2151 2033 qua:
2183 1977 2293 2016 non
2323 1961 2575 2016 videtur:
2608 1969 2665 2016 ut
2694 1961 2740 2015 si
2785 1978 3073 2032 speramus
3121 1964 3359 2037 aliquem
3387 1967 3548 2023 nobis

1942 2050 2195 2105 daturum
2240 2050 2552 2121 pecuniam,
2603 2049 2736 2104 illud
2784 2052 2932 2123 quod
2962 2068 3267 2122 speramus,
3302 2056 3546 2112 nondum

1939 2139 2213 2205 videmus,
2246 2138 2458 2194 scilicet
2501 2154 2603 2194 nos
2633 2138 2840 2194 habere
2894 2141 3204 2211 pecuniam,
3241 2144 3343 2198 etsi
3370 2160 3546 2216 pecu-

1943 2228 2090 2283 niam
2120 2228 2293 2299 ipsam
2323 2228 2627 2284 videamus.
2662 2228 2760 2284 Rei
2799 2237 2979 2284 autem
3012 2247 3133 2301 qua:
3159 2232 3276 2301 jam
3317 2234 3549 2291 habetur

1940 2334 2053 2373 non
2081 2326 2164 2372 est
2195 2333 2340 2388 spes,
2376 2317 2473 2372 sed
2497 2317 2612 2386 jam
2659 2334 2790 2372 usus
2837 2318 3090 2375 habetur.
3126 2320 3269 2377 Vere
3316 2323 3397 2378 rei
3426 2341 3548 2397 quae

1941 2406 2159 2462 videtur
2186 2422 2298 2460 non
2327 2414 2410 2461 est
2468 2422 2616 2476 spes,
2663 2423 2803 2462 nam
2848 2408 2992 2480 quod
3030 2409 3180 2464 videt
3222 2414 3365 2483 quis,
3397 2413 3548 2470 illud

1942 2495 2211 2568 quomodo
2252 2494 2342 2549 vel
2389 2510 2560 2566 quare
2606 2500 2845 2567 sperat?
2870 2497 2996 2552 Non
3025 2505 3110 2553 est
3149 2499 3385 2571 amplius
3414 2518 3546 2574 spe-

1943 2584 2195 2653 randum,
2227 2584 2325 2638 sed
2372 2598 2439 2638 eo
2468 2584 2751 2639 utendum.
2799 2584 2898 2641 Rei
2927 2602 3049 2657 quae
3077 2586 3294 2643 videtur
3321 2605 3433 2646 non
3463 2600 3549 2648 est

1944 2672 2177 2728 dicenda
2207 2688 2355 2743 spes,
2387 2672 2486 2726 sed
2517 2672 2563 2727 si
2593 2672 2729 2727 illud
2761 2673 2907 2744 quod
2929 2690 3038 2730 non
3068 2675 3318 2733 videmus
3350 2695 3547 2751 spera-

1943 2777 2085 2830 mus,
2118 2760 2375 2815 meritum
2417 2761 2575 2830 hujus
2603 2761 2719 2832 spei
2763 2762 3049 2818 habemus.
3081 2765 3220 2819 Nam
3241 2772 3547 2840 exspecta-

1943 2866 2074 2906 mus
2121 2866 2239 2905 rem
2288 2857 2565 2921 speratam
2592 2866 2697 2923 per
2734 2853 3103 2923 patientiam,
3136 2853 3193 2908 id
3250 2863 3332 2910 est
3359 2856 3415 2913 in
3444 2874 3546 2914 ex-

1946 2939 2244 3010 spectando
2290 2938 2559 3010 patienter
2586 2938 2768 2993 omnia
2812 2940 3130 3012 toleramus,
3161 2943 3437 3003 desiderio
3466 2949 3548 3005 rei

1947 3043 2109 3099 quam
2141 3043 2447 3098 speramus.
2481 3029 2549 3083 Et
2589 3028 2707 3084 haec
2735 3045 2881 3099 spes,
2917 3047 3038 3102 quae
3069 3032 3203 3087 tanti
3232 3042 3315 3089 est
3342 3036 3545 3105 meriti,

1944 3133 2046 3187 per
2093 3116 2353 3186 Spiritum
2396 3124 2645 3171 sanctum
2670 3117 2920 3173 habetur.
2956 3119 3074 3176 Nec
3102 3120 3207 3177 hoc
3247 3123 3423 3179 solum
3455 3124 3550 3182 dat

1944 3205 2103 3260 nobis
2151 3204 2384 3276 Spiritus
2432 3213 2669 3271 sanctus,
2716 3207 2815 3262 sed
2863 3207 3025 3262 etiam
3055 3210 3348 3279 similiter,
3381 3212 3439 3268 id
3468 3222 3555 3271 est

1947 3294 2088 3350 sicut
2120 3310 2294 3365 spem,
2327 3301 2380 3349 et
2408 3311 2507 3366 per
2546 3310 2703 3365 spem
2749 3296 3058 3367 patientiam
3094 3316 3107 3353 :
3142 3299 3221 3355 sic
3250 3300 3397 3356 idem
3424 3304 3541 3375 spi-

1946 3384 2095 3439 ritus
2142 3383 2377 3454 adjuvat
2422 3387 2676 3439 nostram
2722 3385 3149 3453 inﬁrmitatem.
3201 3388 3353 3445 Sicut
3398 3392 3548 3449 enim

1947 3470 2149 3527 infirmi
2175 3472 2292 3526 sine
2310 3472 2515 3543 Spiritu
2537 3481 2723 3528 sancto
2752 3489 3001 3529 essemus
3030 3474 3087 3530 in
3118 3492 3234 3547 spe.
3270 3478 3350 3535 sic
3379 3480 3549 3537 etiam

1945 3560 2343 3616 intirmaremur
2369 3562 2426 3615 in
2453 3562 2717 3629 oratione,
2749 3563 2855 3617 nisi
2898 3563 3122 3620 doceret
3152 3581 3254 3622 nos
3284 3567 3542 3639 Spiritus.

1948 3652 2091 3706 Vere
2120 3649 2351 3721 Spiritus
2380 3650 2600 3718 adjuvat
2628 3666 2731 3706 nos
2760 3651 3027 3708 infirmos.
3047 3654 3190 3710 Nam
3206 3672 3308 3712 nos
3339 3660 3552 3718 scimus

1948 3740 2081 3811 quid
2128 3755 2370 3805 oremus,
2420 3738 2559 3795 sicut
2602 3740 2745 3796 scire
2797 3748 3011 3812 oportet
3057 3751 3111 3798 et
3131 3759 3311 3813 orare,
3346 3746 3552 3805 scimus

1949 3828 2171 3899 quidem
2198 3828 2472 3900 quomodo
2501 3844 2610 3884 non
2640 3838 2871 3900 oportet.
2895 3832 3010 3886 Nos
3034 3832 3218 3905 utique
3248 3835 3548 3909 nescimus,

1950 3917 2047 3973 sed
2093 3919 2217 3989 ipse
2265 3919 2513 3988 Spiritus
2555 3919 2834 3990 postulat,
2884 3919 2939 3975 id
2979 3928 3062 3976 est
3108 3923 3391 3993 postulare
3445 3943 3550 3984 nos

1950 4004 2076 4062 facit
2103 4015 2155 4061 et
2183 4006 2442 4061 insinuat.
2474 4007 2718 4063 Postulat
2746 4008 2870 4064 dico
2912 4026 3018 4082 pro
3048 4011 3226 4079 nobis,
3260 4013 3316 4068 id
3347 4022 3429 4071 est
3458 4017 3552 4074 vel

1949 4094 2069 4151 vice
2113 4095 2305 4161 nostri,
2364 4095 2452 4151 vel
2493 4110 2659 4152 causa
2687 4105 2889 4153 nostra:
2916 4098 3163 4155 utilitatis
3197 4118 3210 4158 :
3241 4104 3547 4175 gemitibus

1948 4185 2459 4241 inenarrabilibus.
2518 4184 2765 4241 Gemitus
2806 4186 2931 4242 ideo
2962 4188 3363 4248 inenarrabiles
3392 4193 3546 4264 dicit,

1951 4273 2075 4345 quia
2119 4272 2225 4345 ipsi
2274 4274 2737 4345 contemplatores
2784 4276 3064 4332 nescirent
3109 4280 3405 4352 explicare,
3447 4300 3553 4342 nec

1949 4370 2193 4433 possent,
2245 4370 2375 4435 quot
2419 4370 2473 4419 et
2516 4363 2731 4435 quantis
2771 4364 3061 4421 desideriis
3085 4376 3334 4427 aestuant.
3366 4372 3449 4427 Ex
3482 4389 3551 4431 eo

1951 4452 2097 4523 quod
2126 4451 2329 4507 dictum
2359 4460 2461 4517 est,
2496 4451 2729 4523 Spiritus
2768 4453 3025 4524 postulat,
3065 4457 3285 4528 quidam
3313 4459 3369 4514 in
3402 4476 3555 4519 erro-

252 4540 560 4598 consolatur
585 4540 910 4607 Ecclesiam,
943 4548 997 4596 et
1025 4541 1215 4597 invitat
1244 4541 1315 4597 ad
1337 4541 1675 4612 patientiam,
1704 4543 1851 4614 quod
1871 4531 1925 4592 D
1954 4557 2046 4596 res
2089 4540 2228 4612 lapsi
2275 4548 2419 4610 sunt,
2452 4540 2699 4597 dicentes
2728 4541 2989 4613 Spiritum
3018 4544 3282 4603 minorem
3313 4548 3467 4606 Patre
3497 4560 3554 4609 et

253 4631 383 4687 dicit
401 4630 681 4702 apostolos
711 4630 905 4685 eadem
933 4628 1228 4702 fragilitate
1258 4631 1435 4701 premi
1457 4646 1564 4702 qua
1592 4646 1852 4702 premun-

251 4728 338 4774 tur
396 4718 617 4775 subditi.
670 4718 861 4775 Subdit
907 4718 1073 4774 etiam
1119 4735 1375 4792 magnam
1423 4718 1852 4776 consolationem

255 4824 411 4881 quam
444 4808 666 4875 habent,
700 4807 890 4864 dicens
924 4823 936 4861 :
972 4809 1257 4864 Gemimus
1289 4808 1851 4882 dico,e.vspectantes

255 4899 613 4972 adeptionem
664 4897 920 4967 ﬁliorum
965 4898 1087 4965 Dei,
1137 4897 1197 4954 id
1244 4905 1329 4953 est
1356 4906 1416 4954 ut
1444 4898 1852 4971 adoptemurin

255 4986 393 5043 filios
421 4987 542 5043 Dei.

322 5077 530 5148 Duplex
573 5075 855 5147 adoptatio
902 5083 1023 5132 est:
1058 5075 1234 5147 prima
1281 5091 1386 5146 qua
1430 5076 1581 5131 Deus
1629 5083 1854 5147 peccata

251 5166 466 5222 dimittit
514 5173 568 5221 et
605 5162 907 5235 justificat;
943 5164 1182 5221 secunda
1211 5179 1322 5236 qua
1349 5164 1408 5219 in
1436 5173 1641 5221 aeterna
1671 5165 1851 5221 beati-

253 5256 434 5311 tudine
482 5262 709 5311 sanctos
751 5253 1071 5309 cohaeredes
1118 5252 1327 5308 faciens
1377 5253 1596 5324 Christi,
1629 5270 1726 5310 eos
1755 5270 1851 5311 re-

254 5352 517 5402 munerat.
567 5344 651 5398 De
699 5342 801 5398 hac
851 5350 1033 5398 autem
1083 5342 1323 5399 secunda
1368 5342 1542 5398 innuit
1571 5359 1630 5398 se
1658 5342 1852 5399 Paulus

255 5435 580 5509 intelligere,
633 5447 757 5487 cum
805 5430 905 5486 ait:
953 5431 1325 5504 Ad0ptionem
1364 5431 1512 5502 dico,
1562 5432 1619 5487 id
1651 5440 1736 5488 est
1754 5448 1850 5489 re-

252 5526 630 5598 demptionem
650 5521 900 5594 corporis
920 5522 1124 5589 nostri,
1148 5520 1206 5577 id
1225 5527 1307 5577 est
1333 5520 1391 5577 in
1418 5536 1528 5594 qua
1554 5520 1849 5595 adoptione

380 5675 634 5734 PA'I'BOL.
676 5669 859 5730 CLIII.

1954 4629 2109 4695 Filio,
2162 4629 2287 4701 quia
2348 4628 2442 4701 qui
2470 4629 2711 4700 postulat
2738 4630 2916 4686 minor
2941 4632 3262 4707 intelligitur
3289 4652 3356 4692 eo
3382 4654 3412 4692 a
3441 4656 3553 4712 quo

1952 4717 2232 4789 postulat;
2266 4718 2628 4774 curialitatem
2661 4718 2829 4786 Pauli,
2879 4728 3157 4777 vertentes
3184 4722 3241 4777 in
3270 4725 3551 4787 hieresim.

1956 4808 2106 4865 Sicut
2126 4808 2270 4863 enim
2321 4808 2414 4879 qui
2444 4808 2608 4864 modo
2638 4807 2913 4864 docuisset
2943 4809 3180 4882 aliquem
3211 4830 3319 4885 quo
3346 4832 3553 4888 genere

1953 4897 2233 4970 loquendi,
2268 4905 2321 4952 et
2350 4897 2547 4970 quibus
2578 4897 2762 4953 verbis
2790 4897 3103 4970 loqueretur
3129 4918 3254 4958 cum
3282 4905 3549 4979 principe,

1952 4987 2043 5043 ille
2095 5003 2198 5058 per
2250 4986 2404 5040 illum
2457 4986 2778 5042 instructum
2835 4988 3113 5045 diceretur
3162 4990 3314 5064 loqui
3371 4994 3552 5055 eidem

1952 5075 2224 5147 principi:
2276 5074 2355 5131 sic
2419 5076 2650 5146 Spiritus
2699 5085 2939 5145 sanctus,
2992 5079 3122 5151 quid
3168 5088 3222 5136 et
3276 5086 3553 5155 quomodo

1951 5164 2291 5237 postulemus
2336 5179 2438 5219 nos
2483 5164 2715 5232 instruit,
2740 5173 2793 5221 et
2820 5182 2921 5238 per
2948 5182 3051 5224 nos
3081 5168 3375 5227 instructos
3404 5172 3551 5231 dici-

1952 5261 2042 5309 tur
2062 5253 2358 5325 postulare,
2391 5268 2502 5309 non
2531 5254 2705 5309 aliter.

2024 5342 2182 5411 Quod
2214 5357 2382 5413 supra
2410 5342 2542 5397 dixit
2575 5360 2586 5399 :
2622 5343 2897 5400 nescimus
2944 5359 3099 5401 orare
3125 5347 3281 5404 sicut
3307 5355 3550 5423 Oportet,

1950 5431 2058 5487 hoc
2085 5431 2140 5485 in
2169 5432 2291 5502 ipso
2318 5438 2564 5501 apertum
2595 5440 2698 5498 est,
2722 5433 2814 5503 qui
2830 5440 3026 5488 contra
3044 5434 3275 5492 salutem
3304 5437 3555 5509 spiritum

1949 5519 2113 5579 49
2144 5520 2359 5577 Satanae
2382 5520 2555 5577 oravit
2570 5520 2771 5579 auferri
2799 5537 2907 5579 ase
2935 5521 3121 5580 datum
3150 5524 3254 5583 sibi
3282 5526 3353 5584 ob
3374 5538 3557 5589 custo-

3360 5677 3394 5730 3
