3970 6486
414 347 484 400 ’75
978 343 1033 399 8.
1069 342 1420 399 BRUNONIS
1459 342 2106 399 CARTHUSIANORUM
2146 343 2626 400 INSTITUTORIS
2665 343 2817 399 OPP.
2860 343 3033 399 PARS
3072 342 3141 399 ll.

3642 342 3716 396 '76

411 469 558 524 diam
606 468 952 535 humilitatis;
998 485 1065 523 ne
1113 468 1239 540 quia
1269 476 1455 539 raptus
1508 475 1623 523 erat
1670 467 1739 523 ad
1791 468 2078 529 tertiumA
2107 476 2160 523 et
2192 469 2336 539 quod
2366 469 2491 523 inde
2531 469 2734 524 habent
2782 468 2874 524 alii
2916 467 3012 523 filii
3062 468 3131 522 ab
3162 484 3228 523 eo
3266 460 3515 534 habent;
3546 467 3627 523 sic
3657 476 3715 523 et

413 557 631 623 malum,
681 566 730 613 et
770 558 1015 612 audierat
1064 575 1185 629 qua:
1231 573 1341 612 non
1372 556 1567 612 licebat
1596 556 1800 612 homini
1840 556 2007 628 loqui,

414 647 720 718 superbiret
753 664 767 700 :
802 647 898 702 sed
928 664 1026 717 per
1046 646 1413 717 impellentem
1446 645 1811 716 fragilitatem,
1844 646 2011 716 pusil-

413 736 772 791 lanimitatem
803 736 985 791 carnis
1015 735 1486 791 reminisceretur.
1529 734 1763 805 Spiritus
1795 742 2013 790 sanctus

411 838 631 896 sperare
686 839 786 879 nos
816 823 965 890 facit,
1012 839 1175 879 orare
1206 840 1307 878 uos
1339 824 1521 890 docet,
1556 832 1609 878 et
1638 822 1883 878 exaudiri
1910 838 2011 877 nos

414 912 558 970 facit.
592 913 751 982 Quod
780 913 859 969 sic
919 913 1035 968 ait:
1081 913 1314 984 Spiritus
1343 914 1599 983 postulat
1628 932 1647 967 :
1691 913 1779 966 ille
1818 916 2011 967 autem

412 1003 507 1074 qui
522 1006 822 1058 scrutatur
849 1002 1039 1068 corda,
1092 1001 1146 1056 id
1177 1010 1262 1056 est
1293 1002 1458 1067 Deus,
1502 1001 1623 1067 scit,
1656 1000 1711 1054 id
1743 1008 1825 1055 est
1853 1016 2010 1055 com-

408 1091 521 1162 plet
550 1099 603 1147 et
639 1090 906 1163 approbat
956 1092 1097 1163 quod
1144 1090 1446 1157 desiderat,
1498 1090 1551 1143 id
1580 1098 1661 1144 est
1690 1088 2009 1144 desiderare

408 1196 509 1235 uos
539 1179 665 1235 facit
712 1180 962 1253 Spiritus
1008 1187 1248 1234 sanctus.
1300 1178 1411 1233 Scit
1439 1178 1563 1232 ideo
1614 1178 1745 1249 quia
1774 1177 2007 1248 Spiritus

401 1270 661 1341 postulat
698 1268 1007 1325 secundum
1033 1269 1227 1333 Deum,
1260 1266 1313 1320 id
1344 1274 1426 1322 est
1454 1266 1614 1321 docet
1646 1281 1745 1320 uos
1777 1265 2007 1335 Spiritus

406 1357 686 1429 postulare
717 1357 860 1429 quod
892 1357 1065 1411 Deum
1107 1357 1308 1410 bonum
1340 1363 1421 1410 est
1450 1355 1774 1410 concedere.
1810 1356 2009 1410 Postu-

410 1448 495 1503 lat
525 1446 648 1503 dico
699 1462 801 1519 pro
841 1447 1075 1510 sanctis,
1110 1444 1165 1498 id
1195 1452 1277 1499 est
1305 1444 1391 1499 vel
1420 1444 1537 1499 vice
1569 1443 1654 1498 vel
1686 1458 1849 1499 causa
1882 1458 2009 1496 san-

409 1545 641 1594 ctorum.
700 1536 1005 1591 Scrutatur
1034 1533 1104 1587 ab
1135 1548 1201 1587 ea
1251 1532 1600 1587 similitudine
1646 1532 1848 1588 dictum
1900 1539 2001 1598 est,

403 1626 527 1699 quia
558 1622 1013 1696 quemadmodum
1045 1620 1155 1685 ille,
1190 1620 1280 1692 qui
1299 1621 1467 1675 multo
1490 1620 1750 1675 scrutinio
1781 1634 1894 1674 rem
1930 1618 2007 1672 in-

403 1713 658 1785 vestigat,
691 1709 887 1766 melius
917 1726 1034 1764 rem
1063 1709 1239 1780 ipsam
1288 1709 1589 1781 cognoscit;
1623 1709 1700 1763 sic
1729 1709 1875 1763 Deus
1896 1723 2005 1762 non

2112 558 2359 612 Christus
2404 559 2670 613 Dominus
2701 566 2780 613 est
2810 558 2865 611 in
2892 558 2991 612 hac
3023 557 3358 619 haereditate,
3392 565 3445 612 et
3483 557 3714 629 quicun-

2112 663 2218 717 que
2266 646 2471 718 aliquid
2535 646 2661 701 inde
2707 646 2924 713 habent,
2978 646 3047 699 ab
3077 662 3143 701 eo
3171 655 3223 701 et
3250 663 3352 717 per
3382 662 3506 701 eum
3537 653 3711 701 totum

2109 736 2329 790 habent.
2390 735 2600 791 Dicitur
2667 735 2828 790 etiam
2895 735 3294 806 primogenitus
3340 743 3705 801 mortuorum,

2111 824 2237 895 quia
2285 824 2492 895 primus
2538 824 2839 879 resurrexit
2868 839 2902 878 a
2948 824 3197 889 mortuis,
3229 824 3386 878 etiam
3420 823 3560 879 sicut
3582 839 3708 878 cum

2111 928 2178 967 eo
2224 912 2668 983 incorruptibiles
2723 912 3091 967 resurrexisse
3137 912 3432 967 credantur
3485 912 3707 983 quidam

2109 1001 2301 1056 sancti.
2359 1001 2416 1056 Si
2466 1001 2557 1073 qui
2607 1010 2788 1056 autem
2836 1017 2936 1072 per
2985 1001 3255 1056 Christum
3285 1001 3529 1057 suscitati
3559 1009 3705 1067 sunt,

2107 1106 2216 1145 non
2274 1098 2623 1145 surrexerunt
2690 1105 2723 1145 a
2771 1090 2995 1145 mortuis
3027 1130 3043 1158 ,
3094 1089 3221 1161 quia
3267 1089 3464 1145 iterum
3527 1090 3706 1145 mori-

2110 1178 2235 1233 turi.

2178 1268 2292 1322 Nec
2311 1267 2485 1322 solum
2515 1267 2809 1338 prmscivit,
2846 1267 2944 1322 sed
2970 1284 3101 1340 quos
3119 1267 3572 1340 prwdestinavit,
3605 1266 3705 1322 hos

2107 1356 2282 1411 etiam
2312 1358 2526 1411 vocavit
2557 1377 2574 1412 :
2606 1356 3055 1427 quia,postquam
3084 1355 3361 1427 inspiravit
3390 1372 3505 1423 eos,
3539 1371 3706 1412 voca-

2107 1451 2253 1499 tores
2300 1444 2542 1498 adhibuit
2599 1444 2823 1499 interius
2854 1445 3191 1515 praeparatis,
3227 1461 3454 1516 quorum
3485 1445 3700 1500 vocatio

2106 1531 2306 1586 frustra
2353 1541 2517 1597 esset,
2570 1532 2675 1586 nisi
2722 1533 2941 1603 spiritus
2984 1542 3306 1603 operaretur
3348 1532 3594 1587 interius.
3630 1534 3703 1588 Et

2104 1638 2237 1692 quos
2258 1623 2491 1686 vocavit,
2517 1622 2614 1676 hos
2648 1623 2825 1676 etiam
2837 1622 3198 1692 justi/icavit,
3224 1621 3548 1676 remittendo
3577 1637 3705 1691 pec-

2103 1717 2245 1774 cata,
2291 1709 2623 1764 infundendo
2654 1711 2897 1782 gratiam.
2949 1710 3089 1777 Quos
3133 1714 3325 1765 autem
3332 1711 3697 1780 justiﬁcavit,

408 1801 552 1875 quod
570 1798 862 1856 scrutando
880 1797 1109 1863 laboret,
1138 1798 1236 1851 sed
1271 1797 1428 1868 quasi
1458 1804 1727 1852 scrutator
1755 1804 1808 1850 et
1836 1795 1999 1867 longe
2019 1827 2073 1888 Β
2102 1799 2231 1853 illos
2247 1800 2421 1853 etiam
2440 1799 2822 1869 magniﬁcabit
2846 1799 2898 1852 in
2929 1798 3123 1864 futuro,
3157 1799 3374 1869 quando
3402 1814 3705 1869 conregna-

405 1890 603 1947 melius
654 1887 868 1944 occulta
907 1886 1154 1942 cordium
1204 1886 1373 1941 novit.
1406 1886 1528 1940 Non
1562 1885 1740 1940 solum
1769 1884 1998 1955 Spiritus

406 1995 560 2051 spem
582 1976 694 2046 dat,
727 1992 883 2032 orare
913 1975 1169 2041 insinuat,
1203 1974 1451 2030 exaudiri
1467 1973 1610 2039 facit,
1645 1973 1742 2028 sed
1773 1982 1825 2028 et
1845 1990 1998 2044 quae-

404 2083 618 2139 cunque
665 2080 925 2137 prospera
972 2064 1060 2119 vel
1121 2063 1353 2118 adversa
1398 2062 1718 2134 contingant
1769 2062 1992 2128 sanctis,

402 2155 587 2213 omnia
634 2154 760 2209 facit
788 2153 878 2208 ille
903 2168 1026 2208 esse
1048 2151 1115 2205 ad
1138 2152 1362 2206 bonum.
1387 2151 1590 2205 Littera
1620 2150 1699 2205 sic
1714 2149 1992 2222 jungitur:

407 2244 575 2302 Orare
606 2244 755 2299 sicut
774 2245 992 2314 oportet
1015 2257 1115 2312 per
1134 2256 1235 2295 uos
1250 2241 1553 2304 nescimus,
1579 2239 1683 2294 hoc
1704 2246 1881 2292 autem
1900 2254 1998 2309 per

405 2333 661 2406 Spiritum
709 2338 957 2386 sanctum
1001 2332 1228 2397 scimus,
1279 2331 1545 2401 quoniam
1587 2328 1733 2382 idem
1766 2327 1996 2397 Spiritus

400 2426 736 2495 cooperatur
757 2420 968 2485 omnia,
1010 2434 1107 2473 seu
1129 2432 1397 2488 prospera
1426 2432 1522 2471 seu
1544 2416 1797 2482 adversa;
1816 2417 1878 2470 in
1900 2417 1993 2471 bo-

396 2527 557 2577 num,
589 2510 646 2564 id
675 2516 757 2564 est
786 2507 854 2563 ad
886 2506 1166 2563 utilitatem
1199 2513 1529 2560 sanctorum.
1554 2504 1858 2559 Velomnia
1879 2519 1995 2559 coo-

395 2603 678 2673 perantur
703 2613 733 2651 a
766 2595 969 2667 Spiritu
1000 2602 1187 2650 sancto
1219 2596 1281 2649 in
1311 2594 1536 2659 bonum,
1569 2600 1625 2646 ut
1655 2592 1874 2663 passive
1903 2592 1991 2645 di-

398 2703 616 2753 camus;
647 2685 819 2741 velin
867 2684 1045 2741 activo
1096 2699 1259 2737 sensu
1290 2684 1482 2737 omnia
1530 2684 1910 2753 cooperantur
1929 2682 1992 2735 in

401 2777 626 2841 bonum,
662 2782 715 2829 et
761 2773 954 2829 iterum
996 2788 1097 2843 per
1127 2770 1386 2842 Spiritum
1416 2778 1682 2825 sanctum.
1717 2768 1994 2823 Sententia

392 2882 503 2921 non
531 2871 792 2928 mutatur,
842 2864 1221 2932 cooperantur
1248 2859 1371 2914 dico
1402 2858 1765 2928 diligentibus
1795 2858 1988 2922 Deum,

398 2968 503 3010 nec
533 2952 625 3025 qui
654 2951 818 3007 modo
858 2950 1108 3021 diligant,
1155 2947 1320 3002 modo
1347 2946 1627 3017 peccando
1656 2946 1863 3010 odiaut,
1895 2945 1991 2999 sed

401 3043 509 3109 his,
541 3041 595 3096 id
626 3048 708 3095 est
735 3037 1047 3108 hujusmodi
1076 3036 1439 3107 diligentibus
1456 3036 1551 3106 qui
1604 3049 1635 3087 a
1664 3034 1780 3088 Deo
1811 3035 1993 3089 vocati

2104 1886 2236 1941 bunt
2286 1903 2490 1941 secum.
2532 1887 2629 1941 Vel
2672 1886 3038 1957 magnificavit
3085 1887 3386 1942 secundum
3415 1887 3700 1943 certitudi-

2096 1992 2222 2030 uem
2254 1975 2447 2030 futurae
2478 1976 2555 2031 rei
2601 1976 2749 2041 dicit,
2783 1985 2834 2030 et
2880 1977 3177 2031 secundum
3223 1976 3487 2048 quosdau,
3533 1976 3697 2032 50

2097 2064 2188 2134 qui
2202 2064 2317 2132 jam
2336 2080 2458 2120 cum
2480 2065 2594 2119 Deo
2615 2072 2868 2136 regnant,
2905 2073 3162 2135 quantum
3184 2065 3253 2119 ad
3275 2064 3499 2119 animas.
3516 2064 3701 2133 Quan-

2096 2152 2390 2223 doquidem
2443 2154 2591 2207 Deus
2639 2154 2841 2208 electos
2873 2169 3000 2207 suos
3029 2153 3320 2223 praescivit,
3354 2153 3693 2224 przeparavit,

2088 2239 2417 2310 justificavit,
2461 2249 2513 2296 et
2554 2242 2624 2295 ad
2661 2241 2908 2295 ultimum
2956 2241 3340 2313 magnificabit,
3391 2259 3515 2312 ergo
3558 2243 3698 2314 quid

2096 2328 2347 2384 dicemus
2378 2330 2448 2384 ad
2484 2331 2647 2385 Itch
2690 2332 2855 2385 Estne
2872 2330 3071 2401 aliquid
3099 2331 3243 2403 quod
3275 2331 3544 2386 contraire
3563 2346 3699 2401 pos-

2095 2417 2163 2470 sit
2192 2418 2317 2473 huic
2348 2418 2545 2474 diviuae
2574 2419 2964 2489 dispositioni?
2990 2421 3193 2475 Contra
3222 2421 3325 2475 hoc
3352 2420 3536 2491 utique
3557 2419 3695 2474 nihil

2092 2514 2273 2576 potest
2303 2507 2433 2573 dici,
2456 2508 2584 2579 quia
2612 2508 2759 2562 Deus
2788 2517 2869 2563 est
2897 2524 2998 2579 pro
3045 2509 3223 2577 nobis,
3248 2516 3300 2563 et
3327 2510 3380 2564 si
3410 2511 3556 2564 Deus
3587 2525 3694 2581 pro

2093 2596 2271 2660 nobis,
2297 2598 2421 2667 quis
2450 2604 2626 2666 potest
2647 2613 2769 2650 esse
2790 2602 2988 2652 contra
3010 2614 3112 2651 nos
3145 2602 3167 2651 ξ)
3188 2596 3321 2665 Quis
3343 2604 3519 2667 potest
3538 2612 3695 2651 ever-

2093 2691 2223 2749 tere,
2260 2701 2328 2739 ne
2357 2683 2672 2755 perficiatur
2692 2686 2836 2757 quod
2865 2686 3013 2740 Deus
3042 2686 3111 2741 de
3157 2686 3315 2740 nobis
3345 2686 3693 2758 praeordina-

2092 2772 2186 2826 vit.
2220 2773 2360 2827 Vere
2391 2774 2535 2828 Deus
2567 2782 2647 2828 est
2693 2789 2793 2845 pro
2821 2774 2997 2829 nobis.
3030 2775 3167 2829 Nam
3196 2774 3313 2845 ipse
3344 2783 3426 2829 est
3455 2777 3552 2847 qui
3570 2792 3693 2831 non

2089 2858 2340 2928 pepercit
2363 2859 2539 2913 etiam
2572 2860 2712 2914 Filio
2742 2875 2860 2925 suo,
2884 2859 2979 2914 sed
3016 2860 3273 2926 tradidit,
3295 2858 3349 2913 id
3380 2867 3463 2914 est
3492 2859 3675 2930 dispo-

2093 2945 2195 2999 suit
2223 2945 2375 3000 illum
2405 2947 2728 3001 tradendum
2757 2948 2827 3002 ad
2848 2956 3079 3002 mortem
3098 2964 3199 3019 pro
3229 2949 3485 3003 omnibus
3498 2947 3692 3004 electis

2092 3034 2225 3089 suis.
2276 3035 2343 3089 Et
2392 3051 2515 3091 cum
2569 3052 2683 3090 rem
2744 3044 2853 3090 tam
2884 3036 3158 3092 difficilem
3187 3036 3392 3103 fecerit,
3431 3037 3569 3092 sicut
3600 3046 3689 3093 est

398 3134 559 3196 sunt;
600 3128 670 3183 ad
698 3128 803 3182 hoc
824 3134 882 3180 ut
923 3126 1029 3180 sint
1050 3125 1269 3180 sancti:
1297 3131 1349 3179 et
1378 3122 1506 3194 quia
1534 3138 1645 3177 nou
1673 3138 1865 3177 omnes
1886 3138 1987 3177 vo-
2026 3183 2066 3197 ﬂ
2089 3122 2283 3176 Filium
2312 3140 2427 3193 pra:
2456 3124 2708 3179 omnibus
2738 3123 2862 3179 filiis
2885 3126 3109 3180 charum
3141 3125 3361 3180 tradere
3390 3126 3552 3180 morti
3582 3141 3685 3197 pro

397 3218 502 3275 cati
530 3216 707 3282 electi,
743 3214 989 3285 adjungit
1021 3230 1033 3269 :

466 3308 664 3363 Vocati
680 3305 802 3360 dico
814 3302 1122 3360 secundum
1130 3302 1486 3373 propositum
1497 3299 1849 3371 praescientiae
1866 3299 1985 3365 Dei,

401 3413 523 3469 quae
551 3394 701 3450 nullo
730 3393 895 3448 modo
941 3398 1119 3462 potest
1153 3389 1450 3444 immutari.
1503 3390 1639 3444 Vere
1688 3390 1987 3444 secundum

394 3483 731 3557 propositum
762 3480 939 3538 vocati
969 3487 1111 3547 sunt,
1146 3487 1197 3534 et
1218 3479 1399 3533 omnia
1428 3486 1787 3548 cooperantur
1808 3477 1911 3531 illis
1933 3477 1989 3531 in

396 3576 618 3631 bonum.
652 3574 791 3630 Nam
824 3571 969 3627 Deus
997 3567 1267 3639 prtescivit
1282 3583 1377 3622 eos
1410 3568 1479 3621 ab
1508 3574 1711 3622 aeterno
1732 3566 1834 3620 sibi
1863 3565 1987 3621 ido-

395 3680 529 3720 neos
585 3670 638 3717 et
691 3658 957 3715 electione
1016 3656 1232 3727 dignos.
1293 3656 1359 3709 Et
1416 3656 1549 3728 quia
1596 3654 1881 3726 praesciuit
1919 3655 1987 3707 ab

393 3761 618 3817 aeterno,
651 3745 1275 3823 prwdestinavitetiam
1314 3760 1424 3810 eos,
1466 3744 1522 3797 id
1552 3751 1635 3797 est
1662 3742 1989 3814 preparavit

396 3842 453 3897 iu
496 3849 742 3909 tempore
789 3849 1056 3906 congruo.
1108 3833 1236 3887 Hiec
1279 3831 1605 3903 praeparatio
1648 3831 1744 3886 fuit
1786 3831 1987 3886 oblatio

397 3928 609 4004 gratias,
647 3934 700 3983 et
742 3925 952 3979 interna
999 3921 1278 3992 aspiratio.
1340 3921 1651 3987 Praescivit,
1692 3920 1884 3990 inquit,
1932 3923 1988 3974 et

396 4014 824 4092 praedestinavit
846 4013 974 4081 ﬁeri
993 4027 1093 4067 con
1099 4013 1326 4081 formes,
1352 4008 1407 4063 id
1430 4017 1511 4063 est
1543 4008 1843 4064 imitatores
1859 4008 1991 4062 ima—

398 4106 562 4179 ginis,
593 4105 649 4159 id
679 4110 761 4158 est
801 4099 1048 4172 puritatis
1075 4099 1186 4168 ﬁlii
1214 4099 1335 4169 ejus
1359 4117 1377 4152 :
1411 4098 1538 4169 quia
1567 4097 1619 4151 in
1649 4098 1755 4153 hoc
1784 4097 1988 4151 mundo

393 4212 495 4267 per
522 4193 812 4265 puritatem
845 4188 1018 4244 solam
1048 4187 1245 4240 imitari
1289 4186 1415 4242 licet
1446 4185 1637 4240 Filium
1669 4185 1791 4249 Dei,
1824 4200 1987 4255 quem

396 4286 453 4339 in
482 4282 663 4338 futuro
693 4295 789 4351 per
818 4278 1071 4346 majorem
1107 4275 1394 4346 puritatem
1439 4282 1492 4329 et
1519 4272 1986 4330 invariabilitatem

398 4371 749 4428 imitabuntur
796 4365 987 4422 sancti.
1036 4366 1150 4420 Hoc
1192 4372 1368 4418 autem
1420 4363 1489 4417 de
1536 4362 1720 4417 divina
1749 4360 1988 4415 essentia

396 4461 516 4517 Filii
545 4460 795 4525 dicimus,
822 4455 946 4527 quia
967 4454 1013 4509 si
1041 4470 1139 4524 per
1166 4454 1271 4508 hoc
1291 4451 1488 4505 Filium
1508 4467 1541 4505 a
1557 4451 1716 4505 Patre
1737 4449 1987 4504 videmur

2022 3183 2069 3243 Ο
2088 3211 2264 3281 nobis,
2298 3183 2583 3284 quomodo,
2619 3212 2671 3266 id
2703 3221 2785 3268 est
2815 3228 2922 3284 qua
2952 3214 3161 3269 ratione
3180 3230 3295 3268 non
3313 3215 3487 3269 etiam
3509 3183 3691 3270 dona-

2089 3300 2170 3354 bit
2209 3301 2364 3355 nobis
2412 3302 2604 3358 omnia
2639 3317 2760 3372 qua?
2802 3308 3030 3368 restant,
3081 3317 3204 3358 cum
3229 3302 3321 3357 illo
3354 3303 3488 3358 Filio
3518 3319 3689 3373 quem

2087 3387 2253 3460 longe
2294 3389 2602 3444 chariorem
2644 3388 2792 3444 omni
2840 3405 2899 3444 re
2949 3390 3154 3452 habuit.
3205 3407 3367 3462 quem
3419 3391 3579 3446 nobis
3628 3391 3690 3447 in

2090 3476 2315 3532 articulo
2362 3478 2551 3532 mortis
2595 3477 2791 3532 dedit?
2836 3478 2959 3532 Non
3008 3487 3088 3533 est
3118 3480 3468 3546 credendum,
3502 3488 3559 3534 ut
3590 3482 3688 3551 qui

2090 3564 2282 3618 Filium
2312 3565 2481 3631 dedit,
2516 3582 2636 3635 qua?
2664 3564 2877 3620 minora
2904 3573 3026 3619 sunt
3056 3566 3190 3620 Filio
3211 3567 3368 3621 nobis
3383 3575 3688 3639 negaturus

2092 3653 2179 3707 sit.
2212 3654 2279 3707 Et
2308 3653 2749 3724 quandoquidem
2779 3654 2927 3708 Deus
2958 3669 3057 3709 nos
3088 3654 3228 3709 adeo
3259 3654 3470 3720 dilexit,
3502 3663 3560 3709 ut
3587 3656 3688 3710 Fi-

2089 3741 2221 3795 lium
2243 3741 2479 3797 traderet
2494 3758 2597 3813 pro
2621 3743 2797 3810 nobis,
2819 3743 2942 3813 quis
2965 3742 3080 3811 jam
3103 3744 3394 3798 accusabit
3418 3743 3691 3802 adversus

2090 3845 2190 3884 nos
2238 3831 2444 3885 electos
2495 3830 2591 3885 Dei
2620 3836 2645 3886 .’
2683 3832 2952 3885 Accusare
3000 3838 3083 3885 est
3128 3831 3393 3887 adversus
3424 3832 3682 3892 electum.

2091 3918 2365 3988 quomodo
2441 3917 2783 3972 subvertatur
2852 3918 3161 3989 disponere,
3221 3921 3686 3991 quemadmodum

2092 4007 2253 4061 Satan
2282 4005 2475 4061 videns
2502 4006 2605 4061 Job
2634 4006 2687 4061 in
2729 4006 2964 4062 terrenis
2995 4008 3294 4076 abundare,
3329 4010 3456 4081 quia
3510 4011 3565 4065 in
3596 4012 3687 4067 his

2088 4094 2297 4165 putavit
2324 4093 2426 4148 Job
2482 4102 2663 4149 mente
2704 4095 2955 4161 detineri,
2987 4099 3352 4168 pertractabat
3398 4100 3543 4171 quod
3589 4115 3685 4155 res

2090 4183 2207 4251 ejus
2235 4182 2577 4237 demoliendo
2607 4183 2871 4252 justitiam
2905 4185 3021 4254 ejus
3049 4203 3147 4256 per
3197 4186 3586 4259 impatientiam
3615 4189 3686 4245 de

2089 4271 2288 4326 damno
2306 4287 2481 4325 rerum
2501 4272 2809 4328 venientem
2825 4274 3161 4330 destrueret:
3196 4277 3293 4331 sed
3330 4278 3456 4348 quia
3478 4277 3685 4334 electus

2088 4365 2202 4412 erat
2229 4359 2349 4427 Job,
2384 4358 2546 4414 Satan
2574 4376 2685 4416 non
2718 4362 2912 4432 potuit.
2946 4363 3276 4434 Apriucipio
3301 4365 3444 4419 enim
3474 4382 3540 4420 ex
3571 4383 3684 4436 quo

2087 4446 2251 4501 dixit:
2284 4451 2482 4503 Ponam
2515 4450 2701 4504 sedem
2734 4466 2911 4505 meam
2940 4451 3008 4506 ad
3038 4452 3347 4524 aquilonem
3383 4454 3516 4525 (lsa.
3556 4469 3679 4519 xxv,

398 4546 788 4612 diversiﬁcare,
822 4544 951 4616 quia
998 4542 1230 4597 dicimus
1260 4540 1553 4611 imaginem
1583 4537 1718 4605 Filii,
1754 4553 1987 4607 respou-
2008 4534 2063 4594 D
2094 4536 2203 4605 t3),
2237 4552 2452 4607 semper
2480 4537 2741 4594 laboravit
2782 4540 3061 4595 destruere
3107 4558 3341 4614 regnum
3372 4542 3589 4609 Christi,
3623 4544 3683 4599 iu

397 4640 589 4694 demus
646 4634 793 4708 quod
824 4633 879 4687 iu
910 4630 1206 4686 substantia
1237 4629 1455 4699 quidem
1483 4642 1585 4697 per
1611 4624 1797 4681 omnia
1842 4624 1990 4680 idem

397 4734 541 4791 sunt,
592 4724 693 4780 sed
731 4724 787 4777 iu
832 4719 1079 4792 personis
1122 4725 1203 4773 est
1250 4716 1505 4772 varietas.
1557 4715 1625 4768 Et
1654 4713 1708 4767 in
1737 4729 1802 4768 eo
1842 4713 1988 4783 quod

397 4817 555 4870 Pater
612 4813 731 4867 sine
772 4808 1059 4881 principio,
1113 4822 1223 4860 non
1269 4804 1336 4858 ab
1367 4802 1473 4857 alio
1507 4817 1519 4854 :
1556 4801 1719 4856 Filius
1746 4808 1925 4855 autem
1956 4817 1989 4856 a

393 4905 554 4958 Patre
581 4898 909 4972 principium
937 4895 1120 4960 habet,
1153 4893 1278 4948 licet
1300 4905 1519 4960 semper
1544 4888 1706 4944 fuerit
1735 4905 1857 4943 cum
1878 4890 1987 4943 Pa-

396 5000 499 5056 tre,
534 4997 587 5045 et
615 4990 691 5044 sic
720 4988 788 5042 ab
818 4986 942 5041 alio.
977 4983 1034 5038 Si
1063 4990 1241 5037 autem
1274 4977 1570 5033 secundum
1599 4977 1988 5033 humanitatem

397 5081 465 5134 de
496 5078 708 5134 Christo
737 5075 826 5130 hic
854 5072 1090 5144 agimus,
1141 5082 1380 5138 congrue
1423 5065 1707 5135 sequentia
1749 5080 1987 5121 consen—

396 5168 551 5234 tiunt,
583 5182 703 5238 qua:
722 5162 1019 5219 secundum
1042 5172 1259 5213 carnem
1288 5154 1357 5209 de
1406 5152 1618 5208 Christo
1646 5153 1987 5210 solummodo

397 5264 585 5327 agunt,
619 5262 669 5309 et
698 5253 945 5308 dicemus
979 5262 991 5301 :
1042 5245 1222 5300 Simus
1269 5240 1579 5298 conformes
1609 5241 1863 5315 imaginis
1893 5242 1987 5297 filii

397 5347 534 5415 ejus,
564 5350 618 5398 ut
651 5338 924 5412 quomodo
962 5335 1018 5389 iu
1044 5331 1278 5387 novitate
1317 5328 1532 5400 spiritus
1561 5331 1872 5398 ambulavit,
1908 5331 1987 5387 sic

400 5443 453 5490 et
480 5449 583 5488 uos
621 5427 981 5485 ambulemus.
1014 5423 1093 5475 Ita
1136 5428 1317 5473 tamen
1348 5417 1657 5475 conformes
1688 5420 1986 5474 secundum

395 5530 682 5591 utramque
711 5512 1033 5569 sententiam
1068 5523 1080 5561 :
1113 5512 1179 5563 ut
1206 5508 1325 5578 ipse
1345 5505 1512 5561 Filius
1539 5508 1614 5563 sit
1641 5509 1987 5580 primogeni-

400 5616 492 5667 tus
538 5610 604 5663 in
644 5603 847 5659 multis
895 5597 1190 5669 fratribus,
1215 5604 1273 5651 ut
1294 5595 1748 5666 quemadmodum
1776 5596 1985 5667 primo-

399 5695 618 5775 genitus
645 5688 812 5745 Filius
869 5683 1132 5742 Dominus
1188 5690 1271 5741 est
1331 5691 1575 5755 paterna:
1627 5683 1981 5753 haareditatis,

2088 4639 2195 4694 quo
2224 4616 2401 4681 adhuc
2426 4627 2568 4682 male
2596 4636 2941 4698 perseverat.
2967 4629 3224 4685 Diabolus
3256 4630 3370 4685 vult
3398 4646 3678 4702 accusare,

2090 4713 2186 4767 sed
2217 4730 2326 4769 non
2369 4722 2565 4785 potest,
2617 4717 2761 4771 Deus
2810 4726 2989 4772 autem
3017 4726 3218 4789 potest,
3252 4720 3349 4774 sed
3379 4736 3487 4775 nou
3517 4720 3632 4775 vult
3666 4737 3681 4777 :

2087 4802 2233 4858 Deus
2253 4802 2397 4856 enim
2428 4808 2513 4858 est
2556 4806 2653 4876 qui
2685 4806 2999 4875 justi/ient.
3063 4808 3193 4875 Quis
3240 4812 3327 4864 est
3374 4808 3534 4863 etiam
3582 4826 3682 4882 qui

2089 4890 2423 4947 condemnet
2444 4893 2648 4949 electos
2680 4894 2820 4949 Dei?
2866 4894 3029 4949 Satan
3062 4895 3281 4967 quidem
3310 4898 3678 4956 condemnare

2087 4978 2219 5047 vult,
2244 4979 2341 5034 sed
2362 4995 2469 5034 uou
2485 4989 2693 5051 potest;
2718 4981 2963 5037 Christus
2984 4984 3205 5054 quidem
3224 4994 3429 5056 posset,
3454 4987 3550 5042 sed
3566 5003 3680 5043 nou

2087 5067 2234 5122 vult:
2267 5069 2410 5140 quod
2439 5085 2504 5124 ex
2519 5086 2585 5125 eo
2610 5071 2793 5142 palam
2823 5080 2924 5138 est,
2959 5073 3101 5144 quod
3122 5073 3375 5132 Christus
3392 5078 3552 5132 Iesus
3572 5085 3675 5145 est,

2087 5158 2183 5228 qui
2219 5161 2481 5213 mortuus
2506 5163 2592 5214 est
2631 5176 2735 5232 pro
2778 5162 2960 5217 nobis.
3017 5162 3134 5217 Nec
3171 5163 3275 5218 hoc
3322 5164 3517 5233 solum,
3560 5168 3677 5224 imo

2086 5246 2181 5315 qui
2201 5246 2376 5301 etiam
2396 5250 2755 5317 resurrexit,
2789 5256 2846 5303 ut
2863 5258 2916 5304 et
2941 5264 3041 5305 nos
3061 5267 3350 5324 resurgere
3372 5252 3548 5319 faciat;
3576 5258 3678 5326 qui

2086 5332 2249 5388 etiam
2280 5338 2365 5389 est
2395 5335 2466 5389 ad
2494 5336 2792 5392 dexteram
2822 5340 2940 5405 Dei,
2966 5338 3058 5393 ubi
3088 5348 3140 5395 et
3172 5356 3271 5395 nos
3300 5357 3485 5396 secum
3513 5343 3681 5400 collo-

2085 5421 2232 5476 cabit
2264 5439 2277 5476 :
2312 5423 2405 5495 qui
2436 5425 2611 5479 etiam
2657 5426 2993 5498 interpellat
3046 5444 3147 5499 pro
3175 5430 3354 5495 nobis,
3385 5431 3477 5485 ubi
3507 5439 3589 5486 est
3618 5432 3677 5490 in

2085 5509 2307 5565 dextera
2354 5511 2547 5579 Patris,
2603 5513 2695 5584 qui
2741 5514 2859 5569 haec
2904 5515 3088 5570 omnia
3131 5532 3229 5587 pro
3283 5518 3442 5573 nobis
3467 5518 3593 5576 fecit
3623 5531 3678 5578 et

2083 5596 2212 5653 facit
2246 5612 2258 5651 :
2292 5599 2626 5654 credendum
2655 5608 2737 5655 est
2766 5602 2911 5673 quod
2953 5619 3054 5659 nos
3082 5606 3408 5663 condemnet
3436 5609 3464 5663 ?
3492 5610 3675 5666 luter-

2082 5685 2283 5755 pellare
2310 5686 2509 5744 dicitur
2537 5688 2801 5756 Christus,
2833 5705 2945 5746 non
2988 5693 3135 5763 quod
3162 5709 3296 5752 voce
3324 5694 3540 5764 clamet,
3576 5699 3678 5756 sed
