3970 6438
97 323 163 377 77
768 319 1153 380 EXPOSITIO
1193 321 1268 378 IN
1304 321 1689 379 EPISTOLAS
1727 322 1952 381 PAULI.
1984 352 2053 364 —
2084 323 2159 379 IN
2187 322 2404 379 EPIST.
2437 324 2533 379 AD
2573 320 2744 380 ROM.
3346 323 3414 377 ’78

101 454 383 518 assumpta
411 447 742 515 humanitas,
776 464 898 521 quae
926 448 982 503 in
1013 448 1187 505 oculis
1217 447 1319 505 Dei
1348 456 1450 515 est,
1487 464 1705 520 semper
1724 451 1781 512 Α
1812 470 1835 501 α
1871 449 2047 506 dictus
2083 450 2139 504 in
2178 450 2373 505 saecula
2415 450 2489 519 (II
2534 450 2658 507 Cor.
2707 465 2790 519 χι,
2825 450 2937 523 31)·
2976 471 3000 501 ι
3052 452 3253 506 Amen.
3290 452 3418 505 Non

104 536 275 590 Deum
304 536 503 608 pulsat,
542 545 593 593 et
622 553 922 593 memorem
941 536 1085 604 facit,
1110 543 1167 593 ut
1186 536 1431 609 perﬁciat
1459 537 1594 593 illud
1612 553 1713 610 pro
1818 560 1841 589 α
1877 547 2057 594 autem
2107 539 2252 611 quod
2296 539 2557 595 exciderit
2597 537 2839 613 [excidit]
2877 540 3109 597 verbum
3138 539 3258 595 Dei.
3291 540 3418 595 Non

107 640 211 696 quo
232 625 431 681 Filium
452 640 679 682 carnem
700 641 983 682 assumere
1006 626 1172 682 voluit
1206 643 1220 681 :
1254 626 1714 699 quemadmodum
1819 648 1842 678 α
1874 628 2021 684 enim
2048 644 2240 684 omnes
2292 628 2384 700 qui
2434 644 2508 683 ex
2554 628 2727 684 Israel
2768 627 3224 702 [circumcisione]
3268 636 3415 696 sunt,

105 713 340 787 legatus,
374 732 478 786 per
506 715 681 772 solam
711 716 1251 788 repraesentationem
1280 731 1533 787 persona:
1562 714 1714 789 lega-

109 803 273 858 tionis
305 821 442 873 suae,
473 821 774 862 memorem
805 805 1011 862 faceret
1039 805 1109 861 ad
1140 820 1307 877 quem
1334 804 1540 861 missus
1569 811 1716 861 esset

108 891 163 946 in
193 910 281 962 eo,
317 894 470 966 quod
499 911 561 949 se
590 895 668 950 illi
697 901 1135 966 repraesentaret.

179 981 649 1055 Quandoquidem
692 985 841 1040 Deus
887 982 1181 1056 praescivit,
1209 982 1547 1054 justiﬁcavit,
1583 990 1711 1050 etc.,

110 1087 237 1143 ergo
267 1072 397 1145 quis
427 1090 534 1127 nos
565 1089 830 1146 separare
852 1074 1069 1146 poterit
1097 1091 1133 1128 ιι
1162 1074 1447 1129 charitate
1483 1072 1713 1140 Christi,

110 1168 167 1214 ut
186 1160 267 1216 sic
288 1162 867 1231 pervertatconsilium
882 1163 1031 1218 Dei?
1051 1162 1336 1233 Separabit
1356 1176 1456 1217 nos
1480 1162 1721 1217 tribula-

110 1250 208 1317 tio,
228 1249 285 1305 id
312 1258 399 1306 est
411 1251 666 1323 quaelibet
677 1251 894 1307 aﬁlictio
907 1251 1087 1308 carnis
1101 1251 1129 1306 ?
1139 1253 1225 1307 An
1238 1251 1507 1323 angustia
1518 1249 1545 1304 ?
1560 1249 1615 1304 id
1637 1257 1720 1304 est

109 1339 355 1395 anxietas
385 1340 574 1395 animi.
594 1342 681 1397 An
707 1343 1029 1414 persecutio
1050 1341 1118 1396 de
1149 1341 1272 1397 loco
1298 1340 1369 1396 ad
1384 1340 1565 1395 locum
1583 1339 1611 1393 ?
1632 1339 1719 1394 An

109 1430 293 1499 fames
319 1433 344 1484 ?
386 1428 518 1501 quia
564 1446 710 1501 saepe
757 1430 965 1499 esuriit,
1019 1437 1079 1485 ut
1124 1429 1288 1485 etiam
1326 1428 1550 1485 taederet
1595 1443 1718 1483 eum

108 1518 314 1574 vivere.
340 1519 433 1574 An
454 1519 686 1575 nuditas
700 1519 728 1573 ?
747 1520 834 1575 An
859 1520 1180 1592 periculum
1199 1519 1292 1573 ?id
1313 1527 1396 1574 est
1416 1516 1720 1574 commina-

104 1606 178 1663 tio
208 1608 403 1663 mortis
424 1609 454 1663 ?
476 1609 561 1664 An
582 1610 804 1681 gladius
825 1613 848 1664 ?
868 1612 951 1664 An
972 1609 1093 1681 ipsa
1111 1608 1312 1666 occisio
1327 1608 1354 1662 ξ)
1368 1606 1516 1663 Nihil
1536 1606 1722 1678 utique

110 1698 307 1752 horum
339 1713 447 1753 nos
497 1698 801 1769 separabit,
851 1699 1002 1755 sicut
1046 1700 1328 1770 scriptum
1370 1700 1455 1752 est
1497 1696 1552 1751 in
1584 1695 1722 1750 libro

112 1785 467 1842 Psalmorum
488 1804 501 1840 :
520 1786 654 1842 illud
673 1787 798 1860 quia
811 1787 1059 1860 jungitur
1077 1787 1134 1841 in
1152 1794 1434 1857 posterum
1455 1800 1467 1839 :
1486 1787 1724 1858 Propter

113 1879 169 1931 te
208 1877 641 1946 mortiﬁcamur
680 1880 799 1933 tota
829 1877 939 1944 die,
975 1878 1253 1933 wstimati
1281 1892 1478 1932 sumus
1504 1879 1571 1930 ut
1596 1891 1720 1931 oves

110 1966 416 2021 occisionis
445 1966 624 2037 (Psal.
647 1981 806 2033 xun,
828 1966 922 2036 24)
946 1983 959 2020 :
992 1981 1103 2021 non
1134 1982 1256 2038 quae
1276 1972 1625 2021 reservantur
1652 1962 1722 2018 ad

110 2052 272 2124 fetus,
321 2055 427 2110 sed
479 2072 603 2127 quae
635 2062 760 2109 sunt
807 2055 1124 2122 occisionis,
1154 2055 1209 2110 id
1239 2062 1323 2109 est
1355 2070 1477 2126 quae
1506 2052 1721 2108 steriles

114 2152 236 2198 sunt
265 2144 632 2212 occiduntur;
666 2152 720 2199 et
749 2144 795 2199 si
824 2152 1048 2216 propter
1078 2152 1128 2199 te
1157 2143 1478 2212 occidimur,
1509 2149 1724 2199 constat

117 2233 258 2303 quod
289 2249 319 2288 a
354 2241 409 2289 te
439 2249 552 2289 non
583 2232 977 2304 separabimur.
1012 2232 1122 2289 Sed
1150 2250 1272 2305 quae
1300 2247 1434 2289 cura
1460 2232 1507 2287 si
1532 2231 1725 2287 morti-

117 2320 344 2377 ﬁcamur
366 2322 398 2377 τ
428 2314 498 2377 In
529 2322 616 2378 his
647 2322 789 2378 enim
836 2322 1113 2389 omnibus,
1146 2322 1510 2387 tribulatione,
1543 2335 1725 2393 angu-

116 2410 236 2479 stia,
270 2419 325 2466 et
355 2400 580 2468 (fateris
627 2428 981 2483 superamus,
1020 2414 1252 2483 propter
1290 2427 1419 2467 eum
1450 2410 1725 2466 ferventes

118 2512 302 2552 amore
331 2498 479 2566 ejus,
505 2498 602 2569 qui
628 2497 837 2552 dilexit
858 2512 980 2552 nos.
1007 2496 1146 2551 Vere
1167 2496 1567 2567 superabimus,
1591 2496 1725 2565 quia

116 2601 293 2659 neque
324 2602 502 2651 mors,
540 2584 597 2639 id
628 2593 710 2640 est
740 2584 1091 2641 comminatio
1118 2585 1311 2640 mortis
1336 2602 1351 2652 ;
1373 2600 1551 2657 neque
1581 2585 1721 2649 vita,

125 2673 178 2729 id
209 2682 293 2729 est
324 2673 629 2745 promissio
655 2674 798 2743 vitm,
828 2673 916 2730 vel
946 2673 1138 2746 gloriae
1167 2674 1355 2729 mundi
1374 2693 1389 2741 ;
1408 2689 1586 2746 neque
1614 2689 1725 2728 an-

117 2763 241 2834 geli,
265 2763 361 2835 qui
378 2761 660 2834 legatione
678 2763 777 2818 Dei
793 2761 1091 2837 funguntur
1114 2781 1128 2829 ;
1147 2779 1326 2836 neque
1339 2764 1722 2835 principatus,

116 2851 168 2907 id
197 2860 281 2907 est
309 2867 499 2924 neque
528 2852 663 2908 ordo
693 2851 785 2907 ille
814 2852 903 2924 qui
933 2853 1093 2908 etiam
1124 2869 1288 2923 super
1314 2850 1542 2924 angelos
1572 2851 1726 2923 prin-

119 2940 350 3012 cipatum
372 2941 549 2996 habet
571 2960 585 3010 ;
608 2957 787 3013 neque
805 2943 1068 3007 uirtutes,
1093 2941 1148 2996 id
1166 2949 1249 2997 est
1265 2957 1445 3014 neque
1465 2940 1603 2997 ordo
1636 2938 1727 2994 ille

121 3030 268 3099 cujus
301 3028 554 3086 ofﬁcium
587 3037 669 3085 est
696 3030 912 3101 operari
950 3029 1234 3086 miracula.
1268 3030 1366 3086 Vel
1396 3030 1515 3096 ista,
1552 3028 1597 3084 si
1624 3043 1727 3084 vo-

116 3118 309 3188 lumus,
364 3118 438 3175 de
485 3118 643 3173 malis
701 3119 909 3191 angelis
970 3119 1344 3190 intelligimus,
1404 3118 1547 3174 inter
1590 3132 1728 3190 quos

1821 737 1843 767 α
1879 716 1934 772 hi
1978 725 2104 772 sunt
2143 717 2407 773 Israelita:
2433 759 2447 787 ,
2515 733 2695 789 neque
2749 718 2843 789 qui
2891 734 3080 774 semen
3129 726 3253 774 sunt
3298 718 3417 773 Ab-

1821 828 1842 854 u
1880 807 2044 873 rahae,
2077 822 2268 863 omnes
2297 806 2393 861 ﬁlii
2420 814 2546 861 sunt
2571 806 2841 874 Abrahae;
2877 831 2898 855 α
2936 807 3035 863 sed
3061 807 3118 863 in
3146 808 3295 862 Isaac
3323 822 3421 863 vo«

1821 918 1844 945 α
1878 896 2093 952 cabitur
2138 896 2232 951 tibi
2271 912 2462 952 semen
2511 897 2674 964 (Gen.
2722 910 2846 961 xxi,
2886 899 2993 967 t2),
3033 916 3057 948 ι
3090 897 3146 951 id
3175 904 3277 963 est,
3310 911 3423 952 non

1822 1005 1845 1035 ι
1880 984 1973 1056 qui
2000 983 2100 1039 ﬁlii
2126 984 2304 1040 carnis
2334 983 2389 1038 hi
2418 982 2513 1038 ﬁlii
2542 983 2661 1051 Dei,
2700 1008 2723 1032 α
2761 985 2859 1039 sed
2891 984 2984 1056 qui
3012 982 3107 1039 ﬁlii
3136 992 3262 1040 sunt
3288 999 3420 1057 pro-

1823 1093 1847 1125 α
1881 1072 2156 1128 missionis
2195 1073 2346 1144 (Gal.
2404 1088 2481 1141 ιν,
2512 1074 2623 1143 28),
2659 1093 2689 1127 »
2722 1072 3061 1128 aestimantur
3090 1072 3143 1127 in
3176 1073 3411 1129 semine.

1824 1184 1846 1209 α
1875 1162 2256 1218 Promissionis
2278 1161 2423 1217 enim
2435 1161 2662 1217 verbum
2682 1162 2784 1218 hoc
2805 1169 2887 1217 est
2912 1179 2926 1216 :
2955 1184 2977 1212 ι
2995 1162 3305 1218 Secundum
3316 1163 3422 1219 hoc

1825 1274 1847 1299 ιι
1874 1258 2089 1323 tempus
2110 1249 2345 1318 veniam,
2364 1259 2416 1307 et
2438 1250 2541 1306 erit
2558 1252 2703 1306 Sara:
2726 1249 2866 1306 ﬁlius
2887 1250 3047 1323 (Gen.
3068 1266 3229 1320 xvm,
3254 1253 3364 1323 10).
3395 1276 3418 1300 η

1826 1361 1849 1392 ι
1882 1341 2004 1396 Νοιι
2026 1340 2201 1396 solum
2223 1348 2408 1395 autem
2422 1339 2538 1408 illa,
2565 1361 2587 1390 ι
2615 1340 2713 1395 sed
2730 1347 2783 1395 et
2802 1339 3055 1397 Rebecca
3075 1356 3141 1396 ex
3160 1356 3270 1396 uno
3291 1356 3423 1397 con-

1827 1450 1850 1481 α
1876 1429 2061 1486 cubitu
2079 1429 2311 1497 habens,
2337 1430 2491 1485 Isaac
2520 1430 2690 1501 patris
2720 1429 2894 1486 nostri
2911 1430 3070 1495 (Gen.
3091 1445 3234 1500 xxv,
3261 1432 3375 1500 24).
3396 1450 3419 1480 ι

1829 1541 1851 1568 α
1886 1518 2021 1574 Cum
2054 1520 2199 1574 enim
2245 1518 2489 1574 nondum
2518 1518 2628 1573 nati
2659 1517 2908 1589 fuissent,
2940 1527 3034 1574 aut
3062 1518 3265 1592 aliquid
3296 1518 3427 1575 boni

1828 1628 1851 1658 «
1886 1607 2150 1680 egissent,
2177 1614 2268 1661 aut
2296 1606 2424 1661 mali
2453 1608 2531 1678 (ut
2558 1607 2859 1662 secundum
2886 1606 3207 1663 electionem
3227 1623 3427 1680 propo-

1829 1719 1851 1745 α
1890 1697 2050 1752 situm
2098 1695 2198 1751 Dei
2223 1699 2488 1768 maneret)
2537 1712 2647 1751 non
2676 1712 2742 1752 ex
2777 1696 3054 1767 operibus,
3094 1697 3192 1751 sed
3224 1712 3291 1752 ex
3322 1713 3424 1752 vo-

1742 1818 1793 1877 B
1830 1809 1851 1834 α
1887 1794 2046 1842 cante
2075 1784 2282 1842 dictum
2308 1793 2389 1841 est
2428 1784 2478 1840 ei
2515 1800 2527 1840 :
2565 1806 2588 1836 ι
2623 1784 2765 1855 Quia
2791 1785 2969 1855 major
2996 1785 3197 1841 serviet
3226 1785 3429 1841 minori

1830 1897 1853 1922 ιι
1889 1876 2051 1946 (Gen.
2095 1890 2230 1944 xxv,
2255 1874 2369 1946 23),
2408 1894 2431 1924 ι
2469 1874 2605 1930 sicut
2632 1874 2895 1946 scriptum
2925 1882 3009 1930 est
3038 1892 3052 1929 :
3090 1896 3111 1925 α
3145 1875 3314 1931 Iacob
3344 1874 3427 1930 di-

1829 1987 1851 2013 u
1885 1963 1994 2019 lexi
2019 1983 2033 2031 ;
2066 1963 2217 2018 Esau
2237 1971 2417 2019 autem
2442 1962 2571 2019 odio
2592 1962 2755 2019 habui
2772 1962 3032 2035 (Malach.
3049 1978 3085 2030 ι,
3109 1964 3187 2035 2).
3227 1987 3248 2012 υ
3282 1962 3429 2033 Quid

1831 2076 1853 2103 ιι
1888 2069 2025 2125 ergo
2064 2053 2352 2109 dicemus?
2403 2052 2665 2124 Nunquid
2716 2052 2972 2124 iniquitas
3016 2052 3161 2124 apud
3200 2052 3428 2108 Deum?

1831 2166 1854 2191 α
1889 2141 2043 2197 Absit
2068 2140 2080 2196 l
2112 2141 2287 2213 Moysi
2317 2140 2464 2197 enim
2485 2141 2614 2198 dicit
2646 2158 2659 2196 :
2684 2164 2705 2189 α
2728 2140 3032 2198 Miserebor
3054 2141 3142 2197 cui
3162 2133 3429 2198 misereor

1829 2252 1853 2283 ι
1888 2230 1997 2303 [cui
2048 2230 2306 2285 misertus
2355 2229 2516 2302 sum],
2567 2237 2621 2286 et
2678 2230 3113 2287 misericordiam
3154 2230 3430 2303 prmstabo

1833 2343 1854 2367 α
1890 2320 1977 2376 cui
2005 2319 2311 2376 miserebor
2342 2319 2542 2390 (Exod.
2572 2333 2780 2387 xxxm,
2818 2320 2927 2391 19).
2966 2344 2989 2369 ››
3013 2319 3184 2393 Igitur
3201 2335 3311 2375 non
3332 2336 3430 2377 vo-

1832 2430 1855 2459 α
1891 2408 2053 2464 lentis
2082 2424 2262 2481 neque
2292 2408 2579 2475 currentis,
2606 2408 2706 2465 sed
2739 2408 3048 2465 miserentis
3078 2417 3163 2465 est
3190 2408 3309 2465 Dei.
3334 2409 3430 2465 Di-

1834 2521 1854 2546 α
1891 2498 1965 2554 cit
1987 2498 2133 2554 enim
2154 2498 2442 2569 Scriptura
2469 2497 2739 2553 Pharaoni
2770 2514 2783 2552 :
2822 2517 2844 2548 ι
2880 2496 3021 2568 Quia
3041 2498 3096 2553 in
3125 2499 3231 2555 hoc
3249 2498 3430 2570 ipsum

1833 2609 1854 2635 α
1891 2587 2119 2643 excitavi
2165 2585 2421 2660 [servavi]
2465 2595 2537 2654 te,
2581 2594 2640 2641 ut
2685 2586 2972 2642 ostendam
3012 2587 3068 2642 in
3094 2596 3147 2643 te
3178 2586 3431 2644 virtutem

1833 2698 1856 2728 ι
1888 2692 2090 2743 meam,
2122 2683 2174 2732 et
2203 2683 2263 2731 ut
2292 2675 2612 2732 annuntient
2641 2691 2843 2732 nomen
2869 2692 3053 2731 meum
3083 2676 3139 2731 in
3168 2676 3430 2733 universa

1834 2786 1857 2816 ι
1892 2772 2036 2820 terra
2066 2765 2271 2824 (Exod.
2306 2780 2385 2819 ix.
2422 2766 2533 2837 16).
2572 2788 2593 2812 ιι
2626 2765 2779 2838 Ergo
2808 2764 2896 2821 cui
2916 2765 3030 2821 vult
3048 2765 3355 2833 miseretur,
3377 2774 3433 2822 et

1832 2878 1854 2902 α
1889 2871 2053 2927 quem
2080 2854 2197 2910 vult
2224 2853 2462 2909 indurat.
2496 2853 2645 2909 Dicis
2661 2854 2843 2927 itaque
2864 2852 2997 2908 mihi
3030 2868 3042 2909 :
3078 2853 3223 2923 Quid
3253 2854 3435 2910 adhuc

1833 2966 1855 2993 α
1890 2944 2191 3017 quaeritur?
2223 2942 2500 2999 Voluntati
2530 2942 2674 2997 enim
2704 2946 2822 3012 ejus
2853 2942 2974 3015 quis
3003 2942 3313 2999 resistit?0
3340 2943 3434 2999 ho-

1833 3049 1854 3079 ι
1889 3044 2003 3095 ιιιο,
2035 3036 2092 3083 ιιι
2124 3027 2246 3100 quis
2266 3044 2327 3083 es
2348 3027 2441 3099 qui
2461 3027 2810 3098 respondeas
2835 3028 2950 3083 Deo
2970 3026 2998 3081 ?
3021 3050 3042 3075 α
3076 3027 3337 3099 Nunquid
3358 3027 3436 3081 di-

1834 3140 1855 3163 ιτ
1894 3117 1965 3174 cit
1985 3115 2307 3189 ﬁgmentum
2328 3116 2379 3172 ei
2395 3115 2485 3189 qui
2506 3133 2566 3173 se
2587 3114 2770 3171 ﬁnxit:
2786 3114 2931 3185 Quid
2950 3132 3039 3172 me
3058 3114 3236 3173 fecisti
3254 3116 3332 3173 sic
3354 3118 3383 3172 ?
3404 3139 3428 3168 ι

120 3208 275 3263 etiam
295 3185 439 3264 sunt
469 3185 827 3264 discretiones
857 3185 1179 3264 ofﬁciorum:
1213 3209 1294 3264 De
1325 3207 1554 3281 singulis
1579 3185 1724 3262 enim
1751 3185 1797 3245 Ο
1832 3228 1853 3254 α
1894 3185 2052 3278 (Sap:
2097 3221 2196 3275 xv,
2230 3208 2294 3273 '7;
2325 3185 2433 3261 Isa:
2464 3219 2598 3273 xnv,
2631 3207 2663 3261 9
2689 3222 2703 3271 ;
2734 3207 2849 3262 Jer.
2890 3220 3055 3273 xvm,
3099 3205 3178 3276 6.)
3208 3208 3294 3261 An
3320 3221 3434 3263 non

120 3298 401 3353 ordinibus
431 3296 603 3369 aliqui
648 3296 789 3369 lapsi
817 3305 961 3364 sunt,
993 3304 1052 3351 ut
1083 3296 1331 3353 dicamus
1364 3314 1377 3351 :
1409 3297 1602 3368 Neque
1629 3312 1725 3351 an-

124 3385 225 3457 geli
261 3386 419 3454 mali,
478 3402 710 3457 quorum
742 3384 983 3443 ofﬁcium
1014 3394 1096 3442 est
1126 3386 1347 3457 explere
1380 3385 1721 3457 legationes;

120 3490 290 3547 neque
319 3474 696 3549 principatus,
736 3475 826 3547 qui
875 3476 930 3530 in
960 3491 1166 3548 genere
1195 3475 1463 3530 malorum
1494 3474 1726 3529 subditis

121 3564 324 3638 angelis
339 3564 761 3637 principantur;
784 3564 854 3620 5
873 3564 933 3621 1
958 3581 1138 3637 neque
1160 3564 1408 3630 virtutes,
1433 3563 1559 3618 mali
1581 3562 1727 3618 enim

129 3653 342 3724 spiritus
365 3652 638 3710 miracula
660 3652 878 3711 faciunt.
902 3655 1085 3728 Neque
1101 3654 1411 3720 instantia,
1432 3653 1489 3708 id
1502 3660 1727 3723 estprae-

126 3743 292 3799 sentia
318 3760 422 3800 seu
452 3757 727 3815 prospera
756 3742 863 3797 sint
891 3758 989 3797 seu
1018 3741 1283 3810 adversa;
1315 3758 1494 3815 neque
1523 3744 1728 3813 futura

123 3831 275 3902 hujus
302 3832 507 3888 mundi
536 3832 683 3887 bona
710 3831 794 3888 vel
825 3832 989 3887 mala.
1024 3832 1207 3904 Neque
1223 3832 1527 3903 fortitudo,
1560 3830 1616 3885 id
1644 3837 1729 3885 est

123 3921 366 3977 violentia
396 3920 697 3991 cujuslibet
724 3919 1026 3977 fortissimi.
1050 3922 1236 3993 Neque
1273 3920 1543 3986 altitudo,
1568 3918 1624 3974 id
1645 3926 1729 3974 est

121 4012 403 4080 promissio
451 4010 704 4066 honoris.
754 4010 854 4066 Vel
893 4009 1119 4065 altitudo
1148 4017 1206 4065 ut
1232 4009 1324 4065 illa
1356 4009 1575 4082 quando
1604 4008 1727 4063 dia-

124 4097 271 4155 bolus
295 4106 665 4172 purpuratum
696 4114 756 4154 se
785 4107 836 4155 et
864 4098 1171 4154 diademate
1203 4098 1521 4154 renitentem
1553 4106 1729 4153 osten-

127 4188 215 4243 dit.
243 4190 431 4263 Neque
456 4188 836 4263 profundu-m,
860 4188 915 4242 id
945 4196 1027 4243 est
1049 4187 1151 4243 etsi
1172 4195 1360 4259 aperto
1389 4186 1604 4242 inferno
1633 4186 1731 4240 mi-

125 4286 338 4333 naretur
364 4277 510 4334 mihi
540 4278 596 4331 in
622 4276 801 4348 ipsum
830 4276 1210 4349 praecipitium.
1245 4278 1430 4349 Neque
1458 4279 1731 4332 creatura

128 4368 257 4434 alia,
286 4368 342 4422 id
373 4376 461 4423 est
499 4365 546 4421 si
574 4382 772 4422 novam
801 4373 854 4422 et
881 4381 991 4421 non
1018 4365 1195 4422 visam
1240 4373 1545 4423 creaturam
1575 4364 1729 4422 face-

126 4464 252 4511 rent.
284 4457 434 4512 Nihil
478 4456 677 4510 horum
720 4455 963 4512 omnium
1011 4457 1223 4529 poterit
1269 4473 1373 4511 nos
1400 4471 1667 4528 separare
1695 4470 1730 4509 a

1831 3317 1854 3342 «
1887 3294 2055 3350 habet
2082 3302 2407 3366 potestatem
2440 3291 2639 3366 ﬁgulus
2668 3293 2786 3361 luti,
2821 3310 2887 3349 ex
2918 3295 3110 3350 eadem
3135 3309 3322 3350 massa
3351 3293 3434 3350 fa—

1833 3407 1854 3432 «
1890 3399 2018 3441 cere
2048 3384 2197 3439 aliud
2248 3384 2471 3456 quidem
2511 3400 2606 3439 vas
2637 3383 2692 3438 in
2723 3384 3010 3451 honorem,
3044 3383 3193 3439 aliud
3223 3399 3351 3440 vero
3376 3384 3434 3439 in

1832 3496 1854 3521 «
1890 3472 2321 3530 contumeliam?
2348 3472 2491 3541 Quia
2519 3470 2693 3546 [quid]
2742 3471 2789 3527 si
2818 3473 2967 3528 Deus
3006 3472 3198 3528 volens
3240 3482 3433 3529 osten-

1833 3585 1854 3609 «
1892 3562 2022 3619 dere
2050 3562 2208 3629 iram,
2242 3570 2295 3617 et
2322 3570 2509 3617 notam
2538 3562 2723 3617 facere
2751 3561 3050 3633 potentiam
3072 3578 3245 3629 suam,
3270 3562 3435 3621 susti-

1836 3673 1859 3702 α
1892 3651 2007 3706 nuit
2038 3651 2094 3705 in
2123 3650 2295 3707 multa
2320 3650 2581 3723 patientia
2610 3666 2739 3705 vasa
2769 3650 2862 3706 irae
2890 3659 3018 3723 apta
3046 3650 3101 3706 in
3130 3650 3430 3719 interitum,

1835 3761 1857 3791 κ
1890 3748 1947 3795 ut
1976 3741 2294 3796 ostenderet
2343 3739 2557 3796 divitias
2593 3738 2786 3811 gloriae
2824 3755 2936 3796 suae
2965 3739 3020 3795 in
3051 3754 3183 3797 vasa
3209 3740 3433 3797 miseri-

1834 3853 1856 3878 «
1894 3830 2117 3896 cordiae,
2151 3847 2271 3902 quae
2299 3829 2625 3901 praeparavit
2656 3829 2712 3884 in
2741 3829 2992 3902 gloriam.
3016 3828 3166 3900 Quos
3195 3838 3250 3887 et
3270 3845 3437 3887 voca-

1834 3939 1858 3970 ιι
1892 3919 1970 3974 vit
1994 3935 2105 3975 non
2136 3919 2312 3975 solum
2360 3935 2427 3975 ex
2468 3918 2690 3987 Iudaeis,
2736 3919 2836 3976 sed
2866 3917 3032 3975 etiam
3060 3936 3126 3976 ex
3156 3917 3433 3993 gentibus,

1836 4032 1857 4055 α
1894 4008 2033 4064 sicut
2061 4008 2116 4063 in
2147 4008 2291 4064 Osee
2322 4008 2451 4064 dicit
2483 4026 2496 4062 :
2534 4032 2556 4056 ιι
2594 4008 2816 4064 Vocabo
2846 4024 2956 4064 non
2984 4006 3202 4080 plebem
3230 4023 3431 4078 meam,

1835 4119 1858 4145 α
1894 4097 2113 4168 plebem
2142 4113 2363 4165 meam;
2395 4105 2449 4153 et
2477 4112 2589 4154 non
2618 4097 2895 4166 dilectam,
2929 4097 3212 4166 dilectam;
3245 4105 3299 4154 et
3326 4112 3439 4155 non

1835 4207 1859 4237 α
1891 4186 2322 4243 misericordiam
2369 4194 2737 4257 consecutam,
2772 4186 3205 4244 misericordiam
3234 4203 3440 4245 conse-

1837 4299 1858 4323 α
1896 4283 2071 4332 cutam
2094 4276 2240 4346 (Ose.
2264 4291 2329 4343 ιι,
2353 4280 2457 4343 23;
2500 4277 2529 4332 Ι
2554 4278 2710 4333 Petr.
2729 4291 2790 4346 ιι,
2819 4279 2928 4348 10).
2957 4296 2981 4328 ι
3006 4277 3074 4333 Ει
3094 4276 3214 4344 erit,
3235 4277 3292 4332 in
3313 4276 3439 4335 loco

1836 4388 1858 4413 α
1896 4364 1987 4419 ubi
2018 4364 2225 4421 dictum
2254 4373 2338 4420 est
2367 4366 2446 4420 eis
2463 4380 2573 4421 non
2591 4364 2750 4437 plebs
2771 4380 2898 4422 mea
2912 4381 3031 4434 vos,
3056 4366 3131 4421 ibi
3150 4366 3438 4423 vocabun-

1837 4474 1860 4505 ι
1896 4460 1983 4509 tur
2008 4451 2104 4508 ﬁlii
2131 4453 2233 4509 Dei
2259 4453 2389 4510 vivi.
2422 4453 2587 4509 Isaias
2635 4461 2818 4509 autem
2846 4453 3047 4511 clamat
3074 4470 3176 4526 pro
3206 4452 3380 4511 Israel
3420 4471 3437 4511 :

128 4544 401 4604 charitate
444 4544 599 4614 Dei,
645 4561 766 4618 qua:
811 4548 895 4602 est
942 4545 1007 4599 in
1054 4544 1276 4602 Christo
1318 4546 1451 4602 Jesu
1493 4544 1801 4611 DominoD
1836 4566 1858 4591 α
1898 4543 1955 4598 Si
1982 4541 2145 4598 fuerit
2186 4558 2444 4597 numerus
2496 4540 2736 4598 ﬁliorum
2782 4543 2953 4599 Israel
2983 4551 3239 4616 tanquam
3267 4558 3444 4601 arena

130 4649 220 4689 nos
226 4638 308 4692 tro
319 4675 335 4690 .

748 4771 973 4829 CAPUT
1011 4772 1107 4827 IX.

200 4924 219 4948 ιι
252 4900 556 4958 Veritatem
600 4896 724 4953 dico
767 4897 824 4953 in
871 4897 1087 4954 Christo
1127 4897 1277 4965 Jesu,
1321 4912 1433 4953 non
1459 4895 1722 4953 mentior.

137 5011 157 5035 «ι
187 4990 581 5046 Testimonium
627 4986 760 5042 mihi
806 4987 1129 5058 perhibente
1157 4986 1496 5043 conscientia
1524 5001 1649 5042 mea
1678 4985 1734 5041 in

143 5097 162 5127 ι
192 5077 387 5150 Spiritu
418 5085 618 5135 sancto
651 5093 665 5130 :
697 5076 953 5148 quoniam
991 5075 1209 5130 tristitia
1236 5074 1371 5130 mihi
1401 5083 1483 5131 est
1515 5091 1730 5146 magna,

142 5187 161 5209 ι
191 5175 242 5222 et
266 5169 560 5225 continuus
591 5164 747 5221 dolor
774 5165 927 5222 cordi
968 5181 1112 5222 meo.
1146 5163 1421 5236 Optabam
1452 5164 1597 5221 enim
1628 5178 1735 5237 ego

145 5274 165 5302 ι
196 5254 306 5327 ipse
351 5258 656 5314 anathema
699 5270 822 5310 esse
851 5270 884 5309 a
915 5254 1131 5310 Christo
1160 5269 1259 5325 pro
1287 5253 1546 5309 fratribus
1573 5253 1732 5319 meis,

146 5365 165 5385 -
196 5345 282 5416 qui
311 5354 438 5401 sunt
483 5342 710 5418 cognati
751 5342 858 5399 mei
890 5342 1189 5399 secundum
1219 5358 1460 5413 carnem,
1491 5342 1583 5414 qui
1614 5348 1739 5397 sunt

150 5452 171 5482 ι
200 5433 471 5504 Israelita,
507 5448 749 5506 quorum
795 5432 1019 5503 adaptio
1049 5440 1133 5487 est
1161 5430 1419 5498 ﬁliorum,
1455 5440 1508 5487 et
1535 5430 1735 5503 gloria,

150 5542 169 5570 ι
200 5531 247 5578 et
273 5530 684 5590 testamentum,
718 5529 771 5577 et
790 5520 1077 5596 legislatio,
1101 5528 1155 5577 et
1170 5520 1513 5594 obsequium,
1538 5528 1591 5576 et
1611 5534 1739 5591 pro-

153 5632 173 5655 ι
202 5612 361 5668 missa
395 5632 409 5669 :
441 5627 682 5686 quorum
714 5619 916 5682 patres,
952 5627 1019 5667 ex
1047 5610 1246 5683 quibus
1276 5619 1359 5666 est
1381 5610 1628 5666 Christus
1659 5625 1741 5664 se-

1835 4655 1859 4684 «
1891 4632 2087 4702 maris,
2129 4631 2377 4703 reliquiae
2427 4630 2593 4687 salvae
2638 4630 2768 4688 ﬁent
2809 4632 2940 4703 (Isa.
2990 4647 3051 4700 χ,
3084 4633 3198 4703 22).
3235 4653 3258 4682 ι
3292 4633 3441 4689 Ver-

1834 4743 1858 4774 σι
1895 4721 2025 4777 bum
2045 4720 2192 4777 enim
2211 4736 2622 4788 consummans,
2643 4728 2696 4777 et
2711 4720 3040 4778 abbrevians
3054 4720 3112 4776 in
3131 4719 3387 4794 mquitate
3425 4739 3440 4780 :

1836 4833 1857 4859 «
1894 4810 2020 4883 quia
2066 4810 2296 4867 verbum
2336 4810 2711 4867 abbreviatum
2753 4810 2917 4868 faciet
2960 4810 3227 4866 Dominus
3274 4826 3444 4883 super

1837 4921 1860 4951 ι
1894 4908 2110 4955 terram.
2125 4900 2193 4955 Et
2215 4899 2353 4955 sicut
2372 4900 2626 4971 praedixit
2645 4900 2813 4956 Isaias
2834 4916 2846 4956 :
2866 4923 2887 4948 α
2913 4899 3032 4955 Nisi
3049 4900 3317 4956 Dominus
3338 4900 3440 4957 Sa-

1839 5010 1860 5036 α
1895 4989 2063 5045 baoth
2094 4988 2407 5061 reliquisset
2434 4988 2593 5045 nobis
2625 5006 2833 5060 semen,
2868 4989 3008 5046 sicut
3037 4989 3278 5045 Sodoma
3306 4987 3442 5048 facti

1839 5098 1863 5128 ¢
1897 5093 2164 5145 essemus,
2227 5086 2280 5134 et
2337 5077 2476 5133 sicut
2532 5078 2839 5135 Gomorrha
2895 5078 3102 5135 similes
3145 5078 3443 5136 fuissemus

1839 5188 1862 5216 «ι
1899 5166 2030 5238 (Isa.
2063 5181 2099 5233 ι,
2131 5167 2207 5237 9).
2247 5186 2269 5215 ι
2306 5165 2452 5235 Quid
2480 5183 2615 5241 ergo
2636 5167 2921 5225 dicemus?
2939 5165 3082 5237 Quia
3101 5175 3297 5241 gentes
3317 5183 3445 5241 quas

1840 5278 1863 5303 α
1898 5272 2010 5311 non
2049 5255 2404 5311 sectabantur
2436 5256 2706 5325 justitiam
2749 5256 3234 5329 apprehenderunt
3271 5257 3445 5327 justi-

1843 5367 1865 5391 α
1897 5344 2050 5411 tiam,
2077 5344 2339 5413 justitiam
2377 5353 2560 5401 autem
2590 5362 2712 5418 quae
2742 5362 2809 5401 ex
2838 5345 2944 5402 ﬁde
2975 5352 3078 5401 est.
3114 5346 3284 5402 Israel
3310 5362 3447 5405 vero

1842 5456 1863 5483 «
1901 5433 2161 5490 sectando
2189 5433 2371 5507 legem
2402 5433 2624 5504 justitiae
2664 5434 2987 5508 [justitiam],
3019 5434 3076 5491 in
3124 5434 3307 5509 legem
3349 5436 3449 5507 ju-

1845 5545 1867 5571 «
1901 5522 2061 5579 stitize
2091 5538 2202 5579 non
2229 5523 2499 5594 pervenit.
2532 5522 2718 5594 Quare
2736 5522 2765 5578 ?
2794 5522 2933 5592 Quia
2959 5538 3072 5580 non
3103 5538 3172 5579 ex
3193 5521 3321 5591 ﬁde,
3347 5525 3452 5584 sed

1843 5633 1866 5659 κ
1905 5612 2061 5683 quasi
2090 5628 2158 5669 ex
2205 5612 2483 5685 operibus.
2533 5610 2892 5669 Oﬂ'enderunt
2938 5610 3084 5669 enim
3121 5612 3179 5667 in
3205 5610 3451 5684 lapidem

154 5718 174 5749 ι
201 5702 427 5759 cundum
450 5716 678 5760 carnem
713 5700 945 5774 :quiest
965 5716 1133 5773 super
1152 5699 1338 5757 omnia
1359 5722 1381 5749 ιι
1402 5700 1552 5757 Deus
1572 5698 1743 5756 bene-
1846 5721 1869 5750 α
1909 5699 2248 5773 offensionis,
2302 5701 2443 5760 sicut
2480 5700 2742 5774 scriptum
2785 5708 2871 5758 est
2903 5719 2919 5757 :
2954 5722 2977 5753 ι
3011 5701 3155 5758 Ecce
3198 5715 3347 5773 pono
3391 5701 3453 5760 in
