3970 6434
457 368 526 421 ’79
1000 365 1055 419 S.
1097 360 1452 419 BRUNONIS
1483 353 2129 415 CARTIIUSIANORUM
2174 346 2661 408 INSTITUTORIS
2702 347 2855 405 OPP.
2906 347 3082 403 PARS
3127 346 3195 402 II.

3684 342 3775 396 80

466 512 489 538 ι
526 488 655 543 Sion
701 486 936 559 lapidem
981 486 1296 542 offensionis
1345 493 1397 539 et
1439 491 1642 555 petram
1702 478 1982 543 seandali;
2014 483 2067 532 et
2087 477 2134 537 A
2165 475 2610 531 suntlsraelitw.
2640 474 2909 543 Tempore
2926 470 3069 525 enim
3092 468 3382 523 Jeroboam
3402 465 3558 522 multi
3576 461 3776 519 Judaei

466 599 488 624 ιι
526 576 705 632 omnis
754 576 844 648 qui
886 575 1058 632 credit
1104 575 1158 630 in
1208 590 1351 641 eum,
1382 587 1491 628 non
1522 569 1882 627 confundetur
1911 568 2047 637 (lsa.

465 688 487 713 ιι
523 679 724 731 xxvm,
758 668 858 732 26,-
888 665 917 720 Ι
942 666 1097 720 Petr.
1147 678 1205 729 ιι,
1238 664 1314 733 7).
1354 686 1376 710 η

1101 879 1415 923 ειροειτιο.

538 1010 696 1068 52
741 1011 863 1066 Jam
920 1008 1151 1081 amplius
1207 1022 1318 1062 non
1377 1004 1671 1076 separabor
1726 1018 1755 1057 a
1801 1000 2060 1058 charitate

464 1099 685 1165 Christi,
746 1098 845 1153 sed
898 1097 1028 1152 olim
1086 1104 1366 1166 separatus
1420 1093 1532 1158 fui;
1566 1100 1619 1146 et
1661 1091 1785 1145 inde
1833 1090 2060 1144 multum

461 1188 642 1253 doleo,
676 1194 729 1242 et
758 1187 827 1241 de
857 1187 962 1241 hoc
990 1184 1134 1256 quod
1164 1183 1344 1247 doleo,
1380 1184 1676 1236 veritatem
1708 1180 1829 1234 dico
1857 1178 2061 1249 positus

469 1280 534 1333 in
577 1276 819 1340 Christo,
852 1274 906 1329 in
936 1274 1087 1342 cujus
1125 1287 1355 1342 corpore
1385 1268 1601 1324 mentiri
1630 1284 1737 1322 non
1771 1267 1915 1321 licet.
1946 1267 2062 1320 Nec

467 1365 522 1418 in
553 1379 664 1419 uno
693 1379 878 1429 verus,
910 1370 968 1416 ut
1008 1362 1063 1415 in
1093 1360 1198 1415 alio
1236 1359 1484 1413 mentiar.
1518 1356 1626 1412 Sed
1656 1371 1771 1410 non
1803 1355 1855 1408 in
1887 1353 2064 1425 aliqua

465 1459 623 1523 parte
665 1452 951 1516 mentior;
980 1464 1083 1503 nec
1115 1447 1290 1501 solum
1340 1445 1574 1509 Christo,
1610 1444 1708 1497 sed
1738 1442 1899 1497 etiam
1925 1458 2063 1497 con-

467 1538 711 1593 scientia
728 1550 851 1589 mea
871 1534 1016 1589 mihi
1030 1532 1363 1605 perhibente
1384 1529 1774 1585 testimonium
1791 1527 1936 1597 quod
1957 1541 2071 1601 non.

466 1624 706 1680 mentior
739 1640 753 1677 :
784 1620 1116 1678 conscientia
1143 1620 1296 1681 dico,
1330 1618 1552 1672 fundata
1581 1617 1644 1671 in
1678 1616 1897 1687 Spiritu
1925 1632 2064 1670 san-

470 1718 581 1779 eto,
614 1728 740 1769 cum
770 1726 878 1783 quo
910 1725 1018 1765 non
1048 1708 1359 1780 perhiberet
1379 1705 1593 1761 falsum.
1618 1704 1698 1759 De
1726 1704 1848 1769 hoc,
1874 1702 2061 1773 inquit,

467 1802 591 1856 dico
620 1800 903 1856 veritatem
937 1816 952 1853 :
985 1799 1253 1871 quoniam
1301 1796 1543 1851 tristitia
1570 1810 1778 1865 magna
1808 1796 1893 1847 est
1924 1792 2068 1847 mihi

473 1888 776 1945 secundum
808 1886 1158 1942 aﬁlictionem
1189 1884 1460 1955 corporis,
1492 1887 1549 1938 et
1580 1883 1886 1937 continuus
1913 1880 2068 1935 dolor

478 1978 635 2035 cordi
676 1992 799 2033 meo
830 1974 1055 2031 interius
1092 1990 1104 2028 :
1136 1974 1310 2042 dolor,
1343 1972 1534 2043 inquit,
1580 1978 1661 2025 est
1689 1969 1840 2036 mihi,
1872 1977 1925 2024 et
1948 1984 2071 2023 me-

481 2066 605 2121 rito.
638 2065 746 2137 Ego
774 2063 918 2120 enim
948 2063 1085 2134 ipse,
1119 2062 1211 2133 qui
1240 2060 1404 2116 modo
1435 2058 1678 2131 separari
1708 2072 1943 2128 nequeo,
1972 2073 2071 2128 op-

475 2153 667 2211 tabam
696 2170 815 2210 esse
863 2168 973 2208 non
1018 2151 1194 2206 solum
1242 2157 1564 2220 separatus;
1596 2147 1693 2202 sed
1736 2147 1895 2201 etiam
1924 2162 2072 2201 ana-

478 2243 689 2311 thema,
711 2241 766 2297 id
784 2249 867 2296 est
887 2239 1162 2311 separatio
1200 2238 1430 2293 aliorum
1462 2252 1494 2291 a
1510 2236 1726 2291 Christo
1746 2252 1845 2307 pro
1864 2235 2072 2305 fratri-

472 2328 575 2383 bus
600 2329 779 2395 meis;
811 2326 939 2398 quia
969 2326 1071 2379 hos
1093 2324 1184 2395 qui
1206 2323 1368 2378 modo
1398 2322 1591 2376 fratres
1625 2329 1749 2375 sunt
1779 2320 1834 2373 in
1862 2319 2075 2374 Christo

473 2430 735 2487 separare
785 2414 1038 2469 volebam
1069 2429 1103 2468 a
1133 2414 1250 2467 Deo
1285 2429 1298 2465 :
1331 2411 1426 2482 qui
1472 2410 1631 2464 etiam
1672 2412 1810 2463 sunt
1848 2409 2077 2477 cognati

469 2506 585 2561 mei
613 2503 923 2561 secundum
959 2517 1192 2557 carnem
1218 2519 1233 2567 ;
1267 2500 1412 2571 quia,
1444 2498 1569 2553 licet
1590 2497 1843 2553 omnibus
1864 2496 1917 2550 in
1934 2496 2075 2550 dile-

477 2592 655 2649 ctione
684 2591 904 2647 obnoxii
936 2591 1127 2656 simus,
1161 2588 1476 2643 domesticis
1509 2595 1690 2641 tamen
1721 2585 1943 2656 generis
1972 2600 2077 2639 no-

471 2681 571 2736 stri
602 2681 741 2736 hanc
788 2680 1050 2734 debemus
1095 2676 1394 2748 impensius
1428 2693 1441 2730 :
1475 2676 1571 2747 qui
1599 2675 1762 2729 etiam
1791 2677 1929 2729 sunt
1960 2674 2077 2727 veri

475 2769 752 2826 Israelita:
781 2768 1026 2824 videntes
1057 2767 1253 2831 Deum,
1286 2782 1526 2837 quorum
1556 2762 1721 2817 etiam
1748 2762 1974 2834 ad0ptio
2004 2762 2076 2829 ﬁ-

475 2859 702 2923 liorum,
725 2856 781 2911 id
810 2864 892 2910 est
913 2855 1005 2926 qui
1034 2853 1277 2924 adoptati
1299 2860 1421 2907 sunt
1442 2852 1496 2906 in
1517 2849 1658 2906 filios
1688 2850 1807 2906 Dei.
1832 2849 2077 2918 Quorum

476 2946 642 3000 etiam
669 2946 850 3017 gloria
880 2942 1267 2998 miraculorum
1291 2960 1306 3006 ;
1340 2955 1573 3011 quorum
1594 2940 1759 2993 etiam
1784 2947 1866 2993 est
1895 2942 2079 2993 testa-

476 3037 775 3099 mentum;
805 3030 1170 3103 Evangelium
1214 3028 1637 3100 repromissum;
1684 3026 1880 3099 quibus
1919 3026 2078 3082 etiam

477 3130 560 3177 est
592 3121 728 3177 latio
777 3121 931 3190 legis,
976 3119 1031 3173 id
1060 3126 1143 3173 est
1185 3116 1479 3189 spiritualis
1524 3115 1883 3188 intelligentia
1914 3130 2077 3186 quam

477 3211 580 3267 fert
631 3210 755 3275 lex;
806 3207 1002 3280 quibus
1033 3206 1195 3261 etiam
1244 3212 1327 3260 est
1373 3203 1445 3260 ad
1495 3205 1834 3276 obsequium,
1884 3203 1938 3258 id
1986 3190 2137 3258 estC

480 3298 655 3354 cultus
683 3295 821 3361 Dei;
856 3294 1051 3367 quibus
1081 3294 1242 3348 etiam
1273 3293 1411 3350 facta
1440 3301 1564 3347 sunt
1590 3294 1867 3365 promissa
1897 3290 2076 3347 salva-

476 3385 678 3450 tionis;
726 3383 925 3455 quibus
970 3382 1130 3438 etiam
1186 3386 1380 3453 patres
1423 3380 1576 3436 fuere
1634 3380 1713 3435 illi
1758 3396 1832 3436 ea:
1877 3380 2074 3452 quibus

486 3474 743 3531 Christus
764 3479 921 3526 natus
933 3479 1014 3526 est
1035 3470 1345 3526 secundum
1356 3486 1589 3526 carnem
1620 3489 1639 3524 :
1662 3471 1757 3541 qui
1772 3467 2075 3524 secundum

477 3561 747 3618 Deitatem
777 3560 925 3615 Deus
954 3567 1034 3614 est
1062 3558 1130 3613 ab
1179 3558 1349 3625 initio,
1396 3572 1623 3612 manens
1652 3573 1822 3630 super
1858 3557 2070 3625 omnia,

478 3653 626 3708 Deus
657 3650 781 3705 dico
812 3648 1136 3705 benedictus
1158 3647 1486 3702 aeternaliter
1513 3648 1577 3701 in
1606 3647 1841 3702 swcula.
1871 3645 2071 3700 Amen.

483 3739 612 3795 Ideo
643 3737 843 3792 Paulus
873 3736 1057 3807 plures
1104 3743 1156 3791 et
1183 3735 1419 3804 majores
1467 3735 1588 3789 aliis
1617 3733 1878 3805 apostolis
1908 3731 2075 3788 susti-

482 3826 600 3882 nuit
646 3824 1097 3897 persecutiones;
1130 3824 1258 3895 quia
1303 3831 1627 3895 persccutus
1671 3822 1847 3878 fuerat
1875 3821 2075 3877 Eccle-

483 3915 622 3971 siam
661 3912 857 3969 Christi
889 3929 903 3967 :
937 3912 1083 3983 quod
1128 3912 1273 3967 idem
1311 3912 1559 3983 perhibet
1604 3911 1794 3967 dicens
1826 3926 1840 3965 :
1879 3934 1900 3958 «
1937 3909 2077 3978 Quia

482 4003 606 4075 plus
655 4001 905 4058 omnibus
940 3999 1184 4055 laboravi
1231 4001 1282 4068 (I
1308 4002 1429 4056 Cor.
1474 4014 1571 4069 xv,
1623 3999 1732 4070 10).
1768 4022 1789 4047 ι»
1824 3997 1961 4067 Quae
1989 4006 2076 4053 ta-

482 4107 610 4147 men
645 4089 1015 4161 augmentatio
1051 4087 1450 4158 persecutionis
1488 4086 1583 4141 fuit
1622 4087 1727 4158 ipsi
1772 4087 1842 4141 ad
1889 4094 2075 4142 custo-

485 4179 631 4235 diam
654 4177 894 4247 justitiaa,
929 4185 981 4232 et
1010 4176 1401 4233 incrementum
1437 4173 1646 4248 gloria.
1681 4173 1930 4230 Probavit
1958 4172 2077 4228 suf-

486 4267 735 4325 ficienter
765 4266 1018 4337 superius
1070 4265 1216 4337 quod
1244 4264 1450 4320 electos
1478 4263 1578 4319 Dei
1605 4263 1751 4319 nulla
1780 4279 1866 4318 res
1893 4270 2079 4335 posset

484 4372 518 4411 a
548 4356 664 4411 Deo
694 4369 972 4425 separare.
1006 4354 1067 4407 In
1096 4352 1449 4425 sequentibus
1491 4360 1672 4407 autem
1703 4351 1936 4422 probare
1965 4350 2081 4405 vult

488 4446 631 4500 hanc
675 4442 999 4499 electionem
1044 4440 1281 4497 filiorum
1327 4455 1437 4496 non
1484 4439 1784 4495 secundum
1815 4438 2079 4510 propagi-

2158 564 2479 620 transierunt
2506 563 2573 617 ad
2622 561 2889 617 culturam
2936 559 3225 623 idolorum,
3278 565 3332 613 et
3368 553 3596 627 reputati
3626 557 3774 607 sunt

2157 653 2296 708 inter
2326 659 2537 724 gentes,
2581 649 2856 704 multoties
2896 648 3058 703 etiam
3100 646 3362 701 fecerunt.
3414 643 3562 699 Multi
3588 642 3773 698 etiarn

2158 741 2226 796 de
2256 740 2509 811 gentibus
2538 740 2591 793 in
2640 738 2775 792 ritus
2800 736 3110 791 Judmorum
3141 734 3495 795 transierunt,
3528 740 3582 786 et
3610 732 3778 785 inter

2156 830 2375 884 Judteos
2429 826 2658 898 reputati
2721 833 2862 880 sunt.
2927 825 3048 879 Non
3112 839 3301 877 omnes
3340 821 3429 892 qui
3478 836 3545 875 ex
3586 815 3779 874 Israel

2160 926 2285 972 sunt
2316 916 2612 972 secundum
2651 931 2890 979 carnem,
2922 911 3139 968 dicendi
3169 918 3293 965 sunt
3327 908 3608 965 lsraelitae.
3642 909 3772 964 Ne—

2160 1021 2263 1079 que
2293 1022 2484 1061 omnes
2514 1003 2747 1059 vocandi
2778 1010 2902 1056 sunt
2929 1002 3061 1071 ﬁlii,
3085 1001 3139 1056 id
3171 1008 3253 1054 est
3290 998 3537 1054 hmredes
3576 996 3776 1052 Abra-

2162 1095 2267 1160 ha’,
2294 1094 2418 1149 ideo
2440 1093 2565 1163 quia
2603 1092 2900 1147 secundum
2932 1105 3155 1146 carnem
3187 1093 3322 1144 sunt
3355 1103 3547 1142 semen
3578 1082 3773 1140 Abra-

2161 1184 2279 1251 hae,-
2304 1182 2497 1236 Ismael
2529 1181 2673 1236 enim
2704 1180 2773 1235 de
2805 1179 3011 1234 semine
3042 1178 3221 1234 carnis
3246 1176 3479 1231 Abrahae
3509 1174 3625 1240 fuit,
3656 1188 3777 1229 nec

2162 1279 2341 1326 tamen
2372 1272 2548 1325 haares
2562 1311 2574 1323 .

2236 1360 2391 1414 Unde
2416 1359 2679 1429 scriptum
2699 1365 2781 1412 est
2816 1371 2828 1410 :
2866 1381 2887 1403 α
2922 1356 3071 1424 Ejice
3094 1355 3341 1409 ancillam
3362 1361 3414 1409 et
3432 1351 3599 1407 filium
3617 1352 3776 1421 ejus,

2162 1463 2270 1503 non
2301 1447 2444 1501 enim
2475 1448 2651 1501 haeres
2679 1446 2778 1499 erit
2800 1446 3105 1513 (Gen.xx1,
3133 1447 3241 1512 12),
3273 1467 3293 1489 υ
3328 1451 3463 1508 etc.;
3499 1441 3577 1497 sic
3598 1440 3777 1495 etiam

2162 1552 2264 1591 nec
2295 1535 2436 1590 filios
2467 1535 2701 1589 Abrahae
2729 1534 2959 1588 dicimus
2990 1532 3392 1604 degenerantes
3422 1545 3455 1585 a
3484 1528 3589 1584 fide
3620 1531 3775 1597 ejus.

2164 1624 2510 1679 Consuetudo
2568 1623 2711 1677 enim
2767 1630 2984 1692 patrum
3043 1629 3143 1688 est,
3176 1635 3298 1675 eum
3346 1634 3541 1674 vocare
3590 1617 3775 1672 ﬁlium

2166 1730 2342 1780 suum,
2375 1712 2466 1783 qui
2498 1711 2735 1765 imitatur
2765 1719 2990 1781 patrem.
3023 1710 3161 1763 Eum
3184 1723 3315 1763 vero
3331 1707 3420 1779 qui
3451 1706 3774 1762 contrarius

2173 1810 2256 1856 est
2283 1801 2435 1856 factis
2466 1800 2652 1871 patris,
2698 1798 2829 1853 dicit
2874 1805 3032 1869 pater
3076 1813 3186 1851 non
3230 1813 3352 1851 esse
3381 1794 3546 1849 tilium
3578 1811 3773 1860 suum,

2172 1890 2297 1944 licet
2328 1905 2457 1944 vere
2489 1888 2622 1943 sciat
2660 1888 2728 1941 de
2759 1902 2924 1942 carne
2964 1901 3060 1940 sua
3114 1892 3449 1956 generatum.
3485 1884 3609 1937 Non
3638 1898 3779 1938 om-

2171 1995 2269 2032 nes
2300 1978 2390 2049 qui
2432 1976 2728 2032 secundum
2766 1990 2982 2030 carnem
3027 1981 3151 2027 sunt
3197 1974 3266 2027 de
3295 1973 3502 2027 semine
3531 1971 3780 2026 Abrahe

2172 2076 2293 2124 sunt
2319 2085 2333 2131 ;
2367 2066 2466 2120 Sed
2498 2065 2587 2135 qui
2619 2065 2671 2117 in
2705 2062 3054 2117 similitudine
3084 2061 3234 2116 Isaac
3265 2077 3363 2131 per
3390 2059 3788 2131 repromissio—

2171 2172 2297 2211 nem
2325 2154 2425 2209 Dei
2454 2153 2568 2208 nati
2600 2160 2744 2219 sunt,
2777 2151 2831 2206 hi
2853 2149 3223 2206 vocanturtilii
3244 2149 3495 2204 Abrahar.
3521 2148 3607 2203 Sic
3623 2148 3785 2202 enim

2177 2251 2406 2299 testatur
2451 2241 2745 2312 Scriptura,
2771 2240 2962 2295 dicens
2998 2256 3011 2292 :
3057 2240 3121 2293 In
3167 2239 3341 2303 Isaac,
3391 2237 3447 2292 id
3492 2245 3577 2291 est
3606 2235 3663 2290 in
3694 2236 3789 2290 si-

2177 2331 2481 2387 militudine
2513 2331 2663 2384 Isaac
2695 2330 2805 2383 erit
2840 2329 2941 2383 tibi
2971 2343 3181 2382 semen.
3214 2327 3329 2381 Nec
3350 2326 3452 2381 hoc
3469 2324 3788 2383 secundum

2174 2436 2416 2485 carnem,
2464 2418 2560 2473 sed
2607 2418 2912 2482 vocabitur,
2954 2415 3008 2469 id
3051 2424 3133 2469 est
3179 2431 3278 2485 per
3334 2414 3677 2469 vocationem
3717 2421 3782 2469 et

2175 2508 2658 2580 repromissionem
2690 2506 2811 2567 Dei,
2845 2512 3003 2559 erunt
3032 2503 3128 2557 tibi
3156 2502 3271 2570 filii,
3301 2517 3409 2557 non
3439 2511 3647 2557 tantum
3679 2519 3785 2557 se-

2174 2597 2411 2653 cundum
2458 2594 2658 2649 lineam
2705 2593 2905 2659 carnis,
2955 2599 3217 2663 quantum
3272 2607 3373 2661 per
3408 2590 3782 2646 imitationem

2181 2685 2327 2740 tidei.
2361 2684 2516 2739 Isaac
2544 2682 2688 2737 enim
2720 2690 2880 2736 natus
2908 2695 3019 2735 non
3048 2679 3171 2750 lege
3201 2680 3400 2744 carnis,
3432 2679 3555 2751 quia
3584 2679 3655 2735 de
3686 2695 3789 2735 ve-

2175 2774 2287 2829 tqu
2318 2780 2491 2845 patre,
2523 2779 2577 2825 et
2605 2779 2777 2825 matre
2809 2769 2998 2836 sterili,
3030 2770 3181 2837 cujus
3203 2767 3462 2840 genitalia
3483 2768 3594 2836 jam
3623 2784 3789 2823 mar-

2175 2862 2299 2919 cida
2328 2862 2482 2916 senio
2527 2858 2761 2924 fuerant,
2815 2856 3142 2928 significavit
3186 2872 3295 2911 non
3323 2856 3599 2911 vocandos
3628 2854 3786 2912 ﬁlios

2177 2951 2413 3006 Abrahae
2444 2954 2667 3019 propter
2710 2946 2908 3000 lineam
2950 2945 3150 3010 carnis,
3182 2945 3277 2998 sed
3310 2945 3561 3016 exemplo
3590 2945 3780 3012 Isaac,

2179 3038 2477 3094 secundum
2500 3034 2921 3107 promissionem
2946 3033 3099 3090 53
3137 3034 3255 3088 Dei.
3280 3034 3513 3104 Exponit
3529 3035 3784 3104 Aposto-

2176 3127 2261 3182 lus
2292 3126 2422 3198 quid
2451 3124 2519 3179 sit
2565 3125 2687 3179 hoc.
2736 3124 2796 3177 In
2845 3124 2996 3178 Isaac
3027 3122 3310 3177 vocabitur
3336 3121 3434 3175 tibi
3465 3138 3651 3177 semen
3681 3122 3784 3177 di-

2173 3232 2304 3273 cens
2332 3229 2344 3268 :
2372 3214 2430 3268 Id
2453 3212 2600 3284 quod
2623 3210 2745 3267 dico
2766 3227 2957 3266 semen
2979 3211 3265 3266 vocabitur
3289 3211 3389 3266 tibi
3408 3211 3471 3265 in
3492 3211 3668 3274 Isaac,
3696 3210 3784 3268 sic

2174 3311 2256 3359 est
2285 3300 2718 3373 intelligendum.
2738 3301 2856 3355 Non
2877 3302 2971 3371 qui
3000 3300 3111 3368 ﬁlii
3140 3302 3332 3354 carnis
3353 3300 3587 3354 Abrahae
3619 3309 3772 3370 sunt,

2176 3388 2234 3444 hi
2263 3394 2556 3457 propterea
2581 3391 2702 3438 sunt
2726 3384 2836 3452 ﬁlii
2866 3383 3000 3438 Dei:
3034 3383 3130 3438 sed
3160 3383 3213 3437 hi
3236 3385 3331 3456 qui
3359 3387 3497 3438 sunt
3511 3384 3621 3452 ﬁlii
3638 3401 3781 3456 pro-

2173 3474 2481 3538 missionis,
2514 3471 2569 3526 id
2598 3478 2681 3526 est
2708 3487 2810 3542 per
2838 3471 3317 3542 repromissionem
3347 3471 3523 3533 electi,
3549 3470 3603 3525 hi
3623 3474 3787 3528 cesti-

2175 3565 2413 3617 mantur
2450 3563 2514 3616 in
2564 3560 2778 3615 semine
2824 3559 3078 3624 Abrahae,
3128 3559 3428 3614 imitatores
3467 3557 3592 3615 ﬁdei
3627 3560 3777 3631 ejus,

2178 3648 2638 3723 quemadmodum
2669 3649 2826 3703 Isaac
2855 3664 2955 3718 per
2973 3648 3459 3719 repromissionem
3487 3656 3645 3703 natus
3666 3657 3779 3706 est.

2174 3736 2244 3791 Et
2271 3750 2403 3790 vere
2432 3749 2533 3804 per
2578 3732 3080 3803 repromissionem.
3128 3733 3267 3789 Nam
3299 3733 3403 3787 hoc
3432 3737 3514 3788 est
3544 3733 3784 3790 verbum

2174 3821 2587 3897 promissionis,
2614 3819 2768 3877 facta:
2787 3820 2855 3875 de
2872 3819 3049 3885 Isaac,
3068 3820 3211 3891 quod
3222 3820 3449 3876 verbum
3464 3820 3674 3876 locutus
3692 3831 3786 3879 est

2176 3910 2406 3983 angelus
2435 3910 2506 3965 ad
2532 3910 2811 3964 Abraham
2840 3908 3209 3964 determinans
3237 3909 3648 3979 conceptionem
3678 3908 3786 3967 ﬁlii

2176 4000 2270 4055 diu
2281 4007 2404 4053 ante
2416 3997 2689 4069 promissi,
2705 3997 2922 4052 dicens:
2942 4018 2965 4047 ι
2985 3998 3101 4069 Ego
3113 4013 3214 4052 ven
3222 3999 3336 4052 iam
3348 3997 3660 4053 secundum
3673 3997 3785 4056 hoc

2181 4093 2423 4160 tempus,
2445 4087 2502 4141 id
2523 4094 2606 4141 est
2623 4093 2745 4157 post
2767 4084 3072 4141 revolutum
3093 4102 3295 4140 annum
3329 4087 3433 4143 hac
3454 4087 3641 4142 eadem
3661 4087 3780 4159 die,

2179 4181 2235 4232 et
2276 4184 2567 4247 postquam
2605 4173 2908 4237 advenero,
2932 4175 3044 4229 erit
3071 4174 3223 4229 Sara:
3250 4175 3405 4244 ﬁlius
3434 4176 3781 4244 (Gen.xvm,

2183 4264 2291 4335 10).
2305 4285 2325 4314 ι
2337 4263 2649 4319 Secundum
2669 4261 3063 4330 Ambrosium“
3076 4263 3400 4332 ),praemissa
3419 4263 3594 4319 littera
3608 4263 3786 4339 longe

2182 4367 2350 4423 supra
2378 4351 2535 4406 aliter
2548 4350 2813 4421 jungitur,
2848 4349 2923 4405 ita
2953 4367 2968 4405 :
3001 4351 3120 4422 Ego
3141 4352 3395 4422 optabam
3412 4369 3534 4407 esse
3556 4368 3786 4423 separa-

2181 4441 2255 4495 tio
2286 4440 2549 4495 bonorum
2580 4454 2614 4494 a
2642 4439 2878 4505 Christo,
2912 4439 3058 4511 quod
3089 4438 3357 4495 faciebam
3387 4457 3486 4512 pro
3515 4440 3787 4498 fratribus

487 4549 615 4590 nem
644 4532 849 4597 carnis,
902 4530 999 4586 sed
1045 4545 1112 4585 ex
1157 4528 1440 4586 vocatione
1472 4528 1570 4583 Dei
1604 4527 1739 4584 ﬁeri.
1772 4528 1973 4583 Littera
2003 4526 2080 4583 sic
2102 4539 2155 4600 1)
2181 4528 2337 4594 meis,
2362 4529 2416 4583 id
2436 4538 2514 4584 est
2536 4543 2723 4584 amore
2753 4527 2976 4582 fratrum
2997 4544 3240 4584 meorum
3260 4529 3568 4585 Iudaeorum
3588 4536 3641 4584 et
3660 4529 3787 4587 zelo

482 4619 730 4691 jungitur
759 4637 773 4673 :
799 4619 921 4689 Ego
950 4618 1081 4673 olim
1111 4618 1361 4689 optabam
1390 4633 1513 4671 esse
1543 4616 1815 4687 separatio
1846 4615 2078 4671 filiorum

487 4706 588 4763 Dei
618 4722 652 4762 a
701 4706 955 4773 Christo;
980 4705 1078 4761 sed
1107 4713 1287 4760 tamen
1327 4720 1436 4759 non
1466 4703 1665 4760 excidit
1693 4703 1918 4759 verbum
1954 4702 2073 4769 Dei,

488 4796 547 4852 id
589 4802 672 4851 est
718 4795 845 4851 licet
889 4793 1116 4849 multum
1165 4793 1415 4849 saevirem
1462 4792 1517 4846 in
1546 4808 1737 4848 servos
1759 4791 1879 4858 Dei,
1913 4790 2081 4862 aliqui

490 4884 968 4950 subverterentur;
1005 4891 1185 4937 tamen
1216 4889 1511 4953 propterea
1547 4896 1663 4937 non
1692 4878 1910 4935 excidit
1951 4896 2080 4936 ver-

491 4975 640 5039 bum,
661 4972 716 5027 id
737 4980 820 5027 est
839 4986 948 5026 non
967 4970 1235 5041 inexpleta
1256 4968 1416 5041 periit
1433 4968 1726 5040 promissio
1746 4969 1863 5034 Dei,
1887 4984 1991 5039 qua
2020 4983 2081 5023 se

489 5060 816 5133 promiserat
845 5058 1249 5129 redempturum
1280 5057 1480 5115 Israel;
1512 5056 1641 5127 quia
1660 5055 1786 5111 licet
1811 5056 1968 5111 multi
1995 5072 2086 5112 se-

490 5149 729 5206 cundum
760 5163 981 5203 carnem
1009 5148 1077 5201 de
1123 5145 1291 5200 Israel
1318 5162 1347 5200 a
1379 5144 1676 5199 salvatione
1703 5144 1921 5200 alienati
1951 5144 2086 5212 sint;

492 5253 685 5295 omnes
714 5244 895 5291 tamen
925 5235 1042 5290 veri
1072 5233 1327 5289 Israelita:
1344 5232 1503 5288 electi
1532 5239 1675 5299 sunt,
1701 5240 1752 5287 et
1774 5233 1851 5288 sie
1871 5232 2090 5304 impleta

493 5335 577 5382 est
605 5324 914 5397 promissio.
950 5324 1092 5379 Vere
1132 5320 1235 5376 etsi
1284 5320 1447 5393 aliqui
1478 5321 1715 5391 separati
1742 5329 1865 5376 sunt
1890 5338 1921 5376 a
1948 5321 2085 5391 Deo,

490 5422 781 5486 propterea
800 5426 908 5465 non
926 5409 1125 5466 excidit
1140 5406 1369 5463 verbum
1390 5408 1490 5463 Dei
1513 5426 1528 5474 ;
1548 5408 1806 5479 quoniam
1829 5426 1945 5467 non
1972 5424 2090 5466 om-

490 5518 594 5558 nes
618 5499 674 5556 hi
685 5500 783 5573 qui
800 5502 936 5554 sunt
961 5495 1223 5555 exlsrael
1246 5497 1556 5553 secundum
1586 5511 1837 5567 carnem,
1853 5498 2087 5556 vocandi

2185 4618 2345 4690 legis,
2395 4632 2559 4689 quam
2606 4616 2735 4687 quia
2783 4616 3119 4672 Christianos
3164 4616 3420 4687 putabam
3481 4618 3783 4688 invertere,

2186 4706 2441 4760 dolebam
2473 4722 2487 4760 :
2517 4720 2622 4761 nec
2666 4704 2865 4760 mirum
2911 4704 2958 4759 si
3000 4721 3100 4776 pro
3140 4705 3395 4761 fratribus
3441 4706 3596 4773 meis,
3654 4713 3789 4778 quia

2188 4801 2312 4848 sunt
2340 4793 2559 4865 cognati
2594 4792 2703 4847 mei
2732 4792 3028 4849 secundum
3060 4809 3298 4861 carnem,
3326 4802 3379 4849 et
3408 4795 3499 4865 qui
3530 4810 3653 4849 esse
3675 4795 3791 4851 de-

2189 4880 2435 4936 buissent
2464 4879 2579 4937 veri
2626 4881 2905 4947 Israelita,
2937 4888 2992 4936 et
3020 4898 3251 4952 quorum
3281 4890 3363 4937 est
3389 4882 3606 4954 adoptio
3635 4879 3788 4940 tilio-

2188 4985 2308 5024 rum
2336 4969 2457 5038 Dei,
2485 4969 2540 5023 id
2588 4976 2672 5025 est
2699 4968 2790 5041 qui
2820 4969 3096 5025 debebant
3121 4970 3368 5041 adOptari
3398 4969 3453 5025 in
3482 4969 3624 5026 ﬁlios
3654 4971 3784 5044 Dei,

2193 5057 2299 5112 nisi
2346 5057 2451 5113 hoc
2501 5057 2704 5112 malitia
2751 5073 2944 5113 eorum
2990 5065 3297 5125 averteret;
3331 5067 3385 5115 et
3412 5059 3609 5131 quibus
3662 5072 3789 5119 erat

2189 5145 2366 5219 gloria
2394 5145 2735 5217 eloquiorum
2782 5145 2884 5201 Dei
2913 5146 3264 5214 creditorum,
3298 5155 3352 5203 et
3379 5148 3577 5219 quibus
3605 5147 3787 5206 debe-

2190 5236 2352 5289 batur
2399 5242 2801 5303 testamentum,
2848 5234 2903 5289 id
2949 5243 3029 5291 est
3059 5235 3436 5306 Evangelium,
3471 5245 3522 5291 et
3552 5252 3789 5307 quorum

2190 5331 2305 5378 erat
2340 5322 2612 5393 legislatio
2656 5330 2711 5377 et
2756 5322 3098 5395 obsequium,
3147 5323 3203 5378 id
3231 5332 3314 5379 est
3343 5324 3518 5379 cultus
3550 5325 3674 5380 Dei.
3712 5326 3787 5384 Et

2187 5410 2459 5483 promissa
2504 5411 2840 5466 debebantur
2904 5411 3003 5467 eis.
3052 5411 3241 5467 Patres
3291 5426 3523 5483 quorum
3570 5412 3791 5474 fuerunt

2188 5498 2285 5566 illi,
2318 5515 2385 5555 ex
2415 5499 2612 5571 quibus
2642 5499 2942 5555 secundum
2970 5514 3190 5557 carnem
3218 5508 3379 5558 natus
3408 5509 3491 5558 est
3512 5501 3783 5563 Christus.

555 5677 634 5749 (ι)
664 5677 1024 5729 Commentaria
1049 5676 1099 5726 in
1123 5682 1292 5726 omnes
1314 5676 1447 5729 Pauli
1470 5675 1717 5742 Epistolas
1739 5690 1835 5730 non
1859 5681 2093 5743 putantur
2114 5688 2223 5733 esse
2247 5676 2495 5733 Ambrosii
2521 5694 2535 5732 :
2563 5678 2624 5733 de
2649 5690 2744 5744 quo
2768 5678 2966 5734 consule
2988 5680 3237 5734 Possevini
3259 5683 3579 5746 Apparatum.
