3970 6438
154 336 209 389 81
724 334 1107 393 EXPOSITIO
1170 336 1245 393 IN
1301 334 1688 393 EPISTOLAS
1742 334 1972 393 PAULI.
2026 366 2097 380 —
2154 338 2229 395 IN
2269 304 2507 397 EPIST:
2550 340 2646 398 AD
2709 340 2878 399 ROM.
3398 345 3467 400 82

157 457 254 516 Sed
283 457 415 516 licet
439 459 562 517 hmo
623 460 891 533 promissa
936 461 1074 529 illis,
1106 461 1391 535 iniquitate
1419 478 1519 518 sua
1573 461 1753 533 impe-
1773 463 1830 522 A
1857 460 2096 520 cluderet
2121 483 2136 532 ;
2188 464 2260 520 ita
2290 472 2343 522 et
2372 466 2442 522 de
2471 467 2720 539 sequenti
2749 466 3122 524 testimonium
3151 467 3361 541 posuit,
3411 477 3472 524 ut

169 548 338 604 diente
395 565 508 605 non
563 550 747 622 adepti
795 551 920 618 sint,
951 566 1061 608 non
1092 559 1271 609 tamen
1300 552 1426 607 ideo
1457 551 1582 607 dico
1612 551 1761 624 quod

162 646 446 710 propterea
477 639 746 696 exciderit
775 641 1026 707 verbum,
1059 640 1113 695 id
1141 649 1225 696 est
1253 639 1499 712 impletio
1529 639 1764 711 promis-

161 725 321 782 sionis
352 728 457 782 Dei
490 745 505 782 :
541 728 799 800 quoniam
845 729 891 783 si
950 744 1060 784 non
1102 745 1295 785 omnes
1326 729 1425 802 qui
1458 729 1760 785 secundum

163 831 370 872 carnem
426 816 618 886 Judaei,
652 824 836 873 tamen
883 818 1195 890 quicunque
1219 818 1338 875 veri
1370 802 1626 873 Israelita:
1646 816 1762 873 fue-

162 913 297 972 runt,
322 905 748 977 promissionem
778 906 881 962 Dei
907 915 1264 978 acceperunt.
1306 907 1555 979 Sequens
1580 906 1761 962 littera

167 1009 267 1050 non
287 1002 548 1050 mutatur.
574 996 701 1051 Non
719 996 898 1051 solum
927 1004 1105 1051 autem
1161 997 1304 1053 hanc
1356 996 1488 1051 Sara
1518 994 1762 1067 promis-

167 1083 370 1139 sionem
402 1084 615 1151 habuit,
650 1085 746 1140 sed
779 1085 938 1141 etiam
967 1086 1236 1143 Rebecca.
1270 1084 1672 1141 Convenienter
1692 1084 1762 1141 de

173 1173 421 1229 Rebecca
451 1173 679 1241 inducit,
713 1174 769 1229 in
795 1175 952 1244 cujus
982 1173 1106 1230 ﬁliis
1135 1182 1383 1247 apertum
1417 1183 1519 1240 est,
1551 1190 1618 1230 ex
1649 1173 1762 1229 ele-

167 1262 337 1318 ctione
368 1270 575 1318 tantum
596 1264 716 1332 Dei,
741 1264 943 1319 bonum
972 1263 1210 1336 aliquem
1255 1262 1395 1320 ﬁeri.
1431 1263 1487 1319 Si
1520 1263 1665 1319 enim
1696 1279 1762 1318 ex

162 1368 363 1423 genere
408 1367 517 1409 non
549 1360 631 1407 est
678 1368 848 1408 causa
895 1369 1065 1425 quare
1095 1352 1262 1410 Jacob
1318 1352 1497 1426 magis
1527 1352 1763 1424 eligatur

168 1458 319 1514 quam
351 1444 520 1510 Esau,
555 1440 609 1496 in
641 1457 872 1513 quorum
930 1441 1199 1498 electione
1232 1442 1321 1497 vel
1380 1440 1761 1512 reprobatione

164 1531 305 1586 nulla
334 1538 649 1602 parentum,
674 1530 819 1586 nulla
849 1529 1083 1587 ﬁliorum
1114 1531 1309 1587 merita
1337 1537 1757 1602 praecesserunt,

166 1628 215 1675 et
242 1619 367 1675 ideo
426 1636 525 1691 per
579 1620 883 1676 Rebeccam
923 1620 1162 1692 apertius
1206 1619 1423 1692 probat,
1457 1619 1759 1675 secundum

163 1708 581 1781 promissionem
622 1708 763 1765 ﬁlios
810 1709 1047 1766 Abrahae
1076 1709 1213 1775 fieri,
1246 1725 1411 1781 quam
1430 1725 1532 1781 per
1551 1708 1755 1775 Suram,

1864 553 2117 609 ostendat
2148 570 2386 627 sequens
2416 556 2670 611 meritum
2717 557 2883 612 Jacob
2913 556 3249 613 insuﬂiciens
3277 556 3468 623 fuisse,

1864 649 1919 696 et
1948 642 2171 712 penitus
2230 660 2329 715 per
2358 661 2418 700 se
2478 645 2766 718 indignum
2821 644 2992 701 fuisse
3038 646 3215 718 gratia
3245 645 3385 714 Dei;
3418 654 3472 702 et

1864 729 1991 785 ideo
2017 740 2275 789 constare
2304 734 2452 805 quod
2474 750 2575 805 per
2604 734 3036 790 misericordiam
3058 734 3265 792 electus
3295 736 3383 802 sit,
3409 742 3470 790 ut

1866 818 2029 875 etiam
2063 821 2377 877 ostenderet
2415 823 2562 894 quod
2592 823 2740 877 Esau
2765 823 2910 892 juste
2940 831 3142 897 negata
3174 823 3243 878 sit
3272 823 3467 897 gratia,

1865 909 1996 979 quia
2020 925 2131 964 non
2163 918 2311 966 esset
2358 920 2759 983 c00peraturus
2801 912 3019 985 gratiae.
3060 911 3340 981 Quaeritur
3368 928 3469 970 cur

1863 997 2035 1053 Jacob
2067 997 2276 1055 electus
2317 1000 2405 1069 sit,
2442 1008 2495 1056 et
2523 1001 2668 1056 Esau
2690 1001 3012 1071 reprobatus
3044 1019 3058 1056 :
3091 1017 3213 1057 cum
3243 1002 3300 1057 in
3329 1018 3471 1058 neu-

1868 1094 1948 1141 tro
1979 1088 2235 1144 meritum
2292 1088 2420 1145 boni
2468 1088 2556 1145 vel
2585 1089 2717 1144 mali
2749 1090 3114 1161 praecesserit,
3150 1107 3273 1162 quae
3307 1106 3477 1147 causa

1864 1174 2026 1231 fuerit
2060 1176 2342 1233 electionis
2372 1178 2552 1245 unius,
2577 1186 2631 1234 et
2660 1178 3062 1249 reprobationis
3091 1179 3358 1235 alterius?
3389 1179 3475 1235 Ad

1864 1265 1970 1321 hoc
2000 1267 2390 1337 respondetur,
2422 1267 2592 1323 Jacob
2613 1268 2847 1324 electum
2876 1282 3000 1323 esse
3027 1284 3130 1339 per
3156 1267 3476 1325 misericor-

1865 1354 2009 1409 diam
2036 1374 2049 1421 ;
2074 1355 2222 1410 Esau
2270 1356 2622 1427 reprobatum
2672 1356 2976 1412 secundum
3002 1356 3288 1426 justitiam.
3320 1357 3474 1413 Deus

1865 1443 2030 1512 enim,
2062 1460 2188 1502 cum
2214 1445 2448 1516 primum
2470 1445 2676 1501 creavit
2705 1445 3003 1511 hominem,
3023 1445 3312 1518 multiplici
3345 1462 3473 1502 eum

1862 1532 2146 1607 insignivit
2173 1534 2352 1606 gratia
2385 1553 2400 1590 :
2429 1550 2593 1607 quam
2622 1534 2749 1607 quia
2777 1535 3061 1606 peccando
3091 1551 3125 1590 a
3155 1552 3214 1591 se
3240 1535 3468 1607 repulit,

1862 1620 2150 1695 indignum
2177 1639 2238 1679 se
2280 1622 2409 1679 fecit
2455 1623 2633 1695 gratia
2662 1623 2781 1690 Dei,
2830 1631 2883 1679 et
2914 1623 3113 1680 exinde
3150 1625 3301 1681 Deus
3332 1623 3471 1680 nihil

1865 1710 2072 1766 homini
2128 1711 2346 1780 debuit,
2415 1713 2603 1784 sicque
2652 1727 2764 1767 non
2820 1720 2904 1767 est
2958 1712 3210 1769 relictum
3257 1713 3468 1770 homini

163 1814 278 1871 qua
309 1797 501 1854 Solum
543 1798 774 1854 electum
832 1798 1066 1854 habuit:
1100 1799 1311 1869 accepit
1357 1798 1545 1870 utique
1574 1813 1830 1883 repro-B
1864 1800 2009 1855 unde
2060 1800 2205 1870 juste
2265 1809 2452 1873 posset
2510 1801 2793 1874 conqueri,
2827 1801 2873 1857 si
2918 1801 3230 1858 destituitur
3286 1802 3468 1874 gratia

161 1887 475 1944 missionem
510 1887 780 1954 Rebecca,
814 1888 1022 1944 habens
1052 1886 1191 1943 ﬁlios
1212 1903 1286 1943 ea:
1316 1904 1430 1943 uno
1452 1887 1755 1958 eodemque

161 1978 460 2035 concubitu
489 1978 647 2034 Isaac
676 1977 859 2048 patris
890 1978 1093 2034 nostri.
1114 1978 1183 2033 Ut
1201 1976 1404 2032 sciatur
1431 1976 1624 2033 merita
1651 1991 1756 2048 pa-

160 2073 370 2121 rentum
412 2081 526 2121 non
580 2064 852 2137 profuisse
899 2065 1090 2132 Jacob,
1124 2081 1228 2122 nec
1277 2064 1536 2121 nocuisse
1584 2066 1753 2132 Esau,

164 2154 481 2210 determinat
512 2170 610 2211 eos
632 2170 754 2211 esse
776 2162 1064 2225 generatos
1095 2154 1163 2210 de
1194 2155 1390 2210 eodem
1412 2155 1717 2211 concubitu
1737 2173 1755 2209 :

165 2261 230 2300 ne
258 2244 303 2299 si
332 2246 414 2313 (ut
440 2243 662 2316 quidam
684 2243 897 2315 physici
925 2244 1131 2314 volunt)
1155 2244 1389 2300 diversis
1420 2243 1756 2314 temporibus

162 2333 405 2406 generati
440 2341 646 2399 essent,
680 2340 998 2404 putarentur
1026 2342 1283 2405 parentes
1312 2349 1436 2389 esse
1457 2333 1598 2405 grati
1617 2333 1752 2402 Deo,

162 2439 279 2479 cum
336 2430 653 2496 genuerunt
689 2422 891 2489 Jacob;
933 2422 1151 2496 ingrati,
1199 2422 1416 2494 quando
1449 2429 1756 2494 genuerunt

160 2514 321 2568 Esau.
374 2512 530 2569 Sicut
575 2519 891 2583 parentum,
925 2511 1005 2567 sic
1059 2511 1225 2567 etiam
1284 2511 1474 2567 merita
1521 2509 1755 2566 filiorum

164 2601 432 2668 excludit,
484 2600 716 2656 dicens:
750 2600 998 2656 Rebecca
1026 2600 1212 2673 utique
1270 2600 1460 2655 habuit
1518 2599 1755 2672 promis-

161 2692 384 2748 sionem.
416 2692 556 2746 Nam
588 2691 804 2747 dictum
824 2694 909 2747 est
942 2691 1034 2747 ei:
1063 2691 1238 2761 Major
1279 2691 1484 2746 serviet
1514 2690 1749 2746 minori.

160 2782 264 2838 Sed
307 2790 602 2852 antequam
674 2779 814 2836 dicat
862 2778 1304 2850 promissionem,
1365 2779 1754 2834 convenienter

159 2870 341 2927 merita
388 2869 626 2926 ﬁliorum
669 2885 793 2926 cum
841 2868 1050 2925 meritis
1094 2876 1378 2940 parentum
1409 2867 1663 2934 excludit,
1695 2875 1752 2923 ut

161 2968 366 3018 constet
394 2975 618 3016 omnem
675 2958 997 3014 electionem
1046 2973 1169 3013 esse
1198 2956 1435 3028 primum
1460 2966 1512 3012 et
1541 2957 1751 3029 princi-

159 3052 350 3124 paliter
380 3067 448 3106 ex
480 3048 659 3122 gratia
688 3048 806 3117 Dei,
839 3047 1029 3104 dicens
1065 3064 1078 3103 ε
1111 3047 1360 3103 Rebecca
1376 3046 1564 3102 habuit
1587 3045 1748 3114 ﬁlios,

160 3142 387 3213 quicum
416 3142 660 3195 nondum
689 3137 800 3192 nati
838 3145 1041 3205 essent,
1074 3153 1175 3207 per
1203 3137 1308 3192 hoc
1359 3136 1600 3193 excludit
1626 3153 1749 3192 me-

158 3231 252 3286 rita
279 3229 541 3285 filiorum.
574 3227 681 3282 Sed
712 3234 893 3282 tamen
921 3225 1047 3298 quia
1092 3226 1149 3280 in
1178 3233 1368 3281 ventre
1427 3225 1613 3281 matris
1661 3226 1751 3281 lu-

160 3320 281 3375 ctati
310 3335 437 3375 esse
468 3317 741 3381 dicuntur,
777 3332 846 3371 ne
900 3315 1024 3371 ideo
1062 3322 1379 3386 putarentur
1408 3311 1481 3370 ibi
1508 3314 1753 3386 potuisse

158 3409 372 3473 mereri,
399 3409 508 3464 hoc
527 3405 899 3462 detcrminans
921 3405 995 3459 ait
1020 3420 1031 3459 :
1062 3407 1168 3460 Aut
1189 3421 1317 3460 cum
1336 3405 1588 3460 nondum
1608 3406 1753 3476 egis-

160 3504 281 3555 sent
304 3496 526 3571 aliquid
546 3496 675 3552 boni
702 3500 787 3552 vel
808 3496 970 3560 mali,
996 3509 1097 3565 pro
1118 3510 1225 3566 quo
1243 3494 1332 3550 hic
1353 3494 1577 3550 deberet
1598 3493 1750 3565 eligi,

160 3588 244 3644 hic
297 3585 603 3659 reprobari.
646 3584 773 3640 Ideo
815 3583 1134 3656 priusquam
1164 3591 1395 3656 agerent
1422 3584 1625 3639 bonum
1666 3582 1753 3639 vel

160 3676 375 3742 malum,
408 3676 631 3732 dictum
660 3678 745 3730 est
774 3678 838 3730 ut
859 3673 1232 3746 propositum,
1260 3672 1317 3728 id
1344 3682 1427 3727 est
1457 3672 1750 3744 praedesti-

158 3766 297 3822 natio
326 3767 428 3823 Dei
457 3780 570 3836 qua
601 3765 742 3819 hunc
789 3762 1051 3833 eligebat,
1112 3761 1340 3817 alterum
1398 3762 1749 3833 reprobabat,

155 3859 429 3923 maneret,
465 3854 523 3909 id
569 3860 652 3909 est
679 3867 1003 3924 permanere
1040 3855 1509 3922 comprobaretur,
1543 3868 1752 3909 secun-

158 3945 285 4001 dum
312 3946 657 4003 electionem
688 3941 804 4007 Dei,
839 3957 961 4013 qum
991 3941 1186 3997 electio
1215 3958 1330 3997 non
1363 3949 1477 3997 erat
1504 3940 1646 3998 facta
1677 3959 1752 3999 ea:

156 4036 424 4106 operibus,
458 4033 518 4088 id
546 4039 630 4086 est
659 4030 781 4104 quia
813 4030 953 4086 bene
986 4029 1193 4103 egisset
1221 4030 1523 4096 Jacob,sed
1550 4031 1752 4087 solum-

157 4123 312 4178 modo
342 4140 418 4180 ea:
462 4124 720 4187 vocante,
745 4120 799 4175 id
829 4127 911 4175 est
927 4135 992 4175 ex
1011 4119 1187 4192 gratia
1208 4127 1261 4175 et
1286 4118 1628 4191 beneplacito
1650 4136 1751 4177 vo-

158 4212 319 4268 cantis
347 4212 480 4268 Dei.

222 4302 334 4358 Hoc
355 4300 549 4373 utique
575 4298 775 4355 dictum
806 4306 889 4354 est
921 4297 1071 4369 quia,
1102 4296 1157 4353 id
1175 4298 1411 4371 estquia
1431 4300 1618 4371 major
1634 4315 1752 4355 ser-

157 4392 260 4447 viet
322 4391 561 4447 minori.
611 4389 734 4444 Non
764 4387 888 4443 ideo
936 4387 1132 4443 dicitur
1161 4386 1391 4452 servire,
1432 4388 1578 4459 quod
1607 4389 1752 4443 Esau

159 4480 448 4553 aliquando
479 4477 732 4534 servierit
759 4476 945 4545 Jacob,
965 4477 1064 4533 sed
1093 4476 1417 4549 plerumque
1438 4476 1750 4533 dominatus

1780 3191 1827 3252 Ο

1860 1890 1981 1946 Dei.

1929 1977 2069 2048 Quia
2096 1977 2146 2032 si
2175 1977 2372 2033 iterum
2402 1978 2687 2050 quaeritur,
2720 1993 2844 2034 cum
2883 1983 3112 2048 uterque
3142 1992 3210 2032 ex
3249 1975 3463 2046 justitia

1858 2076 2082 2140 propter
2126 2066 2397 2139 originale
2435 2075 2623 2138 posset
2668 2065 2977 2138 reprobari,
3010 2064 3252 2138 nihilque
3281 2065 3461 2122 meriti

1858 2157 1913 2211 in
1944 2156 2212 2212 ambobus
2242 2164 2518 2227 repertum
2549 2157 2638 2223 sit,
2686 2171 2788 2227 pro
2833 2170 2941 2227 quo
2969 2154 3094 2209 huic
3124 2153 3202 2209 sic
3232 2154 3357 2210 data
3391 2154 3459 2210 sit

1858 2244 2058 2319 gratia,
2092 2244 2222 2301 huic
2251 2253 2487 2317 negata;
2523 2260 2691 2317 quare
2719 2243 2896 2317 magis
2940 2243 3110 2299 Jacob
3156 2242 3361 2299 electus
3386 2243 3456 2300 sit

1858 2351 2023 2408 quam
2056 2334 2251 2390 Esau?
2308 2334 2393 2390 Ad
2424 2336 2530 2391 hoc
2560 2334 2940 2408 respondetur.
2957 2332 3085 2406 quia
3113 2334 3261 2389 Deus
3289 2333 3457 2390 Jacob

1857 2425 2112 2480 idoneum
2143 2432 2195 2479 et
2250 2432 2667 2495 cooperaturum
2714 2422 2904 2497 gratia:
2950 2421 3251 2494 praescivit;
3309 2422 3458 2479 Esau

1858 2529 1992 2570 vero
2037 2530 2146 2569 non
2203 2513 2480 2579 idoneum,
2516 2512 2640 2585 quia
2697 2528 2805 2568 non
2834 2519 3251 2583 cooperaturum
3283 2528 3296 2567 :
3329 2511 3454 2568 ideo

1858 2603 1951 2658 uni
1981 2602 2415 2658 misericorditer
2442 2601 2648 2668 tribuit,
2683 2602 2829 2673 quod
2859 2601 2929 2656 ab
2958 2600 3132 2656 altero
3154 2601 3299 2670 juste
3327 2618 3456 2672 pro-

1858 2701 1981 2765 pter
2011 2691 2278 2765 originale
2306 2690 2580 2756 alienavit,
2615 2690 2761 2762 quod
2817 2689 2950 2745 satis
2999 2697 3190 2761 aperte
3224 2689 3280 2744 in
3318 2690 3455 2746 Juda

1861 2781 2263 2848 consideratur,
2299 2797 2462 2853 quem
2491 2780 2618 2836 licet
2648 2781 2793 2835 Deus
2827 2795 2929 2851 pro
2966 2787 3118 2835 certo
3145 2778 3452 2851 periturum

1857 2878 2238 2946 cognosceret,
2272 2869 2519 2942 permisit
2547 2877 2729 2924 tamen
2776 2868 2854 2923 illi
2891 2868 3121 2941 gratiam
3151 2868 3451 2925 miraculo-

1858 2976 1996 3026 rum,
2018 2966 2077 3014 ut
2106 2958 2228 3014 aliis
2258 2958 2542 3029 apostolis,
2567 2973 2691 3014 cum
2715 2958 2829 3028 jam
2859 2955 2944 3012 fur
2973 2964 3137 3021 esset,
3159 2963 3212 3012 et
3237 2956 3451 3014 loculos
3478 3004 3481 3005 ν

1858 3048 2101 3105 haberet.
2127 3048 2248 3103 Non
2279 3055 2460 3102 tamen
2488 3046 2612 3102 ideo
2644 3045 2776 3117 quin
2796 3045 2961 3102 sciret
2990 3044 3145 3101 illum
3172 3045 3453 3103 irrevoca-

1858 3138 2026 3194 bilem
2053 3152 2087 3192 a
2115 3136 2276 3205 malo,
2311 3136 2406 3191 sed
2438 3143 2494 3190 ut
2544 3134 2926 3206 comprobaret
2967 3134 3126 3190 nobis
3156 3151 3254 3206 per
3282 3135 3448 3204 hunc,

1848 3228 1994 3297 juste
2026 3243 2087 3282 se
2116 3225 2442 3299 quibusdam
2474 3241 2694 3280 omnem
2723 3240 2931 3296 negare
2962 3223 3210 3297 gratiam,
3235 3232 3293 3279 ut
3321 3241 3456 3296 pue-

1856 3317 1929 3371 ris
1960 3316 2142 3371 statim
2174 3315 2292 3370 sine
2338 3314 2613 3385 baptismo
2643 3312 3000 3370 morientibus
3033 3329 3046 3367 :
3081 3313 3276 3386 quibus
3325 3313 3451 3370 ideo

1855 3421 2074 3462 omnem
2104 3404 2336 3478 gratiam
2358 3402 2616 3476 denegat,
2652 3404 2778 3475 quia
2807 3401 2854 3457 si
2912 3411 3124 3474 tempus
3177 3402 3447 3458 haberent

1854 3494 2136 3566 operandi,
2170 3501 2223 3549 et
2252 3492 2427 3565 gratia
2457 3493 2536 3547 eis
2599 3507 2865 3549 concessa
2895 3499 3060 3558 esset,
3092 3491 3448 3547 abuterentur

1855 3600 1938 3655 ea,
1970 3592 2020 3640 et
2043 3583 2122 3639 sic
2149 3598 2248 3655 pro
2278 3582 2453 3655 gratia
2498 3582 2663 3654 longe
2720 3582 2944 3655 gravius
2974 3581 3328 3651 punirentur;
3362 3581 3450 3637 cui

1855 3674 1900 3729 si
1920 3680 2362 3745 cooperarentur,
2396 3671 2753 3727 salvarentur.
2811 3672 2880 3727 Ut
2907 3678 3089 3726 autem
3142 3670 3247 3727 hoc
3300 3670 3451 3726 Deus

1854 3771 2040 3819 notum
2068 3761 2293 3827 faceret,
2325 3761 2475 3817 dedit
2505 3760 2829 3834 quibusdam
2858 3759 3121 3832 gratiam,
3153 3760 3223 3815 de
3251 3758 3448 3832 quibus

1853 3868 1964 3909 non
1993 3852 2278 3907 haesitabat
2298 3851 2429 3924 quin
2459 3850 2810 3906 abuterentur
2838 3866 2919 3916 ea,
2953 3848 3053 3905 sed
3081 3858 3137 3904 ut
3159 3849 3323 3905 etiam
3344 3864 3451 3921 pa-

1853 3943 1958 3998 lam
1990 3942 2164 3999 oculis
2195 3941 2548 4006 haberemus,
2580 3941 2721 4010 juste
2780 3939 3109 4013 quibusdam
3138 3955 3358 3995 omnem
3388 3955 3450 3995 se

1855 4033 2128 4105 denegare
2159 4030 2417 4103 gratiam.
2453 4030 2653 4085 Iterum
2683 4028 2828 4084 aliud
2864 4045 2877 4084 :
2911 4029 3047 4085 Cum
3089 4029 3238 4085 Deus
3269 4028 3457 4085 omnia

1853 4121 2081 4187 creavit,
2113 4121 2360 4193 quaedam
2392 4119 2722 4185 necessaria,
2758 4125 2816 4173 ut
2847 4126 3025 4173 ortum
3076 4117 3207 4172 solis
3246 4126 3299 4174 et
3345 4118 3455 4173 hu-

1848 4209 2090 4281 jusmodi
2117 4228 2132 4277 ;
2164 4209 2415 4282 quaedam
2446 4207 2748 4263 voluntaria
2776 4215 2834 4263 ut
2880 4207 3159 4263 hominem
3184 4215 3237 4263 et
3275 4224 3455 4282 ange-

1852 4298 1964 4354 lum
1995 4297 2295 4356 constituit.
2337 4298 2487 4353 Deus
2515 4304 2697 4352 autem
2731 4297 2810 4353 sic
2826 4314 2991 4352 unum
3014 4313 3113 4369 per
3132 4296 3455 4353 misericor-

1853 4388 1999 4444 diam
2030 4386 2201 4461 eligit,
2244 4386 2402 4443 sicuti
2432 4387 2661 4442 alterum
2701 4403 2801 4458 per
2842 4386 3104 4456 justitiam
3161 4386 3451 4458 reprobat:

1852 4485 1910 4532 ut
1931 4485 2109 4533 tamen
2140 4475 2500 4532 voluntariam
2520 4475 2836 4532 facultatem
2858 4475 2914 4530 in
2939 4475 3019 4530 eis
3039 4491 3148 4531 non
3167 4476 3448 4533 destruat:

158 4568 221 4623 sit
247 4569 314 4634 ei,
348 4576 408 4624 ut
440 4568 536 4640 qui
558 4566 753 4622 fortior
783 4574 902 4622 erat
928 4566 981 4621 in
1013 4574 1182 4622 terra.
1215 4566 1285 4621 Et
1323 4566 1450 4622 ideo
1480 4566 1560 4623 sic
1590 4567 1747 4639 intel-
1766 4560 1819 4620 D
1850 4566 1979 4640 quia
2008 4565 2109 4621 etsi
2139 4564 2340 4620 multos
2388 4564 2444 4619 in
2498 4565 2601 4620 hoc
2659 4564 2859 4620 sznculo
2892 4571 3112 4619 sanctos
3158 4563 3450 4636 multiplici

158 4657 431 4729 ligendum
462 4665 546 4713 est
570 4672 582 4710 :
602 4657 775 4727 Major
800 4656 1025 4723 serviet,
1043 4654 1098 4709 id
1120 4662 1203 4710 est
1220 4654 1367 4710 utilis
1392 4654 1496 4711 erit
1516 4656 1748 4713 minori.

156 4745 363 4816 Quanto
393 4746 545 4803 enim
566 4746 714 4801 Esau
731 4744 911 4817 magis
933 4744 1367 4816 persequebatur
1384 4744 1576 4812 Jacob,
1602 4753 1751 4800 tanto

156 4836 319 4908 magis
348 4827 604 4892 meritum
630 4834 788 4891 54
808 4833 1083 4905 patientiae
1104 4833 1453 4891 accrescebat
1472 4834 1699 4906 patienti
1733 4852 1747 4889 :

159 4934 204 4980 et
218 4926 289 4982 ita
316 4926 527 4983 dictum
556 4931 642 4980 est
688 4923 741 4978 in
771 4923 973 4980 Genesi
1011 4938 1022 4977 :
1056 4924 1229 4995 Major
1272 4924 1481 4980 serviet
1537 4924 1751 4980 minori

157 5015 300 5083 (Gen.
328 5031 472 5085 xxv,
492 5014 609 5086 23).
641 5014 757 5069 Hoc
786 5020 965 5068 autem
995 5013 1200 5069 dictum
1230 5020 1314 5068 est
1336 5013 1619 5076 Rebeccae,
1650 5029 1748 5068 an-

158 5113 360 5177 tequam
407 5102 573 5178 pueri
627 5111 1002 5169 nascerentur,
1046 5102 1193 5174 quod
1224 5102 1426 5159 dictum
1472 5111 1555 5158 est
1611 5102 1747 5159 sicut

161 5194 411 5267 scriptum
451 5201 539 5250 est
570 5209 667 5265 per
724 5191 1044 5248 Malachiam
1076 5192 1145 5247 de
1193 5191 1402 5247 eisdem
1430 5191 1595 5263 longe
1626 5199 1749 5263 post

162 5299 334 5340 eorum
386 5285 703 5340 decessum.
766 5282 883 5338 lloc
939 5280 1124 5354 utique
1181 5280 1444 5353 scriptum
1474 5290 1557 5337 est
1588 5282 1748 5354 :Ego

161 5373 326 5430 dilexi
379 5373 551 5431 Jacob
584 5372 805 5440 (Malae.
865 5386 902 5438 l,
952 5372 1029 5442 2),
1066 5378 1119 5426 et
1173 5386 1276 5442 pro
1325 5371 1429 5427 hoc
1471 5370 1747 5443 praecipue

164 5461 290 5535 elegi
316 5480 462 5520 eum.
497 5464 652 5519 Esau
682 5465 875 5517 autem
903 5460 1029 5533 quia
1058 5462 1181 5517 odio
1205 5460 1396 5525 habui,
1431 5459 1742 5531 reprobavi.

163 5548 342 5607 Odium
374 5551 524 5608 enim
561 5550 663 5606 Dei
690 5549 821 5604 nihil
852 5549 998 5605 aliud
1037 5558 1138 5617 est,
1175 5564 1340 5622 quam
1371 5566 1436 5605 ex
1492 5549 1745 5621 aequitate

161 5641 371 5711 gratiam
392 5641 738 5697 subtrahere.
754 5639 1155 5695 Convenienter
1170 5638 1311 5696 sicut
1327 5639 1397 5694 de
1416 5638 1746 5711 praecedenti

162 5730 515 5788 testimonium
546 5727 748 5803 posuit,
768 5736 826 5784 ut
851 5728 1205 5801 praecessisse
1229 5727 1418 5785 merita
1437 5743 1624 5786 eorum
1644 5743 1744 5785 ex-

1852 4655 2082 4711 munivit
2111 4653 2302 4727 gratia,
2334 4670 2443 4710 non
2468 4662 2648 4710 tamen
2688 4652 2870 4727 coegit
2900 4669 2994 4709 eos
3024 4661 3081 4707 ut
3111 4670 3177 4707 ex
3206 4654 3452 4710 necessi-

1852 4753 1958 4801 tate
1988 4745 2192 4801 bonum
2222 4752 2470 4817 agerent,
2503 4759 2605 4799 nec
2625 4743 2695 4801 ad
2722 4742 2927 4798 malum
2957 4742 3003 4797 si
3041 4741 3244 4799 vellent
3273 4742 3451 4800 decli-

1851 4851 1985 4891 nare
2012 4841 2260 4907 possent,
2295 4834 2395 4891 sed
2451 4832 2661 4903 adjuvit
2716 4849 2816 4904 per
2871 4831 3283 4905 gratiam,quia
3314 4831 3452 4889 vidit

1851 4941 1948 4981 eos
1977 4924 2169 4997 gratiae
2229 4932 2642 4995 c00peraturos.
2693 4921 3019 4979 Econtrario
3050 4937 3160 4977 non
3191 4922 3267 4977 ita
3297 4921 3453 4980 Judae

1850 5013 2117 5070 subtraxit
2153 5013 2411 5086 gratiam,
2442 5020 2521 5082 ut,
2579 5012 2753 5087 gratia
2811 5011 3103 5078 subtracta,
3138 5011 3449 5084 impelleret

1850 5121 1993 5169 eum,
2025 5103 2189 5159 vellet
2219 5102 2406 5170 nollet,
2448 5101 2666 5174 Operari
2721 5101 3084 5175 iniquitatem,
3119 5100 3218 5157 sed
3257 5109 3314 5157 ut
3342 5118 3448 5175 ap-

1847 5201 2062 5265 pareret
2080 5191 2210 5265 quid
2240 5208 2341 5264 per
2369 5207 2429 5247 se
2456 5199 2645 5263 posset
2673 5190 2949 5265 iniquitas.
2985 5190 3041 5249 Si
3073 5190 3219 5246 enim
3270 5192 3456 5265 gratia

1848 5283 1973 5339 data
2000 5282 2089 5337 vel
2116 5289 2316 5355 negata
2345 5281 2681 5353 compellens
2708 5289 2851 5337 esset
2882 5296 2948 5337 ac
2969 5280 3304 5348 necessaria,
3334 5281 3447 5351 jam

1848 5388 1954 5428 non
1986 5379 2131 5428 esset
2164 5370 2407 5427 relictum
2435 5370 2642 5426 homini
2697 5369 2952 5427 meritum
3004 5369 3321 5426 salvationis
3357 5373 3447 5428 vel

1847 5460 2233 5517 damnationis.
2257 5459 2711 5532 Quandoquidem
2732 5460 2903 5516 Jacob
2934 5460 3084 5515 nullo
3107 5459 3301 5516 merito
3316 5477 3451 5532 prae-

1848 5551 2078 5608 cedente
2106 5550 2342 5623 eligitur,
2377 5550 2520 5605 Esau
2544 5548 2792 5605 similiter
2819 5548 2938 5604 sine
2968 5549 3163 5605 merito
3182 5550 3450 5621 reproba-

1848 5648 1954 5708 tur,
1977 5658 2103 5714 ergo
2133 5639 2268 5713 quid
2283 5640 2534 5695 dicemus
2555 5644 2580 5695 ?
2610 5639 2873 5711 Nunquid
2892 5638 3168 5712 iniquitas
3191 5642 3275 5695 est
3297 5641 3452 5713 apud

1846 5732 2023 5788 Deum
2050 5734 2073 5786 .9
2100 5728 2192 5803 qui
2218 5727 2386 5786 Jacob
2407 5727 2618 5801 eligens
2648 5727 2766 5783 sine
2792 5726 3007 5795 merito,
3027 5727 3170 5784 Esau
3197 5727 3451 5799 reprobat
