3970 6448
569 374 636 426 83
1083 368 1138 424 S.
1175 363 1528 424 BRUNONIS
1566 362 2223 422 CARTHUSIANORUM
2275 361 2761 419 INSTITUTORIS
2814 362 2965 419 OPP.
3028 365 3203 422 PARS
3258 366 3333 421 II.
3790 372 3844 425 at

573 491 823 549 similiter
852 492 967 547 sine
995 490 1188 547 merito
1208 491 1236 546 ἵ
1266 491 1454 546 Absit!
1484 490 1589 545 hoc
1620 496 1677 543 ut
1704 496 1999 559 propterea
2016 488 2164 542 Deus
2186 491 2241 550 Α
2270 485 2505 552 indurat,
2529 487 2744 542 videtur
2770 502 2876 542 non
2899 488 3038 543 velle
3067 504 3168 544 nos
3199 489 3340 546 bene
3369 505 3555 561 agere,
3590 492 3742 561 cujus
3769 508 3849 548 vo-

575 582 784 637 dicatur
812 598 934 637 esse
962 580 1179 653 iniquus
1205 577 1217 634 l
1253 581 1396 635 Vere
1425 578 1479 633 in
1512 577 1779 634 electione
1806 576 1975 632 Jacob
1999 582 2051 631 et
2080 591 2167 631 re-

574 670 891 742 probatione
928 670 1077 724 Esau
1107 684 1218 723 non
1265 675 1349 723 est
1399 667 1616 738 iniquus
1670 667 1835 730 Deus,
1870 664 1994 736 quia
2025 665 2169 719 hunc

572 758 824 830 eligendo
851 757 1163 813 misericors
1184 765 1285 825 est,
1318 756 1461 811 hunc
1482 753 1827 825 reprobando
1852 754 2031 822 justus
2063 760 2163 807 est.

573 848 653 903 De
676 846 878 917 justitia
908 845 1154 917 sequitur
1177 843 1423 907 inferius,
1460 842 1552 897 ubi
1580 842 1650 897 de
1684 841 1968 896 Pharaone
2028 840 2166 894 sub-

573 935 668 1001 dit,
740 935 935 1006 probat
1000 934 1069 988 de
1128 931 1507 988 misericordia
1577 931 1811 985 dicens:
1847 931 1983 984 Vere
2042 928 2165 999 quia

574 1022 739 1096 elegit
766 1023 936 1079 Jacob
977 1038 1087 1077 non
1144 1028 1227 1075 est
1257 1019 1491 1091 inquus,
1524 1026 1606 1073 est
1637 1018 1783 1073 enim
1826 1017 2159 1072 misericors.

645 1111 801 1167 55
838 1111 1007 1183 Moysi
1036 1110 1191 1165 enim
1220 1109 1372 1163 dixit
1395 1110 1541 1162 Deus
1565 1106 1762 1173 (Exod.
1788 1120 1997 1169 χχχιιι,
2033 1108 2120 1173 19)
2148 1123 2161 1159 :

569 1201 705 1271 Ejus
728 1202 891 1273 cujus
921 1201 1191 1254 misereor
1238 1197 1292 1251 in
1348 1195 1712 1267 prascientia,
1762 1194 2065 1250 miserebor
2108 1194 2165 1248 in

567 1287 972 1359 justiticatione.
1019 1289 1091 1343 Et
1138 1288 1299 1356 cuius
1343 1285 1647 1340 miserebor
1676 1284 1731 1337 in
1756 1280 2158 1352 justificatione,

570 1377 663 1432 illi
678 1377 955 1449 praestabo
985 1375 1432 1430 misericordiam
1475 1373 1529 1426 in
1552 1372 1865 1427 salvatione.
1902 1370 1998 1425 llic
2034 1370 2163 1423 satis

571 1465 807 1520 ostendit
834 1464 1017 1520 omnia
1047 1479 1169 1518 esse
1199 1478 1266 1517 ex
1295 1461 1688 1525 misericordia,
1724 1460 1847 1532 quia
1867 1459 2164 1530 prascien-

567 1553 661 1619 tia,
688 1551 1021 1622 justiﬁcatio,
1056 1544 1300 1616 salvatio,
1335 1550 1520 1606 omnia
1552 1550 1725 1604 ﬂuunt
1755 1563 1787 1603 a
1827 1547 1975 1602 fonte
2004 1546 2164 1601 mise-

568 1641 838 1697 ricordia.
868 1639 1321 1711 Quandoquidem
1342 1638 1527 1693 omnia
1556 1637 1717 1708 (sicut
1748 1643 2025 1691 ostensum
2058 1637 2162 1705 est)

569 1730 703 1785 ﬁunt
722 1746 823 1801 per
836 1728 1266 1785 misericordiam
1295 1727 1415 1782 Dei.
1451 1728 1631 1798 Igitur
1657 1725 1798 1781 velle
1816 1725 2017 1779 bonum
2046 1741 2162 1779 non

2270 574 2532 630 luntatem
2562 574 2897 647 impossibile
2923 585 3005 631 est
3034 578 3249 631 mutari.
3312 579 3506 633 Paulus
3543 579 3661 636 hac
3689 583 3849 635 omnia

2270 664 2392 718 ideo
2421 664 2568 729 dicit,
2603 664 2730 735 quia
2760 665 2977 719 videbat
3007 666 3281 721 Romanos
3304 667 3358 721 in
3388 668 3649 739 sapientia
3680 672 3850 724 mundi

2269 750 2494 806 nimium
2525 752 2764 823 gloriari,
2799 761 2850 807 et
2880 754 2949 807 ad
2979 755 3289 823 hujusmodi
3338 756 3665 827 quaestiones
3704 775 3844 829 supra

2268 841 2492 894 modum
2548 840 2799 897 insistere
2834 856 2845 895 :
2880 843 3002 897 ideo
3033 851 3089 896 ut
3118 843 3295 916 magis
3326 845 3585 915 reprimat
3616 862 3730 915 eos,
3779 848 3846 902 sic

2268 935 2437 982 totum
2484 929 2724 983 attribuit
2754 932 2944 1002 gratia
2975 932 3093 997 Dei,
3127 941 3182 986 ut
3211 932 3344 986 nihil
3400 934 3648 989 videatur
3698 936 3846 990 relin-

2268 1032 2433 1087 quere
2480 1016 2713 1071 libertati
2745 1018 2968 1073 arbitrii.
3017 1019 3175 1087 Quod
3205 1028 3385 1075 tamen
3416 1022 3548 1076 satis
3577 1025 3845 1079 commode
3923 1008 3926 1018 ’

2267 1104 2604 1177 intelligitur,
2631 1106 2753 1177 quia
2770 1108 3063 1177 necipsum
3092 1108 3300 1163 initium
3323 1110 3525 1164 bonum
3547 1112 3764 1167 volendi
3791 1130 3847 1167 ex

2266 1192 2423 1246 nobis
2444 1194 2617 1247 solum
2646 1210 2767 1249 esse
2789 1204 2986 1265 potest,
3022 1197 3066 1250 si
3096 1213 3204 1251 non
3236 1198 3459 1269 inspiret
3490 1201 3670 1271 gratia
3725 1202 3838 1256 Dei.

2266 1280 2420 1335 Unde
2474 1282 2552 1337 sic
2582 1282 2655 1336 ait
2688 1298 2699 1336 :
2732 1283 2809 1337 Tu
2841 1284 2974 1338 dicis
2996 1285 3125 1339 mihi
3153 1287 3286 1359 quid
3320 1288 3502 1344 adhuc
3525 1292 3794 1361 quaeritur
3819 1306 3846 1344 a

2265 1369 2443 1435 nobis,
2481 1370 2577 1424 sed
2598 1386 2627 1426 ο
2651 1378 2726 1437 tu,
2762 1371 2921 1428 homo
2954 1374 3238 1429 adharens
3267 1377 3624 1433 humanitati:
3653 1382 3713 1433 tu
3739 1381 3846 1450 quis

2266 1472 2323 1511 es
2350 1458 2443 1529 qui
2466 1460 2799 1530 respondeas
2829 1462 2955 1529 Deo,
2991 1462 3045 1516 id
3076 1471 3158 1517 est
3188 1464 3279 1534 qui
3309 1463 3354 1518 si
3376 1465 3519 1521 Deus
3540 1465 3846 1538 mysterium

2265 1544 2423 1614 hujus
2444 1546 2523 1600 rei
2545 1547 2639 1601 tibi
2662 1550 3015 1618 enarraverit,
3047 1550 3321 1623 intelligas
3343 1552 3472 1607 illud
3486 1553 3512 1607 ?
3534 1554 3630 1609 Vel
3656 1559 3717 1609 tu
3738 1558 3847 1627 quis

2266 1649 2322 1687 es
2341 1636 2435 1705 qui
2457 1635 2810 1707 respondeas,
2845 1637 2899 1691 id
2929 1646 3010 1692 est
3053 1639 3143 1711 qui
3184 1639 3365 1712 litiges
3394 1649 3444 1695 et
3464 1642 3706 1721 disputes
3736 1660 3845 1699 cum

2265 1723 2373 1778 Deo
2403 1722 2471 1777 de
2493 1725 2756 1793 mysterio
2776 1726 2935 1794 hujus
2957 1727 3034 1781 rei
3052 1727 3079 1780 ‘t
3104 1729 3226 1782 Non
3248 1729 3415 1784 habes
3437 1747 3600 1800 super
3619 1733 3723 1788 hoc
3740 1749 3846 1787 res-

572 1826 656 1874 est
684 1819 945 1884 volentis,
978 1825 1037 1872 ut
1064 1816 1365 1871 ascribatur
1391 1815 1458 1870 ei.
1484 1816 1667 1886 Neque
1687 1830 1902 1870 currere
1935 1817 2165 1869 estcur—
2183 1848 2236 1907 B
2265 1811 2508 1881 pondere
2539 1813 2653 1867 Deo
2674 1856 2687 1877 ,
2724 1814 2861 1868 sicut
2891 1830 2992 1870 nec
3022 1831 3158 1885 Opus
3189 1815 3340 1887 figuli
3370 1819 3529 1873 habet
3558 1820 3627 1874 de
3658 1820 3848 1876 factura

568 1908 772 1974 rentis,
807 1906 861 1960 id
892 1913 973 1961 est
1006 1903 1225 1975 Operari
1255 1920 1365 1958 non
1423 1910 1505 1957 est
1537 1902 1837 1974 operantis,
1870 1902 1965 1957 sed
1994 1904 2165 1957 mise-

568 1996 748 2051 rentis
777 2003 859 2049 est
887 1996 1006 2050 Dei.
1038 1994 1231 2064 Neque
1263 1992 1403 2047 velle
1433 2008 1612 2063 neque
1642 1990 1825 2046 facere
1858 1991 2058 2044 bonum
2075 2006 2168 2061 po-

568 2092 676 2139 test
702 2084 887 2149 homo,
919 2082 1024 2137 nisi
1070 2080 1445 2137 misericordia
1477 2079 1577 2135 Dei
1605 2096 1705 2151 per
1735 2079 1992 2150 Spiritum
2033 2095 2165 2133 san-

568 2182 717 2229 ctum
746 2179 999 2243 operetur
1019 2170 1075 2225 in
1095 2186 1179 2225 eo.
1206 2169 1349 2224 Vere
1371 2171 1695 2224 miserentis
1716 2169 1818 2224 Dei
1841 2172 1923 2223 est
1950 2168 2090 2222 velle
2113 2175 2166 2222 et

568 2260 854 2334 perficere,
893 2259 1021 2332 quia
1048 2274 1157 2314 non
1184 2258 1492 2313 miserentis
1516 2266 1595 2313 est
1618 2273 1796 2328 neque
1825 2256 1964 2311 velle
1986 2273 2164 2327 neque

567 2348 833 2422 perﬁcere
865 2348 992 2419 (hoc
1050 2354 1133 2402 est
1168 2346 1493 2417 reprobare)
1527 2346 1670 2418 quod
1717 2353 1905 2416 aperte
1934 2344 1990 2399 in
2021 2346 2163 2398 Pha-

570 2454 737 2493 raone
769 2436 1090 2492 ostenditur.
1124 2436 1279 2493 Dicit
1306 2437 1458 2491 enim
1481 2435 1775 2507 Scriptura
1797 2434 2079 2489 Pharaoni
2109 2433 2163 2487 in

566 2526 787 2582 Genesi.
821 2525 1224 2581 Convenienter
1254 2524 1321 2579 de
1353 2524 1634 2579 Pharaone
1664 2522 1887 2587 inducit,
1913 2522 1998 2577 cui
2016 2522 2162 2576 Deus

568 2617 710 2672 hanc
739 2614 973 2689 gratiam
1002 2612 1285 2686 proposuit
1324 2627 1336 2665 :
1368 2620 1425 2666 ut
1455 2612 1501 2666 si
1524 2611 1682 2667 vellet
1713 2627 1813 2682 per
1858 2610 2163 2667 doctrinam

560 2705 734 2776 Moysi
762 2707 901 2759 bene
917 2718 1083 2775 agere
1106 2709 1296 2774 posset
1316 2700 1522 2772 (Exod.
1562 2715 1645 2767 ιχ,
1672 2700 1779 2769 16).
1808 2700 2026 2754 Certum
2046 2698 2163 2771 qui-

559 2795 685 2849 dem
713 2794 861 2849 Deus
881 2791 1113 2847 habebat
1130 2792 1474 2846 Pharaonem
1492 2804 1771 2860 nunquam
1801 2788 2159 2859 paeniturum,

561 2882 659 2937 sed
688 2889 746 2937 ut
770 2881 827 2935 in
856 2896 922 2936 eo
950 2880 1036 2935 cui
1081 2878 1311 2951 gratiam
1335 2877 1593 2933 doctrina
1641 2876 1933 2941 concessit,
1990 2892 2161 2948 eaque

560 2970 761 3025 abusus
791 2977 873 3025 est
902 2968 1084 3041 plane,
1119 2966 1281 3022 nobis
1311 2965 1626 3022 ostenderet
1651 2965 1884 3037 gratiam
1906 2966 2050 3034 juste
2073 2981 2163 3020 ne-

559 3067 739 3131 gatam
765 3058 912 3112 Esau
952 3057 1270 3127 priusquam
1303 3062 1624 3119 mereretur,
1656 3062 1707 3107 et
1754 3053 2007 3107 omnibus
2038 3053 2161 3125 qui-

560 3148 665 3202 bus
694 3146 765 3201 ita
795 3153 1031 3216 negatur
1061 3160 1073 3198 :
1104 3143 1234 3216 quia
1253 3142 1297 3197 si
1320 3144 1469 3198 Deus
1498 3143 1651 3197 daret
1680 3142 1933 3214 gratiam,
1966 3142 2161 3197 abute-

2267 1900 2349 1953 sui
2382 1901 2754 1956 contradicere
2786 1901 2981 1973 figulo,
3017 1912 3069 1958 et
3099 1913 3178 1959 est
3211 1914 3330 1976 apta
3365 1907 3699 1976 similitudo;
3734 1911 3850 1981 quia

2267 1989 2725 2058 quemadmodum
2755 1990 2955 2061 ﬁgulus
2985 1993 3053 2047 de
3086 1994 3223 2059 luto,
3258 1996 3336 2051 sic
3395 1996 3540 2051 Deus
3581 1998 3846 2053 hominem

2264 2076 2459 2147 lutum,
2484 2086 2535 2132 et
2566 2080 2712 2133 omni
2733 2080 3028 2150 pollutione
3058 2082 3317 2139 infectum
3345 2084 3567 2140 invenit.
3602 2088 3726 2142 Non
3756 2088 3847 2141 ha-

2264 2165 2363 2219 bes
2401 2166 2606 2238 utique,
2642 2168 2786 2239 quod
2840 2171 3177 2242 respondeas
3222 2174 3351 2227 Deo.

2336 2255 2603 2326 Nunquid
2634 2257 2779 2311 enim
2808 2258 3143 2328 ﬁgmentum
3171 2261 3311 2316 dicit
3343 2263 3393 2317 ei
3424 2264 3521 2335 qui
3550 2280 3607 2319 se
3637 2265 3848 2335 ﬁnxit:

2268 2342 2409 2408 Quid
2437 2361 2526 2398 me
2555 2346 2635 2400 sic
2675 2348 2865 2416 fecisti
2894 2347 3060 2402 breve
3099 2349 3184 2403 vel
3222 2350 3474 2421 longum,
3508 2351 3743 2408 informe
3769 2354 3849 2409 vel

2264 2429 2555 2485 formatum
2576 2432 2603 2485 ?
2633 2436 2719 2487 An
2752 2451 2863 2489 non
2906 2436 3068 2491 habet
3115 2438 3321 2509 ﬁgulus
3351 2444 3699 2511 potestatem
3725 2443 3846 2505 luti,

2263 2518 2416 2586 cujus
2445 2528 2525 2573 est
2555 2519 2651 2574 luti
2681 2524 2950 2577 materia?
2980 2524 3068 2580 Sic
3099 2526 3247 2581 Deus
3278 2544 3374 2581 vos
3421 2543 3613 2583 omnes
3654 2530 3709 2584 in
3744 2530 3847 2584 luto

2265 2607 2575 2663 sordidatos
2603 2611 2857 2683 originali
2905 2614 3127 2683 reperit.
3180 2617 3265 2669 An
3297 2632 3411 2671 non
3460 2618 3648 2689 utique
3677 2624 3849 2692 potest

2264 2711 2337 2750 ex
2364 2697 2557 2751 eadem
2576 2714 2779 2767 massa,
2806 2717 2925 2771 qua
2948 2709 3055 2758 tota
3076 2702 3131 2755 in
3154 2719 3211 2757 se
3232 2703 3512 2759 immunda
3532 2715 3634 2776 est,
3667 2710 3848 2778 facere

2262 2785 2424 2839 aliud
2469 2785 2625 2841 56
2668 2788 2890 2859 quidem
2920 2806 3014 2845 vas
3046 2791 3107 2844 in
3138 2793 3424 2861 honorem,
3450 2811 3556 2865 quo
3590 2796 3803 2850 bibatur
3829 2814 3841 2850 :

2262 2874 2422 2928 aliud
2453 2890 2577 2930 vero
2610 2877 2670 2930 in
2702 2880 3130 2944 contumeliam,
3153 2879 3209 2933 in
3239 2897 3346 2951 quo
3389 2883 3611 2938 sordida
3633 2884 3846 2939 familia

2262 2970 2598 3031 reponantur
2615 2964 2642 3017 ἲν
2670 2966 2737 3019 Et
2768 2966 2903 3021 sicut
2934 2966 3131 3039 figulus
3150 2977 3466 3038 potestatem
3488 2972 3721 3027 habetin
3740 2974 3845 3027 luto

2262 3050 2367 3105 hoc
2388 3067 2485 3105 vas
2509 3051 2710 3117 facere,
2737 3054 2873 3109 sicut
2888 3055 3066 3125 placet
3087 3057 3425 3114 honorabile.
3458 3061 3572 3116 Hoc
3593 3062 3764 3127 aliud,
3786 3063 3846 3116 si-

2262 3141 2596 3195 cutmateria
2625 3143 2772 3197 vasis
2794 3152 2911 3197 erat
2957 3144 3254 3215 immunda,
3289 3147 3646 3206 immunditia
3678 3151 3845 3205 desti-

560 3244 750 3292 rentur
778 3207 950 3303 ea,vet
980 3207 1139 3288 inde-
1165 3232 1388 3305 gravius
1439 3231 1761 3317 punirentur
1793 3248 1807 3284 :
1840 3230 1964 3285 ideo
1996 3230 2158 3286 etiam
2183 3207 2229 3267 Ο
2257 3243 2391 3282 nare
2421 3246 2433 3282 :
2458 3229 2537 3284 sic
2557 3230 2703 3284 Deus
2735 3246 2950 3286 omnem
2989 3249 3231 3289 massam
3263 3236 3497 3291 hominis
3535 3247 3845 3311 corruptam

559 3327 710 3381 Deus
738 3322 1010 3379 Pharaoni
1041 3321 1299 3377 doctores
1331 3319 1594 3387 adhibuit,
1619 3328 1676 3374 ut
1705 3319 1844 3373 mala
1865 3336 1984 3391 qua
2004 3319 2156 3390 prius

556 3413 613 3470 in
641 3412 736 3468 illo
764 3412 1025 3479 latebant,
1063 3410 1225 3465 modo
1245 3416 1434 3481 aperta
1465 3406 1688 3475 ﬁerent;
1715 3408 1844 3463 dum
1865 3409 1980 3463 Deo
2002 3408 2056 3462 in
2076 3416 2155 3463 tot

555 3510 610 3558 et
665 3500 829 3557 tantis
884 3500 1185 3567 resisteret,
1241 3505 1295 3554 et
1342 3496 1619 3569 prophetis
1649 3504 1699 3551 et
1729 3496 2007 3551 miraculis
2042 3512 2153 3552 non

556 3590 946 3664 acquiesceret.
1000 3589 1138 3656 Hoc,
1184 3587 1442 3659 inquam,
1494 3587 1792 3657 Scriptura
1829 3586 1970 3641 dicit
1997 3587 2152 3641 Pha-

552 3682 720 3737 raoni
740 3699 758 3735 :
780 3679 912 3752 quia
931 3678 995 3733 in
1027 3676 1127 3732 hoc
1155 3677 1376 3748 ipsum;
1406 3675 1509 3729 hoc
1538 3674 1683 3745 quod
1704 3673 1758 3728 in
1790 3673 1992 3729 Genesi
2021 3689 2151 3729 con-

553 3768 792 3823 tinuatur
825 3785 838 3821 :
871 3768 936 3822 in
991 3765 1090 3822 hoc
1120 3767 1306 3837 ipsum
1363 3764 1419 3819 in
1468 3778 1574 3836 quo
1621 3770 1677 3818 tu
1709 3779 1847 3829 eras,
1880 3763 1935 3817 id
1967 3771 2068 3829 est,
2093 3772 2150 3818 tu

554 3873 676 3913 eras
698 3857 752 3911 in
772 3856 936 3924 malo,
963 3854 1061 3910 sed
1080 3853 1345 3923 occultus,
1364 3861 1415 3908 et
1437 3852 1491 3906 in
1508 3853 1611 3908 hoc
1631 3852 1778 3907 malo
1801 3855 2049 3908 excitavi
2072 3857 2144 3920 te,

551 3944 923 4002 subtrahendo
942 3942 1177 4017 gratiam
1206 3950 1265 3997 ut
1295 3957 1594 4014 appareres
1624 3940 1799 3995 malus
1830 3941 1968 3996 sicut
2002 3957 2143 3996 eras.

550 4035 681 4091 Ideo
711 4034 895 4105 utique
924 4038 992 4089 ut
1044 4031 1339 4089 ostendam
1369 4034 1431 4088 in
1464 4035 1518 4086 te
1561 4032 1835 4087 virtutem
1854 4046 2058 4098 meam,
2090 4030 2147 4085 id

549 4131 635 4180 est
664 4124 819 4197 signa
848 4121 1237 4177 miraculorum
1258 4164 1274 4187 ,
1308 4137 1431 4192 qua
1459 4135 1568 4175 non
1598 4119 1947 4175 ostenderem
1976 4119 2022 4174 si
2046 4135 2145 4175 ac-

550 4213 884 4286 quiesceres.
918 4212 1048 4265 Ideo
1078 4210 1240 4265 etiam
1271 4210 1559 4264 ostendam
1578 4252 1590 4275 ,
1624 4212 1691 4264 ut
1720 4225 1927 4264 nomen
1955 4224 2145 4263 meum

498 4286 501 4289 5
547 4303 939 4359 annuntietur
954 4301 1017 4355 in
1030 4301 1295 4355 universa
1310 4303 1716 4369 terra,pr0pter
1727 4297 1989 4352 miracula
2002 4295 2145 4352 facta

547 4391 605 4446 in
636 4392 871 4462 Egypto
904 4388 1223 4460 Ubicunque
1249 4387 1395 4443 enim
1408 4387 1768 4442 audiebantur
1791 4386 1949 4456 signa
1971 4387 2141 4458 :Egy-

541 4480 601 4548 ti,
635 4479 922 4535 dicebatur
955 4493 968 4532 :
1002 4479 1230 4550 Magnus
1260 4485 1341 4532 est
1371 4478 1517 4531 Deus
1551 4476 1925 4531 Hebraerum.
1954 4475 2141 4543 Quan-

2256 3324 2475 3387 pr0pter
2509 3319 2775 3390 originale
2814 3321 3116 3390 inveniens,
3143 3324 3189 3377 si
3214 3333 3426 3395 partem
3460 3327 3619 3395 hujus
3655 3345 3847 3384 massa

2255 3406 2533 3462 munditia
2555 3408 2808 3477 destinat,
2828 3410 3216 3467 misericordia
3232 3421 3315 3467 est
3340 3432 3352 3468 :
3372 3415 3516 3485 quod
3533 3432 3668 3472 vero
3687 3418 3844 3473 aliam

2253 3495 2543 3564 partemin
2572 3495 2912 3553 immunditia
2961 3500 3281 3557 sordescere
3303 3503 3524 3569 deserit,
3580 3506 3846 3579 aquitatis

2254 3590 2335 3637 est
2370 3601 2382 3636 :
2417 3592 2468 3638 et
2498 3593 2689 3640 contra
2718 3587 3028 3658 aquitatem
3085 3590 3390 3647 reclamare
3431 3592 3696 3661 injustum
3746 3603 3843 3663 est,

2253 3671 2388 3726 sicut
2417 3681 2693 3728 ostensum
2727 3683 2827 3729 est.
2862 3676 2918 3730 Si
2954 3677 3086 3732 illud
3116 3680 3261 3750 quod
3291 3689 3513 3751 peccato
3546 3699 3646 3739 suo
3678 3684 3847 3739 sordi-

2251 3759 2435 3815 datum
2457 3770 2556 3831 est,
2583 3764 2729 3817 Deus
2752 3766 3031 3836 sequendo
3045 3767 3305 3836 justitiam
3322 3769 3377 3823 in
3398 3770 3742 3827 immunditia
3761 3773 3847 3828 de-

2249 3856 2407 3915 serat,
2440 3866 2550 3905 non
2579 3851 2743 3907 habet
2772 3854 2934 3908 homo
2982 3872 3146 3926 super
3174 3858 3277 3913 hoc
3307 3859 3451 3929 quod
3510 3861 3846 3917 contradicat

2247 3938 2382 3993 Deo.
2404 3938 2545 4007 Quid
2566 3940 2726 3995 etiam
2747 3942 2957 3998 dicetur
2992 3944 3061 3998 de
3090 3946 3213 4011 hoc,
3234 3947 3279 4001 si
3302 3948 3449 4002 Deus
3496 3949 3695 4020 quibus
3738 3967 3844 4005 non

2247 4026 2407 4082 debet
2429 4044 2493 4082 ex
2525 4030 2901 4085 misericordia
2922 4032 3010 4086 dat
3031 4034 3280 4105 gratiam,
3308 4045 3357 4091 et
3378 4037 3453 4090 illi
3472 4048 3698 4108 accepta
3726 4055 3845 4112 gra-

2244 4113 2318 4169 tia
2347 4116 2661 4187 abutuntur,
2696 4135 2874 4174 nonne
2908 4121 2999 4191 qui
3031 4123 3337 4191 hujusmodi
3378 4135 3499 4180 sunt
3528 4128 3725 4182 merito
3754 4144 3845 4181 re-

2242 4204 2585 4274 probantur?
2643 4207 2803 4275 Quod
2849 4210 3261 4281 aquipollenter
3316 4214 3408 4267 ait.
3460 4215 3537 4281 Si,
3595 4215 3840 4289 inquam,

2242 4294 2387 4348 Deus
2412 4296 2598 4349 volens
2620 4298 2912 4353 ostendere
2934 4300 3101 4367 iram,
3121 4299 3174 4354 id
3205 4309 3286 4355 est
3310 4303 3722 4359 damnationem
3743 4305 3845 4359 im-

2238 4380 2455 4452 piorum
2496 4392 2737 4454 apertam
2770 4387 2951 4441 facere
2980 4388 3320 4457 hominibus,
3354 4392 3455 4445 sibi
3487 4392 3714 4463 quidem
3746 4411 3848 4449 no-

2238 4478 2350 4524 tum
2381 4481 2494 4527 erat
2520 4490 2795 4546 nunquam
2845 4492 2939 4530 eos
2996 4477 3187 4549 gratia
3217 4479 3360 4535 data
3392 4490 3789 4551 c00peraturos
3824 4498 3835 4535 :

541 4568 835 4641 doquidem
853 4568 1000 4622 Deus
1018 4583 1085 4621 ex
1104 4566 1381 4622 voluntate
1398 4565 1763 4636 elegitJacob,
1789 4572 1839 4618 et
1860 4580 1925 4619 ex
1945 4564 2137 4619 volun-
2157 4572 2210 4630 1)
2241 4562 2431 4616 volens
2462 4562 2627 4617 etiam
2657 4568 2852 4619 notam
2882 4567 3071 4636 facere
3098 4571 3417 4639 potentiam
3445 4587 3607 4626 suam
3629 4615 3641 4635 ,
3678 4573 3733 4628 id
3765 4580 3846 4627 est

538 4666 651 4714 tate
683 4656 1113 4729 reprobatEsau.
1135 4655 1286 4726 Ergo
1316 4655 1502 4726 palam
1521 4662 1605 4710 est
1633 4654 1778 4726 quod
1790 4653 1937 4707 Deus
1966 4654 2134 4709 mise-

539 4751 703 4803 retur
734 4747 897 4816 cujus
922 4746 1043 4801 vult
1066 4764 1084 4799 :
1101 4744 1229 4816 quia
1248 4744 1395 4799 videt
1410 4760 1532 4798 eum
1555 4750 1971 4813 cooperaturum
2003 4757 2133 4814 gra-

538 4836 646 4901 tia,
679 4839 736 4891 et
763 4834 1003 4889 indurat
1019 4849 1182 4907 quem
1211 4835 1371 4888 vult:
1396 4832 1521 4905 quia
1548 4832 1696 4886 videt
1717 4847 1841 4886 eum
1867 4846 1977 4886 non
2004 4831 2129 4886 ido-

537 4940 699 4979 neum
728 4923 938 4996 gratia.
959 4923 1221 4977 Indurare
1250 4921 1370 4990 Dei,
1396 4929 1478 4975 est
1514 4921 1741 4992 gratiam
1769 4936 1880 4975 non
1908 4936 2127 4976 accom-

535 5013 778 5068 modare.
827 5010 968 5080 Quia
999 5010 1108 5066 dixi
1137 5011 1312 5066 Deum
1339 5010 1587 5065 misereri
1620 5009 1771 5073 huic.
1794 5017 1843 5064 et
1867 5008 2126 5065 indurare

532 5102 677 5158 hunc
697 5118 762 5157 ex
790 5101 1088 5169 voluntate,
1111 5099 1293 5171 itaque
1323 5098 1478 5164 dicis,
1502 5106 1555 5153 et
1585 5097 1777 5166 objicis
1805 5098 2127 5164 mihizouid

531 5192 717 5249 adhuc
733 5191 1007 5264 queritur
1037 5206 1067 5242 a
1098 5188 1254 5243 nobis
1284 5195 1341 5242 ut
1372 5188 1511 5242 bene
1543 5202 1770 5259 agamus
1795 5205 1807 5241 :
1828 5187 1917 5258 qui
1935 5203 2125 5257 repro-

531 5279 644 5335 bati
673 5280 811 5335 bene
841 5295 1011 5351 agere
1041 5293 1150 5332 non
1172 5276 1501 5347 possumus?
1536 5275 1635 5330 Vel
1655 5276 1744 5331 ita.
1768 5276 1908 5343 Quid
1941 5276 2122 5331 adhuc

530 5369 826 5442 quaeritur,
880 5367 937 5421 id
965 5374 1047 5420 est
1076 5364 1446 5435 conquaritur
1476 5364 1621 5418 Deus
1652 5364 1719 5418 de
1750 5363 1926 5428 nobis,
1961 5363 2005 5417 si
2035 5362 2121 5418 of-

527 5456 800 5513 fendimus
822 5472 943 5511 cum
973 5453 1211 5509 indurati
1232 5469 1339 5507 non
1361 5451 1638 5508 offendere
1660 5469 1768 5507 non
1788 5469 2077 5524 possumus
2094 5454 2121 5507 ἰ)

524 5546 649 5601 Non
678 5554 759 5601 est
788 5545 933 5598 unde
954 5549 1243 5614 quaratur.
1276 5541 1376 5595 Vel
1406 5540 1538 5612 quid
1568 5557 1600 5595 a
1630 5541 1787 5596 nobis
1829 5542 2070 5613 requirat
2104 5556 2115 5595 :

524 5634 654 5709 quia
680 5634 800 5708 quis
826 5636 1009 5705 potest
1048 5630 1310 5687 resistere
1360 5632 1648 5686 voluntati
1692 5633 1856 5704 ejus?
1887 5630 1989 5688 Ubi
2020 5646 2119 5687 nos

2234 4658 2431 4720 quanta
2459 4652 2697 4720 potentia
2726 4653 3003 4722 patientia
3040 4655 3242 4711 faceret
3273 4674 3399 4713 suos
3429 4662 3843 4728 persecutiones

2231 4737 2520 4808 impiorum
2551 4739 2804 4806 tolerare,
2836 4758 2936 4811 per
2965 4744 3109 4815 quod
3142 4761 3241 4799 nec
3272 4745 3326 4799 in
3364 4747 3544 4817 impiis
3575 4751 3840 4819 reproba-

2231 4825 2299 4879 tis
2331 4828 2477 4881 Deus
2507 4836 2764 4899 Operatur
2811 4830 2926 4886 sine
2957 4832 3349 4901 misericordia,
3383 4850 3506 4890 cum
3564 4839 3841 4908 patientia

2228 4916 2481 4970 meritum
2511 4926 2789 4973 accrescat
2820 4920 2932 4973 suis
2962 4938 3062 4991 per
3099 4921 3502 4979 indurationem
3541 4926 3834 4983 malorum.

2241 5005 2428 5059 Valens
2459 5006 2642 5077 utique
2674 5009 2816 5062 Deus
2848 5011 3140 5066 ostendere
3158 5013 3305 5067 iram
3334 5012 3389 5065 in
3419 5013 3615 5085 impiis,
3636 5022 3840 5088 poten-

2231 5093 2373 5146 tiam
2404 5093 2459 5146 in
2493 5094 2698 5160 electis,
2733 5099 3013 5153 sustinuit
3032 5099 3093 5153 in
3112 5102 3397 5170 patientia
3427 5105 3633 5169 multa,
3662 5114 3713 5159 et
3746 5123 3836 5161 se-

2226 5181 2462 5235 cundum
2495 5190 2727 5254 tempus,
2756 5193 2807 5239 et
2839 5187 3138 5241 secundum
3170 5205 3456 5244 numerum
3476 5191 3837 5262 impietatum.

2224 5268 2513 5326 Sustinuit
2542 5273 2666 5328 dico
2698 5291 2827 5329 vasa
2856 5276 2974 5339 irae,
3009 5276 3064 5329 id
3097 5284 3178 5330 est
3228 5294 3323 5332 eos
3352 5278 3407 5332 in
3452 5280 3649 5350 quibus
3693 5284 3838 5352 juste

2223 5357 2553 5415 infundenda
2585 5370 2665 5415 est
2696 5362 2792 5429 ira,
2824 5364 2879 5417 id
2910 5372 2991 5418 est
3021 5364 3313 5421 damnatio.
3384 5370 3516 5423 Vasa
3546 5369 3669 5425 dico
3701 5378 3837 5445 apta

2222 5450 2285 5503 in
2308 5450 2628 5517 interitum,
2663 5451 2716 5505 id
2748 5461 2827 5506 est
2877 5453 2932 5506 in
2988 5454 3347 5523 perditionem
3405 5466 3628 5528 propter
3660 5462 3833 5515 solum

2221 5536 2503 5606 originale,
2565 5538 2610 5592 si
2641 5556 2912 5610 nunquam
2968 5542 3191 5598 daretur
3245 5545 3422 5614 gratia
3479 5563 3584 5617 qua
3636 5550 3831 5605 abute—

2221 5633 2426 5681 rentur.
2460 5627 2720 5685 Sustinuit
2746 5629 2887 5695 ideo,
2942 5635 3003 5688 ut
3033 5633 3352 5690 ostenderet
3383 5636 3613 5691 divitias
3641 5640 3835 5710 gloria:
