3970 6434
224 343 289 396 85
861 340 1245 400 EXPOSITIO
1300 342 1377 398 IN
1418 340 1804 399 EPISTOLAS
1861 339 2089 398 PAULI.
2121 371 2191 383 —
2220 342 2297 399 IN
2325 342 2547 399 EPIST.
2589 345 2685 399 AD
2725 342 2896 402 ROM.
3492 350 3561 402 86

229 485 367 536 sure,
399 466 459 523 id
489 474 573 523 est
602 466 824 523 divitem
842 466 1077 542 gloriam
1099 482 1249 523 suam
1274 469 1337 523 in
1372 485 1504 525 vasa
1523 468 1850 524 misericor-
1874 467 1925 527 A
1956 467 2256 523 secundum
2290 466 2560 525 sacriﬁcia
2590 476 2641 525 et
2672 477 2967 542 praecepta.
3010 470 3127 526 Nec
3156 486 3321 543 super
3346 470 3566 527 Judmos

230 558 355 625 dite,
382 556 440 613 id
471 565 555 612 est
585 556 639 611 in
662 572 757 612 eos
787 556 840 611 in
871 572 1010 629 quos
1030 556 1363 613 infundenda
1393 566 1507 613 erat
1534 556 1849 612 misericor-

232 645 322 701 dia
347 665 361 713 ;
394 663 521 719 qua:
546 661 675 701 vasa
693 648 1057 720 prwparavit,
1087 646 1144 701 id
1174 655 1257 701 est
1275 645 1681 717 praedestinavit
1703 646 1848 700 Deus

230 735 303 791 ad
330 735 642 791 habendam
670 734 906 791 futuram
933 737 1196 808 gloriam.
1219 736 1334 791 Nec
1365 736 1540 792 solum
1561 734 1847 807 praedesti-

229 824 424 880 navit:
472 822 570 879 sed
618 840 771 898 quos,
817 824 871 880 id
918 832 1002 880 est
1066 840 1198 880 vasa
1244 824 1635 881 misericordiae
1681 823 1846 878 etiam

233 914 416 970 missis
445 914 898 985 praedicatoribus
927 913 1164 971 vocavit.
1196 914 1332 969 Illud
1365 930 1503 987 quos
1534 914 1601 969 ad
1634 920 1848 969 senten-

233 1002 363 1058 tiam
392 1003 640 1074 respicit,
672 1019 780 1058 non
808 1003 876 1058 ad
896 1002 1153 1058 litteram.
1202 1004 1420 1060 Vocavit
1440 1003 1563 1059 dico
1592 1020 1713 1069 nos,
1740 1002 1845 1059 sci-

228 1092 360 1147 licet
387 1100 439 1148 et
470 1108 610 1164 quos
639 1108 740 1147 nos
760 1091 788 1146 ?
817 1092 873 1147 id
902 1099 985 1146 est
1015 1109 1129 1148 non
1161 1094 1344 1148 solum
1374 1108 1450 1148 ea:
1487 1092 1713 1158 Iudaeis,
1746 1092 1844 1147 sed

227 1184 407 1238 etiam
437 1198 512 1238 ex
538 1182 796 1253 gentibus
831 1196 842 1235 :
877 1180 1002 1253 quia
1024 1181 1485 1254 quemadmodum
1507 1181 1726 1235 Iudaeos
1746 1197 1842 1237 vo-

226 1272 400 1336 cavit,
435 1270 514 1326 sic
546 1278 598 1325 et
627 1279 841 1341 gentes.
868 1271 1068 1325 Probat
1091 1269 1237 1343 quod
1266 1270 1480 1326 vocatio
1511 1269 1752 1342 gentium
1776 1287 1842 1324 ex

224 1360 344 1415 Deo
377 1359 447 1414 sit
476 1359 668 1415 dicens
702 1360 876 1414 :Vere
907 1360 1053 1414 Deus
1076 1359 1287 1415 vocavit
1310 1368 1525 1431 gentes,
1552 1360 1690 1415 sicut
1712 1359 1841 1415 dicit

224 1466 338 1505 non
370 1448 538 1513 Osee,
572 1448 667 1504 sed
700 1448 964 1504 Dominus
992 1448 1048 1502 in
1086 1448 1250 1504 Osee.
1299 1450 1414 1504 Hoc
1445 1448 1630 1520 utique
1660 1448 1791 1503 dicit
1823 1465 1835 1504 :

238 1539 443 1595 l'ocabo
460 1539 679 1610 plebem
707 1554 894 1594 meam
925 1555 1040 1594 non
1060 1538 1279 1611 plebem
1300 1555 1509 1605 meam,
1530 1537 1580 1592 id
1600 1546 1682 1592 est
1705 1554 1840 1610 gen-

225 1628 493 1694 tilitatem,
529 1644 651 1699 quae
683 1628 846 1682 modo
876 1643 983 1683 non
1014 1627 1174 1699 plebs
1203 1643 1327 1682 mea
1371 1626 1584 1683 dicitur.
1618 1628 1840 1683 Vocabo

222 1734 326 1790 per
354 1716 614 1790 gratiam,
649 1724 701 1772 et
730 1714 921 1772 faciam
950 1717 1169 1788 plebem
1198 1733 1383 1773 meam
1433 1717 1577 1785 (Ose.
1612 1731 1672 1783 ιι,
1721 1720 1835 1786 23),

1950 556 2147 625 solum,
2164 558 2263 613 sed
2276 557 2440 613 etiam
2453 575 2624 631 super
2637 562 2871 626 terram,
2888 559 2943 615 id
2955 568 3038 616 est
3050 576 3218 632 super
3231 569 3445 634 gentes.
3462 561 3562 617 Vel

1947 644 2019 700 ita
2047 663 2061 700 :
2082 646 2261 702 Salvte
2271 648 2414 716 ﬁent
2426 648 2699 721 reliquice.
2716 649 2857 703 Nam
2870 666 2971 721 per
2981 649 3211 706 verbum
3224 649 3358 705 illud
3371 650 3440 705 de
3453 666 3563 722 quo

1946 733 2148 790 dictum
2165 744 2247 790 est
2268 754 2281 791 :
2302 759 2323 783 «ι
2341 738 2401 791 In
2414 736 2679 808 principio
2691 746 2809 793 erat
2822 738 3043 793 verbum
3058 739 3243 811 (Joan.
3261 755 3297 806 I,
3317 740 3392 809 I),
3413 760 3434 788 ι
3453 747 3560 795 etc.

1947 821 2106 890 Quod
2136 824 2386 895 verbum,
2416 825 2472 879 id
2503 833 2585 880 est
2628 825 2895 894 Christus,
2944 827 3047 883 erit
3089 822 3478 883 consummans
3512 837 3565 884 et

1945 912 2280 967 abbrevians
2327 913 2509 985 legem
2552 914 2609 968 in
2653 914 2923 986 aequitate,
2994 915 3132 972 sicut
3173 916 3378 973 dictum
3427 926 3558 973 est:

1947 999 2089 1067 Quia
2138 1002 2410 1059 Dominus
2451 1005 2630 1076 faciet
2679 1003 2783 1058 hoc
2844 1005 3071 1060 verbum
3105 1006 3453 1075 breviatum,
3504 1006 3561 1062 id

1944 1098 2027 1144 est
2076 1092 2377 1147 secundum
2425 1100 2758 1163 assumptam
2806 1108 3030 1149 carnem
3095 1095 3444 1151 mortalitatis
3507 1104 3561 1152 et

1940 1179 2317 1249 passibilitatis
2383 1181 2454 1236 ab
2517 1182 2731 1253 angelis
2795 1182 3141 1239 minoratum.
3204 1185 3363 1239 Juxta
3424 1185 3559 1241 illud

1942 1270 2117 1338 (Psal.
2153 1270 2276 1341 vni)
2301 1288 2314 1325 :
2341 1293 2363 1318 α
2396 1271 2677 1326 Minorasti
2719 1288 2842 1326 eum
2870 1272 3218 1343 paulominus
3261 1274 3333 1328 ab
3379 1290 3558 1347 ange-

1939 1356 2028 1417 lis.
2068 1381 2089 1406 n
2120 1358 2187 1413 Et
2214 1360 2317 1415 hoc
2340 1361 2566 1416 verbum
2586 1363 2763 1432 faciet
2786 1378 2957 1434 super
2977 1365 3213 1433 terram,
3238 1362 3292 1417 id
3308 1371 3390 1418 est
3411 1364 3558 1435 quod

1939 1444 1996 1501 in
2058 1455 2253 1503 natura
2291 1449 2508 1503 deitatis
2572 1458 2690 1505 erat
2734 1450 3023 1516 invisibile,
3077 1468 3176 1522 per
3221 1460 3557 1523 assumptam

1939 1551 2160 1592 carnem
2193 1538 2505 1593 hominibus
2539 1539 2595 1593 in
2624 1547 2773 1595 terra
2811 1540 3091 1596 exhibebit
3141 1540 3376 1597 visibile.
3416 1543 3557 1598 Vere

1937 1642 2035 1696 per
2080 1626 2315 1682 verbum
2363 1627 2666 1683 breviatum
2717 1628 2881 1684 salva:
2927 1627 3058 1684 fient
3104 1629 3367 1702 reliquiae.
3416 1631 3559 1686 Nam

1937 1715 2053 1770 nisi
2078 1716 2353 1772 Dominus
2383 1718 2705 1790 reliquisset
2729 1718 2886 1775 nobis
2908 1718 3015 1774 hoc
3044 1735 3257 1785 semen,
3288 1720 3557 1791 perdere-

222 1812 280 1863 et
312 1824 427 1862 non
460 1806 731 1861 dilectam
753 1805 1133 1878 gentilitatem.
1159 1806 1377 1862 Vocabo
1396 1822 1497 1877 per
1515 1805 1765 1878 gratiam,
1786 1814 1911 1891 etB
1939 1819 2097 1869 mur;
2128 1812 2182 1859 et
2212 1806 2315 1860 hoc
2345 1805 2469 1860 dico
2498 1821 2607 1861 non
2639 1806 2812 1861 solum
2844 1823 2909 1861 ex
2939 1823 3047 1875 me,
3096 1808 3194 1861 sed
3224 1808 3387 1863 etiam
3419 1808 3560 1864 sicut

218 1896 415 1952 faciam
444 1895 736 1961 dilectam,
761 1893 1112 1964 justiﬁcando
1140 1911 1171 1949 a
1197 1895 1433 1966 peccatis
1466 1913 1479 1949 :
1511 1900 1566 1951 et
1588 1895 1840 1950 eamdem
1942 1893 2189 1963 praedixit
2220 1894 2390 1949 Isaias
2420 1894 2725 1951 vaticinans
2762 1895 2831 1951 de
2860 1896 3052 1951 eodem
3082 1914 3094 1951 :
3127 1898 3248 1952 Nisi
3285 1899 3558 1955 Dominus

219 1984 585 2058 gentilitatem
613 2000 729 2039 non
750 1989 1113 2040 consecutam
1135 1984 1583 2040 misericordiam
1605 2005 1623 2052 ,-
1645 1984 1839 2039 iaciam

221 2079 590 2132 consecutam
619 2074 1073 2130 misericordiam
1103 2073 1156 2128 in
1180 2073 1504 2129 salvatione.
1541 2075 1598 2127 In
1622 2073 1835 2147 signum

221 2172 403 2220 autem
466 2162 742 2218 salvandaa
784 2162 1104 2233 gentilitatis
1133 2163 1220 2219 hic
1251 2161 1395 2217 Osee
1443 2162 1837 2234 praedicaturus

221 2255 451 2309 salutem
480 2252 745 2325 gentium,
772 2252 959 2321 jussus
987 2260 1069 2308 est
1099 2268 1131 2307 a
1185 2253 1301 2307 Deo
1356 2251 1559 2307 ducere
1611 2268 1837 2307 uxorem

219 2342 621 2409 fornicationis,
655 2349 759 2398 etc.
801 2343 999 2398 l’ocabo
1021 2342 1205 2413 utique
1226 2341 1604 2415 gentilitatem,
1648 2346 1704 2397 et
1731 2342 1835 2397 hoc

219 2435 351 2499 erit,
376 2433 438 2488 in
463 2433 579 2488 loco
601 2432 693 2487 ubi
713 2432 928 2487 dictum
951 2435 1036 2486 est
1055 2433 1205 2487 :Non
1222 2432 1374 2504 plebs
1400 2447 1523 2485 mea
1539 2447 1649 2496 vos,
1675 2430 1731 2484 id
1752 2439 1834 2485 est

219 2521 273 2576 in
304 2529 418 2577 toto
448 2520 655 2575 mundo
683 2519 776 2574 ubi
803 2519 975 2574 Judaei
1003 2520 1180 2574 solum
1222 2519 1380 2591 plebs
1426 2520 1527 2575 Dei
1556 2520 1833 2575 vocaban-

222 2616 336 2676 tur,
370 2608 609 2682 gentiles
656 2624 784 2663 vero
830 2624 940 2663 non
992 2608 1194 2663 ibidem
1248 2608 1589 2663 vocabuntur
1634 2608 1833 2662 amodo

225 2707 441 2773 gentes,
467 2698 565 2753 sed
598 2698 952 2754 vocabuntur
978 2698 1091 2767 ﬁlii
1112 2698 1215 2752 Dei
1234 2697 1365 2764 vivi,
1389 2696 1481 2768 qui
1503 2697 1666 2752 vitam
1684 2706 1836 2752 aeter-

229 2804 354 2843 nam
387 2804 551 2860 quam
582 2787 746 2842 habet
774 2786 997 2840 daturus
1045 2795 1126 2841 est
1170 2786 1250 2841 eis
1297 2802 1433 2857 quos
1465 2803 1527 2841 ex
1569 2786 1833 2841 electione

223 2877 456 2934 vocavit.
486 2875 583 2931 Vel
606 2876 675 2930 ita
712 2890 724 2929 :
758 2877 975 2941 inloco,
1000 2875 1055 2930 id
1078 2874 1233 2930 estin
1253 2875 1456 2942 Iudaea,
1491 2876 1586 2931 ubi
1612 2876 1833 2931 dictum

219 2972 302 3024 est
323 2968 477 3023 :Non
497 2966 649 3037 plebs
662 2981 786 3021 mea
806 2980 895 3020 vos
917 2984 935 3020 :
954 2965 1029 3020 ibi
1053 2965 1401 3020 vocabuntur
1419 2965 1529 3034 lilii
1544 2966 1681 3033 Dei;
1703 2964 1830 3037 quia

220 3065 272 3112 et
302 3056 370 3113 de
398 3055 608 3112 Iudaeis
656 3053 811 3111 electi
854 3060 979 3109 sunt
1019 3053 1267 3125 apostoli,
1318 3070 1419 3125 per
1467 3070 1607 3126 quos
1634 3062 1830 3125 gentes

215 3160 497 3202 conversae
527 3150 686 3210 sunt;
718 3151 769 3199 et
808 3142 865 3198 in
908 3141 1094 3199 Iudaea
1132 3141 1394 3214 originem
1445 3142 1680 3214 primam
1721 3143 1827 3198 ha-

215 3235 324 3289 buit
378 3233 651 3290 Ecclesia.

289 3326 580 3397 Postquam
625 3322 966 3379 vocationem
1017 3321 1265 3396 gentium
1309 3321 1633 3377 auctoritate
1682 3320 1829 3378 Osee

221 3412 578 3478 confirmavit,
608 3412 798 3483 probat
830 3428 929 3484 per
958 3411 1158 3467 Isaiam
1187 3411 1549 3468 salvationem
1609 3411 1830 3467 Judaro-

220 3520 356 3571 rum,
390 3512 446 3560 et
482 3502 874 3559 convenienter
905 3502 1006 3559 hoc
1025 3501 1239 3573 probat.
1272 3500 1517 3557 Gentiles
1544 3500 1689 3556 enim
1721 3501 1828 3555 im-

218 3591 587 3666 prOperabant
619 3590 843 3661 Judmis,
880 3591 1026 3664 quod
1073 3591 1245 3647 semel
1286 3590 1446 3661 culpa
1494 3606 1591 3645 sua
1621 3590 1827 3662 repulsi

218 3690 267 3736 et
294 3680 597 3753 reprobati,
631 3680 858 3735 ulterius
889 3680 1101 3752 indigni
1144 3689 1328 3736 essent
1374 3679 1672 3735 salvatione
1702 3679 1821 3734 Dei.

220 3770 355 3827 Osee
385 3772 467 3828 sic
499 3770 632 3827 dicit
663 3770 729 3826 de
760 3770 1014 3841 gentibus
1048 3786 1060 3825 :
1098 3771 1274 3826 Isaias
1304 3774 1499 3825 autem
1528 3770 1739 3825 clamat
1772 3777 1825 3824 et

218 3859 440 3915 afﬁrmat
467 3860 576 3915 hoc
603 3876 707 3933 pro
754 3860 928 3916 Israel
966 3860 1097 3932 (Isa.
1143 3876 1193 3927 x,
1229 3860 1341 3929 22),
1391 3858 1444 3913 id
1476 3865 1555 3913 est
1586 3874 1687 3929 pro
1717 3859 1822 3913 ho-

218 3950 454 4006 norando
498 3949 730 4005 Iudaico
796 3950 1039 4021 populo,
1081 3948 1166 4004 cui
1212 3948 1489 4003 multoties
1536 3947 1676 4002 mala
1725 3964 1821 4003 sua

220 4039 624 4112 imprOperavit.
658 4039 773 4095 Hoc
818 4038 1002 4110 utique
1050 4038 1268 4095 clamat.
1320 4039 1397 4106 Si,
1443 4037 1496 4093 id
1541 4046 1624 4092 est
1671 4037 1816 4105 licet,

218 4132 388 4201 fuerit
414 4145 693 4185 numerus
721 4128 973 4198 ﬁliorum
1002 4129 1177 4184 Israel
1224 4127 1652 4195 innumerabilis,
1689 4132 1818 4184 tan-

218 4237 375 4292 quam
397 4236 580 4275 arena
597 4218 794 4284 maris,
827 4225 1011 4273 tamen
1029 4219 1285 4290 reliquias
1306 4217 1493 4283 Israel,
1528 4217 1581 4271 id
1612 4225 1709 4283 est,
1738 4216 1817 4273 vi-

218 4303 291 4359 les
320 4313 371 4360 et
396 4304 614 4373 abjecti,
646 4303 739 4376 qui
768 4303 899 4358 nihil
922 4303 973 4358 in
1005 4302 1319 4358 carnalitate
1351 4302 1489 4373 legis
1518 4301 1812 4369 conﬁdent,

217 4394 517 4463 hujusmodi
553 4393 793 4465 reliquiae
832 4394 1000 4450 salvae
1029 4394 1192 4463 ﬁent.
1226 4392 1325 4447 Vel
1349 4392 1612 4464 reliquim,
1647 4392 1701 4445 id
1732 4400 1817 4447 est

218 4500 346 4553 quos
366 4484 513 4539 Deus
545 4481 651 4536 sibi
674 4481 910 4555 reliquit,
947 4489 999 4537 et
1028 4482 1257 4537 idoneos
1306 4481 1590 4536 salvationi
1622 4498 1809 4536 reser-

1851 3195 1899 3257 Ο

1939 1982 2183 2038 Sabaoth
2230 1984 2359 2053 (Isa.
2416 2000 2452 2050 I,
2503 1987 2578 2054 9),
2628 1984 2682 2039 id
2731 1992 2814 2039 est
2857 1986 3193 2041 exercituum
3241 1994 3350 2041 tam
3381 1987 3554 2043 coale-

1940 2071 2106 2125 stium
2140 2088 2307 2143 quam
2343 2081 2689 2128 terrenarum
2717 2076 3041 2147 reliquisset
3071 2076 3228 2131 nobis
3258 2092 3471 2143 semen,
3503 2078 3559 2133 id

1940 2169 2022 2215 est
2052 2161 2327 2216 Christum
2367 2178 2379 2217 :
2417 2180 2578 2234 quem
2612 2172 2737 2219 ante
2769 2172 3019 2235 tempora
3069 2164 3145 2220 sic
3177 2166 3472 2231 constituit,
3506 2176 3561 2222 et

1938 2250 1993 2304 in
2023 2259 2270 2323 tempore
2301 2252 2485 2318 dedit;
2521 2252 2606 2308 vel
2639 2270 2849 2323 semen,
2884 2253 2937 2308 id
2965 2261 3049 2309 est
3097 2255 3321 2309 verbum
3351 2256 3555 2326 praedi-

1939 2339 2186 2407 cationis,
2238 2357 2339 2413 per
2380 2342 2523 2414 quod
2572 2340 2895 2398 fructiﬁcant
2944 2343 3267 2411 credentes;
3320 2344 3407 2400 vel
3450 2345 3555 2401 nisi

1937 2429 2199 2484 Dominus
2229 2432 2537 2486 ascendens
2583 2432 2893 2504 reliquisset
2922 2432 3080 2487 nobis
3128 2448 3337 2504 semen,
3387 2433 3442 2489 id
3474 2444 3559 2490 est

1938 2519 2237 2589 apostolos,
2263 2520 2356 2592 qui
2386 2520 2441 2575 in
2471 2521 2631 2576 nobis
2654 2522 2877 2576 verbum
2910 2520 3035 2577 fidei
3064 2522 3419 2593 seminarent,
3451 2540 3553 2580 nos

1936 2608 2119 2679 utique
2135 2610 2281 2680 facti
2301 2626 2476 2665 essem
2486 2628 2550 2665 us
2570 2612 2722 2665 sicut
2736 2611 2973 2666 Sodoma
2994 2619 3047 2664 et
3068 2610 3205 2666 sicut
3221 2612 3549 2682 Gomorrha,

1934 2696 1992 2751 id
2023 2706 2104 2751 est
2131 2697 2348 2768 penitus
2372 2699 2835 2770 periclitaremur,
2866 2708 2919 2754 et
2941 2700 3155 2767 merito,
3191 2700 3317 2773 quia
3345 2700 3553 2758 similes

1935 2784 2229 2841 fuissemus
2259 2787 2570 2858 spernendo
2609 2795 2880 2859 przecepta
2926 2788 3047 2843 Dei.

2006 2874 2164 2944 Quod
2214 2876 2466 2947 superius
2514 2876 2647 2931 dixit
2711 2877 2779 2932 de
2828 2877 3112 2933 vocatione
3161 2878 3403 2949 gentium
3451 2898 3553 2952 per

1933 2963 2077 3019 Osee
2108 2966 2255 3037 (cap.
2290 2980 2349 3029 η,
2385 2965 2497 3036 23),
2548 2982 2617 3021 ne
2658 2966 2830 3022 Judaei
2879 2975 3147 3037 negarent
3194 2968 3301 3024 hoc
3345 2968 3552 3025 dictum

1932 3069 2055 3109 esse
2086 3054 2154 3109 de
2201 3054 2478 3127 gentibus,
2525 3054 2622 3110 sed
2667 3055 2735 3110 de
2780 3071 2860 3122 se,
2913 3056 3006 3127 qui
3052 3056 3326 3112 multoties
3354 3072 3388 3113 a
3434 3059 3552 3115 Deo

1932 3143 2243 3199 recedendo
2273 3160 2381 3199 non
2412 3144 2569 3216 plebs
2597 3144 2698 3200 Dei
2724 3144 2850 3200 facti
2881 3153 3003 3199 sunt
3037 3164 3049 3201 :
3085 3147 3306 3218 exponit
3350 3148 3550 3204 Paulus

1937 3233 2213 3304 quomodo
2278 3233 2347 3288 de
2395 3233 2651 3306 gentibus
2696 3234 2815 3289 haec
2860 3234 3028 3290 verba
3094 3243 3301 3292 tantum
3346 3246 3541 3310 agant.

1935 3320 2389 3394 Quandoquidem
2448 3322 2701 3394 superius
2771 3322 2972 3379 dictum
3019 3333 3121 3391 est,
3172 3340 3283 3381 non
3328 3326 3545 3397 plebem

1933 3427 2110 3467 meam
2152 3411 2362 3467 vocabo
2410 3412 2627 3484 plebem
2671 3428 2870 3479 meam,
2914 3430 3043 3486 ergo
3090 3414 3223 3487 quid
3253 3415 3548 3472 dicemus?

1931 3500 1999 3555 Et
2046 3501 2322 3573 quomodo
2366 3502 2511 3557 hanc
2553 3502 2935 3557 auctoritatem
3000 3502 3382 3575 accipiemus?
3430 3505 3546 3561 Hoc

1929 3590 2116 3662 utique
2148 3590 2201 3644 in
2232 3590 2419 3645 verbis
2459 3590 2602 3646 Osee
2633 3608 2990 3663 exponemus,
3025 3593 3168 3665 quod
3195 3596 3393 3664 gentes
3420 3612 3543 3667 qua:

1934 3696 2053 3735 non
2083 3681 2455 3736 sectabantur
2475 3682 2796 3752 justitiam,
2848 3680 2903 3736 id
2933 3690 3013 3737 est
3044 3698 3168 3754 qua:
3214 3699 3315 3739 nec
3360 3683 3545 3756 legem

1940 3769 2232 3837 habebant,
2266 3786 2366 3826 nec
2396 3770 2542 3825 bono
2575 3770 2805 3826 rationis
2834 3787 2947 3826 suae
2996 3771 3305 3835 utebantur.
3338 3790 3546 3846 appre—

1932 3858 2257 3915 henderunt
2288 3875 2399 3914 non
2430 3876 2495 3915 ex
2525 3860 2739 3926 merito,
2795 3860 2892 3916 sed
2924 3876 2989 3916 ex
3037 3860 3213 3933 gratia
3256 3861 3544 3935 ingerente

1924 3948 2040 4017 ejus
2076 3949 2413 4019 justitiam:
2460 3966 2561 4004 nec
2604 3950 2879 4005 carnalem
2939 3948 3400 4019 justificationem,
3445 3954 3544 4009 sed

1921 4038 2215 4107 iustitiam
2246 4055 2367 4111 qua;
2395 4043 2480 4094 est
2509 4055 2582 4094 ea:
2618 4039 2747 4109 ﬁde.
2791 4040 3005 4095 Partem
3055 4040 3249 4095 iterum
3300 4041 3544 4097 auctori-

1921 4126 2045 4181 tatis
2074 4142 2237 4199 quam
2284 4126 2453 4183 Isaias
2499 4144 2600 4199 pro
2630 4128 2801 4183 Israel
2846 4128 3113 4200 protulit:
3149 4130 3289 4186 hanc
3334 4129 3543 4187 scilicet

1920 4216 2067 4287 quod
2115 4233 2225 4273 non
2273 4217 2643 4272 numerositas
2702 4216 2935 4273 ﬁliorum
2986 4218 3155 4273 Israel
3216 4218 3537 4289 salvaretur,

1918 4306 2235 4377 exsequitur
2262 4306 2556 4377 Apostolus
2586 4307 2841 4378 ponendo
2887 4323 3107 4363 causam
3140 4324 3309 4381 quare
3339 4325 3536 4380 repro-

1916 4393 2095 4460 betur,
2144 4395 2373 4450 dicens:
2427 4395 2635 4450 Gentes
2699 4397 3179 4467 apprehenderunt
3218 4397 3483 4468 justitiam
3523 4414 3536 4454 :

1915 4484 2012 4539 sed
2044 4484 2238 4551 Israel,
2273 4484 2328 4539 id
2359 4492 2442 4539 est
2468 4485 2730 4540 Iudaicus
2773 4485 3008 4557 populus
3054 4487 3325 4542 sectanda
3358 4488 3538 4558 legem

220 4572 369 4639 vavit,
429 4572 483 4627 hi
531 4571 899 4627 salvabuntur.
958 4571 1296 4626 Determinat
1358 4570 1581 4625 modum
1624 4563 1880 4625 salva-D
1912 4572 2150 4629 carnalis
2186 4574 2458 4644 justitire,
2498 4590 2613 4629 non
2640 4575 2902 4647 pervenit
2934 4577 2997 4630 in
3033 4576 3207 4647 legem
3237 4575 3536 4647 spiritualis

220 4659 387 4729 tionis,
453 4678 524 4717 ne
583 4676 684 4732 per
744 4660 924 4733 legem
979 4667 1234 4731 putarent
1284 4659 1435 4715 5'7
1478 4675 1537 4713 se
1594 4659 1806 4715 salvari.

221 4750 349 4806 Vere
390 4751 561 4807 salva:-
608 4749 737 4805 fient
782 4749 1072 4822 reliquiae:
1123 4765 1245 4804 nam
1303 4766 1401 4821 per
1457 4750 1702 4815 verbum,
1755 4749 1810 4804 id

221 4848 295 4894 est
321 4857 417 4912 per
445 4839 751 4897 doctrinam
782 4838 929 4903 ﬁdei,
961 4838 1108 4912 quod
1139 4839 1362 4894 verbum
1394 4846 1512 4893 erat
1541 4855 1808 4895 consum-

219 4946 391 4996 mans,
424 4931 478 4985 id
509 4938 595 4985 est
643 4928 886 5000 perfecte
929 4927 1259 4999 justiﬁcans,
1310 4928 1453 5001 quod
1502 4927 1587 4983 lex
1630 4927 1809 4983 facere

221 5033 317 5073 non
346 5020 533 5091 potuit.
566 5019 682 5075 Erit
703 5019 862 5073 etiam
893 5020 1218 5075 abbrevians
1249 5026 1302 5073 et
1341 5026 1615 5090 prmcepta
1644 5018 1805 5091 legis,

223 5123 329 5177 qua
353 5109 531 5164 omnia
560 5108 631 5165 ad
652 5107 997 5164 dilectionem
1018 5108 1119 5164 Dei
1149 5116 1200 5163 et
1229 5107 1463 5179 proximi
1494 5107 1732 5171 reducet,
1756 5115 1807 5162 et

221 5197 465 5253 sacriﬁcia
490 5218 505 5265 ;
557 5214 679 5271 quae
707 5197 887 5253 omnia
916 5198 986 5252 ad
1015 5214 1182 5252 unum
1200 5196 1525 5253 sacrificium
1558 5197 1807 5269 corporis

222 5284 401 5342 Christi
432 5288 663 5360 rediget.
712 5288 779 5342 Et
825 5304 894 5341 ne
941 5286 1066 5359 quia
1094 5286 1272 5360 legem
1305 5286 1673 5353 abbreviaret,
1727 5286 1808 5341 in-

216 5372 401 5441 justum
446 5378 810 5447 judicaretur,
871 5378 974 5433 hoc
1043 5378 1288 5443 verbum,
1355 5377 1477 5432 ideo
1541 5377 1709 5442 addit,
1744 5378 1806 5431 in

223 5466 469 5534 (equitate
499 5485 511 5521 :
545 5468 674 5540 quia
696 5467 796 5521 etsi
826 5466 1107 5523 abbreviat
1138 5467 1339 5540 legem,
1382 5483 1597 5540 aequum
1627 5474 1807 5521 tamen

226 5551 312 5606 erit
338 5564 387 5609 et
409 5557 639 5625 justum.
676 5556 836 5626 Quod
867 5556 1048 5629 palam
1072 5564 1154 5611 est
1176 5572 1241 5611 ex
1264 5571 1331 5612 eo
1359 5556 1504 5628 quod
1534 5555 1805 5613 Dominus

228 5642 380 5709 faciet
427 5645 530 5702 hoc
576 5646 802 5703 verbum
847 5645 1244 5716 abbreviatum,
1297 5644 1434 5702 sicut
1481 5644 1685 5702 dictum
1724 5652 1806 5700 est

1901 4664 2170 4734 justitice.
2198 4663 2305 4719 Sed
2336 4679 2509 4737 quare
2540 4678 2650 4717 non
2669 4663 2967 4734 pervenit?
2996 4664 3125 4719 Ideo
3156 4667 3290 4737 quia
3311 4682 3428 4720 non
3459 4682 3535 4723 ea:

1911 4753 2020 4822 ﬁde
2051 4752 2280 4809 credidit
2311 4768 2369 4807 se
2395 4751 2705 4822 justiticari,
2741 4753 2838 4809 sed
2891 4753 3242 4824 prmsumpsit
3270 4754 3433 4826 quasi
3460 4772 3537 4811 ea:

1912 4838 2169 4910 operibus
2201 4845 2387 4910 posset
2402 4836 2711 4906 justiﬁcari.
2746 4838 2812 4892 Et
2843 4837 2969 4910 quia
3006 4853 3114 4893 non
3168 4854 3235 4893 ex
3266 4837 3371 4894 fide
3402 4855 3529 4895 cre-

1912 4927 2168 4982 diderunt
2216 4943 2275 4981 se
2321 4942 2485 4998 posse
2525 4924 2829 4997 justiﬁcari,
2878 4927 3001 4982 ideo
3043 4928 3426 4999 offenderunt,
3478 4929 3533 4985 id

1912 5024 1993 5071 est
2025 5014 2381 5072 offensionem
2412 5016 2515 5071 sibi
2560 5017 2803 5072 fecerunt
2834 5017 2894 5072 in
2938 5018 3199 5089 lapidem,
3242 5016 3299 5072 id
3345 5026 3429 5073 est
3475 5018 3532 5073 in

1911 5105 2205 5173 Christum,
2242 5105 2331 5179 qui
2359 5105 2496 5177 lapis
2528 5104 2645 5171 fuit,
2680 5105 2771 5177 qui
2821 5114 2872 5161 et
2902 5105 3150 5162 inimicos
3201 5114 3527 5172 contereret,

1910 5203 1962 5249 et
1982 5194 2037 5248 in
2069 5211 2178 5266 quo
2210 5193 2565 5251 fundamenta
2588 5195 2857 5264 justorum
2904 5196 3226 5251 consistent.
3267 5196 3528 5268 Lapidem

1909 5283 2035 5340 dico
2067 5285 2415 5356 offensionis,
2459 5283 2514 5339 id
2563 5292 2644 5339 est
2693 5284 2786 5356 qui
2833 5283 2973 5355 lapis
3022 5300 3121 5355 per
3170 5284 3529 5341 humilitatem

1910 5391 2071 5447 quam
2102 5374 2292 5428 habuit
2319 5383 2476 5445 aptus
2507 5372 2605 5428 fuit
2632 5372 2687 5427 in
2739 5388 2848 5444 quo
2892 5371 3238 5429 offenderent
3284 5374 3529 5445 superbi,

1908 5464 2047 5520 sicut
2066 5463 2326 5534 scriptum
2350 5471 2431 5518 est
2454 5462 2508 5516 in
2530 5462 2664 5517 Isaia
2698 5480 2710 5517 :
2748 5464 2885 5517 Ecce
2917 5478 3060 5533 pono
3088 5464 3151 5518 in
3186 5464 3341 5530 Sion,
3368 5463 3421 5519 id
3444 5473 3528 5519 est

1908 5553 1963 5609 in
1992 5553 2219 5609 Iudaico
2248 5553 2468 5624 pupulo,
2506 5553 2750 5626 lapidem
2781 5552 3129 5624 o/fensionis,
3164 5551 3219 5607 id
3251 5560 3336 5608 est
3366 5553 3523 5609 Chri-

1909 5651 2073 5713 stum,
2098 5648 2153 5700 et
2181 5647 2406 5717 petram
2428 5642 2689 5700 scandali
2710 5643 2839 5714 (Isa.
2866 5657 2986 5710 vm,
3017 5643 3111 5709 14;
3132 5642 3156 5697 I
3177 5643 3327 5697 Pctr.
3354 5658 3414 5711 ιι,
3441 5644 3517 5712 ’7).
