3970 6468
504 388 572 440 87
1004 383 1061 438 S.
1094 379 1451 437 BRUNONIS
1508 376 2156 436 CARTHUSIANORUM
2212 377 2696 435 INSTITUTORIS
2753 379 2907 436 OPP.
2966 380 3167 437 PARS.
3230 382 3305 436 II.
3748 390 3807 441 88

506 511 654 565 Inter
691 507 926 580 lapidem
970 515 1019 562 et
1061 514 1271 577 petram
1336 502 1485 560 nulla
1530 503 1784 559 distantia
1850 511 1952 570 est,
2005 501 2100 558 sed
2121 504 2175 564 Α
2204 502 2385 574 legem
2408 504 2653 573 justitize,
2687 505 2783 559 sed
2813 504 3152 561 offenderunt
3180 505 3234 561 in
3262 505 3554 573 Christum,
3587 515 3806 578 putare-

507 596 865 653 oﬁensionem
895 603 1047 651 vocat
1074 602 1302 666 peccata
1332 592 1473 649 facta
1501 593 1557 646 in
1609 593 1906 647 Christum.
1930 591 2105 646 Scan-

510 686 693 740 dalum
749 691 907 740 vocat
973 683 1372 738 damnationem
1421 698 1486 736 ex
1552 680 1711 751 culpa
1760 688 2108 751 peccatorum

508 773 940 846 provenientem.
1005 772 1156 827 Licet
1202 771 1381 826 dicam
1447 770 1591 841 quod
1661 770 1903 824 Christus
1967 768 2107 839 lapis

508 862 825 919 offensionis
866 860 1030 917 fuerit
1075 860 1296 925 Judaais,
1329 866 1509 913 tamen
1559 873 1668 913 non
1710 873 1901 913 omnes
1929 856 2108 911 oﬂ‘en-

510 951 706 1006 derunt
733 950 787 1004 in
818 965 884 1005 eo
920 964 931 1003 :
967 948 1065 1003 sed
1093 950 1277 1004 omnis
1299 946 1367 1002 de
1399 946 1527 1001 Sion
1555 946 1651 1019 qui
1680 946 1858 1001 credit
1886 947 1948 1001 in
1978 962 2108 1000 eum

507 1038 766 1112 lapidem,
800 1054 915 1094 non
946 1038 1228 1094 erubescet
1262 1052 1319 1091 se
1352 1034 1675 1091 credidisse.

1012 1180 1169 1237 58
1243 1179 1468 1236 CAPUT
1526 1179 1599 1234 X.

588 1321 611 1350 ι
644 1300 879 1365 Fratres,
914 1296 1163 1353 voluntas
1185 1296 1405 1368 quidem
1432 1295 1611 1351 cordis
1641 1294 1749 1351 mei
1780 1302 1832 1349 et
1861 1294 2112 1349 obsecra-

517 1409 540 1440 α
575 1387 651 1443 tio
681 1388 751 1443 ad
779 1388 951 1442 Deum
982 1386 1039 1440 lit
1067 1401 1166 1457 pro
1196 1385 1301 1439 illis
1332 1385 1386 1439 in
1430 1384 1677 1439 salutem.
1721 1382 2111 1437 Testimonium

516 1500 538 1524 ιι
576 1476 718 1531 enim
763 1474 1027 1546 perhibeo
1073 1474 1200 1540 illis,
1251 1474 1396 1546 quod
1445 1472 1842 1527 aemulationem
1891 1471 2113 1543 quidem

513 1588 535 1614 «
572 1565 672 1620 Dei
701 1564 921 1629 habent,
957 1563 1055 1618 sed
1100 1578 1208 1618 non
1257 1562 1559 1617 secundum
1607 1560 1907 1616 scientiam.
1942 1561 2113 1631 Igno-

516 1660 759 1708 «rantes
824 1651 965 1707 enim
1018 1651 1281 1720 justitiam
1325 1650 1445 1716 Dei,
1497 1659 1555 1704 ut
1614 1666 1767 1704 suam
1809 1656 2113 1721 quarentes

517 1763 539 1792 «
578 1750 831 1807 statuere,
888 1739 1108 1809 justitia:
1175 1739 1273 1794 Dei
1341 1754 1449 1794 non
1499 1746 1623 1792 sunt
1671 1737 1915 1806 subjecti.
1966 1736 2113 1791 Finis

2207 599 2290 645 tur
2319 593 2612 663 Apostolus
2652 594 2870 648 Juda=os
2922 595 3045 650 ideo
3094 595 3277 650 dicere
3323 596 3662 667 reprobatos,
3710 613 3806 653 nec

2208 680 2431 735 ulterius
2460 698 2624 752 posse
2654 682 2873 737 salvari.
2909 683 3049 738 Dicit
3107 700 3165 738 se
3212 700 3372 739 orare
3405 699 3505 754 pro
3552 684 3680 749 illis,
3712 701 3807 756 pro

2208 769 2404 840 quibus
2437 771 2620 841 utique
2650 787 2759 825 non
2788 779 2985 836 oraret,
3020 772 3065 825 si
3096 773 3238 843 apud
3275 774 3447 828 Deum
3489 774 3806 844 reprobatos

2209 866 2586 929 cognosceret.
2619 859 2772 914 Unde
2805 860 2881 915 sic
2913 860 3020 913 ait:
3074 860 3219 915 Licet
3266 861 3439 916 Judaei
3485 860 3807 916 offenderint

2208 946 2263 1000 in
2294 947 2588 1011 Christum,
2624 955 2807 1002 tamen
2835 953 3065 1019 fratres,
3099 951 3362 1005 voluntas
3394 951 3573 1006 cordis
3603 952 3717 1006 mei
3744 951 3807 1019 ﬁt

2208 1052 2307 1108 pro
2336 1036 2474 1101 illis,
2510 1036 2562 1089 id
2593 1045 2673 1091 est
2703 1037 2900 1091 bonam
2949 1038 3277 1093 voluntatem
3326 1039 3505 1094 habeo
3552 1039 3619 1093 ad
3668 1039 3807 1107 illos,

2211 1139 2349 1195 quos
2406 1125 2450 1177 si
2498 1126 2795 1195 pmniteant
2840 1125 3055 1181 conﬁdo
3115 1127 3427 1182 salvandos.
3478 1129 3592 1183 Nec
3641 1128 3809 1183 solum

2211 1212 2481 1282 voluntas,
2516 1214 2613 1267 sed
2634 1214 2797 1269 etiam
2816 1215 3126 1270 obsecratio
3154 1216 3221 1284 ﬁt
3252 1216 3322 1270 ad
3347 1217 3521 1272 Deum
3546 1233 3647 1289 pro
3673 1217 3805 1281 illis,

2211 1301 2280 1353 ad
2323 1301 2628 1355 habendam
2690 1302 2795 1357 illis
2862 1303 3111 1358 salutem.
3162 1304 3291 1358 Ideo
3352 1304 3539 1376 utique
3587 1305 3812 1360 obsecro

2211 1389 2385 1444 Deum
2415 1405 2515 1460 pro
2536 1390 2661 1449 illis.
2688 1390 2809 1462 quia
2833 1393 3223 1448 testimonium
3240 1393 3359 1447 illis
3373 1394 3652 1465 perhibeo,
3677 1394 3811 1466 quod

2210 1493 2313 1549 pro
2338 1486 2487 1533 certo
2520 1480 2724 1533 habent
2755 1482 3200 1547 a’mulationem,
3242 1481 3294 1534 id
3340 1490 3421 1535 est
3468 1481 3811 1536 dilectionem

2212 1566 2351 1631 Dei;
2418 1566 2502 1621 vel
2550 1567 2970 1634 aemulationem,
3038 1568 3091 1622 id
3141 1577 3223 1623 est
3270 1569 3699 1640 indignationem
3728 1570 3817 1623 ad-

2212 1670 2409 1709 versus
2440 1664 2685 1720 sanctos,
2720 1656 2836 1711 zelo
2870 1656 2967 1710 Dei
2998 1665 3047 1711 et
3077 1673 3189 1712 suae
3238 1656 3398 1730 legis.
3434 1657 3815 1713 Existimantes

2213 1743 2360 1798 enim
2395 1744 2473 1799 sic
2509 1745 2764 1798 tuendam
2816 1762 2937 1799 esse
2984 1745 3162 1816 legem
3213 1763 3385 1812 suam,
3418 1755 3818 1818 persequuntur

515 1852 538 1881 α
574 1829 721 1886 enim
765 1828 906 1901 legis
948 1828 1195 1883 Christus
1240 1827 1309 1881 ad
1352 1826 1614 1895 justitiam
1659 1826 1807 1881 omni
1836 1825 2104 1881 credenti.
2144 1840 2456 1916 Bsancios,
2506 1833 2719 1887 Habent
2762 1834 2945 1905 utique
2986 1834 3368 1889 ρηιυιεηίοηρπι
3410 1836 3525 1901 υθέ,
3574 1837 3670 1890 sed
3705 1852 3815 1891 mm

517 1940 540 1970 ι
573 1920 792 1989 Moyses
839 1916 985 1972 enim
1024 1915 1237 1986 scripsit
1282 1914 1504 1988 [dixit]:
1552 1914 1810 1986 quoniam
1853 1914 2115 1982 justitiam

516 2031 538 2055 α
575 2024 698 2080 quas
748 2023 813 2062 ex
861 2006 985 2078 lege
1032 2012 1114 2059 est
1162 2004 1253 2076 qui
1300 2002 1490 2059 fecerit
1527 2004 1710 2071 homo,
1760 2001 1904 2057 vivet
1951 2003 2005 2056 in
2053 2019 2113 2057 ea

521 2118 544 2149 ε
580 2097 780 2167 (Leuit.
813 2110 955 2161 xv",
1009 2094 1084 2163 5).
1138 2092 1274 2161 Quae
1324 2100 1505 2147 autem
1556 2108 1619 2147 ex
1651 2091 1758 2146 ﬁde
1789 2098 1870 2145 est
1906 2090 2116 2160 justitia

520 2210 542 2235 α
577 2186 658 2241 sic
687 2183 839 2240 dicit.
890 2183 971 2237 Ne
1002 2180 1208 2237 dixeris
1247 2181 1301 2235 in
1348 2180 1514 2235 corde
1562 2189 1655 2235 tuo
1686 2180 1808 2251 quis
1854 2179 2115 2234 ascendet

520 2299 541 2322 «
577 2274 634 2329 in
663 2272 862 2329 coelum
895 2273 1083 2341 (Deut.
1116 2285 1255 2338 χχχ,
1292 2271 1381 2340 11)
1418 2284 1430 2323 :
1463 2268 1517 2323 id
1549 2277 1630 2323 est
1651 2268 1923 2323 Christum
1944 2267 2116 2322 dedu-

520 2387 541 2411 «ι
580 2378 743 2428 cere;
788 2368 876 2415 aut
942 2360 1063 2432 quis
1119 2357 1419 2415 descendet
1463 2357 1517 2411 in
1562 2359 1840 2429 abyssum,
1885 2357 1987 2411 hoc
2036 2364 2117 2411 est

520 2473 544 2505 ι
597 2450 869 2507 Christum
898 2465 930 2504 a
987 2448 1214 2503 mortuis
1275 2447 1585 2502 revocare?
1644 2446 1751 2501 Sed
1818 2445 1947 2518 quid
1990 2445 2117 2499 dicit

520 2563 543 2591 ι
582 2539 908 2611 Scriptura?
951 2538 1129 2608 Prope
1175 2543 1257 2591 est
1303 2536 1530 2591 verbum
1578 2535 1633 2588 in
1682 2551 1779 2590 ore
1829 2542 1918 2589 tuo
1963 2542 2015 2589 et
2062 2533 2116 2588 in

518 2653 541 2678 α
578 2628 740 2686 corde
801 2635 891 2682 tuo
958 2626 1146 2698 (Deut.
1211 2640 1349 2691 xxx,
1421 2625 1530 2693 14).
1581 2624 1696 2679 Hoc
1757 2632 1839 2677 est
1892 2624 2116 2677 verbum

519 2742 540 2765 «ι
576 2716 703 2773 ﬁdei
764 2715 909 2788 quod
973 2714 1352 2786 praedicamus,
1422 2713 1550 2784 quia
1598 2712 1645 2766 si
1699 2711 2009 2767 conﬁtearis
2062 2710 2117 2765 in

520 2828 543 2858 ι
578 2822 674 2863 ore
718 2813 812 2861 tuo
856 2803 1148 2860 Dominum
1194 2803 1403 2868 Iesum,
1436 2810 1489 2857 et
1534 2800 1591 2855 in
1632 2801 1800 2856 corde
1849 2808 1942 2855 tuo
1992 2816 2115 2855 cre-

521 2920 543 2943 u
579 2894 787 2951 dideris
848 2892 996 2965 quod
1050 2892 1199 2946 Deus
1260 2891 1411 2945 illum
1479 2889 1730 2945 excitavit
1797 2887 2116 2961 [suscitavit]

525 3007 547 3032 α
583 2999 617 3038 a
677 2981 926 3047 mortuis,
1007 2979 1187 3033 salvus
1251 2978 1377 3034 eris.
1430 2977 1606 3033 Corde
1669 2977 1814 3031 enim
1896 2975 2118 3049 [autem]

525 3093 548 3123 ι
583 3070 823 3128 creditur
850 3068 918 3123 ad
946 3067 1228 3137 justitiam,
1276 3082 1370 3121 ore
1417 3073 1598 3121 autem
1646 3065 1915 3120 confessio
1964 3063 2020 3118 ﬁt
2050 3065 2118 3119 ad

528 3184 550 3208 α
588 3160 837 3215 salutem.
869 3156 1011 3213 Dicit
1041 3155 1187 3210 enim
1220 3154 1495 3226 Scriptura
1529 3172 1541 3208 :
1591 3152 1782 3209 Omnis
1830 3154 1921 3225 qui
1951 3153 2119 3208 credit

529 3272 552 3301 ι
586 3248 644 3304 in
672 3247 840 3313 illum,
874 3261 983 3300 non
1014 3243 1396 3300 confundetur.
1415 3243 1535 3297 Non
1557 3242 1700 3296 enim
1729 3250 1812 3297 est
1849 3242 2121 3297 distinctio

528 3361 551 3389 α
589 3335 760 3392 Judtei
803 3342 855 3390 et
903 3332 1102 3389 Graaci.
1160 3333 1300 3386 Nam
1342 3331 1486 3386 idem
1531 3331 1796 3385 Dominus
1858 3331 2118 3397 omnium,

523 3450 546 3475 ι(
583 3425 737 3481 dives
765 3424 821 3478 in
849 3438 1040 3479 omnes
1071 3421 1161 3493 qui
1188 3420 1441 3477 invocant
1492 3420 1661 3475 illum.
1732 3419 1923 3475 Omnis
1980 3420 2123 3474 enim

528 3539 551 3563 α
590 3514 895 3586 quicunque
935 3510 1264 3567 invocaverit
1309 3526 1510 3565 nomen
1538 3508 1775 3579 Domini,
1808 3508 1990 3564 salvus
2023 3508 2125 3564 erit

526 3628 548 3652 α
583 3604 742 3676 (Joel.
767 3618 827 3669 ιι,
860 3605 969 3672 32).
1005 3599 1292 3669 Quomodo
1322 3614 1457 3673 ergo
1502 3598 1846 3667 invocabunt,
1879 3598 1934 3651 in
1964 3614 2123 3669 quem

526 3716 547 3742 ιι
583 3708 694 3748 non
733 3690 1127 3747 crediderunt?
1160 3691 1266 3744 Aut
1313 3688 1586 3760 quomodo
1607 3687 1825 3743 credent
1858 3687 1925 3752 ei,
1963 3704 2124 3759 quem

529 3804 552 3832 ι
587 3796 697 3837 non
770 3779 1100 3835 audierunt?
1167 3777 1456 3847 Quomodo
1502 3785 1681 3832 autem
1731 3776 1951 3831 audient
2010 3776 2126 3831 sine

530 3892 553 3921 α
587 3868 968 3941 praedicante?
1029 3866 1316 3936 Quomodo
1366 3882 1499 3921 vero
1563 3864 1964 3937 praadicabunt,
2023 3864 2124 3919 nisi

530 3956 909 4013 «mittantur?
955 3955 1103 4012 Sicut
1151 3956 1414 4027 scriptum
1463 3963 1545 4010 est
1598 3970 1610 4008 :
1664 3952 1839 4022 Quam
1893 3953 2125 4025 speciosi

530 4070 553 4098 ι
586 4047 757 4119 pedes
821 4045 1306 4117 evangelizantium
1367 4060 1578 4116 pacem,
1643 4042 2126 4114 avangelizantium

530 4158 554 4188 α
581 4137 722 4192 bona
742 4134 754 4191 l
777 4136 904 4204 (Isa.
929 4150 1021 4201 LII,
1036 4136 1070 4189 7
1089 4154 1102 4201 ;
1123 4135 1326 4190 Naum.
1350 4149 1388 4200 1,
1416 4134 1527 4203 15.)
1549 4132 1657 4187 Sed
1673 4148 1780 4187 non
1792 4147 1981 4187 omnes
1998 4131 2128 4186 obe-

531 4245 554 4279 ι
591 4226 742 4281 diunt
776 4224 1092 4296 Evangelio.
1127 4223 1295 4278 Isaias
1325 4223 1470 4278 enim
1513 4222 1640 4277 dicit
1677 4238 1688 4275 :
1723 4221 1971 4286 Domine,
2008 4220 2129 4291 quis

532 4337 555 4367 ι
591 4316 819 4372 credidit
851 4313 1061 4369 auditui
1089 4313 1325 4368 nostro?
1371 4312 1499 4383 (Isa.
1534 4326 1650 4377 Lm,
1688 4311 1765 4380 1.)
1810 4311 1963 4382 Ergo
1994 4307 2129 4363 ﬁdes

535 4428 558 4458 ι
593 4423 662 4462 ex
704 4404 888 4460 auditu
942 4420 953 4458 :
1004 4403 1220 4458 auditus
1291 4409 1470 4456 autem
1516 4417 1617 4472 per
1661 4400 1885 4455 verbum
1935 4398 2131 4453 Christi

535 4517 557 4545 α
592 4494 759 4570 [Dei].
829 4493 935 4548 Sed
984 4493 1154 4548 dico:
1202 4490 1455 4563 Nunquid
1529 4506 1640 4545 non
1685 4488 2018 4544 audierunt?
2064 4487 2133 4541 Et

2219 1921 2527 1976 secundum
2550 1924 2872 1977 scientiam.
2897 1923 3019 1976 Non
3046 1924 3189 1977 enim
3218 1923 3451 1978 scienter
3481 1924 3559 1979 sic
3590 1924 3817 1995 diligunt

2214 2008 2413 2080 legem,
2449 2010 2535 2064 vel
2570 2010 2646 2066 sic
2677 2010 3032 2083 indignantur
3060 2027 3160 2082 pro
3191 2011 3331 2084 lege.
3364 2012 3496 2067 Inde
3526 2012 3602 2067 ait
3633 2012 3817 2068 beatus

2214 2099 2407 2153 Petrus
2443 2117 2455 2152 :
2494 2122 2513 2145 «
2553 2100 2697 2165 Scio,
2741 2098 2955 2165 fratres,
2991 2100 3116 2171 quia
3154 2117 3254 2171 per
3300 2100 3665 2174 ignorantiam
3693 2100 3817 2156 feci-

2217 2186 2313 2240 stis
2332 2188 2475 2257 (Act.
2505 2202 2587 2255 in,
2617 2189 2724 2253 1³7),
2754 2208 2776 2237 ι
2806 2189 3068 2243 ctc.Vere
3082 2204 3188 2243 non
3205 2190 3499 2244 secundum
3514 2190 3813 2254 scientiam,

2216 2293 2353 2330 nam
2384 2277 2497 2348 ipsi
2526 2276 2855 2347 ignorantes
2895 2278 3192 2348 justitiam
3223 2279 3342 2343 Dei,
3388 2278 3443 2332 id
3495 2287 3576 2333 est
3604 2293 3818 2334 omnem

2209 2362 2650 2432 justiﬁcationem
2684 2382 2748 2418 ex
2781 2365 2898 2419 solo
2920 2366 3037 2420 Deo
3068 2382 3210 2431 esse,
3242 2370 3297 2421 et
3344 2372 3660 2439 querentes
3699 2371 3818 2421 sta-

2219 2456 2397 2517 tuere,
2432 2452 2484 2506 id
2516 2460 2597 2506 est
2644 2451 2971 2508 conﬁrmare
3018 2471 3181 2510 suam
3221 2455 3483 2524 justitiam
3537 2457 3684 2527 quod
3725 2471 3821 2526 per

2217 2540 2454 2596 carnalia
2483 2557 2650 2611 opera
2680 2541 2818 2611 legis
2835 2540 3261 2610 justiﬁcarentur
3295 2561 3307 2597 :
3333 2560 3455 2615 qua:
3471 2544 3658 2614 utique
3672 2543 3821 2613 justi-

2217 2628 2286 2683 tia
2316 2644 2424 2684 non
2457 2630 2576 2693 Dei,
2608 2630 2705 2684 sed
2736 2646 2924 2685 eorum
2956 2640 3119 2685 esset.
3154 2632 3269 2687 Hoc
3297 2632 3482 2704 utique
3514 2641 3820 2704 quaerentes

2218 2735 2331 2773 non
2355 2722 2492 2773 sunt
2510 2719 2752 2789 subjecti
2767 2720 3014 2789 justitia?
3037 2722 3157 2786 Dei,
3174 2720 3227 2774 id
3246 2728 3327 2776 est
3346 2722 3460 2775 Deo
3470 2720 3816 2789 justiﬁcanti:

2218 2806 2315 2861 sed
2346 2807 2530 2877 potius
2578 2807 2899 2881 derogando
2956 2809 3092 2874 Deo,
3146 2809 3410 2877 justitiam
3440 2826 3562 2881 quae
3610 2808 3710 2865 Dei
3740 2816 3819 2864 est

2218 2895 2562 2950 ascribebant
2593 2896 2717 2949 sibi.
2757 2897 2897 2951 Vere
2916 2897 3134 2965 justitiae
3155 2897 3255 2952 Dei
3283 2914 3392 2952 non
3422 2906 3546 2952 sunt
3573 2897 3817 2968 subjecti.

2215 2984 2351 3037 Nam
2384 2983 2597 3038 Christo
2629 2985 2918 3040 noluerunt
2961 2985 3189 3053 subjici;
3225 2986 3317 3057 qui
3352 2985 3607 3043 Christus
3639 2991 3725 3043 est
3752 2986 3821 3041 ad

2208 3072 2497 3142 justitiam
2518 3074 2671 3127 omni
2693 3074 2965 3139 credenti,
2992 3074 3045 3127 id
3069 3074 3253 3147 estqui
3272 3090 3491 3129 omnem
3511 3076 3819 3131 credentem

2213 3159 2487 3229 justiﬁcat.
2514 3160 2759 3215 Christus
2772 3162 2913 3229 dico,
2938 3163 3121 3233 quiest
3139 3161 3261 3216 ﬁnis
3282 3163 3441 3234 legis,
3459 3164 3820 3219 etsecundum

2223 3249 2588 3319 impletionem
2620 3250 2753 3317 ejus,
2787 3258 2837 3304 et
2878 3251 3177 3305 secundum
3222 3252 3327 3306 hoc
3374 3252 3515 3323 quod
3573 3253 3821 3308 veniente

2227 3337 2385 3394 59
2421 3338 2638 3393 Christo
2654 3338 2802 3393 ﬁnita
2826 3347 2908 3393 est
2951 3339 3036 3393 lex
3067 3339 3180 3406 illa,
3204 3347 3255 3394 et
3274 3340 3385 3408 jam
3422 3357 3522 3411 per
3552 3340 3819 3395 Christum

2223 3426 2400 3481 locum
2430 3427 2591 3481 habet
2623 3427 2818 3500 gratia.
2854 3428 2991 3483 Vere
3022 3428 3271 3482 Christus
3300 3436 3385 3483 est
3431 3429 3498 3482 ad
3530 3429 3815 3498 justitiam,

2222 3531 2349 3571 nam
2379 3516 2465 3569 lex
2498 3532 2604 3571 non
2635 3524 2716 3570 est
2746 3517 2811 3570 ad
2839 3516 3123 3585 justitiam.
3166 3518 3369 3589 Moyses
3395 3520 3550 3573 enim
3581 3519 3659 3574 sic
3688 3519 3824 3573 scri-

2223 3608 2357 3678 psit,
2382 3607 2669 3678 quoniam,
2696 3605 2750 3659 id
2781 3613 2862 3659 est
2907 3605 3052 3677 quod
3100 3606 3263 3660 homo
3294 3606 3386 3677 qui
3433 3605 3621 3662 fecerit
3642 3608 3822 3679 justi-

2229 3696 2391 3760 tiam,
2421 3710 2542 3766 qute
2563 3698 2645 3749 est
2678 3710 2750 3748 ex
2787 3695 2922 3764 lege,
2956 3693 3009 3748 id
3042 3702 3123 3748 est
3154 3696 3401 3750 carnales
3447 3696 3824 3750 observantias

2226 3798 2362 3854 quas
2393 3781 2633 3853 praecipit
2662 3782 2767 3847 lex,
2801 3781 2916 3852 ipse
2947 3784 3094 3838 vivet
3126 3784 3188 3838 in
3215 3800 3279 3839 ea
3319 3785 3518 3851 (Levit.
3568 3799 3732 3847 xvm,
3768 3782 3821 3853 5)

2225 3871 2368 3942 lege,
2402 3870 2457 3924 id
2489 3879 2570 3924 est
2600 3871 2703 3925 hoc
2726 3869 2897 3924 solum
2921 3871 3141 3925 habebit
3164 3887 3228 3925 ex
3246 3872 3559 3942 impletione
3591 3870 3826 3927 carnalis

2225 3960 2381 4032 legis,
2419 3960 2563 4030 quod
2613 3974 2719 4014 non
2768 3960 3025 4015 morietur
3066 3960 3272 4029 judicio
3321 3960 3481 4033 legis.
3534 3960 3640 4028 Qui
3685 3959 3826 4016 enim

2227 4049 2406 4119 legem
2429 4046 2573 4113 facit,
2605 4063 2824 4118 pinnam
2858 4048 3201 4103 solummodo
3223 4049 3424 4115 evadit,
3458 4048 3553 4103 sed
3583 4065 3685 4119 per
3712 4063 3827 4103 eam

2227 4152 2337 4192 non
2377 4134 2719 4206 justiﬁcatur.
2770 4137 2849 4190 De
2896 4137 3103 4206 justitia
3146 4137 3288 4209 legis
3337 4137 3416 4193 sic
3462 4137 3552 4191 ait.
3604 4138 3715 4192 Sed
3762 4136 3827 4190 de

2218 4227 2457 4297 justitia
2479 4241 2600 4298 quae
2621 4229 2705 4279 est
2735 4241 2808 4280 ex
2830 4225 2956 4294 ﬁde,
2983 4225 3061 4280 sic
3089 4225 3219 4279 dicit
3266 4225 3410 4279 idem
3457 4226 3674 4295 Moyses
3709 4243 3723 4279 :
3754 4225 3829 4280 Ne

2230 4314 2447 4369 dixeris
2477 4315 2539 4369 in
2569 4315 2730 4370 corde
2747 4318 2859 4380 tuo,
2885 4314 2940 4367 id
2955 4322 3053 4379 est,
3078 4330 3179 4369 nec
3203 4315 3367 4369 corde
3398 4315 3590 4369 credas
3612 4332 3715 4370 nec
3737 4328 3827 4369 ore

2228 4403 2467 4476 loquaris
2479 4404 2583 4459 hoc
2600 4422 2611 4457 :
2639 4402 2770 4469 Quis
2785 4404 3040 4459 ascendit
3054 4404 3115 4458 in
3129 4404 3329 4459 calum
3343 4403 3370 4456 ἱ)
3381 4404 3569 4474 (Deut.
3586 4419 3726 4469 xxx,
3745 4402 3831 4470 12)

2230 4492 2284 4546 id
2314 4500 2395 4547 est
2427 4508 2495 4546 ne
2526 4492 2740 4546 dubites
2772 4492 2931 4545 etiam
2964 4492 3231 4563 quosdam
3280 4492 3597 4547 ascendisse
3628 4492 3682 4546 in
3712 4506 3826 4548 cce-

535 4608 560 4636 «
595 4584 814 4656 quidem
844 4582 901 4637 in
930 4597 1149 4638 omnem
1178 4589 1383 4635 terram
1424 4579 1589 4635 exivit
1619 4594 1786 4634 sonus
1841 4593 2049 4645 eorum,
2082 4584 2134 4630 et
2154 4579 2206 4639 D
2233 4580 2365 4648 lum,
2398 4588 2451 4635 et
2481 4580 2660 4636 adhuc
2708 4596 3061 4652 quoscunque
3102 4581 3278 4649 justos
3322 4596 3651 4636 ascensuros
3681 4594 3821 4636 esse.

535 4698 556 4722 «ι
591 4674 648 4729 in
674 4672 810 4728 ﬁnes
837 4671 987 4727 orbis
1017 4679 1176 4725 terra:
1220 4669 1385 4725 verba
1413 4684 1602 4724 eorum
1647 4668 1820 4738 (Psal.
1859 4682 2021 4729 xvm,
2052 4665 2129 4735 5).

535 4785 559 4815 ι
594 4763 703 4819 Sed
731 4762 856 4817 dico
890 4777 901 4816 :
936 4759 1192 4830 Nunquid
1240 4759 1407 4814 Israel
1453 4774 1562 4814 non
1590 4756 1893 4831 cognovit?
1921 4755 2133 4810 Primus

538 4877 560 4900 «
597 4853 816 4921 Moyses
845 4844 975 4904 dicit
1023 4850 1213 4919 (Deut.
1249 4864 1435 4914 χχχιι,
1474 4848 1527 4919 1)
1562 4863 1573 4901 :
1608 4849 1727 4919 Ego
1777 4846 1847 4901 ad
1903 4843 2133 4900 aemula-

538 4964 560 4988 α
598 4940 803 4994 tionem
831 4954 930 4993 vos
962 4937 1230 4994 adducam
1259 4938 1314 4992 in
1363 4953 1472 4993 non
1519 4944 1759 5010 gentem,
1811 4934 1865 4988 in
1916 4941 2133 5005 gentem

538 5028 936 5099 «insipientem
962 5069 976 5096 ,
1020 5027 1076 5081 in
1122 5027 1256 5082 iram
1305 5043 1402 5083 vos
1464 5026 1694 5080 mittam.
1738 5022 1909 5079 Isaias
1957 5030 2135 5076 autem

541 5141 563 5165 α
602 5117 783 5186 audet,
820 5123 870 5171 et
901 5115 1031 5171 dicit
1064 5134 1077 5171 :
1125 5117 1381 5172 Inventus
1424 5131 1544 5170 sum
1572 5131 1604 5169 a
1631 5130 1741 5169 non
1770 5110 2135 5184 quaerentibus

544 5230 567 5258 α
602 5222 710 5272 me,
744 5205 922 5278 palam
951 5206 1174 5277 apparui
1202 5206 1287 5261 his
1317 5205 1410 5277 qui
1443 5221 1529 5259 me
1569 5219 1681 5259 non
1729 5200 2137 5271 interrogabant

541 5318 565 5345 ι
600 5296 730 5367 (Isa.
764 5311 893 5363 va,
930 5295 1002 5364 1).
1051 5295 1134 5349 Ad
1188 5294 1359 5350 Israel
1407 5302 1591 5349 autem
1619 5292 1745 5348 dicit
1779 5309 1792 5345 :
1830 5312 1851 5340 ai
1886 5290 2019 5343 Tota
2048 5287 2137 5343 die

545 5408 567 5436 α
604 5384 835 5456 expandi
882 5401 1071 5439 manus
1121 5400 1272 5439 meas
1318 5384 1387 5437 ad
1436 5382 1697 5453 populum
1744 5396 1853 5435 non
1903 5378 2136 5433 creden-

546 5498 567 5522 (ι
605 5483 731 5545 tem,
759 5475 856 5530 sed
887 5473 1346 5529 contradicentem
1377 5471 1508 5526 mihi
1557 5472 1712 5541 (Ibid.
1757 5491 1807 5539 v,
1840 5475 1916 5544 2).
1953 5489 1974 5516 ι

1156 5629 1469 5669 EXPOSITIO.

612 5734 694 5790 Ne
739 5733 864 5805 quia
911 5730 1074 5787 modo
1117 5729 1328 5785 dixerat
1362 5746 1374 5784 :
1426 5730 1593 5788 Israel
1642 5747 1749 5789 non
1793 5732 2043 5805 pervenit
2084 5734 2141 5790 in

2234 4670 2293 4723 Id
2307 4669 2450 4725 enim
2472 4669 2672 4734 dicere,
2693 4669 2825 4737 Quis
2846 4669 3097 4723 ascendit
3124 4671 3187 4723 in
3210 4669 3432 4735 caelum,
3453 4673 3537 4724 est
3558 4669 3830 4724 deducere

2239 4759 2525 4815 Christum
2555 4758 2623 4811 de
2654 4757 2810 4822 cmlo,
2844 4757 2898 4811 id
2930 4764 3011 4811 est
3059 4772 3261 4829 negare
3310 4757 3455 4828 quod
3504 4757 3748 4812 Christus
3780 4755 3829 4808 in

2235 4847 2435 4904 coelum
2463 4846 2791 4902 ascenderit.
2826 4848 2932 4900 Aut
2959 4863 3031 4901 ne
3062 4847 3279 4901 dixeris
3302 4846 3365 4900 in
3397 4847 3558 4901 corde
3582 4849 3679 4903 tuo
3708 4845 3829 4918 quis

2237 4935 2523 4992 descendit
2554 4936 2615 4989 in
2642 4936 2919 5007 abyssum,
2952 4934 3006 4988 id
3029 4942 3112 4988 est
3144 4935 3199 4988 in
3238 4932 3507 4989 infernum
3535 4939 3558 4989 .9
3587 4935 3713 5004 quia
3735 4935 3831 4989 hoc

2237 5025 2422 5080 dicere
2457 5028 2541 5079 est
2566 5040 2824 5079 revocare
2857 5023 3144 5078 Christum
3165 5039 3239 5077 ea:
3261 5025 3522 5091 mortuis,
3554 5024 3702 5094 quod
3732 5034 3831 5075 nec

2239 5114 2485 5169 Christus
2519 5120 2761 5167 mortuus
2781 5112 2847 5166 ad
2879 5110 3149 5166 infernum
3179 5111 3543 5177 descenderit,
3562 5127 3664 5166 nec
3709 5109 3830 5165 inde

2238 5203 2511 5258 Abraham
2544 5208 2869 5272 sanctosque
2900 5216 3027 5256 suos
3058 5200 3406 5265 abstraxerit,
3443 5200 3585 5271 quod
3616 5208 3829 5254 utrum-

2238 5308 2342 5365 que
2375 5300 2561 5347 contra
2611 5290 2773 5345 ﬁdem
2823 5298 2924 5344 est.
2972 5291 3087 5345 Hoc
3135 5306 3204 5344 ne
3252 5289 3567 5356 credideris,
3601 5290 3699 5343 sed
3729 5290 3831 5343 hoc

2239 5380 2384 5453 quod
2417 5380 2660 5452 sequitur
2689 5379 2873 5435 crede.
2902 5378 3042 5445 Quid
3064 5378 3208 5433 enim
3229 5378 3372 5432 dicit
3404 5378 3706 5447 Scriptura
3737 5388 3833 5446 per

2240 5469 2491 5524 eumdem
2524 5470 2745 5540 Moysen
2767 5468 2794 5521 ‘3
2825 5470 2998 5539 Prope
3029 5472 3114 5522 est
3146 5467 3370 5521 verbum
3410 5467 3473 5520 in
3503 5481 3596 5520 ore
3629 5470 3746 5530 tuo,
3780 5462 3832 5516 id

2241 5566 2344 5622 est,
2376 5567 2619 5629 paratum
2654 5565 2735 5611 est
2767 5557 2994 5611 verbum
3025 5554 3307 5610 doctrinm.
3341 5554 3439 5609 Vel
3472 5553 3701 5608 verbum
3737 5550 3833 5606 Dei

2240 5646 2483 5702 Christus
2512 5648 2573 5700 in
2605 5662 2699 5703 ore
2732 5649 2845 5713 tuo,
2879 5653 2936 5699 ut
2981 5642 3314 5711 conﬁtearis,
3348 5650 3399 5696 et
3446 5641 3836 5696 rationabiliter

2241 5735 2444 5792 tuearis
2472 5734 2626 5791 illud.
2658 5737 2728 5791 Et
2756 5735 2860 5791 hoc
2886 5733 3039 5806 idem
3087 5733 3333 5799 verbum,
3365 5746 3535 5803 prope
3563 5738 3647 5786 est
3677 5729 3834 5787 etiam
