3970 6430
221 367 283 420 89
833 363 1215 422 EXPOSITIO
1274 364 1350 421 IN
1400 363 1785 421 EPISTOLAS
1842 361 2070 420 PAULI.
2100 393 2170 404 —
2196 362 2274 418 IN
2327 361 2548 420 EPIST.
2607 364 2703 420 AD
2750 362 2928 421 ROM.
3477 363 3546 417 90

225 490 286 545 in
315 488 484 546 corde
518 493 617 544 tuo
649 489 833 559 (Deut.
864 503 1009 556 xxx,
1036 490 1144 559 14),
1176 496 1232 544 ut
1249 490 1444 546 credas
1463 490 1622 545 illud.
1653 491 1722 544 Et
1742 490 1842 546 hoc
1861 491 1915 550 A
1946 509 1970 539 ι
2005 486 2182 557 Quam
2229 488 2463 560 speciosi
2494 496 2621 544 sunt
2648 489 2838 561 pedes,
2872 487 2928 543 id
2966 494 3051 544 est
3079 486 3346 544 adventus
3376 501 3546 543 evan-

226 579 453 635 verbum
470 578 622 650 quod
649 593 821 649 prope
838 594 959 633 esse
981 578 1122 644 dico,
1148 583 1233 633 est
1253 581 1479 635 verbum
1499 579 1649 649 ﬁdei,
1669 578 1724 633 id
1741 585 1843 645 est,

1948 576 2319 649 gelizantium,
2350 578 2407 633 id
2437 585 2519 634 est
2548 578 2687 633 bene
2718 577 3153 634 annuntiantium
3184 592 3375 648 pacem
3405 576 3550 633 inter

227 665 472 723 doctrina
528 666 728 722 habilis
784 667 854 723 ad
923 667 1278 724 credendum.
1340 669 1435 724 Vel
1491 668 1736 724 Christus
1790 666 1846 722 in
1946 666 2122 722 Deum
2153 675 2205 722 et
2229 668 2523 731 hominem,
2550 676 2603 722 et
2624 667 3112 739 evangelizantium
3144 667 3283 722 bona
3304 667 3437 739 (Isa.
3460 666 3541 738 v),

231 772 394 827 quem
424 755 816 813 convenienter
844 756 995 814 credi
1021 765 1254 829 oportet,
1286 756 1431 832 quod
1485 757 1716 813 verbum
1742 772 1845 812 nos

228 845 627 917 pradicamus.
670 846 805 913 Hoc,
839 845 1067 915 scilicet,
1099 846 1226 902 inde
1271 846 1655 918 praedicamus,
1689 848 1841 920 quia,

229 933 286 989 id
300 941 403 1001 est,
426 934 572 1005 quod
592 935 643 989 si
663 935 987 1005 conﬁtearis
998 936 1305 992 Dominum
1320 938 1512 993 Iesum
1526 936 1589 990 in
1610 951 1704 992 ore
1722 939 1844 1002 tuo,

229 1025 287 1077 et
317 1022 632 1079 credideris
661 1024 724 1078 in
750 1024 913 1081 corde
944 1027 1062 1090 tuo,
1096 1025 1240 1097 quod
1276 1026 1422 1080 Deus
1451 1025 1730 1081 excitavit
1764 1025 1843 1080 il-

232 1112 353 1166 lum
382 1128 417 1167 a
446 1112 710 1181 mortuis,
742 1120 796 1167 et
851 1128 1194 1186 quaecunque
1239 1113 1603 1185 impossibilia
1658 1112 1727 1168 de
1776 1128 1843 1169 eo

228 1199 445 1262 credas,
476 1215 581 1255 nec
615 1200 794 1274 legem
826 1209 1036 1256 naturae
1065 1202 1307 1273 potuisse
1361 1202 1468 1272 ipsi
1521 1202 1789 1257 obsistere
1825 1219 1838 1255 :

228 1287 277 1341 si
308 1288 432 1354 hoc,
464 1288 658 1361 inquit,
693 1288 1023 1355 conﬁtearis,
1058 1298 1111 1345 et
1134 1291 1348 1357 credas,
1381 1305 1492 1346 non
1548 1290 1727 1345 solum
1753 1290 1842 1345 vi-

226 1392 325 1432 ves
347 1376 457 1431 vita
471 1378 748 1448 prmsenti,
778 1386 836 1434 ut
864 1395 964 1450 per
990 1379 1189 1451 legem,
1214 1380 1313 1435 sed
1345 1380 1505 1435 etiam
1516 1381 1706 1436 salvus
1728 1383 1840 1436 eris

227 1466 575 1522 mternaliter.
590 1468 733 1523 Vere
764 1467 809 1522 si
834 1468 1002 1524 corde
1022 1468 1337 1535 credideris,
1362 1468 1675 1524 salvaberis.
1698 1471 1841 1525 Nam

225 1556 391 1612 corde
420 1556 679 1611 creditur
709 1556 782 1612 ad
811 1557 1121 1612 habendam
1146 1559 1461 1630 justitiam,
1494 1558 1551 1612 id
1582 1565 1665 1613 est
1679 1557 1841 1627 justi-

226 1642 541 1699 ﬁcationem
569 1660 601 1698 a
629 1645 889 1715 peccatis.
925 1645 1028 1713 Qui
1084 1654 1265 1702 autem
1286 1645 1611 1716 justificatus
1637 1654 1735 1712 est,
1770 1647 1840 1703 de

229 1733 529 1789 salvatione
576 1750 802 1791 securus
830 1743 932 1790 est.
984 1736 1053 1790 Et
1089 1752 1217 1791 vere
1276 1735 1322 1790 si
1377 1736 1691 1791 conﬁtearis
1718 1751 1835 1806 ore,

227 1823 550 1879 salvaberis.
575 1824 716 1877 Nam
744 1823 1017 1880 confessio
1057 1826 1123 1893 ﬁt
1155 1841 1248 1882 ore
1280 1825 1353 1880 ad
1394 1825 1837 1897 consequendam
1858 1855 1910 1916 B
1941 1820 2197 1876 diderunt
2250 1836 2263 1875 :

229 1922 496 1969 aeternam
528 1914 795 1969 salutem.
828 1913 958 1969 Ideo
981 1913 1377 1987 salutem(quia
1406 1915 1578 1983 majus
1600 1915 1835 1986 videtur)

228 2002 413 2074 posuit
436 2002 508 2057 ad
565 2001 967 2058 confessionem
997 2003 1131 2059 oris.
1190 2004 1306 2060 Hoc
1363 2004 1506 2059 enim
1562 2002 1832 2070 conﬁteri,

232 2092 445 2149 scilicet
476 2092 672 2159 Deum,
704 2108 961 2165 magnum
1008 2101 1060 2148 et
1102 2093 1434 2165 praecipuum
1464 2102 1576 2149 erat
1608 2093 1663 2148 in
1693 2102 1836 2149 tem-

228 2197 369 2253 pore
398 2181 646 2252 Apostoli
701 2182 957 2238 saeviente
989 2183 1371 2255 persecutione
1404 2201 1418 2238 :
1452 2199 1561 2255 quo
1590 2191 1835 2254 tempore

229 2270 389 2326 multi
418 2287 549 2326 sane
584 2272 875 2327 credentes
894 2288 1003 2327 non
1024 2272 1296 2327 audebant
1324 2272 1503 2344 palam
1533 2273 1702 2345 loqui,
1732 2289 1836 2329 nec

231 2358 503 2416 conﬁteri.
566 2360 766 2415 Probat
805 2361 950 2433 quod
999 2361 1293 2418 credulitas
1321 2362 1503 2417 cordis
1551 2361 1829 2431 justiticet,

230 2450 297 2505 ab
344 2449 673 2506 auctoritate
730 2450 1027 2522 Scriptura:
1079 2469 1091 2504 :
1144 2467 1247 2507 nec
1302 2461 1481 2506 tamen
1511 2451 1835 2507 determinat

230 2539 389 2609 cujus
435 2539 504 2594 sit
563 2539 827 2611 scriptura
860 2554 872 2594 :
906 2540 1003 2596 sed
1032 2539 1088 2594 in
1117 2540 1345 2611 psalmis
1374 2540 1649 2597 multoties
1678 2557 1834 2613 atque

227 2630 415 2688 valens
453 2628 746 2685 invenitur.

299 2719 442 2775 Vere
474 2720 638 2776 corde
658 2719 912 2775 creditur
938 2720 1012 2775 ad
1044 2722 1349 2777 iustitiam.
1382 2720 1523 2775 Nam
1554 2719 1834 2791 Scriptura

229 2807 354 2863 dicit
387 2826 401 2862 :
437 2810 655 2873 Omnis,
693 2808 807 2863 sive
836 2808 1078 2874 Judaeus,
1110 2809 1225 2865 sive
1256 2809 1493 2882 gentilis,
1525 2810 1621 2883 qui
1652 2810 1831 2865 credit

229 2898 291 2952 in
312 2898 483 2953 illum
505 2913 669 2969 quem
690 2898 838 2953 Deus
867 2898 1118 2954 excitavit
1139 2914 1171 2953 a
1187 2898 1437 2968 mortuis,
1452 2916 1569 2955 non
1589 2902 1835 2971 confun-

235 2985 421 3050 detur,
474 2985 529 3041 id
560 2994 644 3041 est
680 3002 791 3043 non
836 2987 1121 3043 erubescet
1151 2988 1310 3060 quasi
1346 2988 1490 3043 male
1518 2988 1829 3044 crediderit.

231 3076 375 3131 Bene
392 3076 521 3131 dico
532 3077 735 3131 omnis.
759 3077 897 3132 Nam
919 3092 1029 3131 non
1058 3085 1142 3132 est
1162 3077 1437 3134 distinctio
1455 3077 1597 3149 apud
1622 3078 1796 3133 Deum
1819 3095 1832 3133 :

229 3160 399 3215 Judaei
424 3168 479 3215 et
508 3160 703 3227 Grmci,
736 3160 790 3216 id
819 3169 902 3217 est
931 3162 1080 3217 Deus
1100 3161 1154 3215 in
1177 3162 1477 3218 salvatione
1493 3178 1593 3218 sua
1619 3162 1836 3219 indiffe-

230 3258 413 3305 renter
446 3249 645 3321 accipit
674 3223 922 3306 Judaeum
977 3259 1036 3306 ut
1090 3251 1370 3325 gentilem,
1404 3260 1456 3306 et
1484 3252 1744 3323 gentilem
1775 3261 1834 3308 ut
1864 3223 1911 3284 Ο

226 3340 493 3395 Judaeum.
522 3340 660 3395 Vere
692 3340 836 3411 apud
858 3341 1032 3396 Deum
1060 3341 1213 3398 nulla
1243 3350 1326 3396 est
1355 3341 1627 3397 distinctio
1657 3342 1831 3397 Judaei

235 3438 285 3484 et
313 3428 539 3501 gentilis
574 3444 587 3482 :
619 3445 745 3484 nam
776 3430 926 3485 idem
960 3439 1043 3485 est
1090 3432 1362 3489 Dominus
1410 3433 1688 3487 omnium.
1724 3431 1832 3500 Qui

232 3519 368 3574 enim
399 3517 611 3575 creavit
640 3533 824 3586 unum,
859 3520 1063 3575 creavit
1094 3528 1147 3576 et
1175 3520 1434 3577 alterum.
1474 3520 1630 3577 Unde
1653 3536 1830 3593 appa-

229 3616 304 3663 ret
335 3608 487 3681 quod
530 3624 738 3680 aequam
785 3608 1118 3665 voluntatem
1173 3610 1370 3664 habeat
1417 3610 1485 3664 ad
1519 3619 1827 3683 utrumque,

228 3704 278 3751 et
326 3698 468 3753 sicut
522 3697 874 3764 voluntatem,
930 3698 1010 3755 sic
1067 3699 1230 3754 etiam
1286 3699 1453 3754 habet
1508 3699 1826 3770 potentiam.

229 3787 365 3842 Nam
393 3788 515 3859 ipse
546 3795 627 3842 est
649 3787 804 3842 dives
828 3795 909 3843 :et
928 3788 1270 3843 abundanter
1298 3789 1606 3844 retribuens
1636 3791 1699 3845 in
1721 3806 1834 3845 om-

234 3894 328 3933 nes
349 3880 444 3949 qui
466 3878 739 3933 invocant
765 3878 955 3933 illum.
973 3878 1174 3933 Probat
1192 3878 1338 3950 quod
1358 3880 1632 3951 confessio
1661 3879 1729 3948 ﬁt
1758 3879 1832 3935 ad

231 3968 496 4023 salutem.
549 3967 863 4038 Respondet
911 3975 1092 4022 tamen
1142 3967 1323 4023 littera
1378 3968 1449 4022 ad
1500 3967 1828 4039 proximum.

235 4055 372 4111 Vere
390 4057 544 4112 Deus
591 4064 674 4111 est
702 4057 852 4113 dives
903 4058 966 4112 in
996 4073 1191 4113 omnes
1220 4058 1317 4131 qui
1340 4058 1611 4113 invocant
1640 4059 1827 4114 illum.

230 4144 361 4200 Nam
392 4146 583 4201 omnis
640 4146 957 4219 quicunque
1012 4146 1081 4200 sit
1126 4146 1240 4213 ille,
1276 4146 1391 4201 sive
1442 4148 1683 4213 Judaeus,
1718 4147 1833 4202 sive

231 4235 465 4306 gentilis,
500 4236 599 4309 qui
630 4236 973 4291 invocaverit
1003 4253 1211 4292 nomen
1231 4237 1477 4301 Domini,
1499 4238 1687 4293 salvus
1720 4240 1833 4293 erit

232 4322 683 4398 Quandoquidem
740 4332 1082 4395 oportet’eos
1112 4326 1367 4382 invocare
1416 4334 1474 4380 ut
1530 4326 1827 4395 salventur,

232 4429 359 4486 ergo
386 4422 605 4487 oportet
633 4430 730 4469 eos
760 4413 995 4485 primum
1024 4416 1248 4472 credere
1268 4459 1280 4482 ,
1314 4422 1372 4469 ut
1426 4423 1621 4486 postea
1675 4416 1830 4471 invo-

232 4513 367 4559 cent.
395 4504 680 4573 Quomodo
710 4504 854 4558 enim
874 4505 1216 4562 invocabant
1248 4504 1398 4559 illum
1428 4506 1492 4561 in
1521 4522 1685 4579 quem
1712 4522 1831 4563 non

1945 755 2000 811 id
2032 763 2116 812 est
2157 756 2535 823 humilitatem,
2581 756 2905 823 castitatem,
2955 764 3008 812 et
3039 755 3122 811 his
3152 754 3366 811 similia.
3399 754 3542 826 Quia

1947 861 2109 916 supra
2137 844 2348 900 dixerat
2393 862 2461 901 eo
2509 846 2656 917 quod
2705 845 2993 901 audierunt
3039 844 3437 901 crediderunt:
3471 860 3541 899 ne

1942 941 2259 1005 putaremus
2280 935 2425 1007 quod
2446 933 2624 989 solum
2639 934 2826 990 audire
2848 932 3125 990 sufficeret
3144 933 3215 989 ad
3231 933 3542 989 habendam

1942 1021 2107 1078 fidem
2156 1040 2268 1079 non
2312 1032 2574 1095 operante
2631 1023 2832 1095 Spiritu
2880 1031 3069 1079 sancto
3115 1022 3364 1090 interius,
3414 1022 3542 1079 ait:

1942 1111 2091 1168 Licet
2131 1111 2363 1169 dixerim
2430 1113 2554 1185 quia
2614 1113 2852 1169 audient
2892 1113 3125 1169 credent
3159 1132 3178 1168 :
3210 1120 3392 1167 tamen
3430 1126 3543 1167 non

1941 1217 2136 1258 omnes
2174 1202 2270 1275 qui
2297 1202 2547 1259 audiunt
2572 1202 2841 1259 obediunt
2879 1202 3198 1273 Evangelia.
3243 1201 3361 1256 Nec
3389 1199 3541 1255 solus

1940 1290 2046 1346 hoc
2089 1289 2258 1347 dico:
2295 1291 2393 1345 sed
2422 1291 2599 1347 Isaias
2646 1306 2864 1347 mecum
2907 1289 3151 1346 sentiens
3194 1290 3335 1345 dicit
3379 1290 3485 1345 hoc
3520 1306 3534 1343 :

1946 1380 2203 1446 Domine,
2239 1381 2363 1452 quis
2387 1380 2627 1436 credidit
2656 1381 2883 1436 auditui
2902 1382 3140 1437 nostro?
3167 1378 3223 1433 id
3244 1385 3329 1433 est
3348 1377 3434 1434 vel
3455 1376 3540 1432 his

1941 1484 2063 1541 quae
2092 1468 2384 1524 audierunt
2414 1484 2447 1524 a
2492 1469 2671 1538 nobis,
2719 1469 2807 1524 vel
2835 1469 2920 1524 his
2950 1484 3072 1541 quae
3100 1483 3202 1523 nos
3232 1466 3541 1525 audivimus

1941 1573 1974 1613 a
2004 1565 2056 1613 te
2086 1565 2139 1614 et
2167 1558 2533 1613 nuntiavimus
2564 1558 2670 1612 illis
2690 1559 2720 1614 ?
2741 1561 2843 1614 Per
2875 1559 2978 1614 hoc
2997 1558 3142 1630 quod
3163 1557 3236 1612 ait
3258 1557 3391 1625 Quis
3410 1572 3538 1613 cre-

1938 1643 2107 1709 didit,
2158 1642 2333 1697 innuit
2376 1642 2574 1698 multos
2599 1643 2819 1699 audisse
2850 1658 2863 1697 :
2897 1650 2950 1698 et
2979 1642 3025 1697 si
3053 1658 3163 1698 non
3194 1657 3404 1708 omnes,
3436 1641 3541 1696 ali-

1939 1744 2076 1803 quos
2110 1739 2295 1787 tamen
2324 1732 2647 1788 credidisse.
2678 1733 2748 1787 Et
2777 1730 3218 1803 quandoquidem
3238 1730 3407 1803 aliqui
3428 1746 3543 1787 cre-

2314 1837 2452 1895 ergo
2500 1822 2640 1891 ﬁdes
2679 1821 2911 1877 habetur
2958 1837 3033 1877 ea:
3081 1821 3304 1889 auditu,
3354 1819 3411 1875 id
3457 1828 3542 1876 est

1941 1910 2167 1965 credunt
2207 1910 2398 1982 aliqui,
2450 1910 2574 1983 quia
2620 1910 2866 1966 audiunt.
2914 1911 3039 1965 Non
3084 1917 3269 1965 tamen
3298 1926 3365 1966 ex
3393 1909 3543 1965 omni

1937 1999 2124 2054 auditu
2154 1999 2387 2055 habetur
2417 2016 2547 2055 sana
2574 2000 2713 2055 fides
2746 2018 2761 2056 :
2792 2000 2890 2055 sed
2911 2016 2986 2056 ex
3000 2000 3205 2055 auditu
3231 1999 3324 2070 qui
3355 1997 3412 2054 ﬁt
3434 2016 3543 2071 per

1936 2089 2183 2155 verbum,
2216 2088 2273 2144 id
2324 2097 2406 2145 est
2457 2090 2758 2145 secundum
2806 2088 3106 2145 doctrinam
3139 2089 3370 2156 Christi,
3405 2087 3543 2144 fides

1937 2184 2020 2232 est
2052 2177 2306 2235 salubris.
2365 2178 2519 2235 Licet
2547 2178 2706 2250 pauci
2752 2179 3042 2235 crederent
3068 2176 3275 2233 auditui
3302 2185 3493 2233 nostro
3526 2196 3540 2233 :

1938 2273 2118 2321 tamen
2144 2266 2286 2335 dico,
2312 2269 2580 2341 Nunquid
2600 2284 2714 2324 non
2737 2267 3049 2325 audierunt
3072 2269 3100 2323 ?
3120 2266 3276 2339 quasi
3292 2266 3500 2323 diceret
3524 2282 3538 2323 :

1935 2356 2017 2411 De
2045 2356 2151 2412 hoc
2181 2357 2328 2428 quod
2377 2372 2485 2412 non
2534 2357 2888 2413 crediderunt
2924 2356 3323 2413 inexcusabiles
3366 2362 3490 2411 sunt
3526 2370 3540 2411 :

1937 2445 2067 2517 quia
2100 2445 2327 2501 verbum
2376 2444 2505 2502 fidei
2548 2446 2855 2503 audierunt.
2908 2446 3179 2520 Equidem
3221 2447 3286 2502 in
3313 2462 3541 2503 omnem

1939 2538 2155 2590 terram
2186 2536 2369 2591 exivit
2397 2553 2589 2606 sonus,
2620 2536 2676 2591 id
2708 2544 2791 2592 est
2811 2535 2972 2604 fama,
3000 2551 3194 2592 eorum
3214 2534 3541 2607 praedicato-

1935 2639 2077 2679 rum.
2110 2624 2228 2680 Nec
2269 2624 2443 2680 solum
2472 2624 2617 2680 fama
2649 2643 2662 2679 :
2695 2624 2794 2680 sed
2824 2625 2989 2680 etiam
3034 2622 3197 2681 verba
3236 2641 3452 2692 eorum,
3484 2623 3540 2679 id

1936 2720 2021 2767 est
2075 2713 2267 2768 eadem
2308 2731 2430 2785 quae
2473 2713 2576 2785 ipsi
2629 2714 3024 2785 praedicabant,
3074 2712 3255 2768 audita
3302 2721 3428 2767 sunt
3474 2714 3539 2769 in

1937 2802 2084 2871 ﬁnes
2126 2806 2341 2859 terrea:
2374 2803 2527 2859 etita
2572 2803 2696 2859 dico
2738 2812 2903 2859 terrae
2949 2802 3096 2874 quod
3142 2803 3308 2870 orbis,
3358 2802 3415 2858 id
3456 2809 3542 2858 est

1936 2891 2253 2948 orbiculata
2296 2899 2479 2948 terrae.
2524 2893 2584 2947 In
2633 2892 2778 2949 omni
2808 2892 2955 2948 enim
2982 2900 3138 2965 parte
3168 2899 3327 2947 terrae
3356 2892 3541 2947 audita

1937 2988 2063 3035 sunt.
2091 2982 2259 3038 verba
2290 2982 2682 3054 apostolorum.
2708 2982 3007 3038 Audierant
3025 2981 3232 3054 utique,
3253 2982 3392 3038 sicut
3409 2998 3541 3053 pro-

1936 3070 2121 3125 batum
2155 3079 2259 3126 est.
2312 3073 2431 3127 Nec
2479 3072 2656 3127 solum
2702 3088 2798 3128 eos
2844 3071 3063 3127 audisse
3091 3070 3217 3127 dico
3251 3087 3264 3125 :
3297 3071 3392 3127 sed
3421 3072 3543 3129 dico

1938 3160 2084 3231 quod
2132 3160 2293 3216 etiam
2342 3170 2738 3234 cognoverunt,
2788 3162 2936 3234 quod
2970 3160 3361 3234 interrogative
3389 3161 3542 3232 ponit

1934 3257 1990 3304 ut
2020 3249 2201 3323 magis
2233 3266 2329 3306 eos
2352 3250 2568 3319 excitet,
2602 3251 2794 3307 dicens
2827 3270 2839 3306 :
2873 3251 3140 3324 Nunquid
3160 3251 3353 3317 Israel,
3373 3250 3430 3305 id
3450 3263 3536 3305 est

1933 3338 2192 3395 Judaicus
2242 3339 2496 3411 populus,
2546 3357 2663 3397 non
2694 3342 2997 3411 cognovit?
3023 3341 3145 3396 Duo
3175 3347 3302 3395 sunt
3331 3355 3538 3411 genera

1936 3428 2285 3501 cognitionis.
2334 3431 2511 3485 Unum
2554 3446 2662 3503 quo
2708 3430 2865 3486 sicuti
2912 3446 3024 3485 rem
3055 3429 3257 3485 bonam
3285 3445 3409 3484 esse
3439 3445 3541 3485 co-

1934 3517 2268 3590 gnoscimus,
2316 3517 2518 3574 bonum
2560 3520 2719 3589 hujus
2765 3519 2842 3574 rei
2869 3518 3149 3592 diligimus
3179 3527 3231 3574 et
3260 3518 3544 3590 approba-

1937 3622 2062 3661 mus
2096 3623 2109 3662 :
2144 3615 2199 3662 et
2228 3608 2346 3663 haec
2384 3615 2469 3663 est
2499 3608 2643 3663 bona
2690 3608 2951 3682 cognitio.
2986 3608 3229 3663 Alterum
3256 3623 3366 3680 quo
3396 3623 3538 3675 rem,

1934 3694 2092 3752 sicuti
2148 3695 2366 3765 dicitur,
2412 3695 2483 3750 ita
2529 3712 2653 3753 esse
2698 3697 2967 3763 videmus,
3017 3712 3121 3753 nec
3169 3696 3541 3753 contradicere

1932 3801 2224 3856 possumus
2258 3802 2272 3839 :
2305 3793 2359 3841 et
2389 3794 2572 3841 tamen
2618 3802 2735 3841 rem
2768 3786 2914 3841 illam
2960 3801 3071 3842 non
3108 3785 3407 3859 diligimus,
3439 3786 3540 3842 sed

1934 3875 2104 3947 (quod
2137 3874 2314 3930 solum
2360 3879 2676 3948 possumus)
2716 3876 2959 3949 iniquum
2986 3876 3129 3932 velle
3158 3876 3229 3931 ad
3258 3875 3404 3930 illam
3433 3876 3540 3932 ha-

1932 3964 2146 4019 bemus.
2180 3965 2309 4020 Hzec
2339 3973 2422 4020 est
2450 3966 2592 4021 mala
2621 3966 2865 4040 cognitio
2896 3981 3059 4038 quam
3087 3964 3262 4021 Judaei
3292 3965 3347 4019 in
3386 3964 3543 4020 Chri-

1934 4062 2078 4109 stum
2147 4056 2477 4111 habuerunt.
2526 4056 2725 4112 Probat
2755 4055 3075 4112 auctoritate
3117 4054 3291 4128 Moysi
3325 4054 3540 4112 Iudaeos

1933 4149 2261 4222 cognovisse
2293 4147 2590 4219 Christum,
2618 4146 2810 4203 dicens
2843 4162 2856 4201 :
2891 4147 3029 4203 Vere
3057 4145 3229 4202 Israel
3257 4145 3538 4219 cognovit.

1934 4239 2075 4294 Nam
2118 4240 2322 4311 Moyses
2369 4240 2592 4311 primus
2638 4245 2885 4308 tempore
2936 4237 3237 4293 secundum
3285 4235 3494 4308 scripta
3530 4251 3543 4291 :

1932 4344 2096 4384 nemo
2127 4328 2272 4384 enim
2321 4336 2448 4383 ante
2496 4342 2621 4382 eum
2652 4326 2874 4398 scripsit
2912 4326 3275 4398 prophetiam.
3310 4326 3412 4381 Per
3440 4326 3547 4382 hoc

1934 4426 2117 4474 autem
2146 4418 2294 4491 quod
2334 4416 2410 4473 ait
2457 4418 2699 4490 primus,
2751 4416 2927 4470 innuit
2956 4416 3204 4485 ejusdem
3234 4415 3311 4471 rei
3340 4414 3544 4471 multos

1934 4514 2105 4562 testes
2135 4522 2278 4574 esse,
2315 4506 2444 4561 licet
2481 4522 2593 4561 non
2637 4513 2865 4576 reponat
2903 4520 3020 4561 eos.
3074 4505 3170 4560 Vel
3218 4504 3451 4576 primus,
3484 4506 3541 4562 id

234 4592 648 4650 crediderunt?
677 4592 833 4665 quasi
882 4593 1092 4649 diceret
1126 4609 1138 4648 :
1172 4592 1309 4664 Quia
1349 4595 1573 4649 credent
1602 4595 1831 4651 invoca-
1859 4588 1912 4648 D
1936 4604 2019 4652 est
2048 4597 2360 4669 praecipuus
2390 4594 2694 4651 secundum
2720 4593 3063 4665 dignitatem.
3089 4595 3317 4667 Moyses,
3341 4594 3539 4667 inquit,

234 4681 376 4737 bunt.
413 4685 527 4739 Aut
546 4682 811 4756 quomodo
823 4683 1059 4739 credent
1078 4684 1131 4739 ei
1161 4700 1325 4757 quem
1350 4701 1464 4741 non
1486 4684 1829 4740 audierunt:

231 4769 281 4826 id
302 4780 397 4841 est,
423 4772 553 4844 quia
570 4772 789 4827 audient
807 4772 1053 4828 credent.
1085 4773 1362 4841 Quomodo
1379 4778 1573 4829 autem
1596 4774 1836 4830 audient

228 4861 343 4917 sine
372 4864 722 4934 praedicante
749 4867 771 4917 .9
799 4862 852 4916 id
884 4871 967 4917 est
1020 4863 1145 4935 quia
1175 4863 1558 4934 praedicabitur
1583 4863 1692 4918 illis
1721 4881 1832 4920 au-

230 4950 400 5006 dient.
439 4949 719 5021 Quomodo
748 4968 876 5007 vero
903 4952 1295 5023 praedicabunt
1325 4953 1442 5008 nisi
1469 4954 1790 5009 mittantur
1815 4958 1839 5009 .9

236 5037 285 5093 id
309 5048 388 5096 est
419 5041 547 5113 quia
580 5042 727 5095 Deus
754 5040 928 5096 mittet
952 5041 1095 5109 illos,
1139 5041 1301 5098 ϐο
1336 5042 1731 5113 praedicabunt.
1756 5043 1837 5098 Ex

235 5130 476 5185 omnibus
492 5131 579 5186 his
597 5130 1115 5202 interrogationibus
1137 5131 1365 5187 intendit
1376 5122 1551 5187 totum
1564 5133 1751 5188 venire
1772 5149 1838 5188 ex

236 5220 396 5287 gratia
408 5220 527 5287 Dei,
553 5236 584 5274 a
600 5219 869 5291 principio
882 5221 1182 5276 vocationis
1198 5237 1369 5292 usque
1387 5221 1457 5276 ad
1479 5222 1839 5278 salvationem

236 5322 432 5365 eorum.
461 5312 596 5365 Cum
653 5309 797 5365 enim
837 5309 966 5366 dicit
1005 5311 1445 5382 prmdicatoresa
1476 5312 1591 5366 Deo
1639 5310 1839 5367 missos

236 5412 360 5467 quos
388 5399 672 5454 audierunt
707 5414 719 5452 :
754 5407 807 5453 et
836 5408 958 5471 post
986 5399 1227 5455 auditum
1255 5400 1483 5455 credunt
1514 5416 1526 5454 :
1560 5409 1610 5456 et
1641 5401 1840 5456 deinde

239 5483 495 5553 invocant,
526 5497 579 5544 et
610 5489 689 5545 sic
718 5489 786 5544 ad
816 5488 1059 5544 ultimum
1104 5489 1384 5545 salvantur
1416 5507 1429 5544 :
1465 5498 1635 5545 totum
1665 5489 1841 5545 innuit

240 5573 571 5633 referendum
651 5595 777 5635 esse
834 5579 1024 5649 gratia:
1079 5578 1199 5634 Dei.
1252 5579 1394 5634 Vere
1450 5579 1840 5652 praedicatores

245 5664 510 5724 mittuntur
584 5684 613 5722 a
681 5668 819 5738 Deo,
853 5667 990 5725 sicut
1068 5668 1329 5741 scriptum
1388 5677 1473 5728 est
1527 5669 1583 5724 in
1643 5668 1836 5725 Isaia:

1937 4688 2159 4761 primus
2193 4684 2337 4742 dicit
2365 4685 2469 4740 hoc
2504 4699 2517 4738 :
2550 4685 2659 4755 Ego
2708 4682 2989 4739 adducam
3036 4701 3150 4751 vos,
3183 4699 3218 4738 ο
3245 4683 3438 4750 Judaei,
3469 4686 3545 4743 ad

1936 4777 2383 4842 aemulationem,
2436 4773 2491 4830 id
2524 4781 2607 4829 est
2643 4773 2711 4829 ad
2739 4772 2997 4829 iuvndiam
3026 4782 3080 4829 et
3107 4772 3544 4846 indignationem

1936 4865 2122 4933 animi,
2154 4867 2217 4921 in
2246 4882 2363 4921 non
2390 4868 2637 4937 gentem,
2663 4863 2717 4918 id
2735 4871 2815 4919 est
2836 4871 3021 4920 contra
3037 4863 3395 4937 gentilitatem
3419 4881 3543 4936 quae

1935 4956 2088 5029 prius
2118 4972 2257 5027 gens
2284 4969 2407 5010 mea
2444 4970 2557 5010 non
2596 4954 2881 5011 dicebatur
2915 4968 2928 5008 :
2961 4970 3100 5027 quos
3143 4952 3347 5025 vosipsi
3376 4969 3544 5011 canes

1939 5045 2244 5102 vocabatis.
2277 5044 2377 5100 Vel
2407 5045 2469 5100 in
2500 5061 2614 5101 non
2643 5048 2889 5116 gentem,
2920 5042 2978 5099 id
3007 5050 3092 5099 est
3119 5052 3307 5100 contra
3323 5044 3547 5114 gentili-

1937 5143 2106 5190 tatem
2152 5151 2313 5207 quam
2360 5133 2555 5190 faciam
2603 5150 2712 5189 non
2761 5141 3003 5208 gentem,
3048 5133 3104 5189 id
3152 5141 3235 5189 est
3264 5149 3374 5189 non
3404 5133 3550 5192 sicut

1939 5224 2120 5298 genita
2150 5233 2234 5280 est
2280 5224 2548 5279 dimittam
2593 5240 2734 5291 eam,
2787 5224 2885 5280 sed
2933 5222 3124 5280 faciam
3154 5240 3353 5280 novam
3381 5240 3546 5282 crea-

1937 5300 2116 5370 turam
2149 5333 2161 5368 :
2198 5321 2573 5385 regeneratam
2620 5329 2762 5387 aqua
2811 5321 2864 5369 et
2913 5312 3114 5385 Spiritu
3157 5321 3373 5371 sancto.
3428 5316 3550 5375 Nec

1940 5404 2118 5460 solum
2167 5404 2434 5460 adducam
2466 5419 2564 5459 vos
2595 5411 2654 5458 ut
2685 5404 2912 5459 v1deatis
2947 5421 2960 5457 :
2993 5403 3092 5459 sed
3122 5403 3281 5459 etiam
3309 5405 3549 5463 mittam

1939 5511 2032 5551 vos
2061 5496 2126 5550 in
2155 5495 2325 5563 iram,
2357 5501 2416 5548 ut
2452 5485 2859 5566 persequamini
2902 5508 3018 5549 eos.
3070 5495 3289 5550 Mittam
3320 5493 3445 5549 dico
3476 5496 3544 5552 in

1940 5585 2109 5650 iram,
2141 5583 2196 5638 id
2227 5591 2309 5638 est
2341 5590 2532 5639 contra
2562 5582 2921 5656 gentilitatem
2953 5583 3343 5656 insipientem,
3378 5583 3433 5638 id
3462 5593 3550 5641 est

1940 5690 2062 5749 quae
2088 5673 2241 5752 prius
2269 5681 2389 5729 erat
2416 5672 2701 5749 insipiens,
2734 5672 2879 5753 quia,
2912 5671 3038 5729 licet
3058 5672 3211 5729 multi
3230 5671 3546 5750 philosophi
