  <div class='ocr_page' id='page_1' title='image "/cluster/home/n/w/nwhite01/storage/ocr_20150623/153-154/uc1.31175019678096/051.png"; bbox 0 0 3970 6458; ppageno 0'>
   <div class='ocr_carea' id='block_1_1' title="bbox 485 327 3781 391">
    <p class='ocr_par' dir='ltr' id='par_1_1' title="bbox 485 327 3781 391">
     <span class='ocr_line' id='line_1_1' title="bbox 485 327 3781 391; baseline 0.002 -8"><span class='ocrx_word' id='word_1_1' title='bbox 485 331 547 384; x_wconf 80' lang='lat' dir='ltr'>9i</span> <span class='ocrx_word' id='word_1_2' title='bbox 987 330 1049 386; x_wconf 90' lang='lat' dir='ltr'>S.</span> <span class='ocrx_word' id='word_1_3' title='bbox 1113 327 1468 386; x_wconf 77' lang='lat' dir='ltr'>BRUNONIS</span> <span class='ocrx_word' id='word_1_4' title='bbox 1524 327 2173 386; x_wconf 78' lang='lat' dir='ltr'>CARTHUSIANORUM</span> <span class='ocrx_word' id='word_1_5' title='bbox 2228 328 2711 390; x_wconf 82' lang='lat' dir='ltr'>INSTITUTORIS</span> <span class='ocrx_word' id='word_1_6' title='bbox 2757 333 2910 390; x_wconf 87' lang='lat' dir='ltr'>OPP.</span> <span class='ocrx_word' id='word_1_7' title='bbox 2964 332 3143 391; x_wconf 79' lang='lat' dir='ltr'>PARS</span> <span class='ocrx_word' id='word_1_8' title='bbox 3196 334 3265 389; x_wconf 92' lang='lat' dir='ltr'>II.</span> <span class='ocrx_word' id='word_1_9' title='bbox 3648 365 3662 381; x_wconf 77' lang='grc' dir='ltr'><strong><em>ο</em></strong></span> <span class='ocrx_word' id='word_1_10' title='bbox 3702 336 3781 389; x_wconf 70' lang='lat'>92</span> 
     </span>
    </p>
   </div>
   <div class='ocr_carea' id='block_1_2' title="bbox 484 450 3785 530">
    <p class='ocr_par' dir='ltr' id='par_1_2' title="bbox 484 450 3785 530">
     <span class='ocr_line' id='line_1_2' title="bbox 484 450 3785 530; baseline 0 -21"><span class='ocrx_word' id='word_1_11' title='bbox 484 450 733 525; x_wconf 82' lang='lat' dir='ltr'>gentium</span> <span class='ocrx_word' id='word_1_12' title='bbox 799 451 1081 509; x_wconf 82' lang='lat' dir='ltr'>scientiam</span> <span class='ocrx_word' id='word_1_13' title='bbox 1134 454 1399 510; x_wconf 89' lang='lat' dir='ltr'>haberent</span> <span class='ocrx_word' id='word_1_14' title='bbox 1424 454 1493 510; x_wconf 90' lang='lat' dir='ltr'>de</span> <span class='ocrx_word' id='word_1_15' title='bbox 1550 454 1858 520; x_wconf 83' lang='lat' dir='ltr'>mundanis,</span> <span class='ocrx_word' id='word_1_16' title='bbox 1890 455 2151 518; x_wconf 80' lang='lat' dir='ltr'>tamenA</span> <span class='ocrx_word' id='word_1_17' title='bbox 2183 477 2206 501; x_wconf 74' lang='grc' dir='ltr'><em>α</em></span> <span class='ocrx_word' id='word_1_18' title='bbox 2240 456 2426 511; x_wconf 78' lang='lat' dir='ltr'>caecati</span> <span class='ocrx_word' id='word_1_19' title='bbox 2483 465 2627 524; x_wconf 91' lang='lat' dir='ltr'>sunt,</span> <span class='ocrx_word' id='word_1_20' title='bbox 2687 458 2825 514; x_wconf 89' lang='lat' dir='ltr'>sicut</span> <span class='ocrx_word' id='word_1_21' title='bbox 2890 459 3151 530; x_wconf 89' lang='lat' dir='ltr'>scriptum</span> <span class='ocrx_word' id='word_1_22' title='bbox 3206 465 3334 513; x_wconf 92' lang='lat' dir='ltr'>est:</span> <span class='ocrx_word' id='word_1_23' title='bbox 3371 480 3393 505; x_wconf 79' lang='grc' dir='ltr'><strong><em>α</em></strong></span> <span class='ocrx_word' id='word_1_24' title='bbox 3440 458 3602 513; x_wconf 96' lang='lat' dir='ltr'>Dedit</span> <span class='ocrx_word' id='word_1_25' title='bbox 3660 456 3785 511; x_wconf 87' lang='lat' dir='ltr'>illis</span> 
     </span>
    </p>
   </div>
   <div class='ocr_carea' id='block_1_3' title="bbox 488 540 2079 615">
    <p class='ocr_par' dir='ltr' id='par_1_3' title="bbox 488 540 2079 615">
     <span class='ocr_line' id='line_1_3' title="bbox 488 540 2079 615; baseline 0.001 -19"><span class='ocrx_word' id='word_1_26' title='bbox 488 540 807 613; x_wconf 82' lang='lat' dir='ltr'>insipientes</span> <span class='ocrx_word' id='word_1_27' title='bbox 838 550 993 599; x_wconf 91' lang='lat' dir='ltr'>erant</span> <span class='ocrx_word' id='word_1_28' title='bbox 1022 558 1143 599; x_wconf 91' lang='lat' dir='ltr'>cum</span> <span class='ocrx_word' id='word_1_29' title='bbox 1174 543 1460 599; x_wconf 78' lang='lat' dir='ltr'>veritatem</span> <span class='ocrx_word' id='word_1_30' title='bbox 1490 543 1655 599; x_wconf 85' lang='lat' dir='ltr'>divini</span> <span class='ocrx_word' id='word_1_31' title='bbox 1687 544 1861 600; x_wconf 91' lang='lat' dir='ltr'>cultus</span> <span class='ocrx_word' id='word_1_32' title='bbox 1918 543 2079 615; x_wconf 85' lang='lat' dir='ltr'>igno-</span> 
     </span>
    </p>
   </div>
   <div class='ocr_carea' id='block_1_4' title="bbox 486 638 689 685">
    <p class='ocr_par' dir='ltr' id='par_1_4' title="bbox 486 638 689 685">
     <span class='ocr_line' id='line_1_4' title="bbox 486 638 689 685; baseline 0 0"><span class='ocrx_word' id='word_1_33' title='bbox 486 638 689 685; x_wconf 85' lang='lat' dir='ltr'>rarent.</span> 
     </span>
    </p>
   </div>
   <div class='ocr_carea' id='block_1_5' title="bbox 561 719 2079 797">
    <p class='ocr_par' dir='ltr' id='par_1_5' title="bbox 561 719 2079 797">
     <span class='ocr_line' id='line_1_5' title="bbox 561 719 2079 797; baseline 0.001 -24"><span class='ocrx_word' id='word_1_34' title='bbox 561 721 665 774; x_wconf 86' lang='lat' dir='ltr'>Per</span> <span class='ocrx_word' id='word_1_35' title='bbox 718 720 823 775; x_wconf 92' lang='lat' dir='ltr'>hoc</span> <span class='ocrx_word' id='word_1_36' title='bbox 880 728 1059 776; x_wconf 90' lang='lat' dir='ltr'>autem</span> <span class='ocrx_word' id='word_1_37' title='bbox 1116 721 1275 797; x_wconf 48' lang='lat' dir='ltr'>quod.</span> <span class='ocrx_word' id='word_1_38' title='bbox 1313 720 1485 776; x_wconf 81' lang='lat' dir='ltr'>Judai</span> <span class='ocrx_word' id='word_1_39' title='bbox 1515 720 1700 777; x_wconf 90' lang='lat' dir='ltr'>vident</span> <span class='ocrx_word' id='word_1_40' title='bbox 1742 719 2079 792; x_wconf 83' lang='lat' dir='ltr'>prophetiam</span> 
     </span>
    </p>
   </div>
   <div class='ocr_carea' id='block_1_6' title="bbox 487 808 2080 881">
    <p class='ocr_par' dir='ltr' id='par_1_6' title="bbox 487 808 2080 881">
     <span class='ocr_line' id='line_1_6' title="bbox 487 808 2080 881; baseline -0.001 -18"><span class='ocrx_word' id='word_1_41' title='bbox 487 808 661 879; x_wconf 84' lang='lat' dir='ltr'>Moysi</span> <span class='ocrx_word' id='word_1_42' title='bbox 693 808 1021 880; x_wconf 86' lang='lat' dir='ltr'>completam</span> <span class='ocrx_word' id='word_1_43' title='bbox 1052 826 1196 879; x_wconf 91' lang='lat' dir='ltr'>esse,</span> <span class='ocrx_word' id='word_1_44' title='bbox 1230 809 1284 864; x_wconf 92' lang='lat' dir='ltr'>in</span> <span class='ocrx_word' id='word_1_45' title='bbox 1307 825 1371 865; x_wconf 92' lang='lat' dir='ltr'>eo</span> <span class='ocrx_word' id='word_1_46' title='bbox 1404 810 1530 881; x_wconf 87' lang='lat' dir='ltr'>quia</span> <span class='ocrx_word' id='word_1_47' title='bbox 1560 810 1803 865; x_wconf 90' lang='lat' dir='ltr'>invident</span> <span class='ocrx_word' id='word_1_48' title='bbox 1859 810 2080 881; x_wconf 87' lang='lat' dir='ltr'>gentili-</span> 
     </span>
    </p>
   </div>
   <div class='ocr_carea' id='block_1_7' title="bbox 488 896 2082 964">
    <p class='ocr_par' dir='ltr' id='par_1_7' title="bbox 488 896 2082 964">
     <span class='ocr_line' id='line_1_7' title="bbox 488 896 2082 964; baseline 0.001 -13"><span class='ocrx_word' id='word_1_49' title='bbox 488 896 590 951; x_wconf 88' lang='lat' dir='ltr'>bus</span> <span class='ocrx_word' id='word_1_50' title='bbox 620 896 777 953; x_wconf 80' lang='lat' dir='ltr'>factis</span> <span class='ocrx_word' id='word_1_51' title='bbox 824 898 1169 963; x_wconf 79' lang='lat' dir='ltr'>Christianis,</span> <span class='ocrx_word' id='word_1_52' title='bbox 1205 898 1564 953; x_wconf 90' lang='lat' dir='ltr'>idololatriam</span> <span class='ocrx_word' id='word_1_53' title='bbox 1596 898 1997 964; x_wconf 82' lang='lat' dir='ltr'>deserentibus,</span> <span class='ocrx_word' id='word_1_54' title='bbox 2030 906 2082 953; x_wconf 90' lang='lat' dir='ltr'>et</span> 
     </span>
    </p>
   </div>
   <div class='ocr_carea' id='block_1_8' title="bbox 492 986 2082 1060">
    <p class='ocr_par' dir='ltr' id='par_1_8' title="bbox 492 986 2082 1060">
     <span class='ocr_line' id='line_1_8' title="bbox 492 986 2082 1060; baseline 0 -20"><span class='ocrx_word' id='word_1_55' title='bbox 492 1001 688 1041; x_wconf 90' lang='lat' dir='ltr'>novam</span> <span class='ocrx_word' id='word_1_56' title='bbox 754 986 935 1058; x_wconf 88' lang='lat' dir='ltr'>legem</span> <span class='ocrx_word' id='word_1_57' title='bbox 995 987 1367 1059; x_wconf 87' lang='lat' dir='ltr'>sequentibus,</span> <span class='ocrx_word' id='word_1_58' title='bbox 1398 996 1736 1060; x_wconf 86' lang='lat' dir='ltr'>cognoscunt</span> <span class='ocrx_word' id='word_1_59' title='bbox 1791 987 2082 1043; x_wconf 78' lang='lat' dir='ltr'>advenisse</span> 
     </span>
    </p>
   </div>
   <div class='ocr_carea' id='block_1_9' title="bbox 489 1075 2080 1148">
    <p class='ocr_par' dir='ltr' id='par_1_9' title="bbox 489 1075 2080 1148">
     <span class='ocr_line' id='line_1_9' title="bbox 489 1075 2080 1148; baseline 0.001 -19"><span class='ocrx_word' id='word_1_60' title='bbox 489 1081 703 1145; x_wconf 89' lang='lat' dir='ltr'>tempus</span> <span class='ocrx_word' id='word_1_61' title='bbox 761 1075 897 1131; x_wconf 93' lang='lat' dir='ltr'>illud</span> <span class='ocrx_word' id='word_1_62' title='bbox 946 1076 1015 1130; x_wconf 93' lang='lat' dir='ltr'>de</span> <span class='ocrx_word' id='word_1_63' title='bbox 1070 1092 1178 1148; x_wconf 91' lang='lat' dir='ltr'>quo</span> <span class='ocrx_word' id='word_1_64' title='bbox 1221 1078 1324 1132; x_wconf 90' lang='lat' dir='ltr'>hoc</span> <span class='ocrx_word' id='word_1_65' title='bbox 1354 1076 1686 1147; x_wconf 87' lang='lat' dir='ltr'>pradicebat</span> <span class='ocrx_word' id='word_1_66' title='bbox 1716 1077 1947 1148; x_wconf 74' lang='lat' dir='ltr'>Moyses,</span> <span class='ocrx_word' id='word_1_67' title='bbox 1983 1077 2080 1130; x_wconf 89' lang='lat' dir='ltr'>sed</span> 
     </span>
    </p>
   </div>
   <div class='ocr_carea' id='block_1_10' title="bbox 486 1164 2079 1237">
    <p class='ocr_par' dir='ltr' id='par_1_10' title="bbox 486 1164 2079 1237">
     <span class='ocr_line' id='line_1_10' title="bbox 486 1164 2079 1237; baseline 0.001 -20"><span class='ocrx_word' id='word_1_68' title='bbox 486 1164 792 1218; x_wconf 86' lang='lat' dir='ltr'>amaritudo</span> <span class='ocrx_word' id='word_1_69' title='bbox 821 1179 1008 1219; x_wconf 90' lang='lat' dir='ltr'>eorum</span> <span class='ocrx_word' id='word_1_70' title='bbox 1039 1181 1146 1219; x_wconf 88' lang='lat' dir='ltr'>non</span> <span class='ocrx_word' id='word_1_71' title='bbox 1178 1165 1288 1220; x_wconf 88' lang='lat' dir='ltr'>vult</span> <span class='ocrx_word' id='word_1_72' title='bbox 1316 1165 1666 1236; x_wconf 89' lang='lat' dir='ltr'>acquiescere</span> <span class='ocrx_word' id='word_1_73' title='bbox 1712 1182 1852 1219; x_wconf 85' lang='lat' dir='ltr'>vera</span> <span class='ocrx_word' id='word_1_74' title='bbox 1884 1166 2079 1237; x_wconf 87' lang='lat' dir='ltr'>c0gni-</span> 
     </span>
    </p>
   </div>
   <div class='ocr_carea' id='block_1_11' title="bbox 486 1251 2078 1323">
    <p class='ocr_par' dir='ltr' id='par_1_11' title="bbox 486 1251 2078 1323">
     <span class='ocr_line' id='line_1_11' title="bbox 486 1251 2078 1323; baseline 0.001 -17"><span class='ocrx_word' id='word_1_75' title='bbox 486 1251 638 1307; x_wconf 90' lang='lat' dir='ltr'>tioni.</span> <span class='ocrx_word' id='word_1_76' title='bbox 657 1252 872 1323; x_wconf 82' lang='lat' dir='ltr'>Moyses</span> <span class='ocrx_word' id='word_1_77' title='bbox 888 1253 991 1308; x_wconf 88' lang='lat' dir='ltr'>hoc</span> <span class='ocrx_word' id='word_1_78' title='bbox 1014 1252 1143 1308; x_wconf 88' lang='lat' dir='ltr'>dicit</span> <span class='ocrx_word' id='word_1_79' title='bbox 1165 1253 1232 1307; x_wconf 92' lang='lat' dir='ltr'>de</span> <span class='ocrx_word' id='word_1_80' title='bbox 1248 1253 1466 1307; x_wconf 83' lang='lat' dir='ltr'>Judais.</span> <span class='ocrx_word' id='word_1_81' title='bbox 1485 1254 1655 1308; x_wconf 71' lang='lat' dir='ltr'>lsaias</span> <span class='ocrx_word' id='word_1_82' title='bbox 1673 1258 1867 1309; x_wconf 84' lang='lat' dir='ltr'>autem</span> <span class='ocrx_word' id='word_1_83' title='bbox 1886 1255 2078 1317; x_wconf 76' lang='lat' dir='ltr'>audet,</span> 
     </span>
    </p>
   </div>
   <div class='ocr_carea' id='block_1_12' title="bbox 490 1340 2080 1414">
    <p class='ocr_par' dir='ltr' id='par_1_12' title="bbox 490 1340 2080 1414">
     <span class='ocr_line' id='line_1_12' title="bbox 490 1340 2080 1414; baseline 0.001 -19"><span class='ocrx_word' id='word_1_84' title='bbox 490 1344 547 1395; x_wconf 89' lang='lat' dir='ltr'>et</span> <span class='ocrx_word' id='word_1_85' title='bbox 577 1340 717 1396; x_wconf 79' lang='lat' dir='ltr'>dicit</span> <span class='ocrx_word' id='word_1_86' title='bbox 748 1341 851 1396; x_wconf 90' lang='lat' dir='ltr'>hoc</span> <span class='ocrx_word' id='word_1_87' title='bbox 886 1341 955 1396; x_wconf 91' lang='lat' dir='ltr'>de</span> <span class='ocrx_word' id='word_1_88' title='bbox 993 1341 1290 1397; x_wconf 88' lang='lat' dir='ltr'>salvatione</span> <span class='ocrx_word' id='word_1_89' title='bbox 1319 1342 1563 1414; x_wconf 86' lang='lat' dir='ltr'>gentium</span> <span class='ocrx_word' id='word_1_90' title='bbox 1594 1350 1646 1396; x_wconf 92' lang='lat' dir='ltr'>et</span> <span class='ocrx_word' id='word_1_91' title='bbox 1701 1342 2080 1413; x_wconf 88' lang='lat' dir='ltr'>reprobatione</span> 
     </span>
    </p>
   </div>
   <div class='ocr_carea' id='block_1_13' title="bbox 489 1428 2082 1502">
    <p class='ocr_par' dir='ltr' id='par_1_13' title="bbox 489 1428 2082 1502">
     <span class='ocr_line' id='line_1_13' title="bbox 489 1428 2082 1502; baseline 0.003 -20"><span class='ocrx_word' id='word_1_92' title='bbox 489 1428 822 1483; x_wconf 83' lang='lat' dir='ltr'>Judaorum.</span> <span class='ocrx_word' id='word_1_93' title='bbox 842 1429 1016 1484; x_wconf 82' lang='lat' dir='ltr'>Audet</span> <span class='ocrx_word' id='word_1_94' title='bbox 1037 1429 1236 1501; x_wconf 90' lang='lat' dir='ltr'>utique.</span> <span class='ocrx_word' id='word_1_95' title='bbox 1273 1430 1372 1486; x_wconf 83' lang='lat' dir='ltr'>Hic</span> <span class='ocrx_word' id='word_1_96' title='bbox 1392 1430 1537 1485; x_wconf 91' lang='lat' dir='ltr'>enim</span> <span class='ocrx_word' id='word_1_97' title='bbox 1560 1431 1729 1485; x_wconf 89' lang='lat' dir='ltr'>Isaias</span> <span class='ocrx_word' id='word_1_98' title='bbox 1748 1431 1875 1502; x_wconf 87' lang='lat' dir='ltr'>quia</span> <span class='ocrx_word' id='word_1_99' title='bbox 1906 1432 2082 1486; x_wconf 88' lang='lat' dir='ltr'>mani-</span> 
     </span>
    </p>
   </div>
   <div class='ocr_carea' id='block_1_14' title="bbox 489 1516 2082 1593">
    <p class='ocr_par' dir='ltr' id='par_1_14' title="bbox 489 1516 2082 1593">
     <span class='ocr_line' id='line_1_14' title="bbox 489 1516 2082 1593; baseline 0.003 -21"><span class='ocrx_word' id='word_1_100' title='bbox 489 1516 682 1572; x_wconf 81' lang='lat' dir='ltr'>festius</span> <span class='ocrx_word' id='word_1_101' title='bbox 728 1516 868 1574; x_wconf 79' lang='grc' dir='ltr'><strong>ϐΙ</strong></span> <span class='ocrx_word' id='word_1_102' title='bbox 897 1518 1109 1573; x_wconf 87' lang='lat' dir='ltr'>cateris</span> <span class='ocrx_word' id='word_1_103' title='bbox 1158 1519 1512 1574; x_wconf 87' lang='lat' dir='ltr'>salvationem</span> <span class='ocrx_word' id='word_1_104' title='bbox 1554 1519 1800 1593; x_wconf 87' lang='lat' dir='ltr'>gentium</span> <span class='ocrx_word' id='word_1_105' title='bbox 1847 1522 2082 1591; x_wconf 84' lang='lat' dir='ltr'>prophe-</span> 
     </span>
    </p>
   </div>
   <div class='ocr_carea' id='block_1_15' title="bbox 486 1606 2077 1677">
    <p class='ocr_par' dir='ltr' id='par_1_15' title="bbox 486 1606 2077 1677">
     <span class='ocr_line' id='line_1_15' title="bbox 486 1606 2077 1677; baseline 0.001 -16"><span class='ocrx_word' id='word_1_106' title='bbox 486 1606 638 1675; x_wconf 88' lang='lat' dir='ltr'>tavit,</span> <span class='ocrx_word' id='word_1_107' title='bbox 664 1606 834 1661; x_wconf 87' lang='lat' dir='ltr'>multa</span> <span class='ocrx_word' id='word_1_108' title='bbox 863 1607 1082 1677; x_wconf 88' lang='lat' dir='ltr'>pertulit</span> <span class='ocrx_word' id='word_1_109' title='bbox 1113 1622 1146 1661; x_wconf 91' lang='lat' dir='ltr'>a</span> <span class='ocrx_word' id='word_1_110' title='bbox 1172 1608 1379 1662; x_wconf 84' lang='lat' dir='ltr'>Judais</span> <span class='ocrx_word' id='word_1_111' title='bbox 1398 1652 1412 1675; x_wconf 91' lang='lat'>,</span> <span class='ocrx_word' id='word_1_112' title='bbox 1445 1616 1498 1662; x_wconf 88' lang='lat' dir='ltr'>et</span> <span class='ocrx_word' id='word_1_113' title='bbox 1526 1609 1595 1662; x_wconf 88' lang='lat' dir='ltr'>ad</span> <span class='ocrx_word' id='word_1_114' title='bbox 1626 1609 1874 1663; x_wconf 89' lang='lat' dir='ltr'>ultimum</span> <span class='ocrx_word' id='word_1_115' title='bbox 1904 1609 2077 1664; x_wconf 90' lang='lat' dir='ltr'>inter-</span> 
     </span>
    </p>
   </div>
   <div class='ocr_carea' id='block_1_16' title="bbox 487 1694 2078 1762">
    <p class='ocr_par' dir='ltr' id='par_1_16' title="bbox 487 1694 2078 1762">
     <span class='ocr_line' id='line_1_16' title="bbox 487 1694 2078 1762; baseline 0.003 -13"><span class='ocrx_word' id='word_1_116' title='bbox 487 1694 660 1750; x_wconf 82' lang='lat' dir='ltr'>fectus</span> <span class='ocrx_word' id='word_1_117' title='bbox 691 1702 775 1750; x_wconf 92' lang='lat' dir='ltr'>est</span> <span class='ocrx_word' id='word_1_118' title='bbox 802 1695 873 1750; x_wconf 91' lang='lat' dir='ltr'>ab</span> <span class='ocrx_word' id='word_1_119' title='bbox 901 1695 1000 1749; x_wconf 90' lang='lat' dir='ltr'>eis.</span> <span class='ocrx_word' id='word_1_120' title='bbox 1052 1695 1181 1750; x_wconf 91' lang='lat' dir='ltr'>Ideo</span> <span class='ocrx_word' id='word_1_121' title='bbox 1204 1696 1284 1751; x_wconf 90' lang='lat' dir='ltr'>sic</span> <span class='ocrx_word' id='word_1_122' title='bbox 1338 1696 1411 1749; x_wconf 86' lang='lat' dir='ltr'>ait</span> <span class='ocrx_word' id='word_1_123' title='bbox 1444 1713 1457 1750; x_wconf 90' lang='lat'><strong>:</strong></span> <span class='ocrx_word' id='word_1_124' title='bbox 1492 1697 1688 1762; x_wconf 81' lang='lat' dir='ltr'>Audet,</span> <span class='ocrx_word' id='word_1_125' title='bbox 1722 1697 1776 1751; x_wconf 90' lang='lat' dir='ltr'>id</span> <span class='ocrx_word' id='word_1_126' title='bbox 1825 1705 1910 1751; x_wconf 90' lang='lat' dir='ltr'>est</span> <span class='ocrx_word' id='word_1_127' title='bbox 1968 1714 2078 1753; x_wconf 91' lang='lat' dir='ltr'>non</span> 
     </span>
    </p>
   </div>
   <div class='ocr_carea' id='block_1_17' title="bbox 2185 545 3780 618">
    <p class='ocr_par' dir='ltr' id='par_1_17' title="bbox 2185 545 3780 618">
     <span class='ocr_line' id='line_1_17' title="bbox 2185 545 3780 618; baseline 0.003 -23"><span class='ocrx_word' id='word_1_128' title='bbox 2185 566 2206 594; x_wconf 78' lang='grc' dir='ltr'>ι</span> <span class='ocrx_word' id='word_1_129' title='bbox 2244 545 2388 599; x_wconf 90' lang='lat' dir='ltr'>Deus</span> <span class='ocrx_word' id='word_1_130' title='bbox 2416 546 2659 616; x_wconf 90' lang='lat' dir='ltr'>spiritum</span> <span class='ocrx_word' id='word_1_131' title='bbox 2709 547 3156 618; x_wconf 91' lang='lat' dir='ltr'>compunctionis,</span> <span class='ocrx_word' id='word_1_132' title='bbox 3190 546 3377 602; x_wconf 91' lang='lat' dir='ltr'>oculos</span> <span class='ocrx_word' id='word_1_133' title='bbox 3405 554 3463 601; x_wconf 93' lang='lat' dir='ltr'>ut</span> <span class='ocrx_word' id='word_1_134' title='bbox 3512 561 3623 601; x_wconf 91' lang='lat' dir='ltr'>non</span> <span class='ocrx_word' id='word_1_135' title='bbox 3681 545 3780 599; x_wconf 89' lang='lat' dir='ltr'>vi-</span> 
     </span>
    </p>
   </div>
   <div class='ocr_carea' id='block_1_18' title="bbox 2184 633 3785 706">
    <p class='ocr_par' dir='ltr' id='par_1_18' title="bbox 2184 633 3785 706">
     <span class='ocr_line' id='line_1_18' title="bbox 2184 633 3785 706; baseline 0.004 -24"><span class='ocrx_word' id='word_1_136' title='bbox 2184 654 2205 682; x_wconf 77' lang='grc' dir='ltr'>ι</span> <span class='ocrx_word' id='word_1_137' title='bbox 2242 633 2423 699; x_wconf 86' lang='lat' dir='ltr'>deant,</span> <span class='ocrx_word' id='word_1_138' title='bbox 2462 643 2515 689; x_wconf 92' lang='lat' dir='ltr'>et</span> <span class='ocrx_word' id='word_1_139' title='bbox 2542 651 2702 689; x_wconf 90' lang='lat' dir='ltr'>aures</span> <span class='ocrx_word' id='word_1_140' title='bbox 2734 644 2790 689; x_wconf 93' lang='lat' dir='ltr'>ut</span> <span class='ocrx_word' id='word_1_141' title='bbox 2826 652 2934 690; x_wconf 92' lang='lat' dir='ltr'>non</span> <span class='ocrx_word' id='word_1_142' title='bbox 2962 635 3203 702; x_wconf 89' lang='lat' dir='ltr'>audiant,</span> <span class='ocrx_word' id='word_1_143' title='bbox 3237 651 3409 706; x_wconf 90' lang='lat' dir='ltr'>usque</span> <span class='ocrx_word' id='word_1_144' title='bbox 3443 633 3497 688; x_wconf 92' lang='lat' dir='ltr'>in</span> <span class='ocrx_word' id='word_1_145' title='bbox 3548 634 3785 689; x_wconf 85' lang='lat' dir='ltr'>hodier-</span> 
     </span>
    </p>
   </div>
   <div class='ocr_carea' id='block_1_19' title="bbox 2185 723 3778 794">
    <p class='ocr_par' dir='ltr' id='par_1_19' title="bbox 2185 723 3778 794">
     <span class='ocr_line' id='line_1_19' title="bbox 2185 723 3778 794; baseline 0.002 -22"><span class='ocrx_word' id='word_1_146' title='bbox 2185 743 2207 771; x_wconf 75' lang='grc' dir='ltr'>ι</span> <span class='ocrx_word' id='word_1_147' title='bbox 2244 738 2372 776; x_wconf 91' lang='lat' dir='ltr'>num</span> <span class='ocrx_word' id='word_1_148' title='bbox 2393 723 2541 778; x_wconf 90' lang='lat' dir='ltr'>diem</span> <span class='ocrx_word' id='word_1_149' title='bbox 2582 724 2713 794; x_wconf 79' lang='lat' dir='ltr'>(lsa.</span> <span class='ocrx_word' id='word_1_150' title='bbox 2736 739 2812 791; x_wconf 83' lang='lat' dir='ltr'>VI,</span> <span class='ocrx_word' id='word_1_151' title='bbox 2846 729 2877 778; x_wconf 85' lang='lat'>9</span> <span class='ocrx_word' id='word_1_152' title='bbox 2904 743 2918 789; x_wconf 88' lang='lat'><strong>;</strong></span> <span class='ocrx_word' id='word_1_153' title='bbox 2966 723 3165 780; x_wconf 78' lang='lat' dir='ltr'>Matth.</span> <span class='ocrx_word' id='word_1_154' title='bbox 3193 739 3313 787; x_wconf 82' lang='lat' dir='ltr'>xm,</span> <span class='ocrx_word' id='word_1_155' title='bbox 3340 725 3440 789; x_wconf 66' lang='lat' dir='ltr'>It;</span> <span class='ocrx_word' id='word_1_156' title='bbox 3472 725 3636 778; x_wconf 80' lang='lat' dir='ltr'>Joan.</span> <span class='ocrx_word' id='word_1_157' title='bbox 3662 738 3778 789; x_wconf 79' lang='lat' dir='ltr'>xu,</span> 
     </span>
    </p>
   </div>
   <div class='ocr_carea' id='block_1_20' title="bbox 2184 810 3784 882">
    <p class='ocr_par' dir='ltr' id='par_1_20' title="bbox 2184 810 3784 882">
     <span class='ocr_line' id='line_1_20' title="bbox 2184 810 3784 882; baseline 0 -19"><span class='ocrx_word' id='word_1_158' title='bbox 2184 833 2205 857; x_wconf 78' lang='grc' dir='ltr'><strong><em>α</em></strong></span> <span class='ocrx_word' id='word_1_159' title='bbox 2246 811 2345 877; x_wconf 76' lang='grc'>40;</span> <span class='ocrx_word' id='word_1_160' title='bbox 2396 812 2518 866; x_wconf 81' lang='lat' dir='ltr'>Act.</span> <span class='ocrx_word' id='word_1_161' title='bbox 2578 827 2779 877; x_wconf 76' lang='lat' dir='ltr'>xxvm,</span> <span class='ocrx_word' id='word_1_162' title='bbox 2815 815 2925 882; x_wconf 77' lang='lat'>26).</span> <span class='ocrx_word' id='word_1_163' title='bbox 2967 838 2987 859; x_wconf 80' lang='grc' dir='ltr'><strong><em>»ι</em></strong></span> <span class='ocrx_word' id='word_1_164' title='bbox 3050 814 3114 866; x_wconf 85' lang='grc' dir='ltr'><strong><em>Ει</em></strong></span> <span class='ocrx_word' id='word_1_165' title='bbox 3172 810 3347 866; x_wconf 85' lang='lat' dir='ltr'>David</span> <span class='ocrx_word' id='word_1_166' title='bbox 3378 810 3509 866; x_wconf 89' lang='lat' dir='ltr'>dicit</span> <span class='ocrx_word' id='word_1_167' title='bbox 3542 826 3554 865; x_wconf 93' lang='lat'>:</span> <span class='ocrx_word' id='word_1_168' title='bbox 3595 834 3615 856; x_wconf 74' lang='grc' dir='ltr'>ιι</span> <span class='ocrx_word' id='word_1_169' title='bbox 3656 810 3784 864; x_wconf 84' lang='lat' dir='ltr'>Fiat</span> 
     </span>
    </p>
   </div>
   <div class='ocr_carea' id='block_1_21' title="bbox 2184 898 3786 972">
    <p class='ocr_par' dir='ltr' id='par_1_21' title="bbox 2184 898 3786 972">
     <span class='ocr_line' id='line_1_21' title="bbox 2184 898 3786 972; baseline -0.001 -19"><span class='ocrx_word' id='word_1_170' title='bbox 2184 922 2205 946; x_wconf 88' lang='grc'><em>‹‹</em></span> <span class='ocrx_word' id='word_1_171' title='bbox 2239 916 2423 953; x_wconf 88' lang='lat' dir='ltr'>mensa</span> <span class='ocrx_word' id='word_1_172' title='bbox 2474 916 2658 954; x_wconf 88' lang='lat' dir='ltr'>eorum</span> <span class='ocrx_word' id='word_1_173' title='bbox 2706 916 2892 956; x_wconf 90' lang='lat' dir='ltr'>coram</span> <span class='ocrx_word' id='word_1_174' title='bbox 2924 899 3057 971; x_wconf 88' lang='lat' dir='ltr'>ipsis</span> <span class='ocrx_word' id='word_1_175' title='bbox 3104 900 3159 954; x_wconf 91' lang='lat' dir='ltr'>in</span> <span class='ocrx_word' id='word_1_176' title='bbox 3190 900 3463 972; x_wconf 85' lang='lat' dir='ltr'>laqueum,</span> <span class='ocrx_word' id='word_1_177' title='bbox 3489 906 3543 954; x_wconf 90' lang='lat' dir='ltr'>et</span> <span class='ocrx_word' id='word_1_178' title='bbox 3588 898 3644 952; x_wconf 91' lang='lat' dir='ltr'>in</span> <span class='ocrx_word' id='word_1_179' title='bbox 3676 914 3786 953; x_wconf 89' lang='lat' dir='ltr'>ca-</span> 
     </span>
    </p>
   </div>
   <div class='ocr_carea' id='block_1_22' title="bbox 2184 986 3785 1058">
    <p class='ocr_par' dir='ltr' id='par_1_22' title="bbox 2184 986 3785 1058">
     <span class='ocr_line' id='line_1_22' title="bbox 2184 986 3785 1058; baseline 0.002 -20"><span class='ocrx_word' id='word_1_180' title='bbox 2184 1008 2205 1037; x_wconf 75' lang='grc' dir='ltr'>ι</span> <span class='ocrx_word' id='word_1_181' title='bbox 2245 988 2504 1058; x_wconf 90' lang='lat' dir='ltr'>ptionem,</span> <span class='ocrx_word' id='word_1_182' title='bbox 2540 998 2591 1043; x_wconf 91' lang='lat' dir='ltr'>et</span> <span class='ocrx_word' id='word_1_183' title='bbox 2639 989 2693 1043; x_wconf 92' lang='lat' dir='ltr'>in</span> <span class='ocrx_word' id='word_1_184' title='bbox 2753 986 3089 1055; x_wconf 84' lang='lat' dir='ltr'>scandalum,</span> <span class='ocrx_word' id='word_1_185' title='bbox 3137 996 3188 1043; x_wconf 93' lang='lat' dir='ltr'>et</span> <span class='ocrx_word' id='word_1_186' title='bbox 3246 988 3301 1041; x_wconf 91' lang='lat' dir='ltr'>in</span> <span class='ocrx_word' id='word_1_187' title='bbox 3359 986 3785 1043; x_wconf 87' lang='lat' dir='ltr'>retributionem</span> 
     </span>
    </p>
   </div>
   <div class='ocr_carea' id='block_1_23' title="bbox 2185 1075 3791 1139">
    <p class='ocr_par' dir='ltr' id='par_1_23' title="bbox 2185 1075 3791 1139">
     <span class='ocr_line' id='line_1_23' title="bbox 2185 1075 3791 1139; baseline 0.001 -13"><span class='ocrx_word' id='word_1_188' title='bbox 2185 1096 2206 1126; x_wconf 84' lang='grc'><strong>«</strong></span> <span class='ocrx_word' id='word_1_189' title='bbox 2244 1076 2369 1131; x_wconf 90' lang='lat' dir='ltr'>illis.</span> <span class='ocrx_word' id='word_1_190' title='bbox 2426 1076 2799 1132; x_wconf 86' lang='lat' dir='ltr'>Obscurentur</span> <span class='ocrx_word' id='word_1_191' title='bbox 2868 1076 3010 1132; x_wconf 92' lang='lat' dir='ltr'>oculi</span> <span class='ocrx_word' id='word_1_192' title='bbox 3068 1093 3254 1131; x_wconf 89' lang='lat' dir='ltr'>eorum</span> <span class='ocrx_word' id='word_1_193' title='bbox 3295 1093 3363 1131; x_wconf 93' lang='lat' dir='ltr'>ne</span> <span class='ocrx_word' id='word_1_194' title='bbox 3420 1075 3666 1139; x_wconf 85' lang='lat' dir='ltr'>videant,</span> <span class='ocrx_word' id='word_1_195' title='bbox 3728 1083 3791 1129; x_wconf 91' lang='lat' dir='ltr'>et</span> 
     </span>
    </p>
   </div>
   <div class='ocr_carea' id='block_1_24' title="bbox 2184 1164 3780 1237">
    <p class='ocr_par' dir='ltr' id='par_1_24' title="bbox 2184 1164 3780 1237">
     <span class='ocr_line' id='line_1_24' title="bbox 2184 1164 3780 1237; baseline -0.004 -18"><span class='ocrx_word' id='word_1_196' title='bbox 2184 1188 2204 1210; x_wconf 87' lang='lat'><strong>«</strong></span> <span class='ocrx_word' id='word_1_197' title='bbox 2249 1164 2473 1219; x_wconf 86' lang='lat' dir='ltr'>dorsum</span> <span class='ocrx_word' id='word_1_198' title='bbox 2505 1181 2687 1221; x_wconf 92' lang='lat' dir='ltr'>eorum</span> <span class='ocrx_word' id='word_1_199' title='bbox 2709 1166 3350 1237; x_wconf 77' lang='lat' dir='ltr'>semperincurva(Psal.</span> <span class='ocrx_word' id='word_1_200' title='bbox 3376 1179 3569 1226; x_wconf 82' lang='lat' dir='ltr'>vam,</span> <span class='ocrx_word' id='word_1_201' title='bbox 3600 1166 3716 1233; x_wconf 75' lang='lat'>23).</span> <span class='ocrx_word' id='word_1_202' title='bbox 3754 1183 3780 1212; x_wconf 73' lang='grc' dir='ltr'>ι</span> 
     </span>
    </p>
   </div>
   <div class='ocr_carea' id='block_1_25' title="bbox 2184 1251 3787 1325">
    <p class='ocr_par' dir='ltr' id='par_1_25' title="bbox 2184 1251 3787 1325">
     <span class='ocr_line' id='line_1_25' title="bbox 2184 1251 3787 1325; baseline 0.001 -22"><span class='ocrx_word' id='word_1_203' title='bbox 2184 1274 2205 1303; x_wconf 71' lang='grc' dir='ltr'>ι</span> <span class='ocrx_word' id='word_1_204' title='bbox 2243 1254 2377 1308; x_wconf 91' lang='lat' dir='ltr'>Dico</span> <span class='ocrx_word' id='word_1_205' title='bbox 2408 1270 2540 1323; x_wconf 84' lang='lat' dir='ltr'>ergo</span> <span class='ocrx_word' id='word_1_206' title='bbox 2575 1269 2586 1307; x_wconf 91' lang='lat'>:</span> <span class='ocrx_word' id='word_1_207' title='bbox 2619 1254 2874 1325; x_wconf 82' lang='lat' dir='ltr'>Nunquid</span> <span class='ocrx_word' id='word_1_208' title='bbox 2911 1254 2987 1309; x_wconf 92' lang='lat' dir='ltr'>sic</span> <span class='ocrx_word' id='word_1_209' title='bbox 3006 1252 3367 1319; x_wconf 85' lang='lat' dir='ltr'>offenderunt,</span> <span class='ocrx_word' id='word_1_210' title='bbox 3393 1259 3450 1306; x_wconf 90' lang='lat' dir='ltr'>ut</span> <span class='ocrx_word' id='word_1_211' title='bbox 3471 1251 3733 1307; x_wconf 87' lang='lat' dir='ltr'>caderent</span> <span class='ocrx_word' id='word_1_212' title='bbox 3754 1251 3787 1305; x_wconf 85' lang='lat'><strong>?</strong></span> 
     </span>
    </p>
   </div>
   <div class='ocr_carea' id='block_1_26' title="bbox 2184 1340 3786 1411">
    <p class='ocr_par' dir='ltr' id='par_1_26' title="bbox 2184 1340 3786 1411">
     <span class='ocr_line' id='line_1_26' title="bbox 2184 1340 3786 1411; baseline -0.002 -16"><span class='ocrx_word' id='word_1_213' title='bbox 2184 1365 2204 1387; x_wconf 75' lang='grc' dir='ltr'>α</span> <span class='ocrx_word' id='word_1_214' title='bbox 2245 1340 2436 1395; x_wconf 80' lang='lat' dir='ltr'>Absit!</span> <span class='ocrx_word' id='word_1_215' title='bbox 2472 1342 2579 1396; x_wconf 90' lang='lat' dir='ltr'>Sed</span> <span class='ocrx_word' id='word_1_216' title='bbox 2612 1342 2825 1396; x_wconf 90' lang='lat' dir='ltr'>illorum</span> <span class='ocrx_word' id='word_1_217' title='bbox 2866 1342 3063 1397; x_wconf 90' lang='lat' dir='ltr'>delicto</span> <span class='ocrx_word' id='word_1_218' title='bbox 3102 1342 3245 1396; x_wconf 91' lang='lat' dir='ltr'>salus</span> <span class='ocrx_word' id='word_1_219' title='bbox 3277 1348 3360 1396; x_wconf 92' lang='lat' dir='ltr'>est</span> <span class='ocrx_word' id='word_1_220' title='bbox 3408 1340 3686 1411; x_wconf 84' lang='lat' dir='ltr'>gentibus.</span> <span class='ocrx_word' id='word_1_221' title='bbox 3718 1346 3786 1393; x_wconf 87' lang='lat' dir='ltr'>ut</span> 
     </span>
    </p>
   </div>
   <div class='ocr_carea' id='block_1_27' title="bbox 2186 1429 3786 1499">
    <p class='ocr_par' dir='ltr' id='par_1_27' title="bbox 2186 1429 3786 1499">
     <span class='ocr_line' id='line_1_27' title="bbox 2186 1429 3786 1499; baseline -0.001 -16"><span class='ocrx_word' id='word_1_222' title='bbox 2186 1454 2207 1476; x_wconf 87' lang='lat'><strong>«</strong></span> <span class='ocrx_word' id='word_1_223' title='bbox 2241 1431 2363 1485; x_wconf 89' lang='lat' dir='ltr'>illos</span> <span class='ocrx_word' id='word_1_224' title='bbox 2392 1431 2731 1485; x_wconf 84' lang='lat' dir='ltr'>amulentur.</span> <span class='ocrx_word' id='word_1_225' title='bbox 2766 1431 2902 1499; x_wconf 88' lang='lat' dir='ltr'>Quia</span> <span class='ocrx_word' id='word_1_226' title='bbox 2939 1432 2985 1485; x_wconf 88' lang='lat' dir='ltr'>si</span> <span class='ocrx_word' id='word_1_227' title='bbox 3014 1430 3271 1486; x_wconf 86' lang='lat' dir='ltr'>delictum</span> <span class='ocrx_word' id='word_1_228' title='bbox 3320 1430 3530 1483; x_wconf 90' lang='lat' dir='ltr'>illorum</span> <span class='ocrx_word' id='word_1_229' title='bbox 3571 1429 3786 1483; x_wconf 70' lang='lat' dir='ltr'>divitia-</span> 
     </span>
    </p>
   </div>
   <div class='ocr_carea' id='block_1_28' title="bbox 2186 1516 3781 1589">
    <p class='ocr_par' dir='ltr' id='par_1_28' title="bbox 2186 1516 3781 1589">
     <span class='ocr_line' id='line_1_28' title="bbox 2186 1516 3781 1589; baseline -0.001 -17"><span class='ocrx_word' id='word_1_230' title='bbox 2186 1542 2206 1565; x_wconf 81' lang='grc' dir='ltr'>α</span> <span class='ocrx_word' id='word_1_231' title='bbox 2244 1526 2367 1572; x_wconf 89' lang='lat' dir='ltr'>sunt</span> <span class='ocrx_word' id='word_1_232' title='bbox 2396 1518 2602 1583; x_wconf 90' lang='lat' dir='ltr'>mundi,</span> <span class='ocrx_word' id='word_1_233' title='bbox 2635 1526 2687 1572; x_wconf 90' lang='lat' dir='ltr'>et</span> <span class='ocrx_word' id='word_1_234' title='bbox 2717 1519 2998 1574; x_wconf 87' lang='lat' dir='ltr'>diminutio</span> <span class='ocrx_word' id='word_1_235' title='bbox 3020 1535 3207 1574; x_wconf 91' lang='lat' dir='ltr'>eorum</span> <span class='ocrx_word' id='word_1_236' title='bbox 3231 1517 3428 1572; x_wconf 91' lang='lat' dir='ltr'>divitia</span> <span class='ocrx_word' id='word_1_237' title='bbox 3477 1516 3721 1589; x_wconf 89' lang='lat' dir='ltr'>gentium</span> <span class='ocrx_word' id='word_1_238' title='bbox 3766 1531 3781 1570; x_wconf 91' lang='lat'>:</span> 
     </span>
    </p>
   </div>
   <div class='ocr_carea' id='block_1_29' title="bbox 2184 1605 3782 1679">
    <p class='ocr_par' dir='ltr' id='par_1_29' title="bbox 2184 1605 3782 1679">
     <span class='ocr_line' id='line_1_29' title="bbox 2184 1605 3782 1679; baseline 0 -18"><span class='ocrx_word' id='word_1_239' title='bbox 2184 1630 2205 1654; x_wconf 76' lang='grc' dir='ltr'><strong><em>α</em></strong></span> <span class='ocrx_word' id='word_1_240' title='bbox 2244 1616 2445 1678; x_wconf 91' lang='lat' dir='ltr'>quanto</span> <span class='ocrx_word' id='word_1_241' title='bbox 2476 1608 2652 1679; x_wconf 88' lang='lat' dir='ltr'>magis</span> <span class='ocrx_word' id='word_1_242' title='bbox 2683 1608 2960 1678; x_wconf 90' lang='lat' dir='ltr'>plenitudo</span> <span class='ocrx_word' id='word_1_243' title='bbox 3009 1623 3196 1661; x_wconf 90' lang='lat' dir='ltr'>eorum</span> <span class='ocrx_word' id='word_1_244' title='bbox 3217 1606 3245 1660; x_wconf 85' lang='lat'><strong>?</strong></span> <span class='ocrx_word' id='word_1_245' title='bbox 3274 1606 3441 1661; x_wconf 81' lang='lat' dir='ltr'>Vobis</span> <span class='ocrx_word' id='word_1_246' title='bbox 3473 1605 3617 1660; x_wconf 91' lang='lat' dir='ltr'>enim</span> <span class='ocrx_word' id='word_1_247' title='bbox 3646 1605 3782 1661; x_wconf 90' lang='lat' dir='ltr'>dico</span> 
     </span>
    </p>
   </div>
   <div class='ocr_carea' id='block_1_30' title="bbox 2187 1693 3785 1766">
    <p class='ocr_par' dir='ltr' id='par_1_30' title="bbox 2187 1693 3785 1766">
     <span class='ocr_line' id='line_1_30' title="bbox 2187 1693 3785 1766; baseline -0.001 -17"><span class='ocrx_word' id='word_1_248' title='bbox 2187 1719 2208 1742; x_wconf 83' lang='lat'><em>«</em></span> <span class='ocrx_word' id='word_1_249' title='bbox 2243 1696 2518 1766; x_wconf 78' lang='lat' dir='ltr'>gentibus.</span> <span class='ocrx_word' id='word_1_250' title='bbox 2580 1696 2831 1764; x_wconf 90' lang='lat' dir='ltr'>Quandiu</span> <span class='ocrx_word' id='word_1_251' title='bbox 2890 1695 3107 1766; x_wconf 90' lang='lat' dir='ltr'>quidem</span> <span class='ocrx_word' id='word_1_252' title='bbox 3167 1710 3271 1765; x_wconf 90' lang='lat' dir='ltr'>ego</span> <span class='ocrx_word' id='word_1_253' title='bbox 3352 1710 3471 1748; x_wconf 92' lang='lat' dir='ltr'>sum</span> <span class='ocrx_word' id='word_1_254' title='bbox 3525 1693 3785 1765; x_wconf 88' lang='lat' dir='ltr'>gentium</span> 
     </span>
    </p>
   </div>
   <div class='ocr_carea' id='block_1_31' title="bbox 490 1780 3791 1871">
    <p class='ocr_par' dir='ltr' id='par_1_31' title="bbox 490 1780 3791 1871">
     <span class='ocr_line' id='line_1_31' title="bbox 490 1780 3791 1871; baseline -0 -34"><span class='ocrx_word' id='word_1_255' title='bbox 490 1782 879 1854; x_wconf 82' lang='lat' dir='ltr'>reformidans,</span> <span class='ocrx_word' id='word_1_256' title='bbox 912 1783 1011 1838; x_wconf 92' lang='lat' dir='ltr'>sed</span> <span class='ocrx_word' id='word_1_257' title='bbox 1038 1799 1162 1839; x_wconf 92' lang='lat' dir='ltr'>cum</span> <span class='ocrx_word' id='word_1_258' title='bbox 1190 1784 1422 1840; x_wconf 89' lang='lat' dir='ltr'>audacia</span> <span class='ocrx_word' id='word_1_259' title='bbox 1468 1785 1597 1840; x_wconf 90' lang='lat' dir='ltr'>dicit</span> <span class='ocrx_word' id='word_1_260' title='bbox 1628 1787 1732 1840; x_wconf 92' lang='lat' dir='ltr'>hoc</span> <span class='ocrx_word' id='word_1_261' title='bbox 1765 1803 1777 1839; x_wconf 94' lang='lat'>:</span> <span class='ocrx_word' id='word_1_262' title='bbox 1812 1786 2079 1842; x_wconf 76' lang='lat' dir='ltr'>Inventus</span> <span class='ocrx_word' id='word_1_263' title='bbox 2109 1812 2161 1871; x_wconf 84' lang='lat' dir='ltr'><strong>B</strong></span> <span class='ocrx_word' id='word_1_264' title='bbox 2187 1807 2208 1831; x_wconf 75' lang='grc' dir='ltr'><strong>α</strong></span> <span class='ocrx_word' id='word_1_265' title='bbox 2245 1784 2555 1854; x_wconf 80' lang='lat' dir='ltr'>Apostolus,</span> <span class='ocrx_word' id='word_1_266' title='bbox 2616 1784 2970 1838; x_wconf 88' lang='lat' dir='ltr'>ministerium</span> <span class='ocrx_word' id='word_1_267' title='bbox 3028 1800 3209 1838; x_wconf 90' lang='lat' dir='ltr'>meum</span> <span class='ocrx_word' id='word_1_268' title='bbox 3276 1780 3650 1838; x_wconf 83' lang='lat' dir='ltr'>honorificabo</span> <span class='ocrx_word' id='word_1_269' title='bbox 3684 1800 3698 1836; x_wconf 89' lang='lat'>:</span> <span class='ocrx_word' id='word_1_270' title='bbox 3736 1783 3791 1836; x_wconf 89' lang='lat' dir='ltr'>si</span> 
     </span>
    </p>
   </div>
   <div class='ocr_carea' id='block_1_32' title="bbox 488 1873 2081 1945">
    <p class='ocr_par' dir='ltr' id='par_1_32' title="bbox 488 1873 2081 1945">
     <span class='ocr_line' id='line_1_32' title="bbox 488 1873 2081 1945; baseline 0.002 -17"><span class='ocrx_word' id='word_1_271' title='bbox 488 1890 616 1929; x_wconf 84' lang='lat' dir='ltr'>sum</span> <span class='ocrx_word' id='word_1_272' title='bbox 643 1890 677 1927; x_wconf 83' lang='grc' dir='ltr'><strong><em>η</em></strong></span> <span class='ocrx_word' id='word_1_273' title='bbox 698 1889 813 1928; x_wconf 83' lang='grc' dir='ltr'>ηοη</span> <span class='ocrx_word' id='word_1_274' title='bbox 841 1873 1219 1945; x_wconf 64' lang='lat' dir='ltr'>quaerentibus</span> <span class='ocrx_word' id='word_1_275' title='bbox 1250 1889 1338 1928; x_wconf 86' lang='lat' dir='ltr'>me</span> <span class='ocrx_word' id='word_1_276' title='bbox 1361 1874 1489 1944; x_wconf 78' lang='lat' dir='ltr'>(lsa.</span> <span class='ocrx_word' id='word_1_277' title='bbox 1524 1889 1657 1942; x_wconf 80' lang='lat' dir='ltr'>uv,</span> <span class='ocrx_word' id='word_1_278' title='bbox 1694 1877 1766 1943; x_wconf 82' lang='grc'>1).</span> <span class='ocrx_word' id='word_1_279' title='bbox 1798 1874 1899 1930; x_wconf 92' lang='lat' dir='ltr'>Ubi</span> <span class='ocrx_word' id='word_1_280' title='bbox 1929 1875 2001 1929; x_wconf 88' lang='lat' dir='ltr'>ait</span> <span class='ocrx_word' id='word_1_281' title='bbox 2022 1893 2081 1931; x_wconf 92' lang='lat' dir='ltr'>se</span> 
     </span>
    </p>
   </div>
   <div class='ocr_carea' id='block_1_33' title="bbox 497 1962 2083 2033">
    <p class='ocr_par' dir='ltr' id='par_1_33' title="bbox 497 1962 2083 2033">
     <span class='ocr_line' id='line_1_33' title="bbox 497 1962 2083 2033; baseline 0.001 -17"><span class='ocrx_word' id='word_1_282' title='bbox 497 1962 774 2017; x_wconf 89' lang='lat' dir='ltr'>inventum</span> <span class='ocrx_word' id='word_1_283' title='bbox 804 1969 859 2015; x_wconf 91' lang='lat' dir='ltr'>et</span> <span class='ocrx_word' id='word_1_284' title='bbox 888 1977 999 2016; x_wconf 86' lang='lat' dir='ltr'>non</span> <span class='ocrx_word' id='word_1_285' title='bbox 1028 1962 1335 2033; x_wconf 87' lang='lat' dir='ltr'>quasitum,</span> <span class='ocrx_word' id='word_1_286' title='bbox 1373 1978 1493 2033; x_wconf 84' lang='lat' dir='ltr'>qua</span> <span class='ocrx_word' id='word_1_287' title='bbox 1545 1974 1859 2033; x_wconf 83' lang='lat' dir='ltr'>repugnare</span> <span class='ocrx_word' id='word_1_288' title='bbox 1888 1964 2083 2019; x_wconf 83' lang='lat' dir='ltr'>viden-</span> 
     </span>
    </p>
   </div>
   <div class='ocr_carea' id='block_1_34' title="bbox 490 2049 2083 2123">
    <p class='ocr_par' dir='ltr' id='par_1_34' title="bbox 490 2049 2083 2123">
     <span class='ocr_line' id='line_1_34' title="bbox 490 2049 2083 2123; baseline 0.003 -20"><span class='ocrx_word' id='word_1_289' title='bbox 490 2058 594 2119; x_wconf 88' lang='lat' dir='ltr'>tur,</span> <span class='ocrx_word' id='word_1_290' title='bbox 627 2049 864 2104; x_wconf 88' lang='lat' dir='ltr'>ostendit</span> <span class='ocrx_word' id='word_1_291' title='bbox 885 2066 950 2104; x_wconf 82' lang='lat' dir='ltr'>ex</span> <span class='ocrx_word' id='word_1_292' title='bbox 980 2050 1095 2104; x_wconf 85' lang='lat' dir='ltr'>sola</span> <span class='ocrx_word' id='word_1_293' title='bbox 1125 2050 1503 2105; x_wconf 89' lang='lat' dir='ltr'>misericordia</span> <span class='ocrx_word' id='word_1_294' title='bbox 1548 2051 1645 2104; x_wconf 91' lang='lat' dir='ltr'>Dei</span> <span class='ocrx_word' id='word_1_295' title='bbox 1678 2061 1874 2123; x_wconf 85' lang='lat' dir='ltr'>gentes</span> <span class='ocrx_word' id='word_1_296' title='bbox 1925 2051 2083 2108; x_wconf 89' lang='lat' dir='ltr'>inve-</span> 
     </span>
    </p>
   </div>
   <div class='ocr_carea' id='block_1_35' title="bbox 490 2137 2083 2212">
    <p class='ocr_par' dir='ltr' id='par_1_35' title="bbox 490 2137 2083 2212">
     <span class='ocr_line' id='line_1_35' title="bbox 490 2137 2083 2212; baseline 0.001 -19"><span class='ocrx_word' id='word_1_297' title='bbox 490 2138 641 2193; x_wconf 91' lang='lat' dir='ltr'>nisse</span> <span class='ocrx_word' id='word_1_298' title='bbox 696 2137 947 2193; x_wconf 88' lang='lat' dir='ltr'>salutem.</span> <span class='ocrx_word' id='word_1_299' title='bbox 1000 2139 1257 2192; x_wconf 89' lang='lat' dir='ltr'>Inventus</span> <span class='ocrx_word' id='word_1_300' title='bbox 1306 2154 1447 2203; x_wconf 89' lang='lat' dir='ltr'>sum,</span> <span class='ocrx_word' id='word_1_301' title='bbox 1500 2138 1740 2210; x_wconf 89' lang='lat' dir='ltr'>inquam,</span> <span class='ocrx_word' id='word_1_302' title='bbox 1773 2156 1803 2193; x_wconf 91' lang='lat' dir='ltr'>a</span> <span class='ocrx_word' id='word_1_303' title='bbox 1832 2141 2083 2212; x_wconf 81' lang='lat' dir='ltr'>gentibus</span> 
     </span>
    </p>
   </div>
   <div class='ocr_carea' id='block_1_36' title="bbox 488 2226 2084 2300">
    <p class='ocr_par' dir='ltr' id='par_1_36' title="bbox 488 2226 2084 2300">
     <span class='ocr_line' id='line_1_36' title="bbox 488 2226 2084 2300; baseline 0.002 -19"><span class='ocrx_word' id='word_1_304' title='bbox 488 2242 598 2282; x_wconf 90' lang='lat' dir='ltr'>non</span> <span class='ocrx_word' id='word_1_305' title='bbox 630 2226 997 2298; x_wconf 86' lang='lat' dir='ltr'>quarentibus</span> <span class='ocrx_word' id='word_1_306' title='bbox 1026 2242 1133 2293; x_wconf 91' lang='lat' dir='ltr'>me,</span> <span class='ocrx_word' id='word_1_307' title='bbox 1168 2226 1400 2282; x_wconf 87' lang='lat' dir='ltr'>naturali</span> <span class='ocrx_word' id='word_1_308' title='bbox 1429 2227 1640 2282; x_wconf 87' lang='lat' dir='ltr'>ratione</span> <span class='ocrx_word' id='word_1_309' title='bbox 1666 2270 1679 2294; x_wconf 94' lang='lat'>,</span> <span class='ocrx_word' id='word_1_310' title='bbox 1710 2245 1874 2300; x_wconf 90' lang='lat' dir='ltr'>quam</span> <span class='ocrx_word' id='word_1_311' title='bbox 1904 2229 1982 2284; x_wconf 91' lang='lat' dir='ltr'>eis</span> <span class='ocrx_word' id='word_1_312' title='bbox 2014 2231 2084 2284; x_wconf 90' lang='lat' dir='ltr'>ad</span> 
     </span>
    </p>
   </div>
   <div class='ocr_carea' id='block_1_37' title="bbox 489 2315 2080 2390">
    <p class='ocr_par' dir='ltr' id='par_1_37' title="bbox 489 2315 2080 2390">
     <span class='ocr_line' id='line_1_37' title="bbox 489 2315 2080 2390; baseline 0 -19"><span class='ocrx_word' id='word_1_313' title='bbox 489 2315 905 2389; x_wconf 83' lang='lat' dir='ltr'>intelligendum</span> <span class='ocrx_word' id='word_1_314' title='bbox 933 2332 1019 2369; x_wconf 88' lang='lat' dir='ltr'>me</span> <span class='ocrx_word' id='word_1_315' title='bbox 1058 2316 1336 2385; x_wconf 90' lang='lat' dir='ltr'>dederam,</span> <span class='ocrx_word' id='word_1_316' title='bbox 1374 2324 1425 2370; x_wconf 92' lang='lat' dir='ltr'>et</span> <span class='ocrx_word' id='word_1_317' title='bbox 1470 2318 1713 2389; x_wconf 86' lang='lat' dir='ltr'>apparui</span> <span class='ocrx_word' id='word_1_318' title='bbox 1743 2318 1829 2373; x_wconf 82' lang='lat' dir='ltr'>his</span> <span class='ocrx_word' id='word_1_319' title='bbox 1867 2320 2080 2390; x_wconf 86' lang='lat' dir='ltr'>palam,</span> 
     </span>
    </p>
   </div>
   <div class='ocr_carea' id='block_1_38' title="bbox 494 2403 2083 2479">
    <p class='ocr_par' dir='ltr' id='par_1_38' title="bbox 494 2403 2083 2479">
     <span class='ocr_line' id='line_1_38' title="bbox 494 2403 2083 2479; baseline 0.003 -21"><span class='ocrx_word' id='word_1_320' title='bbox 494 2404 549 2458; x_wconf 91' lang='lat' dir='ltr'>id</span> <span class='ocrx_word' id='word_1_321' title='bbox 581 2404 738 2460; x_wconf 89' lang='lat' dir='ltr'>estin</span> <span class='ocrx_word' id='word_1_322' title='bbox 759 2403 1048 2459; x_wconf 91' lang='lat' dir='ltr'>manifesto</span> <span class='ocrx_word' id='word_1_323' title='bbox 1069 2403 1307 2459; x_wconf 91' lang='lat' dir='ltr'>omnium</span> <span class='ocrx_word' id='word_1_324' title='bbox 1331 2405 1558 2475; x_wconf 90' lang='lat' dir='ltr'>positus.</span> <span class='ocrx_word' id='word_1_325' title='bbox 1584 2406 1679 2460; x_wconf 83' lang='lat' dir='ltr'>His</span> <span class='ocrx_word' id='word_1_326' title='bbox 1709 2406 1832 2461; x_wconf 90' lang='lat' dir='ltr'>dico</span> <span class='ocrx_word' id='word_1_327' title='bbox 1853 2409 1948 2479; x_wconf 89' lang='lat' dir='ltr'>qui</span> <span class='ocrx_word' id='word_1_328' title='bbox 1970 2426 2083 2463; x_wconf 84' lang='lat' dir='ltr'>non</span> 
     </span>
    </p>
   </div>
   <div class='ocr_carea' id='block_1_39' title="bbox 493 2492 2084 2567">
    <p class='ocr_par' dir='ltr' id='par_1_39' title="bbox 493 2492 2084 2567">
     <span class='ocr_line' id='line_1_39' title="bbox 493 2492 2084 2567; baseline 0.001 -18"><span class='ocrx_word' id='word_1_329' title='bbox 493 2493 919 2564; x_wconf 80' lang='lat' dir='ltr'>interrogabant</span> <span class='ocrx_word' id='word_1_330' title='bbox 951 2509 1060 2559; x_wconf 81' lang='lat' dir='ltr'>me,</span> <span class='ocrx_word' id='word_1_331' title='bbox 1092 2492 1147 2546; x_wconf 91' lang='lat' dir='ltr'>id</span> <span class='ocrx_word' id='word_1_332' title='bbox 1179 2500 1261 2547; x_wconf 90' lang='lat' dir='ltr'>est</span> <span class='ocrx_word' id='word_1_333' title='bbox 1281 2493 1650 2566; x_wconf 83' lang='lat' dir='ltr'>cognitionem</span> <span class='ocrx_word' id='word_1_334' title='bbox 1680 2494 1787 2548; x_wconf 91' lang='lat' dir='ltr'>mei</span> <span class='ocrx_word' id='word_1_335' title='bbox 1809 2495 1878 2549; x_wconf 90' lang='lat' dir='ltr'>ab</span> <span class='ocrx_word' id='word_1_336' title='bbox 1902 2497 2084 2567; x_wconf 91' lang='lat' dir='ltr'>aliquo</span> 
     </span>
    </p>
   </div>
   <div class='ocr_carea' id='block_1_40' title="bbox 490 2581 2084 2655">
    <p class='ocr_par' dir='ltr' id='par_1_40' title="bbox 490 2581 2084 2655">
     <span class='ocr_line' id='line_1_40' title="bbox 490 2581 2084 2655; baseline 0.003 -19"><span class='ocrx_word' id='word_1_337' title='bbox 490 2581 850 2653; x_wconf 81' lang='lat' dir='ltr'>intelligente.</span> <span class='ocrx_word' id='word_1_338' title='bbox 885 2581 941 2636; x_wconf 92' lang='lat' dir='ltr'>Si</span> <span class='ocrx_word' id='word_1_339' title='bbox 972 2581 1115 2636; x_wconf 89' lang='lat' dir='ltr'>enim</span> <span class='ocrx_word' id='word_1_340' title='bbox 1144 2597 1231 2636; x_wconf 91' lang='lat' dir='ltr'>me</span> <span class='ocrx_word' id='word_1_341' title='bbox 1262 2598 1361 2636; x_wconf 90' lang='lat' dir='ltr'>sua</span> <span class='ocrx_word' id='word_1_342' title='bbox 1392 2581 1605 2637; x_wconf 90' lang='lat' dir='ltr'>ratione</span> <span class='ocrx_word' id='word_1_343' title='bbox 1634 2593 1956 2655; x_wconf 87' lang='lat' dir='ltr'>quarerent,</span> <span class='ocrx_word' id='word_1_344' title='bbox 1981 2602 2084 2641; x_wconf 91' lang='lat' dir='ltr'>nec</span> 
     </span>
    </p>
   </div>
   <div class='ocr_carea' id='block_1_41' title="bbox 489 2669 2083 2743">
    <p class='ocr_par' dir='ltr' id='par_1_41' title="bbox 489 2669 2083 2743">
     <span class='ocr_line' id='line_1_41' title="bbox 489 2669 2083 2743; baseline 0 -17"><span class='ocrx_word' id='word_1_345' title='bbox 489 2685 830 2743; x_wconf 84' lang='lat' dir='ltr'>cognoscere</span> <span class='ocrx_word' id='word_1_346' title='bbox 861 2669 1200 2739; x_wconf 74' lang='lat' dir='ltr'>sufﬁcerent,</span> <span class='ocrx_word' id='word_1_347' title='bbox 1236 2678 1598 2741; x_wconf 85' lang='lat' dir='ltr'>Opportunum</span> <span class='ocrx_word' id='word_1_348' title='bbox 1648 2681 1795 2726; x_wconf 87' lang='lat' dir='ltr'>esset</span> <span class='ocrx_word' id='word_1_349' title='bbox 1822 2681 1880 2726; x_wconf 92' lang='lat' dir='ltr'>ut</span> <span class='ocrx_word' id='word_1_350' title='bbox 1910 2672 2083 2727; x_wconf 90' lang='lat' dir='ltr'>inter-</span> 
     </span>
    </p>
   </div>
   <div class='ocr_carea' id='block_1_42' title="bbox 490 2758 2083 2833">
    <p class='ocr_par' dir='ltr' id='par_1_42' title="bbox 490 2758 2083 2833">
     <span class='ocr_line' id='line_1_42' title="bbox 490 2758 2083 2833; baseline 0.002 -20"><span class='ocrx_word' id='word_1_351' title='bbox 490 2766 752 2832; x_wconf 86' lang='lat' dir='ltr'>rogarent</span> <span class='ocrx_word' id='word_1_352' title='bbox 780 2759 849 2813; x_wconf 90' lang='lat' dir='ltr'>ab</span> <span class='ocrx_word' id='word_1_353' title='bbox 874 2758 1229 2830; x_wconf 83' lang='lat' dir='ltr'>intelligente,</span> <span class='ocrx_word' id='word_1_354' title='bbox 1265 2760 1409 2830; x_wconf 90' lang='lat' dir='ltr'>quod</span> <span class='ocrx_word' id='word_1_355' title='bbox 1458 2760 1562 2831; x_wconf 90' lang='lat' dir='ltr'>ipsi</span> <span class='ocrx_word' id='word_1_356' title='bbox 1599 2760 1777 2815; x_wconf 91' lang='lat' dir='ltr'>minus</span> <span class='ocrx_word' id='word_1_357' title='bbox 1809 2760 2083 2833; x_wconf 89' lang='lat' dir='ltr'>intellige-</span> 
     </span>
    </p>
   </div>
   <div class='ocr_carea' id='block_1_43' title="bbox 497 2847 2084 2920">
    <p class='ocr_par' dir='ltr' id='par_1_43' title="bbox 497 2847 2084 2920">
     <span class='ocr_line' id='line_1_43' title="bbox 497 2847 2084 2920; baseline 0 -17"><span class='ocrx_word' id='word_1_358' title='bbox 497 2856 639 2903; x_wconf 89' lang='lat' dir='ltr'>rent.</span> <span class='ocrx_word' id='word_1_359' title='bbox 664 2848 753 2903; x_wconf 86' lang='lat' dir='ltr'>Sic</span> <span class='ocrx_word' id='word_1_360' title='bbox 784 2847 856 2901; x_wconf 89' lang='lat' dir='ltr'>ait</span> <span class='ocrx_word' id='word_1_361' title='bbox 889 2847 1051 2901; x_wconf 89' lang='lat' dir='ltr'>lsaias</span> <span class='ocrx_word' id='word_1_362' title='bbox 1083 2848 1152 2903; x_wconf 92' lang='lat' dir='ltr'>de</span> <span class='ocrx_word' id='word_1_363' title='bbox 1182 2848 1457 2920; x_wconf 89' lang='lat' dir='ltr'>gentibus.</span> <span class='ocrx_word' id='word_1_364' title='bbox 1478 2848 1561 2904; x_wconf 85' lang='lat' dir='ltr'>Ad</span> <span class='ocrx_word' id='word_1_365' title='bbox 1590 2851 1764 2904; x_wconf 81' lang='lat' dir='ltr'>Israel</span> <span class='ocrx_word' id='word_1_366' title='bbox 1786 2854 1997 2914; x_wconf 84' lang='lat' dir='ltr'>autem,</span> <span class='ocrx_word' id='word_1_367' title='bbox 2029 2850 2084 2903; x_wconf 90' lang='lat' dir='ltr'>id</span> 
     </span>
    </p>
   </div>
   <div class='ocr_carea' id='block_1_44' title="bbox 492 2935 2084 3007">
    <p class='ocr_par' dir='ltr' id='par_1_44' title="bbox 492 2935 2084 3007">
     <span class='ocr_line' id='line_1_44' title="bbox 492 2935 2084 3007; baseline -0.001 -15"><span class='ocrx_word' id='word_1_368' title='bbox 492 2944 576 2993; x_wconf 89' lang='lat' dir='ltr'>est</span> <span class='ocrx_word' id='word_1_369' title='bbox 604 2935 967 2991; x_wconf 88' lang='lat' dir='ltr'>adJudaicum</span> <span class='ocrx_word' id='word_1_370' title='bbox 990 2936 1272 3007; x_wconf 89' lang='lat' dir='ltr'>populum,</span> <span class='ocrx_word' id='word_1_371' title='bbox 1306 2936 1435 2991; x_wconf 88' lang='lat' dir='ltr'>dicit</span> <span class='ocrx_word' id='word_1_372' title='bbox 1463 2937 1588 2992; x_wconf 88' lang='lat' dir='ltr'>hoc.</span> <span class='ocrx_word' id='word_1_373' title='bbox 1631 2939 1759 2992; x_wconf 86' lang='lat' dir='ltr'>Tota</span> <span class='ocrx_word' id='word_1_374' title='bbox 1783 2938 1893 3003; x_wconf 84' lang='lat' dir='ltr'>die,</span> <span class='ocrx_word' id='word_1_375' title='bbox 1917 2938 1971 2992; x_wconf 94' lang='lat' dir='ltr'>id</span> <span class='ocrx_word' id='word_1_376' title='bbox 2003 2945 2084 2993; x_wconf 89' lang='lat' dir='ltr'>est</span> 
     </span>
    </p>
   </div>
   <div class='ocr_carea' id='block_1_45' title="bbox 490 3024 2084 3098">
    <p class='ocr_par' dir='ltr' id='par_1_45' title="bbox 490 3024 2084 3098">
     <span class='ocr_line' id='line_1_45' title="bbox 490 3024 2084 3098; baseline 0 -16"><span class='ocrx_word' id='word_1_377' title='bbox 490 3034 603 3081; x_wconf 91' lang='lat' dir='ltr'>toto</span> <span class='ocrx_word' id='word_1_378' title='bbox 634 3032 877 3095; x_wconf 89' lang='lat' dir='ltr'>tempore</span> <span class='ocrx_word' id='word_1_379' title='bbox 906 3040 1006 3095; x_wconf 88' lang='lat' dir='ltr'>per</span> <span class='ocrx_word' id='word_1_380' title='bbox 1034 3025 1458 3095; x_wconf 83' lang='lat' dir='ltr'>pradicatores;</span> <span class='ocrx_word' id='word_1_381' title='bbox 1490 3024 1576 3079; x_wconf 91' lang='lat' dir='ltr'>vel</span> <span class='ocrx_word' id='word_1_382' title='bbox 1607 3032 1717 3080; x_wconf 91' lang='lat' dir='ltr'>tota</span> <span class='ocrx_word' id='word_1_383' title='bbox 1740 3025 1833 3079; x_wconf 92' lang='lat' dir='ltr'>illa</span> <span class='ocrx_word' id='word_1_384' title='bbox 1862 3026 1950 3081; x_wconf 90' lang='lat' dir='ltr'>die</span> <span class='ocrx_word' id='word_1_385' title='bbox 1981 3044 2084 3098; x_wconf 89' lang='lat' dir='ltr'>qua</span> 
     </span>
    </p>
   </div>
   <div class='ocr_carea' id='block_1_46' title="bbox 487 3112 2083 3186">
    <p class='ocr_par' dir='ltr' id='par_1_46' title="bbox 487 3112 2083 3186">
     <span class='ocr_line' id='line_1_46' title="bbox 487 3112 2083 3186; baseline 0.001 -17"><span class='ocrx_word' id='word_1_386' title='bbox 487 3112 724 3186; x_wconf 89' lang='lat' dir='ltr'>pependi</span> <span class='ocrx_word' id='word_1_387' title='bbox 744 3113 800 3167; x_wconf 93' lang='lat' dir='ltr'>in</span> <span class='ocrx_word' id='word_1_388' title='bbox 816 3127 994 3178; x_wconf 90' lang='lat' dir='ltr'>cruce,</span> <span class='ocrx_word' id='word_1_389' title='bbox 1021 3113 1274 3185; x_wconf 73' lang='lat' dir='ltr'>expandi</span> <span class='ocrx_word' id='word_1_390' title='bbox 1297 3130 1504 3169; x_wconf 77' lang='lat' dir='ltr'>manus</span> <span class='ocrx_word' id='word_1_391' title='bbox 1532 3130 1706 3179; x_wconf 79' lang='lat' dir='ltr'>meas,</span> <span class='ocrx_word' id='word_1_392' title='bbox 1738 3114 1796 3169; x_wconf 92' lang='lat' dir='ltr'>id</span> <span class='ocrx_word' id='word_1_393' title='bbox 1817 3123 1897 3169; x_wconf 90' lang='lat' dir='ltr'>est</span> <span class='ocrx_word' id='word_1_394' title='bbox 1919 3114 2083 3172; x_wconf 74' lang='lat' dir='ltr'>aﬁ‘ec-</span> 
     </span>
    </p>
   </div>
   <div class='ocr_carea' id='block_1_47' title="bbox 491 3201 2082 3274">
    <p class='ocr_par' dir='ltr' id='par_1_47' title="bbox 491 3201 2082 3274">
     <span class='ocr_line' id='line_1_47' title="bbox 491 3201 2082 3274; baseline 0.001 -17"><span class='ocrx_word' id='word_1_395' title='bbox 491 3203 668 3259; x_wconf 91' lang='lat' dir='ltr'>tiones</span> <span class='ocrx_word' id='word_1_396' title='bbox 688 3209 742 3257; x_wconf 93' lang='lat' dir='ltr'>et</span> <span class='ocrx_word' id='word_1_397' title='bbox 764 3216 933 3273; x_wconf 88' lang='lat' dir='ltr'>opera</span> <span class='ocrx_word' id='word_1_398' title='bbox 953 3217 1096 3265; x_wconf 91' lang='lat' dir='ltr'>mea,</span> <span class='ocrx_word' id='word_1_399' title='bbox 1121 3201 1193 3255; x_wconf 85' lang='lat' dir='ltr'>ad</span> <span class='ocrx_word' id='word_1_400' title='bbox 1210 3203 1481 3274; x_wconf 83' lang='lat' dir='ltr'>populum</span> <span class='ocrx_word' id='word_1_401' title='bbox 1501 3202 1804 3269; x_wconf 75' lang='lat' dir='ltr'>Iudaicum,</span> <span class='ocrx_word' id='word_1_402' title='bbox 1827 3220 1936 3259; x_wconf 89' lang='lat' dir='ltr'>non</span> <span class='ocrx_word' id='word_1_403' title='bbox 1956 3219 2082 3259; x_wconf 91' lang='lat' dir='ltr'>cre-</span> 
     </span>
    </p>
   </div>
   <div class='ocr_carea' id='block_1_48' title="bbox 490 3290 2087 3357">
    <p class='ocr_par' dir='ltr' id='par_1_48' title="bbox 490 3290 2087 3357">
     <span class='ocr_line' id='line_1_48' title="bbox 490 3290 2087 3357; baseline 0.001 -11"><span class='ocrx_word' id='word_1_404' title='bbox 490 3293 732 3347; x_wconf 90' lang='lat' dir='ltr'>dentem.</span> <span class='ocrx_word' id='word_1_405' title='bbox 763 3292 880 3346; x_wconf 90' lang='lat' dir='ltr'>Nec</span> <span class='ocrx_word' id='word_1_406' title='bbox 908 3290 1085 3345; x_wconf 91' lang='lat' dir='ltr'>solum</span> <span class='ocrx_word' id='word_1_407' title='bbox 1117 3307 1231 3347; x_wconf 84' lang='lat' dir='ltr'>non</span> <span class='ocrx_word' id='word_1_408' title='bbox 1262 3291 1603 3357; x_wconf 78' lang='lat' dir='ltr'>credentem,</span> <span class='ocrx_word' id='word_1_409' title='bbox 1636 3292 1731 3348; x_wconf 84' lang='lat' dir='ltr'>sed</span> <span class='ocrx_word' id='word_1_410' title='bbox 1760 3293 1923 3347; x_wconf 88' lang='lat' dir='ltr'>etiam</span> <span class='ocrx_word' id='word_1_411' title='bbox 1953 3310 2087 3348; x_wconf 86' lang='lat' dir='ltr'>con-</span> 
     </span>
    </p>
   </div>
   <div class='ocr_carea' id='block_1_49' title="bbox 496 3378 2086 3451">
    <p class='ocr_par' dir='ltr' id='par_1_49' title="bbox 496 3378 2086 3451">
     <span class='ocr_line' id='line_1_49' title="bbox 496 3378 2086 3451; baseline -0.001 -14"><span class='ocrx_word' id='word_1_412' title='bbox 496 3381 874 3437; x_wconf 84' lang='lat' dir='ltr'>tradicentem</span> <span class='ocrx_word' id='word_1_413' title='bbox 926 3378 1080 3434; x_wconf 90' lang='lat' dir='ltr'>mihi.</span> <span class='ocrx_word' id='word_1_414' title='bbox 1138 3380 1415 3451; x_wconf 84' lang='lat' dir='ltr'>Expansio</span> <span class='ocrx_word' id='word_1_415' title='bbox 1469 3396 1728 3436; x_wconf 90' lang='lat' dir='ltr'>manuum</span> <span class='ocrx_word' id='word_1_416' title='bbox 1793 3382 1990 3437; x_wconf 86' lang='lat' dir='ltr'>Christi</span> <span class='ocrx_word' id='word_1_417' title='bbox 2030 3382 2086 3435; x_wconf 92' lang='lat' dir='ltr'>in</span> 
     </span>
    </p>
   </div>
   <div class='ocr_carea' id='block_1_50' title="bbox 490 3468 2086 3542">
    <p class='ocr_par' dir='ltr' id='par_1_50' title="bbox 490 3468 2086 3542">
     <span class='ocr_line' id='line_1_50' title="bbox 490 3468 2086 3542; baseline -0.001 -16"><span class='ocrx_word' id='word_1_418' title='bbox 490 3486 649 3526; x_wconf 89' lang='lat' dir='ltr'>cruce</span> <span class='ocrx_word' id='word_1_419' title='bbox 671 3468 999 3541; x_wconf 82' lang='lat' dir='ltr'>significavit</span> <span class='ocrx_word' id='word_1_420' title='bbox 1020 3468 1385 3535; x_wconf 88' lang='lat' dir='ltr'>delictionem,</span> <span class='ocrx_word' id='word_1_421' title='bbox 1411 3485 1519 3541; x_wconf 90' lang='lat' dir='ltr'>qua</span> <span class='ocrx_word' id='word_1_422' title='bbox 1540 3486 1758 3541; x_wconf 90' lang='lat' dir='ltr'>semper</span> <span class='ocrx_word' id='word_1_423' title='bbox 1788 3471 2086 3542; x_wconf 89' lang='lat' dir='ltr'>amplexari</span> 
     </span>
    </p>
   </div>
   <div class='ocr_carea' id='block_1_51' title="bbox 493 3558 2085 3631">
    <p class='ocr_par' dir='ltr' id='par_1_51' title="bbox 493 3558 2085 3631">
     <span class='ocr_line' id='line_1_51' title="bbox 493 3558 2085 3631; baseline 0 -16"><span class='ocrx_word' id='word_1_424' title='bbox 493 3558 663 3615; x_wconf 90' lang='lat' dir='ltr'>voluit</span> <span class='ocrx_word' id='word_1_425' title='bbox 716 3558 968 3624; x_wconf 84' lang='lat' dir='ltr'>Judaos,</span> <span class='ocrx_word' id='word_1_426' title='bbox 1028 3573 1136 3629; x_wconf 92' lang='lat' dir='ltr'>qua</span> <span class='ocrx_word' id='word_1_427' title='bbox 1188 3558 1351 3613; x_wconf 89' lang='lat' dir='ltr'>etiam</span> <span class='ocrx_word' id='word_1_428' title='bbox 1410 3558 1467 3612; x_wconf 91' lang='lat' dir='ltr'>in</span> <span class='ocrx_word' id='word_1_429' title='bbox 1513 3575 1696 3626; x_wconf 91' lang='lat' dir='ltr'>cruce,</span> <span class='ocrx_word' id='word_1_430' title='bbox 1757 3560 1802 3614; x_wconf 90' lang='lat' dir='ltr'>si</span> <span class='ocrx_word' id='word_1_431' title='bbox 1850 3561 2085 3631; x_wconf 79' lang='lat' dir='ltr'>panite-</span> 
     </span>
    </p>
   </div>
   <div class='ocr_carea' id='block_1_52' title="bbox 490 3648 2087 3720">
    <p class='ocr_par' dir='ltr' id='par_1_52' title="bbox 490 3648 2087 3720">
     <span class='ocr_line' id='line_1_52' title="bbox 490 3648 2087 3720; baseline 0.001 -17"><span class='ocrx_word' id='word_1_432' title='bbox 490 3656 632 3715; x_wconf 90' lang='lat' dir='ltr'>rent,</span> <span class='ocrx_word' id='word_1_433' title='bbox 663 3655 883 3720; x_wconf 90' lang='lat' dir='ltr'>paratus</span> <span class='ocrx_word' id='word_1_434' title='bbox 912 3655 1028 3703; x_wconf 87' lang='lat' dir='ltr'>erat</span> <span class='ocrx_word' id='word_1_435' title='bbox 1056 3648 1240 3702; x_wconf 91' lang='lat' dir='ltr'>omnia</span> <span class='ocrx_word' id='word_1_436' title='bbox 1284 3648 1574 3703; x_wconf 90' lang='lat' dir='ltr'>dimittere.</span> <span class='ocrx_word' id='word_1_437' title='bbox 1608 3650 1751 3705; x_wconf 84' lang='lat' dir='ltr'>Ecce</span> <span class='ocrx_word' id='word_1_438' title='bbox 1807 3650 2005 3705; x_wconf 88' lang='lat' dir='ltr'>iterum</span> <span class='ocrx_word' id='word_1_439' title='bbox 2033 3650 2087 3704; x_wconf 90' lang='lat' dir='ltr'>in</span> 
     </span>
    </p>
   </div>
   <div class='ocr_carea' id='block_1_53' title="bbox 491 3736 2089 3807">
    <p class='ocr_par' dir='ltr' id='par_1_53' title="bbox 491 3736 2089 3807">
     <span class='ocr_line' id='line_1_53' title="bbox 491 3736 2089 3807; baseline 0.003 -16"><span class='ocrx_word' id='word_1_440' title='bbox 491 3736 637 3793; x_wconf 87' lang='lat' dir='ltr'>Isaia</span> <span class='ocrx_word' id='word_1_441' title='bbox 667 3736 905 3792; x_wconf 90' lang='lat' dir='ltr'>ostendit</span> <span class='ocrx_word' id='word_1_442' title='bbox 926 3736 1145 3792; x_wconf 80' lang='lat' dir='ltr'>Judaos</span> <span class='ocrx_word' id='word_1_443' title='bbox 1168 3738 1514 3807; x_wconf 86' lang='lat' dir='ltr'>cognovisse,</span> <span class='ocrx_word' id='word_1_444' title='bbox 1562 3754 1686 3794; x_wconf 93' lang='lat' dir='ltr'>cum</span> <span class='ocrx_word' id='word_1_445' title='bbox 1726 3739 1945 3795; x_wconf 89' lang='lat' dir='ltr'>videant</span> <span class='ocrx_word' id='word_1_446' title='bbox 1985 3740 2089 3796; x_wconf 92' lang='lat' dir='ltr'>hoc</span> 
     </span>
    </p>
   </div>
   <div class='ocr_carea' id='block_1_54' title="bbox 493 3825 2088 3897">
    <p class='ocr_par' dir='ltr' id='par_1_54' title="bbox 493 3825 2088 3897">
     <span class='ocr_line' id='line_1_54' title="bbox 493 3825 2088 3897; baseline 0.003 -17"><span class='ocrx_word' id='word_1_447' title='bbox 493 3825 640 3897; x_wconf 90' lang='lat' dir='ltr'>quod</span> <span class='ocrx_word' id='word_1_448' title='bbox 670 3825 803 3881; x_wconf 88' lang='lat' dir='ltr'>dixit</span> <span class='ocrx_word' id='word_1_449' title='bbox 829 3825 1111 3896; x_wconf 88' lang='lat' dir='ltr'>impletum</span> <span class='ocrx_word' id='word_1_450' title='bbox 1142 3842 1284 3880; x_wconf 92' lang='lat' dir='ltr'>esse.</span> <span class='ocrx_word' id='word_1_451' title='bbox 1319 3826 1569 3882; x_wconf 89' lang='lat' dir='ltr'>Ostendit</span> <span class='ocrx_word' id='word_1_452' title='bbox 1611 3827 1777 3883; x_wconf 89' lang='lat' dir='ltr'>etiam</span> <span class='ocrx_word' id='word_1_453' title='bbox 1830 3828 2088 3885; x_wconf 88' lang='lat' dir='ltr'>salvatio-</span> 
     </span>
    </p>
   </div>
   <div class='ocr_carea' id='block_1_55' title="bbox 493 3914 1800 3987">
    <p class='ocr_par' dir='ltr' id='par_1_55' title="bbox 493 3914 1800 3987">
     <span class='ocr_line' id='line_1_55' title="bbox 493 3914 1800 3987; baseline 0.002 -16"><span class='ocrx_word' id='word_1_454' title='bbox 493 3930 620 3971; x_wconf 89' lang='lat' dir='ltr'>nem</span> <span class='ocrx_word' id='word_1_455' title='bbox 650 3914 893 3987; x_wconf 87' lang='lat' dir='ltr'>gentium</span> <span class='ocrx_word' id='word_1_456' title='bbox 916 3922 968 3969; x_wconf 94' lang='lat' dir='ltr'>et</span> <span class='ocrx_word' id='word_1_457' title='bbox 1008 3915 1446 3986; x_wconf 90' lang='lat' dir='ltr'>reprobationem</span> <span class='ocrx_word' id='word_1_458' title='bbox 1473 3916 1800 3973; x_wconf 74' lang='lat' dir='ltr'>Iudaeorum.</span> 
     </span>
    </p>
   </div>
   <div class='ocr_carea' id='block_1_56' title="bbox 1097 4111 1468 4168">
    <p class='ocr_par' dir='ltr' id='par_1_56' title="bbox 1097 4111 1468 4168">
     <span class='ocr_line' id='line_1_56' title="bbox 1097 4111 1468 4168; baseline 0.003 -2"><span class='ocrx_word' id='word_1_459' title='bbox 1097 4111 1326 4167; x_wconf 83' lang='lat' dir='ltr'>CAPUT</span> <span class='ocrx_word' id='word_1_460' title='bbox 1369 4112 1468 4168; x_wconf 86' lang='grc' dir='ltr'>ΧΙ.</span> 
     </span>
    </p>
   </div>
   <div class='ocr_carea' id='block_1_57' title="bbox 571 4271 2084 4345">
    <p class='ocr_par' dir='ltr' id='par_1_57' title="bbox 571 4271 2084 4345">
     <span class='ocr_line' id='line_1_57' title="bbox 571 4271 2084 4345; baseline 0.005 -23"><span class='ocrx_word' id='word_1_461' title='bbox 571 4294 593 4322; x_wconf 72' lang='grc' dir='ltr'><strong>α</strong></span> <span class='ocrx_word' id='word_1_462' title='bbox 644 4271 782 4328; x_wconf 89' lang='lat' dir='ltr'>Dico</span> <span class='ocrx_word' id='word_1_463' title='bbox 841 4286 1019 4345; x_wconf 88' lang='lat' dir='ltr'>ergo:</span> <span class='ocrx_word' id='word_1_464' title='bbox 1054 4272 1312 4345; x_wconf 91' lang='lat' dir='ltr'>Nunquid</span> <span class='ocrx_word' id='word_1_465' title='bbox 1368 4271 1563 4344; x_wconf 88' lang='lat' dir='ltr'>repulit</span> <span class='ocrx_word' id='word_1_466' title='bbox 1618 4274 1766 4328; x_wconf 92' lang='lat' dir='ltr'>Deus</span> <span class='ocrx_word' id='word_1_467' title='bbox 1822 4273 2084 4345; x_wconf 91' lang='lat' dir='ltr'>populum</span> 
     </span>
    </p>
   </div>
   <div class='ocr_carea' id='block_1_58' title="bbox 500 4360 2091 4435">
    <p class='ocr_par' dir='ltr' id='par_1_58' title="bbox 500 4360 2091 4435">
     <span class='ocr_line' id='line_1_58' title="bbox 500 4360 2091 4435; baseline 0.003 -21"><span class='ocrx_word' id='word_1_468' title='bbox 500 4385 522 4411; x_wconf 76' lang='grc' dir='ltr'><strong><em>α</em></strong></span> <span class='ocrx_word' id='word_1_469' title='bbox 559 4378 716 4416; x_wconf 92' lang='lat' dir='ltr'>suum</span> <span class='ocrx_word' id='word_1_470' title='bbox 737 4361 764 4415; x_wconf 81' lang='lat'><strong>?</strong></span> <span class='ocrx_word' id='word_1_471' title='bbox 793 4360 982 4416; x_wconf 90' lang='lat' dir='ltr'>Absit!</span> <span class='ocrx_word' id='word_1_472' title='bbox 1016 4362 1158 4417; x_wconf 89' lang='lat' dir='ltr'>Nam</span> <span class='ocrx_word' id='word_1_473' title='bbox 1188 4369 1240 4417; x_wconf 93' lang='lat' dir='ltr'>et</span> <span class='ocrx_word' id='word_1_474' title='bbox 1289 4378 1395 4435; x_wconf 87' lang='lat' dir='ltr'>ego</span> <span class='ocrx_word' id='word_1_475' title='bbox 1452 4362 1700 4418; x_wconf 88' lang='lat' dir='ltr'>Israelita</span> <span class='ocrx_word' id='word_1_476' title='bbox 1749 4380 1869 4417; x_wconf 91' lang='lat' dir='ltr'>sum</span> <span class='ocrx_word' id='word_1_477' title='bbox 1902 4381 1969 4418; x_wconf 86' lang='lat' dir='ltr'>ex</span> <span class='ocrx_word' id='word_1_478' title='bbox 1998 4381 2091 4419; x_wconf 87' lang='lat' dir='ltr'>se-</span> 
     </span>
    </p>
   </div>
   <div class='ocr_carea' id='block_1_59' title="bbox 499 4450 2093 4524">
    <p class='ocr_par' dir='ltr' id='par_1_59' title="bbox 499 4450 2093 4524">
     <span class='ocr_line' id='line_1_59' title="bbox 499 4450 2093 4524; baseline 0.003 -22"><span class='ocrx_word' id='word_1_479' title='bbox 499 4473 522 4502; x_wconf 73' lang='grc' dir='ltr'><strong>α</strong></span> <span class='ocrx_word' id='word_1_480' title='bbox 554 4451 700 4506; x_wconf 90' lang='lat' dir='ltr'>mine</span> <span class='ocrx_word' id='word_1_481' title='bbox 730 4451 1029 4517; x_wconf 88' lang='lat' dir='ltr'>Abraham,</span> <span class='ocrx_word' id='word_1_482' title='bbox 1079 4452 1149 4506; x_wconf 91' lang='lat' dir='ltr'>de</span> <span class='ocrx_word' id='word_1_483' title='bbox 1202 4450 1343 4505; x_wconf 90' lang='lat' dir='ltr'>tribu</span> <span class='ocrx_word' id='word_1_484' title='bbox 1399 4452 1696 4520; x_wconf 90' lang='lat' dir='ltr'>Benjamin.</span> <span class='ocrx_word' id='word_1_485' title='bbox 1742 4453 1865 4506; x_wconf 91' lang='lat' dir='ltr'>Non</span> <span class='ocrx_word' id='word_1_486' title='bbox 1896 4453 2093 4524; x_wconf 87' lang='lat' dir='ltr'>repulit</span> 
     </span>
    </p>
   </div>
   <div class='ocr_carea' id='block_1_60' title="bbox 2188 1871 3789 1944">
    <p class='ocr_par' dir='ltr' id='par_1_60' title="bbox 2188 1871 3789 1944">
     <span class='ocr_line' id='line_1_60' title="bbox 2188 1871 3789 1944; baseline 0.001 -21"><span class='ocrx_word' id='word_1_487' title='bbox 2188 1894 2209 1923; x_wconf 83' lang='grc'><strong>«</strong></span> <span class='ocrx_word' id='word_1_488' title='bbox 2246 1873 2519 1944; x_wconf 86' lang='lat' dir='ltr'>quomodo</span> <span class='ocrx_word' id='word_1_489' title='bbox 2603 1873 2672 1927; x_wconf 90' lang='lat' dir='ltr'>ad</span> <span class='ocrx_word' id='word_1_490' title='bbox 2752 1871 3113 1927; x_wconf 85' lang='lat' dir='ltr'>amulandum</span> <span class='ocrx_word' id='word_1_491' title='bbox 3198 1887 3491 1942; x_wconf 89' lang='lat' dir='ltr'>provocem</span> <span class='ocrx_word' id='word_1_492' title='bbox 3558 1886 3789 1925; x_wconf 89' lang='lat' dir='ltr'>carnem</span> 
     </span>
    </p>
   </div>
   <div class='ocr_carea' id='block_1_61' title="bbox 2188 1959 3790 2031">
    <p class='ocr_par' dir='ltr' id='par_1_61' title="bbox 2188 1959 3790 2031">
     <span class='ocr_line' id='line_1_61' title="bbox 2188 1959 3790 2031; baseline 0.001 -16"><span class='ocrx_word' id='word_1_493' title='bbox 2188 1978 2447 2029; x_wconf 83' lang='lat' dir='ltr'>«meam,</span> <span class='ocrx_word' id='word_1_494' title='bbox 2510 1969 2562 2015; x_wconf 89' lang='lat' dir='ltr'>et</span> <span class='ocrx_word' id='word_1_495' title='bbox 2621 1960 2800 2015; x_wconf 89' lang='lat' dir='ltr'>salvos</span> <span class='ocrx_word' id='word_1_496' title='bbox 2857 1959 3054 2016; x_wconf 89' lang='lat' dir='ltr'>faciam</span> <span class='ocrx_word' id='word_1_497' title='bbox 3118 1960 3329 2031; x_wconf 91' lang='lat' dir='ltr'>aliquos</span> <span class='ocrx_word' id='word_1_498' title='bbox 3398 1976 3464 2014; x_wconf 81' lang='lat' dir='ltr'>ex</span> <span class='ocrx_word' id='word_1_499' title='bbox 3554 1959 3682 2015; x_wconf 90' lang='lat' dir='ltr'>illis.</span> <span class='ocrx_word' id='word_1_500' title='bbox 3719 1960 3790 2015; x_wconf 86' lang='lat' dir='ltr'>Si</span> 
     </span>
    </p>
   </div>
   <div class='ocr_carea' id='block_1_62' title="bbox 2194 2047 3793 2119">
    <p class='ocr_par' dir='ltr' id='par_1_62' title="bbox 2194 2047 3793 2119">
     <span class='ocr_line' id='line_1_62' title="bbox 2194 2047 3793 2119; baseline 0.002 -19"><span class='ocrx_word' id='word_1_501' title='bbox 2194 2069 2213 2100; x_wconf 80' lang='grc' dir='ltr'>ι</span> <span class='ocrx_word' id='word_1_502' title='bbox 2244 2052 2386 2105; x_wconf 85' lang='lat' dir='ltr'>enim</span> <span class='ocrx_word' id='word_1_503' title='bbox 2434 2051 2654 2105; x_wconf 89' lang='lat' dir='ltr'>amissio</span> <span class='ocrx_word' id='word_1_504' title='bbox 2685 2066 2874 2105; x_wconf 91' lang='lat' dir='ltr'>eorum</span> <span class='ocrx_word' id='word_1_505' title='bbox 2904 2049 3270 2104; x_wconf 90' lang='lat' dir='ltr'>reconciliatio</span> <span class='ocrx_word' id='word_1_506' title='bbox 3302 2056 3382 2103; x_wconf 93' lang='lat' dir='ltr'>est</span> <span class='ocrx_word' id='word_1_507' title='bbox 3414 2047 3620 2112; x_wconf 91' lang='lat' dir='ltr'>mundi,</span> <span class='ocrx_word' id='word_1_508' title='bbox 3656 2066 3793 2119; x_wconf 78' lang='lat' dir='ltr'>quae</span> 
     </span>
    </p>
   </div>
   <div class='ocr_carea' id='block_1_63' title="bbox 2189 2136 3792 2210">
    <p class='ocr_par' dir='ltr' id='par_1_63' title="bbox 2189 2136 3792 2210">
     <span class='ocr_line' id='line_1_63' title="bbox 2189 2136 3792 2210; baseline 0.002 -21"><span class='ocrx_word' id='word_1_509' title='bbox 2189 2161 2210 2189; x_wconf 70' lang='grc' dir='ltr'>ι</span> <span class='ocrx_word' id='word_1_510' title='bbox 2238 2140 2535 2210; x_wconf 88' lang='lat' dir='ltr'>assumptio</span> <span class='ocrx_word' id='word_1_511' title='bbox 2564 2139 2667 2193; x_wconf 89' lang='lat' dir='ltr'>nisi</span> <span class='ocrx_word' id='word_1_512' title='bbox 2700 2140 2807 2193; x_wconf 87' lang='lat' dir='ltr'>vita</span> <span class='ocrx_word' id='word_1_513' title='bbox 2858 2155 2923 2193; x_wconf 87' lang='lat' dir='ltr'>ex</span> <span class='ocrx_word' id='word_1_514' title='bbox 2956 2138 3230 2193; x_wconf 84' lang='lat' dir='ltr'>mortuis?</span> <span class='ocrx_word' id='word_1_515' title='bbox 3260 2136 3398 2205; x_wconf 89' lang='lat' dir='ltr'>Quia</span> <span class='ocrx_word' id='word_1_516' title='bbox 3442 2136 3487 2190; x_wconf 89' lang='lat' dir='ltr'>si</span> <span class='ocrx_word' id='word_1_517' title='bbox 3516 2136 3792 2192; x_wconf 88' lang='lat' dir='ltr'>delibatio</span> 
     </span>
    </p>
   </div>
   <div class='ocr_carea' id='block_1_64' title="bbox 2189 2226 3791 2294">
    <p class='ocr_par' dir='ltr' id='par_1_64' title="bbox 2189 2226 3791 2294">
     <span class='ocr_line' id='line_1_64' title="bbox 2189 2226 3791 2294; baseline 0.001 -14"><span class='ocrx_word' id='word_1_518' title='bbox 2189 2252 2210 2280; x_wconf 73' lang='grc' dir='ltr'><strong><em>α</em></strong></span> <span class='ocrx_word' id='word_1_519' title='bbox 2247 2237 2436 2283; x_wconf 90' lang='lat' dir='ltr'>sancta</span> <span class='ocrx_word' id='word_1_520' title='bbox 2468 2236 2567 2292; x_wconf 89' lang='lat' dir='ltr'>est,</span> <span class='ocrx_word' id='word_1_521' title='bbox 2599 2236 2651 2282; x_wconf 92' lang='lat' dir='ltr'>et</span> <span class='ocrx_word' id='word_1_522' title='bbox 2694 2244 2873 2282; x_wconf 89' lang='lat' dir='ltr'>massa</span> <span class='ocrx_word' id='word_1_523' title='bbox 2899 2246 2913 2294; x_wconf 88' lang='lat'><strong>;</strong></span> <span class='ocrx_word' id='word_1_524' title='bbox 2936 2235 2987 2282; x_wconf 91' lang='lat' dir='ltr'>et</span> <span class='ocrx_word' id='word_1_525' title='bbox 3018 2226 3062 2280; x_wconf 89' lang='lat' dir='ltr'>si</span> <span class='ocrx_word' id='word_1_526' title='bbox 3111 2226 3263 2280; x_wconf 82' lang='lat' dir='ltr'>radix</span> <span class='ocrx_word' id='word_1_527' title='bbox 3296 2234 3498 2291; x_wconf 84' lang='lat' dir='ltr'>sancta,</span> <span class='ocrx_word' id='word_1_528' title='bbox 3532 2233 3585 2280; x_wconf 92' lang='lat' dir='ltr'>et</span> <span class='ocrx_word' id='word_1_529' title='bbox 3614 2227 3791 2281; x_wconf 89' lang='lat' dir='ltr'>rami.</span> 
     </span>
    </p>
   </div>
   <div class='ocr_carea' id='block_1_65' title="bbox 2188 2315 3791 2388">
    <p class='ocr_par' dir='ltr' id='par_1_65' title="bbox 2188 2315 3791 2388">
     <span class='ocr_line' id='line_1_65' title="bbox 2188 2315 3791 2388; baseline -0.002 -17"><span class='ocrx_word' id='word_1_530' title='bbox 2188 2341 2208 2365; x_wconf 77' lang='grc' dir='ltr'><strong><em>α</em></strong></span> <span class='ocrx_word' id='word_1_531' title='bbox 2248 2316 2407 2385; x_wconf 89' lang='lat' dir='ltr'>Quod</span> <span class='ocrx_word' id='word_1_532' title='bbox 2440 2317 2484 2370; x_wconf 89' lang='lat' dir='ltr'>si</span> <span class='ocrx_word' id='word_1_533' title='bbox 2513 2317 2677 2388; x_wconf 87' lang='lat' dir='ltr'>aliqui</span> <span class='ocrx_word' id='word_1_534' title='bbox 2709 2333 2772 2371; x_wconf 81' lang='lat' dir='ltr'>ex</span> <span class='ocrx_word' id='word_1_535' title='bbox 2806 2316 2971 2371; x_wconf 88' lang='lat' dir='ltr'>ramis</span> <span class='ocrx_word' id='word_1_536' title='bbox 3002 2315 3153 2369; x_wconf 88' lang='lat' dir='ltr'>fracti</span> <span class='ocrx_word' id='word_1_537' title='bbox 3188 2323 3333 2381; x_wconf 89' lang='lat' dir='ltr'>sunt,</span> <span class='ocrx_word' id='word_1_538' title='bbox 3366 2322 3422 2368; x_wconf 93' lang='lat' dir='ltr'>tu</span> <span class='ocrx_word' id='word_1_539' title='bbox 3443 2322 3619 2369; x_wconf 87' lang='lat' dir='ltr'>autem</span> <span class='ocrx_word' id='word_1_540' title='bbox 3653 2329 3791 2369; x_wconf 89' lang='lat' dir='ltr'>cum</span> 
     </span>
    </p>
   </div>
   <div class='ocr_carea' id='block_1_66' title="bbox 2189 2402 3795 2471">
    <p class='ocr_par' dir='ltr' id='par_1_66' title="bbox 2189 2402 3795 2471">
     <span class='ocr_line' id='line_1_66' title="bbox 2189 2402 3795 2471; baseline -0.001 -15"><span class='ocrx_word' id='word_1_541' title='bbox 2189 2428 2210 2456; x_wconf 74' lang='grc' dir='ltr'>ι</span> <span class='ocrx_word' id='word_1_542' title='bbox 2247 2406 2481 2461; x_wconf 88' lang='lat' dir='ltr'>oleaster</span> <span class='ocrx_word' id='word_1_543' title='bbox 2510 2422 2683 2471; x_wconf 84' lang='lat' dir='ltr'>esses,</span> <span class='ocrx_word' id='word_1_544' title='bbox 2717 2405 2951 2459; x_wconf 88' lang='lat' dir='ltr'>insertus</span> <span class='ocrx_word' id='word_1_545' title='bbox 2990 2421 3049 2458; x_wconf 91' lang='lat' dir='ltr'>es</span> <span class='ocrx_word' id='word_1_546' title='bbox 3083 2404 3136 2457; x_wconf 91' lang='lat' dir='ltr'>in</span> <span class='ocrx_word' id='word_1_547' title='bbox 3168 2403 3293 2471; x_wconf 89' lang='lat' dir='ltr'>illis,</span> <span class='ocrx_word' id='word_1_548' title='bbox 3363 2410 3413 2457; x_wconf 93' lang='lat' dir='ltr'>et</span> <span class='ocrx_word' id='word_1_549' title='bbox 3453 2402 3636 2457; x_wconf 85' lang='lat' dir='ltr'>socius</span> <span class='ocrx_word' id='word_1_550' title='bbox 3692 2419 3795 2457; x_wconf 81' lang='lat' dir='ltr'>ra-</span> 
     </span>
    </p>
   </div>
   <div class='ocr_carea' id='block_1_67' title="bbox 2190 2490 3797 2566">
    <p class='ocr_par' dir='ltr' id='par_1_67' title="bbox 2190 2490 3797 2566">
     <span class='ocr_line' id='line_1_67' title="bbox 2190 2490 3797 2566; baseline -0.002 -17"><span class='ocrx_word' id='word_1_551' title='bbox 2190 2518 2210 2543; x_wconf 78' lang='grc' dir='ltr'><strong>α</strong></span> <span class='ocrx_word' id='word_1_552' title='bbox 2245 2495 2380 2549; x_wconf 82' lang='lat' dir='ltr'>dlClS</span> <span class='ocrx_word' id='word_1_553' title='bbox 2411 2502 2463 2548; x_wconf 91' lang='lat' dir='ltr'>et</span> <span class='ocrx_word' id='word_1_554' title='bbox 2493 2494 2839 2566; x_wconf 87' lang='lat' dir='ltr'>pinguedinis</span> <span class='ocrx_word' id='word_1_555' title='bbox 2871 2493 3029 2547; x_wconf 82' lang='lat' dir='ltr'>oliva</span> <span class='ocrx_word' id='word_1_556' title='bbox 3061 2492 3235 2547; x_wconf 85' lang='lat' dir='ltr'>factus</span> <span class='ocrx_word' id='word_1_557' title='bbox 3276 2508 3355 2559; x_wconf 86' lang='lat' dir='ltr'>es,</span> <span class='ocrx_word' id='word_1_558' title='bbox 3388 2491 3499 2546; x_wconf 89' lang='lat' dir='ltr'>noli</span> <span class='ocrx_word' id='word_1_559' title='bbox 3550 2490 3797 2563; x_wconf 87' lang='lat' dir='ltr'>gloriari</span> 
     </span>
    </p>
   </div>
   <div class='ocr_carea' id='block_1_68' title="bbox 2187 2579 3792 2653">
    <p class='ocr_par' dir='ltr' id='par_1_68' title="bbox 2187 2579 3792 2653">
     <span class='ocr_line' id='line_1_68' title="bbox 2187 2579 3792 2653; baseline -0.002 -16"><span class='ocrx_word' id='word_1_560' title='bbox 2187 2607 2207 2631; x_wconf 76' lang='grc' dir='ltr'><strong><em>α</em></strong></span> <span class='ocrx_word' id='word_1_561' title='bbox 2244 2584 2507 2638; x_wconf 89' lang='lat' dir='ltr'>adversus</span> <span class='ocrx_word' id='word_1_562' title='bbox 2538 2599 2737 2637; x_wconf 91' lang='lat' dir='ltr'>ramos.</span> <span class='ocrx_word' id='word_1_563' title='bbox 2788 2581 2946 2650; x_wconf 91' lang='lat' dir='ltr'>Quod</span> <span class='ocrx_word' id='word_1_564' title='bbox 2978 2581 3022 2635; x_wconf 90' lang='lat' dir='ltr'>si</span> <span class='ocrx_word' id='word_1_565' title='bbox 3066 2580 3341 2653; x_wconf 86' lang='lat' dir='ltr'>gloriaris,</span> <span class='ocrx_word' id='word_1_566' title='bbox 3368 2596 3478 2634; x_wconf 92' lang='lat' dir='ltr'>non</span> <span class='ocrx_word' id='word_1_567' title='bbox 3525 2588 3581 2633; x_wconf 92' lang='lat' dir='ltr'>tu</span> <span class='ocrx_word' id='word_1_568' title='bbox 3628 2579 3792 2633; x_wconf 89' lang='lat' dir='ltr'>radi-</span> 
     </span>
    </p>
   </div>
   <div class='ocr_carea' id='block_1_69' title="bbox 2187 2667 3793 2742">
    <p class='ocr_par' dir='ltr' id='par_1_69' title="bbox 2187 2667 3793 2742">
     <span class='ocr_line' id='line_1_69' title="bbox 2187 2667 3793 2742; baseline -0.002 -15"><span class='ocrx_word' id='word_1_569' title='bbox 2187 2697 2208 2719; x_wconf 78' lang='lat' dir='ltr'><strong><em>u</em></strong></span> <span class='ocrx_word' id='word_1_570' title='bbox 2247 2689 2365 2728; x_wconf 88' lang='lat' dir='ltr'>cem</span> <span class='ocrx_word' id='word_1_571' title='bbox 2395 2681 2599 2742; x_wconf 91' lang='lat' dir='ltr'>portas,</span> <span class='ocrx_word' id='word_1_572' title='bbox 2626 2672 2722 2725; x_wconf 90' lang='lat' dir='ltr'>sed</span> <span class='ocrx_word' id='word_1_573' title='bbox 2760 2671 2908 2724; x_wconf 85' lang='lat' dir='ltr'>radix</span> <span class='ocrx_word' id='word_1_574' title='bbox 2937 2678 3011 2724; x_wconf 91' lang='lat' dir='ltr'>te.</span> <span class='ocrx_word' id='word_1_575' title='bbox 3056 2670 3204 2724; x_wconf 91' lang='lat' dir='ltr'>Dicis</span> <span class='ocrx_word' id='word_1_576' title='bbox 3253 2685 3388 2742; x_wconf 88' lang='lat' dir='ltr'>ergo</span> <span class='ocrx_word' id='word_1_577' title='bbox 3414 2667 3621 2723; x_wconf 86' lang='lat' dir='ltr'>:Fracti</span> <span class='ocrx_word' id='word_1_578' title='bbox 3653 2678 3793 2723; x_wconf 85' lang='lat' dir='ltr'>sunt</span> 
     </span>
    </p>
   </div>
   <div class='ocr_carea' id='block_1_70' title="bbox 2188 2756 3791 2833">
    <p class='ocr_par' dir='ltr' id='par_1_70' title="bbox 2188 2756 3791 2833">
     <span class='ocr_line' id='line_1_70' title="bbox 2188 2756 3791 2833; baseline 0 -22"><span class='ocrx_word' id='word_1_579' title='bbox 2188 2783 2210 2811; x_wconf 73' lang='grc' dir='ltr'>ι</span> <span class='ocrx_word' id='word_1_580' title='bbox 2244 2761 2401 2827; x_wconf 89' lang='lat' dir='ltr'>rami,</span> <span class='ocrx_word' id='word_1_581' title='bbox 2428 2769 2485 2815; x_wconf 92' lang='lat' dir='ltr'>ut</span> <span class='ocrx_word' id='word_1_582' title='bbox 2512 2777 2616 2833; x_wconf 86' lang='lat' dir='ltr'>ego</span> <span class='ocrx_word' id='word_1_583' title='bbox 2640 2760 2869 2813; x_wconf 88' lang='lat' dir='ltr'>inserar.</span> <span class='ocrx_word' id='word_1_584' title='bbox 2891 2760 3053 2813; x_wconf 89' lang='lat' dir='ltr'>Bene.</span> <span class='ocrx_word' id='word_1_585' title='bbox 3079 2759 3303 2828; x_wconf 84' lang='lat' dir='ltr'>Pmpter</span> <span class='ocrx_word' id='word_1_586' title='bbox 3340 2756 3791 2811; x_wconf 85' lang='lat' dir='ltr'>incredulitatem</span> 
     </span>
    </p>
   </div>
   <div class='ocr_carea' id='block_1_71' title="bbox 2189 2846 3787 2916">
    <p class='ocr_par' dir='ltr' id='par_1_71' title="bbox 2189 2846 3787 2916">
     <span class='ocr_line' id='line_1_71' title="bbox 2189 2846 3787 2916; baseline -0.002 -12"><span class='ocrx_word' id='word_1_587' title='bbox 2189 2874 2209 2897; x_wconf 79' lang='grc' dir='ltr'><strong><em>«ι</em></strong></span> <span class='ocrx_word' id='word_1_588' title='bbox 2237 2850 2388 2904; x_wconf 84' lang='lat' dir='ltr'>fracti</span> <span class='ocrx_word' id='word_1_589' title='bbox 2412 2858 2559 2903; x_wconf 90' lang='lat' dir='ltr'>sunt.</span> <span class='ocrx_word' id='word_1_590' title='bbox 2586 2850 2664 2903; x_wconf 91' lang='lat' dir='ltr'>Tu</span> <span class='ocrx_word' id='word_1_591' title='bbox 2684 2857 2861 2903; x_wconf 91' lang='lat' dir='ltr'>autem</span> <span class='ocrx_word' id='word_1_592' title='bbox 2880 2847 2983 2902; x_wconf 84' lang='lat' dir='ltr'>fide</span> <span class='ocrx_word' id='word_1_593' title='bbox 3020 2855 3148 2901; x_wconf 91' lang='lat' dir='ltr'>stas.</span> <span class='ocrx_word' id='word_1_594' title='bbox 3173 2846 3296 2901; x_wconf 86' lang='lat' dir='ltr'>Noli</span> <span class='ocrx_word' id='word_1_595' title='bbox 3341 2846 3507 2900; x_wconf 89' lang='lat' dir='ltr'>altum</span> <span class='ocrx_word' id='word_1_596' title='bbox 3558 2861 3787 2916; x_wconf 87' lang='lat' dir='ltr'>sapere,</span> 
     </span>
    </p>
   </div>
   <div class='ocr_carea' id='block_1_72' title="bbox 2188 2934 3797 3005">
    <p class='ocr_par' dir='ltr' id='par_1_72' title="bbox 2188 2934 3797 3005">
     <span class='ocr_line' id='line_1_72' title="bbox 2188 2934 3797 3005; baseline -0.001 -16"><span class='ocrx_word' id='word_1_597' title='bbox 2188 2961 2210 2989; x_wconf 74' lang='grc' dir='ltr'><strong>ε</strong></span> <span class='ocrx_word' id='word_1_598' title='bbox 2256 2939 2352 2993; x_wconf 89' lang='lat' dir='ltr'>sed</span> <span class='ocrx_word' id='word_1_599' title='bbox 2385 2939 2531 2992; x_wconf 90' lang='lat' dir='ltr'>time.</span> <span class='ocrx_word' id='word_1_600' title='bbox 2568 2938 2622 2993; x_wconf 89' lang='lat' dir='ltr'>Si</span> <span class='ocrx_word' id='word_1_601' title='bbox 2646 2938 2789 2992; x_wconf 90' lang='lat' dir='ltr'>enim</span> <span class='ocrx_word' id='word_1_602' title='bbox 2818 2937 2966 2992; x_wconf 91' lang='lat' dir='ltr'>Deus</span> <span class='ocrx_word' id='word_1_603' title='bbox 2990 2936 3327 2991; x_wconf 89' lang='lat' dir='ltr'>naturalibus</span> <span class='ocrx_word' id='word_1_604' title='bbox 3358 2934 3525 2989; x_wconf 87' lang='lat' dir='ltr'>ramis</span> <span class='ocrx_word' id='word_1_605' title='bbox 3545 2950 3658 2989; x_wconf 91' lang='lat' dir='ltr'>non</span> <span class='ocrx_word' id='word_1_606' title='bbox 3680 2950 3797 3005; x_wconf 87' lang='lat' dir='ltr'>pe-</span> 
     </span>
    </p>
   </div>
   <div class='ocr_carea' id='block_1_73' title="bbox 2187 3022 3794 3099">
    <p class='ocr_par' dir='ltr' id='par_1_73' title="bbox 2187 3022 3794 3099">
     <span class='ocr_line' id='line_1_73' title="bbox 2187 3022 3794 3099; baseline -0.001 -21"><span class='ocrx_word' id='word_1_607' title='bbox 2187 3049 2209 3078; x_wconf 74' lang='grc' dir='ltr'>ι</span> <span class='ocrx_word' id='word_1_608' title='bbox 2240 3027 2429 3099; x_wconf 86' lang='lat' dir='ltr'>percit,</span> <span class='ocrx_word' id='word_1_609' title='bbox 2462 3043 2531 3082; x_wconf 93' lang='lat' dir='ltr'>ne</span> <span class='ocrx_word' id='word_1_610' title='bbox 2560 3025 2698 3081; x_wconf 87' lang='lat' dir='ltr'>forte</span> <span class='ocrx_word' id='word_1_611' title='bbox 2736 3041 2839 3081; x_wconf 92' lang='lat' dir='ltr'>nec</span> <span class='ocrx_word' id='word_1_612' title='bbox 2870 3025 2966 3079; x_wconf 87' lang='lat' dir='ltr'>tibi</span> <span class='ocrx_word' id='word_1_613' title='bbox 3013 3032 3221 3096; x_wconf 85' lang='lat' dir='ltr'>parcat.</span> <span class='ocrx_word' id='word_1_614' title='bbox 3256 3023 3391 3078; x_wconf 87' lang='lat' dir='ltr'>Vide</span> <span class='ocrx_word' id='word_1_615' title='bbox 3449 3038 3585 3095; x_wconf 88' lang='lat' dir='ltr'>ergo</span> <span class='ocrx_word' id='word_1_616' title='bbox 3616 3022 3794 3077; x_wconf 85' lang='lat' dir='ltr'>boni-</span> 
     </span>
    </p>
   </div>
   <div class='ocr_carea' id='block_1_74' title="bbox 2188 3110 3795 3183">
    <p class='ocr_par' dir='ltr' id='par_1_74' title="bbox 2188 3110 3795 3183">
     <span class='ocr_line' id='line_1_74' title="bbox 2188 3110 3795 3183; baseline -0.002 -14"><span class='ocrx_word' id='word_1_617' title='bbox 2188 3140 2209 3164; x_wconf 86' lang='lat'><strong>«</strong></span> <span class='ocrx_word' id='word_1_618' title='bbox 2244 3124 2410 3171; x_wconf 87' lang='lat' dir='ltr'>tatem</span> <span class='ocrx_word' id='word_1_619' title='bbox 2441 3124 2493 3170; x_wconf 93' lang='lat' dir='ltr'>et</span> <span class='ocrx_word' id='word_1_620' title='bbox 2524 3114 2869 3170; x_wconf 89' lang='lat' dir='ltr'>severitatem</span> <span class='ocrx_word' id='word_1_621' title='bbox 2900 3112 3018 3169; x_wconf 90' lang='lat' dir='ltr'>Dei.</span> <span class='ocrx_word' id='word_1_622' title='bbox 3067 3114 3126 3167; x_wconf 92' lang='lat' dir='ltr'>In</span> <span class='ocrx_word' id='word_1_623' title='bbox 3172 3128 3267 3167; x_wconf 91' lang='lat' dir='ltr'>eos</span> <span class='ocrx_word' id='word_1_624' title='bbox 3312 3111 3531 3183; x_wconf 90' lang='lat' dir='ltr'>quidem</span> <span class='ocrx_word' id='word_1_625' title='bbox 3561 3110 3653 3182; x_wconf 91' lang='lat' dir='ltr'>qui</span> <span class='ocrx_word' id='word_1_626' title='bbox 3685 3127 3795 3166; x_wconf 90' lang='lat' dir='ltr'>ee-</span> 
     </span>
    </p>
   </div>
   <div class='ocr_carea' id='block_1_75' title="bbox 2188 3199 3788 3268">
    <p class='ocr_par' dir='ltr' id='par_1_75' title="bbox 2188 3199 3788 3268">
     <span class='ocr_line' id='line_1_75' title="bbox 2188 3199 3788 3268; baseline -0.002 -12"><span class='ocrx_word' id='word_1_627' title='bbox 2188 3226 2210 3256; x_wconf 77' lang='lat'><strong>¢</strong></span> <span class='ocrx_word' id='word_1_628' title='bbox 2244 3205 2491 3261; x_wconf 89' lang='lat' dir='ltr'>ciderunt</span> <span class='ocrx_word' id='word_1_629' title='bbox 2522 3204 2885 3268; x_wconf 90' lang='lat' dir='ltr'>severitatem,</span> <span class='ocrx_word' id='word_1_630' title='bbox 2911 3202 2966 3256; x_wconf 91' lang='lat' dir='ltr'>in</span> <span class='ocrx_word' id='word_1_631' title='bbox 2999 3210 3051 3257; x_wconf 92' lang='lat' dir='ltr'>te</span> <span class='ocrx_word' id='word_1_632' title='bbox 3099 3209 3277 3257; x_wconf 91' lang='lat' dir='ltr'>autem</span> <span class='ocrx_word' id='word_1_633' title='bbox 3309 3200 3607 3255; x_wconf 88' lang='lat' dir='ltr'>bonitatem</span> <span class='ocrx_word' id='word_1_634' title='bbox 3653 3199 3788 3267; x_wconf 84' lang='lat' dir='ltr'>Dei,</span> 
     </span>
    </p>
   </div>
   <div class='ocr_carea' id='block_1_76' title="bbox 2186 3288 3791 3366">
    <p class='ocr_par' dir='ltr' id='par_1_76' title="bbox 2186 3288 3791 3366">
     <span class='ocr_line' id='line_1_76' title="bbox 2186 3288 3791 3366; baseline -0.004 -17"><span class='ocrx_word' id='word_1_635' title='bbox 2186 3317 2208 3342; x_wconf 75' lang='grc' dir='ltr'><strong><em>«ι</em></strong></span> <span class='ocrx_word' id='word_1_636' title='bbox 2254 3294 2301 3349; x_wconf 89' lang='lat' dir='ltr'>si</span> <span class='ocrx_word' id='word_1_637' title='bbox 2320 3293 2686 3366; x_wconf 87' lang='lat' dir='ltr'>perrnanseris</span> <span class='ocrx_word' id='word_1_638' title='bbox 2715 3293 2771 3346; x_wconf 90' lang='lat' dir='ltr'>in</span> <span class='ocrx_word' id='word_1_639' title='bbox 2809 3292 3069 3347; x_wconf 88' lang='lat' dir='ltr'>bonitate.</span> <span class='ocrx_word' id='word_1_640' title='bbox 3096 3289 3351 3360; x_wconf 90' lang='lat' dir='ltr'>Alioquin</span> <span class='ocrx_word' id='word_1_641' title='bbox 3382 3297 3434 3344; x_wconf 92' lang='lat' dir='ltr'>et</span> <span class='ocrx_word' id='word_1_642' title='bbox 3464 3297 3519 3343; x_wconf 93' lang='lat' dir='ltr'>tu</span> <span class='ocrx_word' id='word_1_643' title='bbox 3551 3288 3791 3343; x_wconf 83' lang='lat' dir='ltr'>excide—</span> 
     </span>
    </p>
   </div>
   <div class='ocr_carea' id='block_1_77' title="bbox 2190 3377 3793 3451">
    <p class='ocr_par' dir='ltr' id='par_1_77' title="bbox 2190 3377 3793 3451">
     <span class='ocr_line' id='line_1_77' title="bbox 2190 3377 3793 3451; baseline -0.001 -17"><span class='ocrx_word' id='word_1_644' title='bbox 2190 3405 2212 3434; x_wconf 76' lang='grc' dir='ltr'>ι</span> <span class='ocrx_word' id='word_1_645' title='bbox 2244 3383 2339 3437; x_wconf 91' lang='lat' dir='ltr'>ris.</span> <span class='ocrx_word' id='word_1_646' title='bbox 2376 3383 2483 3437; x_wconf 87' lang='lat' dir='ltr'>Sed</span> <span class='ocrx_word' id='word_1_647' title='bbox 2514 3390 2567 3436; x_wconf 90' lang='lat' dir='ltr'>et</span> <span class='ocrx_word' id='word_1_648' title='bbox 2596 3381 2671 3436; x_wconf 90' lang='lat' dir='ltr'>illi</span> <span class='ocrx_word' id='word_1_649' title='bbox 2703 3381 2747 3435; x_wconf 91' lang='lat' dir='ltr'>si</span> <span class='ocrx_word' id='word_1_650' title='bbox 2777 3396 2885 3435; x_wconf 91' lang='lat' dir='ltr'>non</span> <span class='ocrx_word' id='word_1_651' title='bbox 2928 3378 3327 3451; x_wconf 89' lang='lat' dir='ltr'>permanserint</span> <span class='ocrx_word' id='word_1_652' title='bbox 3376 3377 3432 3432; x_wconf 93' lang='lat' dir='ltr'>in</span> <span class='ocrx_word' id='word_1_653' title='bbox 3489 3377 3793 3433; x_wconf 89' lang='lat' dir='ltr'>increduli-</span> 
     </span>
    </p>
   </div>
   <div class='ocr_carea' id='block_1_78' title="bbox 2191 3466 3795 3539">
    <p class='ocr_par' dir='ltr' id='par_1_78' title="bbox 2191 3466 3795 3539">
     <span class='ocr_line' id='line_1_78' title="bbox 2191 3466 3795 3539; baseline -0.002 -15"><span class='ocrx_word' id='word_1_654' title='bbox 2191 3495 2212 3524; x_wconf 73' lang='grc' dir='ltr'><strong>α</strong></span> <span class='ocrx_word' id='word_1_655' title='bbox 2248 3480 2376 3539; x_wconf 91' lang='lat' dir='ltr'>tate,</span> <span class='ocrx_word' id='word_1_656' title='bbox 2410 3471 2738 3527; x_wconf 91' lang='lat' dir='ltr'>inserentur.</span> <span class='ocrx_word' id='word_1_657' title='bbox 2770 3471 2969 3524; x_wconf 89' lang='lat' dir='ltr'>Potens</span> <span class='ocrx_word' id='word_1_658' title='bbox 3004 3476 3084 3523; x_wconf 91' lang='lat' dir='ltr'>est</span> <span class='ocrx_word' id='word_1_659' title='bbox 3116 3467 3261 3523; x_wconf 92' lang='lat' dir='ltr'>enim</span> <span class='ocrx_word' id='word_1_660' title='bbox 3292 3468 3437 3522; x_wconf 92' lang='lat' dir='ltr'>Deus</span> <span class='ocrx_word' id='word_1_661' title='bbox 3468 3466 3667 3521; x_wconf 88' lang='lat' dir='ltr'>iterum</span> <span class='ocrx_word' id='word_1_662' title='bbox 3699 3466 3795 3521; x_wconf 83' lang='lat' dir='ltr'>in-</span> 
     </span>
    </p>
   </div>
   <div class='ocr_carea' id='block_1_79' title="bbox 2190 3554 3793 3617">
    <p class='ocr_par' dir='ltr' id='par_1_79' title="bbox 2190 3554 3793 3617">
     <span class='ocr_line' id='line_1_79' title="bbox 2190 3554 3793 3617; baseline -0.004 0"><span class='ocrx_word' id='word_1_663' title='bbox 2190 3586 2211 3610; x_wconf 82' lang='grc' dir='ltr'>α</span> <span class='ocrx_word' id='word_1_664' title='bbox 2250 3577 2436 3617; x_wconf 90' lang='lat' dir='ltr'>serere</span> <span class='ocrx_word' id='word_1_665' title='bbox 2460 3560 2599 3615; x_wconf 91' lang='lat' dir='ltr'>illos.</span> <span class='ocrx_word' id='word_1_666' title='bbox 2634 3558 2794 3615; x_wconf 78' lang='lat'><strong>62</strong></span> <span class='ocrx_word' id='word_1_667' title='bbox 2813 3559 2950 3613; x_wconf 90' lang='lat' dir='ltr'>Nam</span> <span class='ocrx_word' id='word_1_668' title='bbox 2980 3557 3025 3611; x_wconf 90' lang='lat' dir='ltr'>si</span> <span class='ocrx_word' id='word_1_669' title='bbox 3047 3565 3103 3611; x_wconf 95' lang='lat' dir='ltr'>tu</span> <span class='ocrx_word' id='word_1_670' title='bbox 3132 3573 3199 3611; x_wconf 85' lang='lat' dir='ltr'>ex</span> <span class='ocrx_word' id='word_1_671' title='bbox 3227 3554 3458 3610; x_wconf 88' lang='lat' dir='ltr'>naturali</span> <span class='ocrx_word' id='word_1_672' title='bbox 3481 3554 3699 3610; x_wconf 90' lang='lat' dir='ltr'>excisus</span> <span class='ocrx_word' id='word_1_673' title='bbox 3722 3572 3793 3611; x_wconf 88' lang='lat' dir='ltr'>es</span> 
     </span>
    </p>
   </div>
   <div class='ocr_carea' id='block_1_80' title="bbox 2192 3643 3793 3716">
    <p class='ocr_par' dir='ltr' id='par_1_80' title="bbox 2192 3643 3793 3716">
     <span class='ocr_line' id='line_1_80' title="bbox 2192 3643 3793 3716; baseline -0.001 -15"><span class='ocrx_word' id='word_1_674' title='bbox 2192 3674 2212 3701; x_wconf 78' lang='grc' dir='ltr'>ι</span> <span class='ocrx_word' id='word_1_675' title='bbox 2260 3651 2516 3716; x_wconf 90' lang='lat' dir='ltr'>oleastro,</span> <span class='ocrx_word' id='word_1_676' title='bbox 2549 3656 2601 3704; x_wconf 93' lang='lat' dir='ltr'>et</span> <span class='ocrx_word' id='word_1_677' title='bbox 2631 3656 2819 3704; x_wconf 89' lang='lat' dir='ltr'>contra</span> <span class='ocrx_word' id='word_1_678' title='bbox 2846 3655 3098 3702; x_wconf 90' lang='lat' dir='ltr'>naturam</span> <span class='ocrx_word' id='word_1_679' title='bbox 3140 3646 3376 3700; x_wconf 91' lang='lat' dir='ltr'>insertus</span> <span class='ocrx_word' id='word_1_680' title='bbox 3407 3661 3465 3699; x_wconf 87' lang='lat' dir='ltr'>es</span> <span class='ocrx_word' id='word_1_681' title='bbox 3492 3643 3546 3698; x_wconf 91' lang='lat' dir='ltr'>in</span> <span class='ocrx_word' id='word_1_682' title='bbox 3576 3643 3793 3699; x_wconf 88' lang='lat' dir='ltr'>bonam</span> 
     </span>
    </p>
   </div>
   <div class='ocr_carea' id='block_1_81' title="bbox 2192 3734 3792 3810">
    <p class='ocr_par' dir='ltr' id='par_1_81' title="bbox 2192 3734 3792 3810">
     <span class='ocr_line' id='line_1_81' title="bbox 2192 3734 3792 3810; baseline -0.002 -19"><span class='ocrx_word' id='word_1_683' title='bbox 2192 3762 2215 3791; x_wconf 76' lang='grc' dir='ltr'>ι</span> <span class='ocrx_word' id='word_1_684' title='bbox 2250 3740 2469 3808; x_wconf 87' lang='lat' dir='ltr'>olivam,</span> <span class='ocrx_word' id='word_1_685' title='bbox 2504 3746 2707 3810; x_wconf 89' lang='lat' dir='ltr'>quanto</span> <span class='ocrx_word' id='word_1_686' title='bbox 2738 3736 2914 3807; x_wconf 89' lang='lat' dir='ltr'>magis</span> <span class='ocrx_word' id='word_1_687' title='bbox 2943 3735 2999 3789; x_wconf 90' lang='lat' dir='ltr'>hi</span> <span class='ocrx_word' id='word_1_688' title='bbox 3048 3734 3139 3807; x_wconf 89' lang='lat' dir='ltr'>qui</span> <span class='ocrx_word' id='word_1_689' title='bbox 3178 3734 3475 3789; x_wconf 91' lang='lat' dir='ltr'>secundum</span> <span class='ocrx_word' id='word_1_690' title='bbox 3530 3740 3792 3788; x_wconf 86' lang='lat' dir='ltr'>naturam</span> 
     </span>
    </p>
   </div>
   <div class='ocr_carea' id='block_1_82' title="bbox 2192 3821 3790 3894">
    <p class='ocr_par' dir='ltr' id='par_1_82' title="bbox 2192 3821 3790 3894">
     <span class='ocr_line' id='line_1_82' title="bbox 2192 3821 3790 3894; baseline -0.004 -11"><span class='ocrx_word' id='word_1_691' title='bbox 2192 3854 2212 3877; x_wconf 79' lang='grc' dir='ltr'>υ</span> <span class='ocrx_word' id='word_1_692' title='bbox 2249 3830 2559 3883; x_wconf 88' lang='lat' dir='ltr'>inserentur</span> <span class='ocrx_word' id='word_1_693' title='bbox 2604 3842 2714 3881; x_wconf 86' lang='lat' dir='ltr'>sua</span> <span class='ocrx_word' id='word_1_694' title='bbox 2769 3824 2972 3880; x_wconf 86' lang='lat' dir='ltr'>oliva?</span> <span class='ocrx_word' id='word_1_695' title='bbox 3026 3824 3167 3879; x_wconf 88' lang='lat' dir='ltr'>Nolo</span> <span class='ocrx_word' id='word_1_696' title='bbox 3196 3823 3338 3877; x_wconf 91' lang='lat' dir='ltr'>enim</span> <span class='ocrx_word' id='word_1_697' title='bbox 3374 3838 3472 3878; x_wconf 91' lang='lat' dir='ltr'>vos</span> <span class='ocrx_word' id='word_1_698' title='bbox 3501 3821 3790 3894; x_wconf 87' lang='lat' dir='ltr'>ignorare,</span> 
     </span>
    </p>
   </div>
   <div class='ocr_carea' id='block_1_83' title="bbox 2192 3910 3795 3987">
    <p class='ocr_par' dir='ltr' id='par_1_83' title="bbox 2192 3910 3795 3987">
     <span class='ocr_line' id='line_1_83' title="bbox 2192 3910 3795 3987; baseline -0.001 -18"><span class='ocrx_word' id='word_1_699' title='bbox 2192 3941 2214 3969; x_wconf 75' lang='grc' dir='ltr'>ι</span> <span class='ocrx_word' id='word_1_700' title='bbox 2247 3917 2460 3983; x_wconf 87' lang='lat' dir='ltr'>fratres,</span> <span class='ocrx_word' id='word_1_701' title='bbox 2495 3914 2813 3987; x_wconf 80' lang='lat' dir='ltr'>mysterium</span> <span class='ocrx_word' id='word_1_702' title='bbox 2833 3915 2956 3979; x_wconf 86' lang='lat' dir='ltr'>hoc,</span> <span class='ocrx_word' id='word_1_703' title='bbox 2989 3920 3047 3968; x_wconf 90' lang='lat' dir='ltr'>ut</span> <span class='ocrx_word' id='word_1_704' title='bbox 3076 3928 3183 3967; x_wconf 91' lang='lat' dir='ltr'>non</span> <span class='ocrx_word' id='word_1_705' title='bbox 3215 3912 3331 3965; x_wconf 90' lang='lat' dir='ltr'>sitis</span> <span class='ocrx_word' id='word_1_706' title='bbox 3370 3910 3662 3982; x_wconf 87' lang='lat' dir='ltr'>vobisipsis</span> <span class='ocrx_word' id='word_1_707' title='bbox 3694 3927 3795 3967; x_wconf 86' lang='lat' dir='ltr'>sa-</span> 
     </span>
    </p>
   </div>
   <div class='ocr_carea' id='block_1_84' title="bbox 2194 4000 3790 4080">
    <p class='ocr_par' dir='ltr' id='par_1_84' title="bbox 2194 4000 3790 4080">
     <span class='ocr_line' id='line_1_84' title="bbox 2194 4000 3790 4080; baseline -0.003 -22"><span class='ocrx_word' id='word_1_708' title='bbox 2194 4031 2215 4058; x_wconf 81' lang='grc'><strong>«</strong></span> <span class='ocrx_word' id='word_1_709' title='bbox 2250 4008 2480 4080; x_wconf 91' lang='lat' dir='ltr'>pientes,</span> <span class='ocrx_word' id='word_1_710' title='bbox 2514 4005 2642 4078; x_wconf 93' lang='lat' dir='ltr'>quia</span> <span class='ocrx_word' id='word_1_711' title='bbox 2669 4004 2885 4060; x_wconf 78' lang='lat' dir='ltr'>cacitas</span> <span class='ocrx_word' id='word_1_712' title='bbox 2926 4020 2989 4057; x_wconf 91' lang='lat' dir='ltr'>ex</span> <span class='ocrx_word' id='word_1_713' title='bbox 3039 4009 3193 4073; x_wconf 90' lang='lat' dir='ltr'>parte</span> <span class='ocrx_word' id='word_1_714' title='bbox 3225 4001 3449 4072; x_wconf 86' lang='lat' dir='ltr'>contigit</span> <span class='ocrx_word' id='word_1_715' title='bbox 3478 4000 3533 4055; x_wconf 88' lang='lat' dir='ltr'>in</span> <span class='ocrx_word' id='word_1_716' title='bbox 3588 4001 3790 4070; x_wconf 87' lang='lat' dir='ltr'>Israel,</span> 
     </span>
    </p>
   </div>
   <div class='ocr_carea' id='block_1_85' title="bbox 2194 4089 3793 4166">
    <p class='ocr_par' dir='ltr' id='par_1_85' title="bbox 2194 4089 3793 4166">
     <span class='ocr_line' id='line_1_85' title="bbox 2194 4089 3793 4166; baseline -0.001 -18"><span class='ocrx_word' id='word_1_717' title='bbox 2194 4119 2217 4148; x_wconf 74' lang='grc' dir='ltr'><strong>α</strong></span> <span class='ocrx_word' id='word_1_718' title='bbox 2251 4098 2428 4152; x_wconf 92' lang='lat' dir='ltr'>donec</span> <span class='ocrx_word' id='word_1_719' title='bbox 2487 4093 2767 4166; x_wconf 90' lang='lat' dir='ltr'>plenitudo</span> <span class='ocrx_word' id='word_1_720' title='bbox 2805 4091 3047 4165; x_wconf 88' lang='lat' dir='ltr'>gentium</span> <span class='ocrx_word' id='word_1_721' title='bbox 3096 4090 3320 4144; x_wconf 90' lang='lat' dir='ltr'>intraret</span> <span class='ocrx_word' id='word_1_722' title='bbox 3354 4105 3366 4144; x_wconf 91' lang='lat'>:</span> <span class='ocrx_word' id='word_1_723' title='bbox 3399 4097 3453 4145; x_wconf 91' lang='lat' dir='ltr'>et</span> <span class='ocrx_word' id='word_1_724' title='bbox 3482 4089 3561 4145; x_wconf 89' lang='lat' dir='ltr'>sic</span> <span class='ocrx_word' id='word_1_725' title='bbox 3600 4092 3793 4146; x_wconf 90' lang='lat' dir='ltr'>omnis</span> 
     </span>
    </p>
   </div>
   <div class='ocr_carea' id='block_1_86' title="bbox 2195 4179 3796 4250">
    <p class='ocr_par' dir='ltr' id='par_1_86' title="bbox 2195 4179 3796 4250">
     <span class='ocr_line' id='line_1_86' title="bbox 2195 4179 3796 4250; baseline -0.001 -13"><span class='ocrx_word' id='word_1_726' title='bbox 2195 4208 2217 4237; x_wconf 72' lang='grc' dir='ltr'><strong>α</strong></span> <span class='ocrx_word' id='word_1_727' title='bbox 2252 4185 2418 4241; x_wconf 90' lang='lat' dir='ltr'>Israel</span> <span class='ocrx_word' id='word_1_728' title='bbox 2441 4184 2625 4238; x_wconf 86' lang='lat' dir='ltr'>salvus</span> <span class='ocrx_word' id='word_1_729' title='bbox 2670 4180 2843 4247; x_wconf 87' lang='lat' dir='ltr'>fieret,</span> <span class='ocrx_word' id='word_1_730' title='bbox 2876 4180 3015 4235; x_wconf 90' lang='lat' dir='ltr'>sicut</span> <span class='ocrx_word' id='word_1_731' title='bbox 3074 4179 3331 4250; x_wconf 88' lang='lat' dir='ltr'>scriptum</span> <span class='ocrx_word' id='word_1_732' title='bbox 3365 4187 3447 4233; x_wconf 90' lang='lat' dir='ltr'>est</span> <span class='ocrx_word' id='word_1_733' title='bbox 3477 4197 3490 4233; x_wconf 90' lang='lat'>:</span> <span class='ocrx_word' id='word_1_734' title='bbox 3529 4200 3551 4229; x_wconf 72' lang='grc' dir='ltr'><strong>α</strong></span> <span class='ocrx_word' id='word_1_735' title='bbox 3588 4179 3796 4236; x_wconf 81' lang='lat' dir='ltr'>Veniet</span> 
     </span>
    </p>
   </div>
   <div class='ocr_carea' id='block_1_87' title="bbox 2193 4267 3793 4343">
    <p class='ocr_par' dir='ltr' id='par_1_87' title="bbox 2193 4267 3793 4343">
     <span class='ocr_line' id='line_1_87' title="bbox 2193 4267 3793 4343; baseline -0.004 -14"><span class='ocrx_word' id='word_1_736' title='bbox 2193 4298 2214 4322; x_wconf 79' lang='grc'>«-</span> <span class='ocrx_word' id='word_1_737' title='bbox 2253 4291 2319 4330; x_wconf 86' lang='lat' dir='ltr'>ex</span> <span class='ocrx_word' id='word_1_738' title='bbox 2351 4274 2499 4341; x_wconf 90' lang='lat' dir='ltr'>Sion,</span> <span class='ocrx_word' id='word_1_739' title='bbox 2534 4271 2626 4343; x_wconf 92' lang='lat' dir='ltr'>qui</span> <span class='ocrx_word' id='word_1_740' title='bbox 2656 4270 2849 4341; x_wconf 88' lang='lat' dir='ltr'>eripiat</span> <span class='ocrx_word' id='word_1_741' title='bbox 2881 4277 2933 4324; x_wconf 90' lang='lat' dir='ltr'>et</span> <span class='ocrx_word' id='word_1_742' title='bbox 2962 4276 3167 4323; x_wconf 79' lang='lat' dir='ltr'>avertat</span> <span class='ocrx_word' id='word_1_743' title='bbox 3197 4267 3526 4338; x_wconf 89' lang='lat' dir='ltr'>impietatem</span> <span class='ocrx_word' id='word_1_744' title='bbox 3573 4267 3641 4320; x_wconf 90' lang='lat' dir='ltr'>ab</span> <span class='ocrx_word' id='word_1_745' title='bbox 3685 4269 3793 4323; x_wconf 79' lang='lat' dir='ltr'>Ja-</span> 
     </span>
    </p>
   </div>
   <div class='ocr_carea' id='block_1_88' title="bbox 2195 4356 3796 4432">
    <p class='ocr_par' dir='ltr' id='par_1_88' title="bbox 2195 4356 3796 4432">
     <span class='ocr_line' id='line_1_88' title="bbox 2195 4356 3796 4432; baseline -0.004 -12"><span class='ocrx_word' id='word_1_746' title='bbox 2195 4388 2215 4413; x_wconf 76' lang='lat' dir='ltr'>u</span> <span class='ocrx_word' id='word_1_747' title='bbox 2254 4364 2358 4420; x_wconf 89' lang='lat' dir='ltr'>coh</span> <span class='ocrx_word' id='word_1_748' title='bbox 2389 4363 2517 4432; x_wconf 88' lang='lat' dir='ltr'>(Isa.</span> <span class='ocrx_word' id='word_1_749' title='bbox 2551 4376 2663 4421; x_wconf 64' lang='grc' dir='ltr'><strong><em>ιιι.</em></strong></span> <span class='ocrx_word' id='word_1_750' title='bbox 2697 4361 2808 4429; x_wconf 72' lang='lat'>20).</span> <span class='ocrx_word' id='word_1_751' title='bbox 2850 4380 2871 4408; x_wconf 70' lang='grc' dir='ltr'>ι</span> <span class='ocrx_word' id='word_1_752' title='bbox 2908 4359 2973 4412; x_wconf 87' lang='lat' dir='ltr'>Et</span> <span class='ocrx_word' id='word_1_753' title='bbox 3002 4358 3106 4412; x_wconf 91' lang='lat' dir='ltr'>hoc</span> <span class='ocrx_word' id='word_1_754' title='bbox 3152 4356 3259 4411; x_wconf 90' lang='lat' dir='ltr'>illis</span> <span class='ocrx_word' id='word_1_755' title='bbox 3289 4372 3321 4410; x_wconf 91' lang='lat' dir='ltr'>a</span> <span class='ocrx_word' id='word_1_756' title='bbox 3350 4372 3439 4411; x_wconf 90' lang='lat' dir='ltr'>me</span> <span class='ocrx_word' id='word_1_757' title='bbox 3485 4364 3796 4413; x_wconf 82' lang='lat' dir='ltr'>testamen-</span> 
     </span>
    </p>
   </div>
   <div class='ocr_carea' id='block_1_89' title="bbox 2195 4445 3794 4518">
    <p class='ocr_par' dir='ltr' id='par_1_89' title="bbox 2195 4445 3794 4518">
     <span class='ocr_line' id='line_1_89' title="bbox 2195 4445 3794 4518; baseline -0.002 -11"><span class='ocrx_word' id='word_1_758' title='bbox 2195 4478 2216 4500; x_wconf 77' lang='grc' dir='ltr'>«ε</span> <span class='ocrx_word' id='word_1_759' title='bbox 2254 4461 2388 4513; x_wconf 86' lang='lat' dir='ltr'>tum.</span> <span class='ocrx_word' id='word_1_760' title='bbox 2433 4467 2555 4507; x_wconf 88' lang='lat' dir='ltr'>cum</span> <span class='ocrx_word' id='word_1_761' title='bbox 2610 4449 2889 4503; x_wconf 88' lang='lat' dir='ltr'>abstulero</span> <span class='ocrx_word' id='word_1_762' title='bbox 2944 4453 3163 4518; x_wconf 87' lang='lat' dir='ltr'>peccata</span> <span class='ocrx_word' id='word_1_763' title='bbox 3208 4462 3415 4500; x_wconf 89' lang='lat' dir='ltr'>eorum.</span> <span class='ocrx_word' id='word_1_764' title='bbox 3469 4445 3794 4504; x_wconf 88' lang='lat' dir='ltr'>Secundum</span> 
     </span>
    </p>
   </div>
   <div class='ocr_carea' id='block_1_90' title="bbox 499 4534 3794 4613">
    <p class='ocr_par' dir='ltr' id='par_1_90' title="bbox 499 4534 3794 4613">
     <span class='ocr_line' id='line_1_90' title="bbox 499 4534 3794 4613; baseline 0 -22"><span class='ocrx_word' id='word_1_765' title='bbox 499 4562 522 4591; x_wconf 75' lang='grc' dir='ltr'>ι</span> <span class='ocrx_word' id='word_1_766' title='bbox 554 4541 703 4595; x_wconf 90' lang='lat' dir='ltr'>Deus</span> <span class='ocrx_word' id='word_1_767' title='bbox 733 4539 951 4610; x_wconf 88' lang='lat' dir='ltr'>plebem</span> <span class='ocrx_word' id='word_1_768' title='bbox 981 4555 1137 4594; x_wconf 89' lang='lat' dir='ltr'>suam</span> <span class='ocrx_word' id='word_1_769' title='bbox 1157 4583 1169 4606; x_wconf 91' lang='lat'>,</span> <span class='ocrx_word' id='word_1_770' title='bbox 1205 4555 1370 4611; x_wconf 83' lang='lat' dir='ltr'>quam</span> <span class='ocrx_word' id='word_1_771' title='bbox 1418 4541 1710 4612; x_wconf 84' lang='lat' dir='ltr'>prascivit.</span> <span class='ocrx_word' id='word_1_772' title='bbox 1743 4543 1827 4596; x_wconf 89' lang='lat' dir='ltr'>An</span> <span class='ocrx_word' id='word_1_773' title='bbox 1870 4542 2091 4598; x_wconf 90' lang='lat' dir='ltr'>nescitis</span> <span class='ocrx_word' id='word_1_774' title='bbox 2123 4534 2173 4594; x_wconf 91' lang='lat' dir='ltr'>D</span> <span class='ocrx_word' id='word_1_775' title='bbox 2199 4564 2221 4594; x_wconf 70' lang='grc' dir='ltr'>ι</span> <span class='ocrx_word' id='word_1_776' title='bbox 2255 4540 2617 4613; x_wconf 88' lang='lat' dir='ltr'>Evangelium</span> <span class='ocrx_word' id='word_1_777' title='bbox 2640 4538 2860 4610; x_wconf 91' lang='lat' dir='ltr'>quidem</span> <span class='ocrx_word' id='word_1_778' title='bbox 2892 4534 3095 4590; x_wconf 91' lang='lat' dir='ltr'>inimici</span> <span class='ocrx_word' id='word_1_779' title='bbox 3148 4542 3371 4606; x_wconf 88' lang='lat' dir='ltr'>propter</span> <span class='ocrx_word' id='word_1_780' title='bbox 3400 4551 3499 4589; x_wconf 91' lang='lat' dir='ltr'>vos</span> <span class='ocrx_word' id='word_1_781' title='bbox 3520 4578 3533 4599; x_wconf 92' lang='lat'>,</span> <span class='ocrx_word' id='word_1_782' title='bbox 3580 4551 3794 4591; x_wconf 83' lang='lat' dir='ltr'>secun-</span> 
     </span>
    </p>
   </div>
   <div class='ocr_carea' id='block_1_91' title="bbox 500 4628 2094 4701">
    <p class='ocr_par' dir='ltr' id='par_1_91' title="bbox 500 4628 2094 4701">
     <span class='ocr_line' id='line_1_91' title="bbox 500 4628 2094 4701; baseline 0.004 -22"><span class='ocrx_word' id='word_1_783' title='bbox 500 4650 522 4679; x_wconf 70' lang='grc' dir='ltr'><strong>α</strong></span> <span class='ocrx_word' id='word_1_784' title='bbox 559 4628 689 4700; x_wconf 87' lang='lat' dir='ltr'>quid</span> <span class='ocrx_word' id='word_1_785' title='bbox 719 4628 850 4684; x_wconf 89' lang='lat' dir='ltr'>dicit</span> <span class='ocrx_word' id='word_1_786' title='bbox 895 4628 1172 4699; x_wconf 86' lang='lat' dir='ltr'>Scriptura</span> <span class='ocrx_word' id='word_1_787' title='bbox 1216 4628 1271 4683; x_wconf 92' lang='lat' dir='ltr'>in</span> <span class='ocrx_word' id='word_1_788' title='bbox 1316 4628 1432 4683; x_wconf 88' lang='lat' dir='ltr'>Elia</span> <span class='ocrx_word' id='word_1_789' title='bbox 1465 4646 1478 4685; x_wconf 91' lang='lat'><strong><em>:</em></strong></span> <span class='ocrx_word' id='word_1_790' title='bbox 1513 4630 1965 4701; x_wconf 88' lang='lat' dir='ltr'>quemadmodum</span> <span class='ocrx_word' id='word_1_791' title='bbox 2006 4630 2094 4685; x_wconf 92' lang='lat' dir='ltr'>in-</span> 
     </span>
    </p>
   </div>
   <div class='ocr_carea' id='block_1_92' title="bbox 499 4716 2091 4790">
    <p class='ocr_par' dir='ltr' id='par_1_92' title="bbox 499 4716 2091 4790">
     <span class='ocr_line' id='line_1_92' title="bbox 499 4716 2091 4790; baseline 0.001 -18"><span class='ocrx_word' id='word_1_792' title='bbox 499 4741 521 4765; x_wconf 74' lang='lat' dir='ltr'>a</span> <span class='ocrx_word' id='word_1_793' title='bbox 558 4717 810 4788; x_wconf 87' lang='lat' dir='ltr'>terpellat</span> <span class='ocrx_word' id='word_1_794' title='bbox 840 4718 1013 4772; x_wconf 91' lang='lat' dir='ltr'>Deum</span> <span class='ocrx_word' id='word_1_795' title='bbox 1043 4717 1336 4773; x_wconf 87' lang='lat' dir='ltr'>adversum</span> <span class='ocrx_word' id='word_1_796' title='bbox 1364 4716 1510 4790; x_wconf 90' lang='lat' dir='ltr'>[pro]</span> <span class='ocrx_word' id='word_1_797' title='bbox 1540 4718 1751 4773; x_wconf 81' lang='lat' dir='ltr'>Israel?</span> <span class='ocrx_word' id='word_1_798' title='bbox 1784 4742 1805 4765; x_wconf 79' lang='grc' dir='ltr'>α</span> <span class='ocrx_word' id='word_1_799' title='bbox 1842 4719 2091 4785; x_wconf 90' lang='lat' dir='ltr'>Domine,</span> 
     </span>
    </p>
   </div>
   <div class='ocr_carea' id='block_1_93' title="bbox 500 4806 2091 4878">
    <p class='ocr_par' dir='ltr' id='par_1_93' title="bbox 500 4806 2091 4878">
     <span class='ocr_line' id='line_1_93' title="bbox 500 4806 2091 4878; baseline 0.001 -17"><span class='ocrx_word' id='word_1_800' title='bbox 500 4829 521 4852; x_wconf 77' lang='grc' dir='ltr'>ιι</span> <span class='ocrx_word' id='word_1_801' title='bbox 549 4807 843 4878; x_wconf 88' lang='lat' dir='ltr'>prophetas</span> <span class='ocrx_word' id='word_1_802' title='bbox 875 4814 995 4861; x_wconf 89' lang='lat' dir='ltr'>tuos</span> <span class='ocrx_word' id='word_1_803' title='bbox 1025 4806 1365 4875; x_wconf 91' lang='lat' dir='ltr'>occiderunt,</span> <span class='ocrx_word' id='word_1_804' title='bbox 1398 4806 1588 4861; x_wconf 86' lang='lat' dir='ltr'>altaria</span> <span class='ocrx_word' id='word_1_805' title='bbox 1617 4815 1709 4862; x_wconf 88' lang='lat' dir='ltr'>tua</span> <span class='ocrx_word' id='word_1_806' title='bbox 1738 4806 2091 4874; x_wconf 85' lang='lat' dir='ltr'>suffoderunt,</span> 
     </span>
    </p>
   </div>
   <div class='ocr_carea' id='block_1_94' title="bbox 502 4895 2092 4967">
    <p class='ocr_par' dir='ltr' id='par_1_94' title="bbox 502 4895 2092 4967">
     <span class='ocr_line' id='line_1_94' title="bbox 502 4895 2092 4967; baseline 0.004 -22"><span class='ocrx_word' id='word_1_807' title='bbox 502 4916 524 4945; x_wconf 71' lang='grc' dir='ltr'><strong><em>α</em></strong></span> <span class='ocrx_word' id='word_1_808' title='bbox 552 4902 606 4949; x_wconf 94' lang='lat' dir='ltr'>et</span> <span class='ocrx_word' id='word_1_809' title='bbox 660 4910 768 4967; x_wconf 88' lang='lat' dir='ltr'>ego</span> <span class='ocrx_word' id='word_1_810' title='bbox 822 4895 1043 4950; x_wconf 88' lang='lat' dir='ltr'>relictus</span> <span class='ocrx_word' id='word_1_811' title='bbox 1094 4912 1216 4949; x_wconf 90' lang='lat' dir='ltr'>sum</span> <span class='ocrx_word' id='word_1_812' title='bbox 1274 4895 1439 4961; x_wconf 91' lang='lat' dir='ltr'>solus,</span> <span class='ocrx_word' id='word_1_813' title='bbox 1474 4903 1527 4950; x_wconf 93' lang='lat' dir='ltr'>et</span> <span class='ocrx_word' id='word_1_814' title='bbox 1582 4904 1829 4967; x_wconf 89' lang='lat' dir='ltr'>quarunt</span> <span class='ocrx_word' id='word_1_815' title='bbox 1858 4897 2092 4952; x_wconf 89' lang='lat' dir='ltr'>animam</span> 
     </span>
    </p>
   </div>
   <div class='ocr_carea' id='block_1_95' title="bbox 501 4983 2095 5056">
    <p class='ocr_par' dir='ltr' id='par_1_95' title="bbox 501 4983 2095 5056">
     <span class='ocr_line' id='line_1_95' title="bbox 501 4983 2095 5056; baseline 0.001 -18"><span class='ocrx_word' id='word_1_816' title='bbox 501 5004 523 5034; x_wconf 76' lang='grc' dir='ltr'><strong><em>α</em></strong></span> <span class='ocrx_word' id='word_1_817' title='bbox 549 4999 727 5038; x_wconf 88' lang='lat' dir='ltr'>meam</span> <span class='ocrx_word' id='word_1_818' title='bbox 758 4983 860 5054; x_wconf 88' lang='lat' dir='ltr'>(III</span> <span class='ocrx_word' id='word_1_819' title='bbox 885 4986 1010 5056; x_wconf 83' lang='lat' dir='ltr'>Reg.</span> <span class='ocrx_word' id='word_1_820' title='bbox 1042 4999 1164 5050; x_wconf 77' lang='lat' dir='ltr'>XIX,</span> <span class='ocrx_word' id='word_1_821' title='bbox 1189 4984 1298 5053; x_wconf 82' lang='grc'>10).</span> <span class='ocrx_word' id='word_1_822' title='bbox 1332 5007 1352 5032; x_wconf 73' lang='grc' dir='ltr'><strong>η</strong></span> <span class='ocrx_word' id='word_1_823' title='bbox 1388 4984 1497 5039; x_wconf 91' lang='lat' dir='ltr'>Sed</span> <span class='ocrx_word' id='word_1_824' title='bbox 1528 4984 1659 5055; x_wconf 92' lang='lat' dir='ltr'>quid</span> <span class='ocrx_word' id='word_1_825' title='bbox 1687 4984 1817 5040; x_wconf 90' lang='lat' dir='ltr'>dicit</span> <span class='ocrx_word' id='word_1_826' title='bbox 1844 4985 1921 5039; x_wconf 90' lang='lat' dir='ltr'>illi</span> <span class='ocrx_word' id='word_1_827' title='bbox 1951 4986 2095 5041; x_wconf 92' lang='lat' dir='ltr'>divi-</span> 
     </span>
    </p>
   </div>
   <div class='ocr_carea' id='block_1_96' title="bbox 501 5058 2097 5144">
    <p class='ocr_par' dir='ltr' id='par_1_96' title="bbox 501 5058 2097 5144">
     <span class='ocr_line' id='line_1_96' title="bbox 501 5058 2097 5144; baseline 0.003 -20"><span class='ocrx_word' id='word_1_828' title='bbox 501 5093 523 5123; x_wconf 76' lang='grc' dir='ltr'>ι</span> <span class='ocrx_word' id='word_1_829' title='bbox 559 5089 689 5126; x_wconf 91' lang='lat' dir='ltr'>num</span> <span class='ocrx_word' id='word_1_830' title='bbox 738 5072 1110 5142; x_wconf 79' lang='lat' dir='ltr'>responsum?</span> <span class='ocrx_word' id='word_1_831' title='bbox 1143 5095 1165 5121; x_wconf 85' lang='lat'><strong>«</strong></span> <span class='ocrx_word' id='word_1_832' title='bbox 1205 5071 1417 5143; x_wconf 81' lang='lat' dir='ltr'>Reliqui</span> <span class='ocrx_word' id='word_1_833' title='bbox 1472 5072 1603 5126; x_wconf 90' lang='lat' dir='ltr'>mihi</span> <span class='ocrx_word' id='word_1_834' title='bbox 1661 5058 1891 5144; x_wconf 23' lang='lat' dir='ltr'>septem,</span> <span class='ocrx_word' id='word_1_835' title='bbox 1928 5074 2097 5129; x_wconf 90' lang='lat' dir='ltr'>millia</span> 
     </span>
    </p>
   </div>
   <div class='ocr_carea' id='block_1_97' title="bbox 504 5161 2097 5233">
    <p class='ocr_par' dir='ltr' id='par_1_97' title="bbox 504 5161 2097 5233">
     <span class='ocr_line' id='line_1_97' title="bbox 504 5161 2097 5233; baseline 0.001 -17"><span class='ocrx_word' id='word_1_836' title='bbox 504 5185 525 5207; x_wconf 84' lang='lat'><strong>«</strong></span> <span class='ocrx_word' id='word_1_837' title='bbox 564 5161 803 5217; x_wconf 87' lang='lat' dir='ltr'>virorum</span> <span class='ocrx_word' id='word_1_838' title='bbox 830 5201 844 5229; x_wconf 89' lang='lat'>,</span> <span class='ocrx_word' id='word_1_839' title='bbox 878 5161 969 5233; x_wconf 90' lang='lat' dir='ltr'>qui</span> <span class='ocrx_word' id='word_1_840' title='bbox 1023 5176 1132 5216; x_wconf 89' lang='lat' dir='ltr'>non</span> <span class='ocrx_word' id='word_1_841' title='bbox 1191 5168 1557 5216; x_wconf 83' lang='lat' dir='ltr'>curvaverant</span> <span class='ocrx_word' id='word_1_842' title='bbox 1607 5177 1785 5232; x_wconf 87' lang='lat' dir='ltr'>genua</span> <span class='ocrx_word' id='word_1_843' title='bbox 1815 5170 1939 5217; x_wconf 91' lang='lat' dir='ltr'>ante</span> <span class='ocrx_word' id='word_1_844' title='bbox 1971 5163 2097 5217; x_wconf 90' lang='lat' dir='ltr'>Baal</span> 
     </span>
    </p>
   </div>
   <div class='ocr_carea' id='block_1_98' title="bbox 503 5248 2094 5323">
    <p class='ocr_par' dir='ltr' id='par_1_98' title="bbox 503 5248 2094 5323">
     <span class='ocr_line' id='line_1_98' title="bbox 503 5248 2094 5323; baseline 0.003 -20"><span class='ocrx_word' id='word_1_845' title='bbox 503 5274 523 5297; x_wconf 79' lang='grc' dir='ltr'>α</span> <span class='ocrx_word' id='word_1_846' title='bbox 559 5250 660 5321; x_wconf 90' lang='lat' dir='ltr'>(III</span> <span class='ocrx_word' id='word_1_847' title='bbox 687 5253 817 5323; x_wconf 81' lang='lat' dir='ltr'>Reg.</span> <span class='ocrx_word' id='word_1_848' title='bbox 852 5264 973 5312; x_wconf 69' lang='lat' dir='ltr'>xm,</span> <span class='ocrx_word' id='word_1_849' title='bbox 1011 5249 1121 5319; x_wconf 86' lang='grc'>18).</span> <span class='ocrx_word' id='word_1_850' title='bbox 1160 5268 1182 5298; x_wconf 80' lang='grc'><strong>»</strong></span> <span class='ocrx_word' id='word_1_851' title='bbox 1220 5248 1307 5304; x_wconf 90' lang='lat' dir='ltr'>Sic</span> <span class='ocrx_word' id='word_1_852' title='bbox 1337 5264 1471 5320; x_wconf 87' lang='lat' dir='ltr'>ergo</span> <span class='ocrx_word' id='word_1_853' title='bbox 1503 5249 1559 5302; x_wconf 90' lang='lat' dir='ltr'>in</span> <span class='ocrx_word' id='word_1_854' title='bbox 1595 5250 1699 5306; x_wconf 92' lang='lat' dir='ltr'>hoc</span> <span class='ocrx_word' id='word_1_855' title='bbox 1730 5258 1975 5322; x_wconf 89' lang='lat' dir='ltr'>tempore</span> <span class='ocrx_word' id='word_1_856' title='bbox 2005 5268 2094 5307; x_wconf 91' lang='lat' dir='ltr'>re-</span> 
     </span>
    </p>
   </div>
   <div class='ocr_carea' id='block_1_99' title="bbox 504 5336 2098 5410">
    <p class='ocr_par' dir='ltr' id='par_1_99' title="bbox 504 5336 2098 5410">
     <span class='ocr_line' id='line_1_99' title="bbox 504 5336 2098 5410; baseline 0.005 -24"><span class='ocrx_word' id='word_1_857' title='bbox 504 5361 525 5386; x_wconf 75' lang='grc' dir='ltr'>ιι</span> <span class='ocrx_word' id='word_1_858' title='bbox 563 5337 744 5410; x_wconf 80' lang='lat' dir='ltr'>liquia</span> <span class='ocrx_word' id='word_1_859' title='bbox 776 5338 1077 5393; x_wconf 89' lang='lat' dir='ltr'>secundum</span> <span class='ocrx_word' id='word_1_860' title='bbox 1108 5336 1427 5391; x_wconf 86' lang='lat' dir='ltr'>electionem</span> <span class='ocrx_word' id='word_1_861' title='bbox 1456 5338 1647 5410; x_wconf 85' lang='lat' dir='ltr'>gratia</span> <span class='ocrx_word' id='word_1_862' title='bbox 1666 5339 1766 5394; x_wconf 89' lang='lat' dir='ltr'>Dei</span> <span class='ocrx_word' id='word_1_863' title='bbox 1784 5341 1945 5397; x_wconf 84' lang='lat' dir='ltr'>salva</span> <span class='ocrx_word' id='word_1_864' title='bbox 1969 5340 2098 5395; x_wconf 84' lang='lat' dir='ltr'>fient</span> 
     </span>
    </p>
   </div>
   <div class='ocr_carea' id='block_1_100' title="bbox 502 5425 2098 5501">
    <p class='ocr_par' dir='ltr' id='par_1_100' title="bbox 502 5425 2098 5501">
     <span class='ocr_line' id='line_1_100' title="bbox 502 5425 2098 5501; baseline 0.004 -23"><span class='ocrx_word' id='word_1_865' title='bbox 502 5448 525 5478; x_wconf 71' lang='grc' dir='ltr'><strong><em>α</em></strong></span> <span class='ocrx_word' id='word_1_866' title='bbox 561 5427 737 5499; x_wconf 81' lang='lat' dir='ltr'>[facta</span> <span class='ocrx_word' id='word_1_867' title='bbox 765 5425 932 5497; x_wconf 92' lang='lat' dir='ltr'>sunt].</span> <span class='ocrx_word' id='word_1_868' title='bbox 968 5426 1023 5480; x_wconf 91' lang='lat' dir='ltr'>Si</span> <span class='ocrx_word' id='word_1_869' title='bbox 1043 5433 1225 5481; x_wconf 90' lang='lat' dir='ltr'>autem</span> <span class='ocrx_word' id='word_1_870' title='bbox 1256 5425 1427 5494; x_wconf 87' lang='lat' dir='ltr'>gratia</span> <span class='ocrx_word' id='word_1_871' title='bbox 1451 5426 1564 5494; x_wconf 91' lang='lat' dir='ltr'>jam</span> <span class='ocrx_word' id='word_1_872' title='bbox 1587 5442 1693 5482; x_wconf 90' lang='lat' dir='ltr'>non</span> <span class='ocrx_word' id='word_1_873' title='bbox 1726 5444 1790 5483; x_wconf 89' lang='lat' dir='ltr'>ex</span> <span class='ocrx_word' id='word_1_874' title='bbox 1811 5429 2098 5501; x_wconf 86' lang='lat' dir='ltr'>Operibus.</span> 
     </span>
    </p>
   </div>
   <div class='ocr_carea' id='block_1_101' title="bbox 504 5513 2099 5592">
    <p class='ocr_par' dir='ltr' id='par_1_101' title="bbox 504 5513 2099 5592">
     <span class='ocr_line' id='line_1_101' title="bbox 504 5513 2099 5592; baseline 0.005 -26"><span class='ocrx_word' id='word_1_875' title='bbox 504 5538 527 5566; x_wconf 73' lang='grc' dir='ltr'><strong><em>α</em></strong></span> <span class='ocrx_word' id='word_1_876' title='bbox 562 5515 819 5587; x_wconf 83' lang='lat' dir='ltr'>Alioquin</span> <span class='ocrx_word' id='word_1_877' title='bbox 848 5513 1022 5585; x_wconf 85' lang='lat' dir='ltr'>gratia</span> <span class='ocrx_word' id='word_1_878' title='bbox 1056 5514 1165 5583; x_wconf 90' lang='lat' dir='ltr'>jam</span> <span class='ocrx_word' id='word_1_879' title='bbox 1198 5528 1309 5567; x_wconf 91' lang='lat' dir='ltr'>non</span> <span class='ocrx_word' id='word_1_880' title='bbox 1357 5522 1440 5567; x_wconf 89' lang='lat' dir='ltr'>est</span> <span class='ocrx_word' id='word_1_881' title='bbox 1467 5514 1664 5585; x_wconf 86' lang='lat' dir='ltr'>gratia.</span> <span class='ocrx_word' id='word_1_882' title='bbox 1717 5515 1860 5585; x_wconf 87' lang='lat' dir='ltr'>Quid</span> <span class='ocrx_word' id='word_1_883' title='bbox 1913 5535 2048 5592; x_wconf 89' lang='lat' dir='ltr'>ergo</span> <span class='ocrx_word' id='word_1_884' title='bbox 2070 5520 2099 5574; x_wconf 83' lang='lat'><strong>?</strong></span> 
     </span>
    </p>
   </div>
   <div class='ocr_carea' id='block_1_102' title="bbox 506 5600 2093 5675">
    <p class='ocr_par' dir='ltr' id='par_1_102' title="bbox 506 5600 2093 5675">
     <span class='ocr_line' id='line_1_102' title="bbox 506 5600 2093 5675; baseline 0.004 -20"><span class='ocrx_word' id='word_1_885' title='bbox 506 5626 530 5655; x_wconf 79' lang='grc' dir='ltr'><strong><em>(ι</em></strong></span> <span class='ocrx_word' id='word_1_886' title='bbox 566 5603 725 5672; x_wconf 88' lang='lat' dir='ltr'>Quod</span> <span class='ocrx_word' id='word_1_887' title='bbox 772 5602 1050 5674; x_wconf 82' lang='lat' dir='ltr'>quarebat</span> <span class='ocrx_word' id='word_1_888' title='bbox 1080 5600 1266 5667; x_wconf 89' lang='lat' dir='ltr'>Israel,</span> <span class='ocrx_word' id='word_1_889' title='bbox 1300 5602 1406 5656; x_wconf 89' lang='lat' dir='ltr'>hoc</span> <span class='ocrx_word' id='word_1_890' title='bbox 1445 5619 1553 5658; x_wconf 89' lang='lat' dir='ltr'>non</span> <span class='ocrx_word' id='word_1_891' title='bbox 1602 5612 1683 5659; x_wconf 87' lang='lat' dir='ltr'>est</span> <span class='ocrx_word' id='word_1_892' title='bbox 1733 5616 2093 5675; x_wconf 90' lang='lat' dir='ltr'>consecutus;</span> 
     </span>
    </p>
   </div>
   <div class='ocr_carea' id='block_1_103' title="bbox 506 5690 2098 5761">
    <p class='ocr_par' dir='ltr' id='par_1_103' title="bbox 506 5690 2098 5761">
     <span class='ocr_line' id='line_1_103' title="bbox 506 5690 2098 5761; baseline -0.001 -10"><span class='ocrx_word' id='word_1_893' title='bbox 506 5714 527 5751; x_wconf 72' lang='grc' dir='ltr'><strong><em>μ</em></strong></span> <span class='ocrx_word' id='word_1_894' title='bbox 564 5690 758 5749; x_wconf 86' lang='lat' dir='ltr'>electio</span> <span class='ocrx_word' id='word_1_895' title='bbox 816 5698 997 5745; x_wconf 90' lang='lat' dir='ltr'>autem</span> <span class='ocrx_word' id='word_1_896' title='bbox 1066 5696 1355 5746; x_wconf 90' lang='lat' dir='ltr'>consecuta</span> <span class='ocrx_word' id='word_1_897' title='bbox 1402 5699 1519 5761; x_wconf 89' lang='lat' dir='ltr'>est;</span> <span class='ocrx_word' id='word_1_898' title='bbox 1580 5695 1762 5749; x_wconf 83' lang='lat' dir='ltr'>cateri</span> <span class='ocrx_word' id='word_1_899' title='bbox 1809 5712 1941 5752; x_wconf 90' lang='lat' dir='ltr'>vero</span> <span class='ocrx_word' id='word_1_900' title='bbox 1998 5713 2098 5751; x_wconf 88' lang='lat' dir='ltr'>ex-</span> 
     </span>
    </p>
   </div>
   <div class='ocr_carea' id='block_1_104' title="bbox 2198 4623 3791 4695">
    <p class='ocr_par' dir='ltr' id='par_1_104' title="bbox 2198 4623 3791 4695">
     <span class='ocr_line' id='line_1_104' title="bbox 2198 4623 3791 4695; baseline -0.002 -12"><span class='ocrx_word' id='word_1_901' title='bbox 2198 4653 2220 4683; x_wconf 70' lang='grc'><strong>(</strong></span> <span class='ocrx_word' id='word_1_902' title='bbox 2255 4632 2385 4686; x_wconf 90' lang='lat' dir='ltr'>dum</span> <span class='ocrx_word' id='word_1_903' title='bbox 2415 4629 2737 4685; x_wconf 89' lang='lat' dir='ltr'>electionem</span> <span class='ocrx_word' id='word_1_904' title='bbox 2769 4634 2947 4680; x_wconf 90' lang='lat' dir='ltr'>autem</span> <span class='ocrx_word' id='word_1_905' title='bbox 2983 4623 3285 4679; x_wconf 89' lang='lat' dir='ltr'>charissimi</span> <span class='ocrx_word' id='word_1_906' title='bbox 3326 4631 3549 4695; x_wconf 87' lang='lat' dir='ltr'>propter</span> <span class='ocrx_word' id='word_1_907' title='bbox 3578 4632 3791 4694; x_wconf 86' lang='lat' dir='ltr'>patres.</span> 
     </span>
    </p>
   </div>
   <div class='ocr_carea' id='block_1_105' title="bbox 2197 4712 3794 4789">
    <p class='ocr_par' dir='ltr' id='par_1_105' title="bbox 2197 4712 3794 4789">
     <span class='ocr_line' id='line_1_105' title="bbox 2197 4712 3794 4789; baseline 0.001 -20"><span class='ocrx_word' id='word_1_908' title='bbox 2197 4746 2219 4769; x_wconf 77' lang='grc' dir='ltr'>ιι</span> <span class='ocrx_word' id='word_1_909' title='bbox 2259 4720 2385 4775; x_wconf 90' lang='lat' dir='ltr'>Sine</span> <span class='ocrx_word' id='word_1_910' title='bbox 2434 4717 2752 4789; x_wconf 87' lang='lat' dir='ltr'>poenitentia</span> <span class='ocrx_word' id='word_1_911' title='bbox 2808 4714 2954 4770; x_wconf 90' lang='lat' dir='ltr'>enim</span> <span class='ocrx_word' id='word_1_912' title='bbox 2983 4723 3107 4768; x_wconf 90' lang='lat' dir='ltr'>sunt</span> <span class='ocrx_word' id='word_1_913' title='bbox 3135 4713 3308 4779; x_wconf 88' lang='lat' dir='ltr'>dona,</span> <span class='ocrx_word' id='word_1_914' title='bbox 3341 4721 3393 4768; x_wconf 93' lang='lat' dir='ltr'>et</span> <span class='ocrx_word' id='word_1_915' title='bbox 3422 4712 3631 4767; x_wconf 89' lang='lat' dir='ltr'>vocatio</span> <span class='ocrx_word' id='word_1_916' title='bbox 3661 4713 3794 4771; x_wconf 89' lang='lat' dir='ltr'>Dei.</span> 
     </span>
    </p>
   </div>
   <div class='ocr_carea' id='block_1_106' title="bbox 2198 4800 3795 4877">
    <p class='ocr_par' dir='ltr' id='par_1_106' title="bbox 2198 4800 3795 4877">
     <span class='ocr_line' id='line_1_106' title="bbox 2198 4800 3795 4877; baseline 0.001 -20"><span class='ocrx_word' id='word_1_917' title='bbox 2198 4833 2219 4857; x_wconf 77' lang='grc' dir='ltr'><strong><em>α</em></strong></span> <span class='ocrx_word' id='word_1_918' title='bbox 2258 4809 2405 4863; x_wconf 92' lang='lat' dir='ltr'>Sicut</span> <span class='ocrx_word' id='word_1_919' title='bbox 2435 4808 2579 4861; x_wconf 91' lang='lat' dir='ltr'>enim</span> <span class='ocrx_word' id='word_1_920' title='bbox 2609 4804 2904 4877; x_wconf 87' lang='lat' dir='ltr'>aliquando</span> <span class='ocrx_word' id='word_1_921' title='bbox 2936 4811 2989 4857; x_wconf 89' lang='lat' dir='ltr'>et</span> <span class='ocrx_word' id='word_1_922' title='bbox 3038 4818 3135 4857; x_wconf 90' lang='lat' dir='ltr'>vos</span> <span class='ocrx_word' id='word_1_923' title='bbox 3166 4818 3274 4856; x_wconf 91' lang='lat' dir='ltr'>non</span> <span class='ocrx_word' id='word_1_924' title='bbox 3306 4800 3615 4857; x_wconf 90' lang='lat' dir='ltr'>credidistis</span> <span class='ocrx_word' id='word_1_925' title='bbox 3646 4801 3795 4870; x_wconf 90' lang='lat' dir='ltr'>Deo,</span> 
     </span>
    </p>
   </div>
   <div class='ocr_carea' id='block_1_107' title="bbox 2198 4890 3799 4961">
    <p class='ocr_par' dir='ltr' id='par_1_107' title="bbox 2198 4890 3799 4961">
     <span class='ocr_line' id='line_1_107' title="bbox 2198 4890 3799 4961; baseline -0.004 -10"><span class='ocrx_word' id='word_1_926' title='bbox 2198 4920 2221 4951; x_wconf 73' lang='grc' dir='ltr'>ι</span> <span class='ocrx_word' id='word_1_927' title='bbox 2254 4913 2398 4953; x_wconf 90' lang='lat' dir='ltr'>nunc</span> <span class='ocrx_word' id='word_1_928' title='bbox 2423 4904 2600 4950; x_wconf 89' lang='lat' dir='ltr'>autem</span> <span class='ocrx_word' id='word_1_929' title='bbox 2656 4892 3089 4949; x_wconf 91' lang='lat' dir='ltr'>misericordiam</span> <span class='ocrx_word' id='word_1_930' title='bbox 3139 4890 3419 4947; x_wconf 90' lang='lat' dir='ltr'>consecuti</span> <span class='ocrx_word' id='word_1_931' title='bbox 3465 4890 3616 4959; x_wconf 90' lang='lat' dir='ltr'>estis,</span> <span class='ocrx_word' id='word_1_932' title='bbox 3651 4907 3799 4961; x_wconf 90' lang='lat' dir='ltr'>pro-</span> 
     </span>
    </p>
   </div>
   <div class='ocr_carea' id='block_1_108' title="bbox 2199 4978 3799 5058">
    <p class='ocr_par' dir='ltr' id='par_1_108' title="bbox 2199 4978 3799 5058">
     <span class='ocr_line' id='line_1_108' title="bbox 2199 4978 3799 5058; baseline -0.001 -20"><span class='ocrx_word' id='word_1_933' title='bbox 2199 5010 2221 5038; x_wconf 83' lang='grc' dir='ltr'><strong><em>(ι</em></strong></span> <span class='ocrx_word' id='word_1_934' title='bbox 2253 4995 2374 5058; x_wconf 90' lang='lat' dir='ltr'>pter</span> <span class='ocrx_word' id='word_1_935' title='bbox 2434 4982 2865 5040; x_wconf 88' lang='lat' dir='ltr'>incredulitatem</span> <span class='ocrx_word' id='word_1_936' title='bbox 2907 4981 3151 5046; x_wconf 90' lang='lat' dir='ltr'>illorum;</span> <span class='ocrx_word' id='word_1_937' title='bbox 3197 4979 3267 5033; x_wconf 88' lang='lat' dir='ltr'>ita</span> <span class='ocrx_word' id='word_1_938' title='bbox 3299 4987 3351 5034; x_wconf 92' lang='lat' dir='ltr'>et</span> <span class='ocrx_word' id='word_1_939' title='bbox 3388 4978 3622 5033; x_wconf 89' lang='lat' dir='ltr'>istinunc</span> <span class='ocrx_word' id='word_1_940' title='bbox 3675 4996 3799 5036; x_wconf 87' lang='lat' dir='ltr'>non</span> 
     </span>
    </p>
   </div>
   <div class='ocr_carea' id='block_1_109' title="bbox 2199 5067 3798 5139">
    <p class='ocr_par' dir='ltr' id='par_1_109' title="bbox 2199 5067 3798 5139">
     <span class='ocr_line' id='line_1_109' title="bbox 2199 5067 3798 5139; baseline -0.005 -8"><span class='ocrx_word' id='word_1_941' title='bbox 2199 5101 2220 5124; x_wconf 87' lang='lat'><strong>«</strong></span> <span class='ocrx_word' id='word_1_942' title='bbox 2259 5074 2607 5132; x_wconf 90' lang='lat' dir='ltr'>crediderunt</span> <span class='ocrx_word' id='word_1_943' title='bbox 2649 5072 2704 5125; x_wconf 93' lang='lat' dir='ltr'>in</span> <span class='ocrx_word' id='word_1_944' title='bbox 2750 5078 2987 5126; x_wconf 83' lang='lat' dir='ltr'>vestram</span> <span class='ocrx_word' id='word_1_945' title='bbox 3035 5067 3482 5137; x_wconf 89' lang='lat' dir='ltr'>misericordiam,</span> <span class='ocrx_word' id='word_1_946' title='bbox 3515 5074 3571 5121; x_wconf 91' lang='lat' dir='ltr'>ut</span> <span class='ocrx_word' id='word_1_947' title='bbox 3600 5075 3653 5122; x_wconf 93' lang='lat' dir='ltr'>et</span> <span class='ocrx_word' id='word_1_948' title='bbox 3683 5067 3798 5139; x_wconf 89' lang='lat' dir='ltr'>ipsi</span> 
     </span>
    </p>
   </div>
   <div class='ocr_carea' id='block_1_110' title="bbox 2200 5156 3795 5231">
    <p class='ocr_par' dir='ltr' id='par_1_110' title="bbox 2200 5156 3795 5231">
     <span class='ocr_line' id='line_1_110' title="bbox 2200 5156 3795 5231; baseline -0.002 -15"><span class='ocrx_word' id='word_1_949' title='bbox 2200 5187 2222 5216; x_wconf 76' lang='grc' dir='ltr'><strong>α</strong></span> <span class='ocrx_word' id='word_1_950' title='bbox 2259 5162 2692 5219; x_wconf 88' lang='lat' dir='ltr'>misericordiam</span> <span class='ocrx_word' id='word_1_951' title='bbox 2723 5165 3147 5231; x_wconf 88' lang='lat' dir='ltr'>consequantur.</span> <span class='ocrx_word' id='word_1_952' title='bbox 3172 5156 3450 5211; x_wconf 89' lang='lat' dir='ltr'>Conclusit</span> <span class='ocrx_word' id='word_1_953' title='bbox 3479 5156 3623 5211; x_wconf 89' lang='lat' dir='ltr'>enim</span> <span class='ocrx_word' id='word_1_954' title='bbox 3639 5157 3795 5213; x_wconf 89' lang='lat' dir='ltr'>Deus</span> 
     </span>
    </p>
   </div>
   <div class='ocr_carea' id='block_1_111' title="bbox 2200 5245 3793 5313">
    <p class='ocr_par' dir='ltr' id='par_1_111' title="bbox 2200 5245 3793 5313">
     <span class='ocr_line' id='line_1_111' title="bbox 2200 5245 3793 5313; baseline -0.003 -5"><span class='ocrx_word' id='word_1_955' title='bbox 2200 5278 2221 5301; x_wconf 85' lang='lat'><strong>«</strong></span> <span class='ocrx_word' id='word_1_956' title='bbox 2258 5253 2439 5309; x_wconf 89' lang='lat' dir='ltr'>omnia</span> <span class='ocrx_word' id='word_1_957' title='bbox 2510 5252 2567 5306; x_wconf 90' lang='lat' dir='ltr'>in</span> <span class='ocrx_word' id='word_1_958' title='bbox 2620 5248 3015 5313; x_wconf 87' lang='lat' dir='ltr'>incredulitate,</span> <span class='ocrx_word' id='word_1_959' title='bbox 3048 5255 3103 5301; x_wconf 91' lang='lat' dir='ltr'>ut</span> <span class='ocrx_word' id='word_1_960' title='bbox 3139 5246 3379 5301; x_wconf 89' lang='lat' dir='ltr'>omnium</span> <span class='ocrx_word' id='word_1_961' title='bbox 3440 5245 3793 5303; x_wconf 89' lang='lat' dir='ltr'>misereatur.</span> 
     </span>
    </p>
   </div>
   <div class='ocr_carea' id='block_1_112' title="bbox 2201 5334 3793 5407">
    <p class='ocr_par' dir='ltr' id='par_1_112' title="bbox 2201 5334 3793 5407">
     <span class='ocr_line' id='line_1_112' title="bbox 2201 5334 3793 5407; baseline -0.006 -8"><span class='ocrx_word' id='word_1_962' title='bbox 2201 5369 2221 5391; x_wconf 72' lang='grc' dir='ltr'><strong><em>«ι</em></strong></span> <span class='ocrx_word' id='word_1_963' title='bbox 2259 5343 2304 5399; x_wconf 93' lang='grc' dir='ltr'><strong>Ο</strong></span> <span class='ocrx_word' id='word_1_964' title='bbox 2336 5342 2561 5399; x_wconf 87' lang='lat' dir='ltr'>altitudo</span> <span class='ocrx_word' id='word_1_965' title='bbox 2615 5338 2925 5395; x_wconf 90' lang='lat' dir='ltr'>divitiarum</span> <span class='ocrx_word' id='word_1_966' title='bbox 2974 5336 3253 5407; x_wconf 87' lang='lat' dir='ltr'>sapientia</span> <span class='ocrx_word' id='word_1_967' title='bbox 3282 5343 3334 5390; x_wconf 92' lang='lat' dir='ltr'>et</span> <span class='ocrx_word' id='word_1_968' title='bbox 3365 5334 3601 5390; x_wconf 86' lang='lat' dir='ltr'>scientia</span> <span class='ocrx_word' id='word_1_969' title='bbox 3664 5335 3793 5403; x_wconf 87' lang='lat' dir='ltr'>Dei,</span> 
     </span>
    </p>
   </div>
   <div class='ocr_carea' id='block_1_113' title="bbox 2202 5423 3803 5505">
    <p class='ocr_par' dir='ltr' id='par_1_113' title="bbox 2202 5423 3803 5505">
     <span class='ocr_line' id='line_1_113' title="bbox 2202 5423 3803 5505; baseline -0.004 -18"><span class='ocrx_word' id='word_1_970' title='bbox 2202 5457 2222 5480; x_wconf 80' lang='grc' dir='ltr'>α</span> <span class='ocrx_word' id='word_1_971' title='bbox 2261 5448 2424 5505; x_wconf 90' lang='lat' dir='ltr'>quam</span> <span class='ocrx_word' id='word_1_972' title='bbox 2490 5424 3066 5500; x_wconf 86' lang='lat' dir='ltr'>incomprehensibilia</span> <span class='ocrx_word' id='word_1_973' title='bbox 3137 5432 3261 5478; x_wconf 89' lang='lat' dir='ltr'>sunt</span> <span class='ocrx_word' id='word_1_974' title='bbox 3310 5423 3512 5493; x_wconf 89' lang='lat' dir='ltr'>judicia</span> <span class='ocrx_word' id='word_1_975' title='bbox 3556 5424 3692 5493; x_wconf 87' lang='lat' dir='ltr'>ejus,</span> <span class='ocrx_word' id='word_1_976' title='bbox 3741 5435 3803 5481; x_wconf 91' lang='lat' dir='ltr'>et</span> 
     </span>
    </p>
   </div>
   <div class='ocr_carea' id='block_1_114' title="bbox 2203 5512 3801 5592">
    <p class='ocr_par' dir='ltr' id='par_1_114' title="bbox 2203 5512 3801 5592">
     <span class='ocr_line' id='line_1_114' title="bbox 2203 5512 3801 5592; baseline -0.003 -19"><span class='ocrx_word' id='word_1_977' title='bbox 2203 5545 2224 5573; x_wconf 76' lang='grc' dir='ltr'><strong>α</strong></span> <span class='ocrx_word' id='word_1_978' title='bbox 2253 5518 2660 5592; x_wconf 85' lang='lat' dir='ltr'>investigahiles</span> <span class='ocrx_word' id='word_1_979' title='bbox 2692 5517 2792 5572; x_wconf 85' lang='lat' dir='ltr'>via</span> <span class='ocrx_word' id='word_1_980' title='bbox 2848 5515 2982 5584; x_wconf 87' lang='lat' dir='ltr'>ejus.</span> <span class='ocrx_word' id='word_1_981' title='bbox 3034 5512 3167 5582; x_wconf 90' lang='lat' dir='ltr'>Quis</span> <span class='ocrx_word' id='word_1_982' title='bbox 3198 5512 3340 5568; x_wconf 92' lang='lat' dir='ltr'>enim</span> <span class='ocrx_word' id='word_1_983' title='bbox 3376 5512 3630 5584; x_wconf 83' lang='lat' dir='ltr'>cognovit</span> <span class='ocrx_word' id='word_1_984' title='bbox 3660 5530 3801 5569; x_wconf 89' lang='lat' dir='ltr'>sen-</span> 
     </span>
    </p>
   </div>
   <div class='ocr_carea' id='block_1_115' title="bbox 2203 5601 3796 5678">
    <p class='ocr_par' dir='ltr' id='par_1_115' title="bbox 2203 5601 3796 5678">
     <span class='ocr_line' id='line_1_115' title="bbox 2203 5601 3796 5678; baseline -0.003 -17"><span class='ocrx_word' id='word_1_985' title='bbox 2203 5632 2226 5661; x_wconf 71' lang='grc' dir='ltr'>ιι</span> <span class='ocrx_word' id='word_1_986' title='bbox 2261 5627 2380 5664; x_wconf 88' lang='lat' dir='ltr'>sum</span> <span class='ocrx_word' id='word_1_987' title='bbox 2424 5607 2660 5672; x_wconf 90' lang='lat' dir='ltr'>Domini,</span> <span class='ocrx_word' id='word_1_988' title='bbox 2694 5612 2783 5659; x_wconf 89' lang='lat' dir='ltr'>aut</span> <span class='ocrx_word' id='word_1_989' title='bbox 2808 5604 2928 5675; x_wconf 89' lang='lat' dir='ltr'>quis</span> <span class='ocrx_word' id='word_1_990' title='bbox 2959 5601 3299 5658; x_wconf 87' lang='lat' dir='ltr'>consiliarius</span> <span class='ocrx_word' id='word_1_991' title='bbox 3330 5602 3447 5670; x_wconf 89' lang='lat' dir='ltr'>ejus</span> <span class='ocrx_word' id='word_1_992' title='bbox 3472 5601 3796 5678; x_wconf 77' lang='lat' dir='ltr'>fuit?(Sap.</span> 
     </span>
    </p>
   </div>
   <div class='ocr_carea' id='block_1_116' title="bbox 2204 5690 3801 5767">
    <p class='ocr_par' dir='ltr' id='par_1_116' title="bbox 2204 5690 3801 5767">
     <span class='ocr_line' id='line_1_116' title="bbox 2204 5690 3801 5767; baseline -0.001 -14"><span class='ocrx_word' id='word_1_993' title='bbox 2204 5722 2224 5745; x_wconf 71' lang='grc' dir='ltr'><strong>σε</strong></span> <span class='ocrx_word' id='word_1_994' title='bbox 2263 5714 2342 5766; x_wconf 80' lang='lat' dir='ltr'>1x,</span> <span class='ocrx_word' id='word_1_995' title='bbox 2413 5700 2516 5763; x_wconf 84' lang='lat' dir='ltr'>l3;</span> <span class='ocrx_word' id='word_1_996' title='bbox 2558 5696 2686 5750; x_wconf 80' lang='lat' dir='ltr'>Isai.</span> <span class='ocrx_word' id='word_1_997' title='bbox 2728 5708 2821 5761; x_wconf 74' lang='lat' dir='ltr'>XL,</span> <span class='ocrx_word' id='word_1_998' title='bbox 2866 5696 2961 5760; x_wconf 82' lang='lat' dir='ltr'>I3;</span> <span class='ocrx_word' id='word_1_999' title='bbox 3004 5691 3030 5746; x_wconf 91' lang='lat' dir='ltr'>I</span> <span class='ocrx_word' id='word_1_1000' title='bbox 3075 5690 3201 5746; x_wconf 84' lang='lat' dir='ltr'>Cor.</span> <span class='ocrx_word' id='word_1_1001' title='bbox 3271 5705 3329 5757; x_wconf 88' lang='grc' dir='ltr'><strong><em>ιι,</em></strong></span> <span class='ocrx_word' id='word_1_1002' title='bbox 3366 5692 3477 5760; x_wconf 83' lang='grc'><strong>16.)</strong></span> <span class='ocrx_word' id='word_1_1003' title='bbox 3534 5691 3642 5745; x_wconf 85' lang='grc' dir='ltr'><strong><em>Αιιι</em></strong></span> <span class='ocrx_word' id='word_1_1004' title='bbox 3670 5694 3801 5767; x_wconf 88' lang='lat' dir='ltr'>quis</span> 
     </span>
    </p>
   </div>
  </div>
