  <div class='ocr_page' id='page_1' title='image "/cluster/home/n/w/nwhite01/storage/ocr_20150623/153-154/uc1.31175019678096/052.png"; bbox 0 0 3970 6432; ppageno 0'>
   <div class='ocr_carea' id='block_1_1' title="bbox 284 356 3599 420">
    <p class='ocr_par' dir='ltr' id='par_1_1' title="bbox 284 356 3599 420">
     <span class='ocr_line' id='line_1_1' title="bbox 284 356 3599 420; baseline 0 -4"><span class='ocrx_word' id='word_1_1' title='bbox 284 362 352 416; x_wconf 83' lang='grc'><strong>93</strong></span> <span class='ocrx_word' id='word_1_2' title='bbox 859 356 1246 417; x_wconf 83' lang='lat' dir='ltr'><strong>EXPOSITIO</strong></span> <span class='ocrx_word' id='word_1_3' title='bbox 1302 358 1379 416; x_wconf 87' lang='lat' dir='ltr'><strong>IN</strong></span> <span class='ocrx_word' id='word_1_4' title='bbox 1433 358 1818 417; x_wconf 79' lang='lat' dir='ltr'><strong>EPISTOLAS</strong></span> <span class='ocrx_word' id='word_1_5' title='bbox 1871 358 2097 417; x_wconf 80' lang='lat' dir='ltr'><strong>PAULI.</strong></span> <span class='ocrx_word' id='word_1_6' title='bbox 2148 387 2220 403; x_wconf 89' lang='lat'><strong>--</strong></span> <span class='ocrx_word' id='word_1_7' title='bbox 2267 357 2344 418; x_wconf 84' lang='lat' dir='ltr'><strong>IN</strong></span> <span class='ocrx_word' id='word_1_8' title='bbox 2394 359 2620 419; x_wconf 84' lang='lat' dir='ltr'><strong>EPIST.</strong></span> <span class='ocrx_word' id='word_1_9' title='bbox 2686 360 2782 418; x_wconf 76' lang='lat' dir='ltr'><strong>AD</strong></span> <span class='ocrx_word' id='word_1_10' title='bbox 2836 358 3018 420; x_wconf 80' lang='lat' dir='ltr'><strong>ROM.</strong></span> <span class='ocrx_word' id='word_1_11' title='bbox 3529 362 3599 418; x_wconf 73' lang='grc'>94</span> 
     </span>
    </p>
   </div>
   <div class='ocr_carea' id='block_1_2' title="bbox 292 482 3597 562">
    <p class='ocr_par' dir='ltr' id='par_1_2' title="bbox 292 482 3597 562">
     <span class='ocr_line' id='line_1_2' title="bbox 292 482 3597 562; baseline 0.002 -28"><span class='ocrx_word' id='word_1_12' title='bbox 292 505 315 534; x_wconf 74' lang='grc' dir='ltr'>ι</span> <span class='ocrx_word' id='word_1_13' title='bbox 349 482 505 556; x_wconf 90' lang='lat' dir='ltr'><strong>prior</strong></span> <span class='ocrx_word' id='word_1_14' title='bbox 524 482 677 541; x_wconf 91' lang='lat' dir='ltr'><strong>dedit</strong></span> <span class='ocrx_word' id='word_1_15' title='bbox 706 482 802 554; x_wconf 85' lang='lat' dir='ltr'>illi,</span> <span class='ocrx_word' id='word_1_16' title='bbox 827 492 879 541; x_wconf 93' lang='lat' dir='ltr'><strong>et</strong></span> <span class='ocrx_word' id='word_1_17' title='bbox 908 484 1236 541; x_wconf 88' lang='lat' dir='ltr'><strong>retribuetur</strong></span> <span class='ocrx_word' id='word_1_18' title='bbox 1254 484 1349 542; x_wconf 81' lang='lat' dir='ltr'><strong>ei?</strong></span> <span class='ocrx_word' id='word_1_19' title='bbox 1370 484 1639 556; x_wconf 83' lang='lat' dir='ltr'><strong>Quoniam</strong></span> <span class='ocrx_word' id='word_1_20' title='bbox 1658 503 1724 544; x_wconf 82' lang='lat' dir='ltr'><strong>ex</strong></span> <span class='ocrx_word' id='word_1_21' title='bbox 1744 486 1885 559; x_wconf 89' lang='lat' dir='ltr'><strong>ipso,</strong></span> <span class='ocrx_word' id='word_1_22' title='bbox 1906 489 1961 550; x_wconf 83' lang='lat' dir='ltr'><strong>A</strong></span> <span class='ocrx_word' id='word_1_23' title='bbox 1992 503 2154 560; x_wconf 88' lang='lat' dir='ltr'><strong>quam</strong></span> <span class='ocrx_word' id='word_1_24' title='bbox 2180 487 2329 556; x_wconf 89' lang='lat' dir='ltr'><strong>olim,</strong></span> <span class='ocrx_word' id='word_1_25' title='bbox 2364 503 2490 546; x_wconf 90' lang='lat' dir='ltr'><strong>cum</strong></span> <span class='ocrx_word' id='word_1_26' title='bbox 2519 504 2631 545; x_wconf 90' lang='lat' dir='ltr'><strong>non</strong></span> <span class='ocrx_word' id='word_1_27' title='bbox 2658 495 2778 545; x_wconf 90' lang='lat' dir='ltr'><strong>erat</strong></span> <span class='ocrx_word' id='word_1_28' title='bbox 2805 496 3023 561; x_wconf 77' lang='lat' dir='ltr'><strong>tempus</strong></span> <span class='ocrx_word' id='word_1_29' title='bbox 3068 488 3285 562; x_wconf 69' lang='lat' dir='ltr'><strong>gratias.</strong></span> <span class='ocrx_word' id='word_1_30' title='bbox 3341 487 3471 551; x_wconf 84' lang='lat' dir='ltr'><strong>Hoc,</strong></span> <span class='ocrx_word' id='word_1_31' title='bbox 3505 485 3597 542; x_wconf 91' lang='lat' dir='ltr'><strong>in-</strong></span> 
     </span>
    </p>
   </div>
   <div class='ocr_carea' id='block_1_3' title="bbox 291 573 1891 648">
    <p class='ocr_par' dir='ltr' id='par_1_3' title="bbox 291 573 1891 648">
     <span class='ocr_line' id='line_1_3' title="bbox 291 573 1891 648; baseline 0.005 -25"><span class='ocrx_word' id='word_1_32' title='bbox 291 595 313 623; x_wconf 74' lang='grc' dir='ltr'><strong><em>ι</em></strong></span> <span class='ocrx_word' id='word_1_33' title='bbox 350 580 401 629; x_wconf 90' lang='lat' dir='ltr'><strong>et</strong></span> <span class='ocrx_word' id='word_1_34' title='bbox 429 589 532 644; x_wconf 92' lang='lat' dir='ltr'><strong>per</strong></span> <span class='ocrx_word' id='word_1_35' title='bbox 561 574 763 646; x_wconf 91' lang='lat' dir='ltr'><strong>ipsum,</strong></span> <span class='ocrx_word' id='word_1_36' title='bbox 801 582 851 629; x_wconf 88' lang='lat' dir='ltr'><strong>et</strong></span> <span class='ocrx_word' id='word_1_37' title='bbox 877 573 932 628; x_wconf 90' lang='lat' dir='ltr'><strong>in</strong></span> <span class='ocrx_word' id='word_1_38' title='bbox 980 573 1101 645; x_wconf 82' lang='lat' dir='ltr'><strong>ipso</strong></span> <span class='ocrx_word' id='word_1_39' title='bbox 1141 581 1265 631; x_wconf 89' lang='lat' dir='ltr'><strong>sunt</strong></span> <span class='ocrx_word' id='word_1_40' title='bbox 1309 575 1513 645; x_wconf 84' lang='lat' dir='ltr'><strong>omnia,</strong></span> <span class='ocrx_word' id='word_1_41' title='bbox 1562 575 1668 648; x_wconf 86' lang='lat' dir='ltr'>ipsi</span> <span class='ocrx_word' id='word_1_42' title='bbox 1711 578 1891 632; x_wconf 86' lang='lat' dir='ltr'><strong>honor</strong></span> 
     </span>
    </p>
   </div>
   <div class='ocr_carea' id='block_1_4' title="bbox 288 661 1599 737">
    <p class='ocr_par' dir='ltr' id='par_1_4' title="bbox 288 661 1599 737">
     <span class='ocr_line' id='line_1_4' title="bbox 288 661 1599 737; baseline -0.002 -18"><span class='ocrx_word' id='word_1_43' title='bbox 288 684 312 709; x_wconf 73' lang='grc' dir='ltr'><strong><em>α</em></strong></span> <span class='ocrx_word' id='word_1_44' title='bbox 348 669 398 720; x_wconf 90' lang='lat' dir='ltr'><strong>et</strong></span> <span class='ocrx_word' id='word_1_45' title='bbox 430 661 617 737; x_wconf 78' lang='lat' dir='ltr'><strong>gloria</strong></span> <span class='ocrx_word' id='word_1_46' title='bbox 646 662 702 719; x_wconf 90' lang='lat' dir='ltr'><strong>in</strong></span> <span class='ocrx_word' id='word_1_47' title='bbox 733 663 936 719; x_wconf 61' lang='lat' dir='ltr'><strong>secula</strong></span> <span class='ocrx_word' id='word_1_48' title='bbox 966 662 1311 720; x_wconf 75' lang='lat' dir='ltr'><strong>saeculorum.</strong></span> <span class='ocrx_word' id='word_1_49' title='bbox 1343 666 1538 721; x_wconf 83' lang='lat' dir='ltr'><strong>Amen.</strong></span> <span class='ocrx_word' id='word_1_50' title='bbox 1576 685 1599 717; x_wconf 71' lang='grc' dir='ltr'><strong>ι</strong></span> 
     </span>
    </p>
   </div>
   <div class='ocr_carea' id='block_1_5' title="bbox 930 880 1251 924">
    <p class='ocr_par' dir='ltr' id='par_1_5' title="bbox 930 880 1251 924">
     <span class='ocr_line' id='line_1_5' title="bbox 930 880 1251 924; baseline 0.009 -3"><span class='ocrx_word' id='word_1_51' title='bbox 930 880 1251 924; x_wconf 75' lang='lat' dir='ltr'><strong>EXPOSI‘I’IO.</strong></span> 
     </span>
    </p>
   </div>
   <div class='ocr_carea' id='block_1_6' title="bbox 356 1026 1885 1101">
    <p class='ocr_par' dir='ltr' id='par_1_6' title="bbox 356 1026 1885 1101">
     <span class='ocr_line' id='line_1_6' title="bbox 356 1026 1885 1101; baseline 0.001 -17"><span class='ocrx_word' id='word_1_52' title='bbox 356 1027 497 1099; x_wconf 82' lang='lat' dir='ltr'>Quia</span> <span class='ocrx_word' id='word_1_53' title='bbox 541 1028 667 1086; x_wconf 91' lang='lat' dir='ltr'><strong>dico</strong></span> <span class='ocrx_word' id='word_1_54' title='bbox 722 1026 983 1101; x_wconf 87' lang='lat' dir='ltr'><strong>populum</strong></span> <span class='ocrx_word' id='word_1_55' title='bbox 1028 1028 1342 1085; x_wconf 65' lang='lat' dir='ltr'><strong>Iudaeorum</strong></span> <span class='ocrx_word' id='word_1_56' title='bbox 1387 1044 1498 1085; x_wconf 89' lang='lat' dir='ltr'><strong>non</strong></span> <span class='ocrx_word' id='word_1_57' title='bbox 1547 1028 1885 1097; x_wconf 82' lang='lat' dir='ltr'><strong>credentem,</strong></span> 
     </span>
    </p>
   </div>
   <div class='ocr_carea' id='block_1_7' title="bbox 284 1117 1888 1192">
    <p class='ocr_par' dir='ltr' id='par_1_7' title="bbox 284 1117 1888 1192">
     <span class='ocr_line' id='line_1_7' title="bbox 284 1117 1888 1192; baseline 0.002 -20"><span class='ocrx_word' id='word_1_58' title='bbox 284 1117 382 1173; x_wconf 90' lang='lat' dir='ltr'><strong>sed</strong></span> <span class='ocrx_word' id='word_1_59' title='bbox 411 1117 910 1184; x_wconf 89' lang='lat' dir='ltr'><strong>contradicentem;</strong></span> <span class='ocrx_word' id='word_1_60' title='bbox 944 1133 1073 1189; x_wconf 89' lang='lat' dir='ltr'><strong>ergo</strong></span> <span class='ocrx_word' id='word_1_61' title='bbox 1102 1118 1243 1183; x_wconf 84' lang='lat' dir='ltr'>dico,</span> <span class='ocrx_word' id='word_1_62' title='bbox 1272 1117 1328 1173; x_wconf 92' lang='lat' dir='ltr'><strong>id</strong></span> <span class='ocrx_word' id='word_1_63' title='bbox 1358 1126 1442 1173; x_wconf 88' lang='lat' dir='ltr'><strong>est</strong></span> <span class='ocrx_word' id='word_1_64' title='bbox 1469 1120 1729 1192; x_wconf 84' lang='lat' dir='ltr'><strong>nunquid</strong></span> <span class='ocrx_word' id='word_1_65' title='bbox 1751 1134 1888 1191; x_wconf 89' lang='lat' dir='ltr'><strong>pro-</strong></span> 
     </span>
    </p>
   </div>
   <div class='ocr_carea' id='block_1_8' title="bbox 282 1206 1889 1281">
    <p class='ocr_par' dir='ltr' id='par_1_8' title="bbox 282 1206 1889 1281">
     <span class='ocr_line' id='line_1_8' title="bbox 282 1206 1889 1281; baseline 0.001 -20"><span class='ocrx_word' id='word_1_66' title='bbox 282 1214 471 1278; x_wconf 90' lang='lat' dir='ltr'><strong>pterea</strong></span> <span class='ocrx_word' id='word_1_67' title='bbox 501 1206 688 1263; x_wconf 83' lang='lat' dir='ltr'><strong>dicere</strong></span> <span class='ocrx_word' id='word_1_68' title='bbox 719 1206 998 1261; x_wconf 83' lang='lat' dir='ltr'><strong>existimor</strong></span> <span class='ocrx_word' id='word_1_69' title='bbox 1026 1206 1171 1278; x_wconf 91' lang='lat' dir='ltr'><strong>quod</strong></span> <span class='ocrx_word' id='word_1_70' title='bbox 1201 1208 1347 1263; x_wconf 95' lang='lat' dir='ltr'><strong>Deus</strong></span> <span class='ocrx_word' id='word_1_71' title='bbox 1378 1209 1593 1280; x_wconf 80' lang='lat' dir='ltr'><strong>repulit</strong></span> <span class='ocrx_word' id='word_1_72' title='bbox 1613 1210 1889 1281; x_wconf 85' lang='lat' dir='ltr'><strong>papulum</strong></span> 
     </span>
    </p>
   </div>
   <div class='ocr_carea' id='block_1_9' title="bbox 281 1294 1890 1369">
    <p class='ocr_par' dir='ltr' id='par_1_9' title="bbox 281 1294 1890 1369">
     <span class='ocr_line' id='line_1_9' title="bbox 281 1294 1890 1369; baseline 0.001 -18"><span class='ocrx_word' id='word_1_73' title='bbox 281 1312 450 1351; x_wconf 90' lang='lat' dir='ltr'><strong>suum</strong></span> <span class='ocrx_word' id='word_1_74' title='bbox 469 1295 759 1351; x_wconf 76' lang='lat' dir='ltr'><strong>Iudaicum</strong></span> <span class='ocrx_word' id='word_1_75' title='bbox 789 1311 952 1368; x_wconf 88' lang='lat' dir='ltr'><strong>quem</strong></span> <span class='ocrx_word' id='word_1_76' title='bbox 980 1295 1134 1366; x_wconf 90' lang='lat' dir='ltr'><strong>prius</strong></span> <span class='ocrx_word' id='word_1_77' title='bbox 1165 1294 1454 1369; x_wconf 80' lang='lat' dir='ltr'><strong>elegerat?</strong></span> <span class='ocrx_word' id='word_1_78' title='bbox 1480 1297 1636 1353; x_wconf 83' lang='lat' dir='ltr'><strong>Absit</strong></span> <span class='ocrx_word' id='word_1_79' title='bbox 1679 1297 1784 1353; x_wconf 92' lang='lat' dir='ltr'><strong>hoc</strong></span> <span class='ocrx_word' id='word_1_80' title='bbox 1831 1305 1890 1352; x_wconf 92' lang='lat' dir='ltr'><strong>ut</strong></span> 
     </span>
    </p>
   </div>
   <div class='ocr_carea' id='block_1_10' title="bbox 280 1384 1890 1457">
    <p class='ocr_par' dir='ltr' id='par_1_10' title="bbox 280 1384 1890 1457">
     <span class='ocr_line' id='line_1_10' title="bbox 280 1384 1890 1457; baseline 0.002 -18"><span class='ocrx_word' id='word_1_81' title='bbox 280 1385 430 1440; x_wconf 89' lang='lat' dir='ltr'><strong>Deus</strong></span> <span class='ocrx_word' id='word_1_82' title='bbox 482 1384 774 1457; x_wconf 88' lang='lat' dir='ltr'><strong>aliquando</strong></span> <span class='ocrx_word' id='word_1_83' title='bbox 816 1384 1048 1457; x_wconf 90' lang='lat' dir='ltr'><strong>repellat</strong></span> <span class='ocrx_word' id='word_1_84' title='bbox 1072 1386 1334 1457; x_wconf 89' lang='lat' dir='ltr'><strong>populum</strong></span> <span class='ocrx_word' id='word_1_85' title='bbox 1383 1385 1575 1441; x_wconf 90' lang='lat' dir='ltr'><strong>suuml</strong></span> <span class='ocrx_word' id='word_1_86' title='bbox 1608 1387 1751 1443; x_wconf 85' lang='lat' dir='ltr'><strong>Vere</strong></span> <span class='ocrx_word' id='word_1_87' title='bbox 1778 1403 1890 1442; x_wconf 89' lang='lat' dir='ltr'><strong>non</strong></span> 
     </span>
    </p>
   </div>
   <div class='ocr_carea' id='block_1_11' title="bbox 278 1469 1887 1545">
    <p class='ocr_par' dir='ltr' id='par_1_11' title="bbox 278 1469 1887 1545">
     <span class='ocr_line' id='line_1_11' title="bbox 278 1469 1887 1545; baseline 0.002 -21"><span class='ocrx_word' id='word_1_88' title='bbox 278 1469 497 1541; x_wconf 85' lang='lat' dir='ltr'><strong>repulit.</strong></span> <span class='ocrx_word' id='word_1_89' title='bbox 531 1471 674 1525; x_wconf 81' lang='lat' dir='ltr'><strong>Nam</strong></span> <span class='ocrx_word' id='word_1_90' title='bbox 703 1487 799 1543; x_wconf 87' lang='lat' dir='ltr'><strong>ego</strong></span> <span class='ocrx_word' id='word_1_91' title='bbox 827 1470 1089 1527; x_wconf 74' lang='lat' dir='ltr'><strong>Israelita</strong></span> <span class='ocrx_word' id='word_1_92' title='bbox 1104 1487 1252 1538; x_wconf 90' lang='lat' dir='ltr'><strong>sum,</strong></span> <span class='ocrx_word' id='word_1_93' title='bbox 1287 1479 1339 1527; x_wconf 89' lang='lat' dir='ltr'><strong>et</strong></span> <span class='ocrx_word' id='word_1_94' title='bbox 1368 1471 1517 1526; x_wconf 89' lang='lat' dir='ltr'><strong>multi</strong></span> <span class='ocrx_word' id='word_1_95' title='bbox 1551 1471 1643 1527; x_wconf 88' lang='lat' dir='ltr'><strong>alii</strong></span> <span class='ocrx_word' id='word_1_96' title='bbox 1664 1472 1756 1545; x_wconf 88' lang='lat' dir='ltr'><strong>qui</strong></span> <span class='ocrx_word' id='word_1_97' title='bbox 1778 1488 1887 1528; x_wconf 91' lang='lat' dir='ltr'><strong>non</strong></span> 
     </span>
    </p>
   </div>
   <div class='ocr_carea' id='block_1_12' title="bbox 278 1557 1885 1630">
    <p class='ocr_par' dir='ltr' id='par_1_12' title="bbox 278 1557 1885 1630">
     <span class='ocr_line' id='line_1_12' title="bbox 278 1557 1885 1630; baseline 0.002 -18"><span class='ocrx_word' id='word_1_98' title='bbox 278 1574 466 1613; x_wconf 91' lang='lat' dir='ltr'><strong>sumus</strong></span> <span class='ocrx_word' id='word_1_99' title='bbox 496 1558 718 1630; x_wconf 89' lang='lat' dir='ltr'><strong>repulsi.</strong></span> <span class='ocrx_word' id='word_1_100' title='bbox 752 1560 867 1615; x_wconf 88' lang='lat' dir='ltr'><strong>Nec</strong></span> <span class='ocrx_word' id='word_1_101' title='bbox 914 1557 991 1614; x_wconf 90' lang='lat' dir='ltr'><strong>ita</strong></span> <span class='ocrx_word' id='word_1_102' title='bbox 1046 1558 1312 1625; x_wconf 87' lang='lat' dir='ltr'><strong>Israelita,</strong></span> <span class='ocrx_word' id='word_1_103' title='bbox 1363 1568 1421 1615; x_wconf 91' lang='lat' dir='ltr'><strong>ut</strong></span> <span class='ocrx_word' id='word_1_104' title='bbox 1462 1560 1681 1616; x_wconf 91' lang='lat' dir='ltr'><strong>aliunde</strong></span> <span class='ocrx_word' id='word_1_105' title='bbox 1724 1568 1885 1617; x_wconf 89' lang='lat' dir='ltr'><strong>natus</strong></span> 
     </span>
    </p>
   </div>
   <div class='ocr_carea' id='block_1_13' title="bbox 275 1646 1882 1715">
    <p class='ocr_par' dir='ltr' id='par_1_13' title="bbox 275 1646 1882 1715">
     <span class='ocr_line' id='line_1_13' title="bbox 275 1646 1882 1715; baseline 0.002 -13"><span class='ocrx_word' id='word_1_106' title='bbox 275 1646 332 1702; x_wconf 91' lang='lat' dir='ltr'><strong>in</strong></span> <span class='ocrx_word' id='word_1_107' title='bbox 343 1647 682 1703; x_wconf 84' lang='lat' dir='ltr'><strong>Judaismum</strong></span> <span class='ocrx_word' id='word_1_108' title='bbox 696 1647 1029 1715; x_wconf 87' lang='lat' dir='ltr'><strong>transierim,</strong></span> <span class='ocrx_word' id='word_1_109' title='bbox 1047 1649 1143 1703; x_wconf 90' lang='lat' dir='ltr'><strong>sed</strong></span> <span class='ocrx_word' id='word_1_110' title='bbox 1158 1666 1276 1704; x_wconf 91' lang='lat' dir='ltr'><strong>sum</strong></span> <span class='ocrx_word' id='word_1_111' title='bbox 1293 1666 1368 1705; x_wconf 79' lang='lat' dir='ltr'><strong>ea:</strong></span> <span class='ocrx_word' id='word_1_112' title='bbox 1388 1650 1604 1706; x_wconf 90' lang='lat' dir='ltr'><strong>semine</strong></span> <span class='ocrx_word' id='word_1_113' title='bbox 1626 1651 1882 1707; x_wconf 62' lang='lat' dir='ltr'><strong>Abrahae.</strong></span> 
     </span>
    </p>
   </div>
   <div class='ocr_carea' id='block_1_14' title="bbox 273 1736 1888 1806">
    <p class='ocr_par' dir='ltr' id='par_1_14' title="bbox 273 1736 1888 1806">
     <span class='ocr_line' id='line_1_14' title="bbox 273 1736 1888 1806; baseline 0.002 -15"><span class='ocrx_word' id='word_1_114' title='bbox 273 1736 392 1793; x_wconf 88' lang='lat' dir='ltr'><strong>Nec</strong></span> <span class='ocrx_word' id='word_1_115' title='bbox 420 1736 618 1792; x_wconf 87' lang='lat' dir='ltr'><strong>iterum</strong></span> <span class='ocrx_word' id='word_1_116' title='bbox 649 1738 718 1792; x_wconf 93' lang='lat' dir='ltr'><strong>de</strong></span> <span class='ocrx_word' id='word_1_117' title='bbox 751 1737 1002 1803; x_wconf 89' lang='lat' dir='ltr'><strong>Ismaele,</strong></span> <span class='ocrx_word' id='word_1_118' title='bbox 1035 1737 1123 1793; x_wconf 89' lang='lat' dir='ltr'><strong>vel</strong></span> <span class='ocrx_word' id='word_1_119' title='bbox 1154 1738 1221 1794; x_wconf 92' lang='lat' dir='ltr'><strong>de</strong></span> <span class='ocrx_word' id='word_1_120' title='bbox 1249 1736 1375 1793; x_wconf 85' lang='lat' dir='ltr'><strong>ﬁliis</strong></span> <span class='ocrx_word' id='word_1_121' title='bbox 1405 1739 1638 1806; x_wconf 74' lang='lat' dir='ltr'><strong>Ceturae,</strong></span> <span class='ocrx_word' id='word_1_122' title='bbox 1694 1740 1791 1795; x_wconf 90' lang='lat' dir='ltr'><strong>sed</strong></span> <span class='ocrx_word' id='word_1_123' title='bbox 1818 1741 1888 1796; x_wconf 90' lang='lat' dir='ltr'><strong>de</strong></span> 
     </span>
    </p>
   </div>
   <div class='ocr_carea' id='block_1_15' title="bbox 1991 577 3593 651">
    <p class='ocr_par' dir='ltr' id='par_1_15' title="bbox 1991 577 3593 651">
     <span class='ocr_line' id='line_1_15' title="bbox 1991 577 3593 651; baseline -0.001 -18"><span class='ocrx_word' id='word_1_124' title='bbox 1991 593 2175 649; x_wconf 88' lang='lat' dir='ltr'><strong>quam,</strong></span> <span class='ocrx_word' id='word_1_125' title='bbox 2208 579 2272 633; x_wconf 90' lang='lat' dir='ltr'><strong>in</strong></span> <span class='ocrx_word' id='word_1_126' title='bbox 2292 581 2541 651; x_wconf 86' lang='lat' dir='ltr'><strong>tempore</strong></span> <span class='ocrx_word' id='word_1_127' title='bbox 2569 580 2770 651; x_wconf 64' lang='lat' dir='ltr'><strong>gratim</strong></span> <span class='ocrx_word' id='word_1_128' title='bbox 2782 580 2953 635; x_wconf 65' lang='lat' dir='ltr'><strong>salvae</strong></span> <span class='ocrx_word' id='word_1_129' title='bbox 2971 581 3146 650; x_wconf 62' lang='lat' dir='ltr'><strong>facta</strong></span> <span class='ocrx_word' id='word_1_130' title='bbox 3165 580 3306 635; x_wconf 90' lang='lat' dir='ltr'><strong>sunt</strong></span> <span class='ocrx_word' id='word_1_131' title='bbox 3318 577 3593 650; x_wconf 61' lang='lat' dir='ltr'><strong>reliquiae,</strong></span> 
     </span>
    </p>
   </div>
   <div class='ocr_carea' id='block_1_16' title="bbox 1988 665 3598 740">
    <p class='ocr_par' dir='ltr' id='par_1_16' title="bbox 1988 665 3598 740">
     <span class='ocr_line' id='line_1_16' title="bbox 1988 665 3598 740; baseline 0.002 -21"><span class='ocrx_word' id='word_1_132' title='bbox 1988 665 2045 721; x_wconf 89' lang='lat' dir='ltr'><strong>id</strong></span> <span class='ocrx_word' id='word_1_133' title='bbox 2072 673 2157 722; x_wconf 91' lang='lat' dir='ltr'><strong>est</strong></span> <span class='ocrx_word' id='word_1_134' title='bbox 2183 666 2260 721; x_wconf 90' lang='lat' dir='ltr'><strong>illi</strong></span> <span class='ocrx_word' id='word_1_135' title='bbox 2289 682 2426 737; x_wconf 89' lang='lat' dir='ltr'><strong>quos</strong></span> <span class='ocrx_word' id='word_1_136' title='bbox 2455 667 2603 723; x_wconf 90' lang='lat' dir='ltr'><strong>Deus</strong></span> <span class='ocrx_word' id='word_1_137' title='bbox 2634 667 2736 722; x_wconf 90' lang='lat' dir='ltr'><strong>sibi</strong></span> <span class='ocrx_word' id='word_1_138' title='bbox 2780 666 2998 739; x_wconf 87' lang='lat' dir='ltr'><strong>reliquit</strong></span> <span class='ocrx_word' id='word_1_139' title='bbox 3042 668 3381 740; x_wconf 84' lang='lat' dir='ltr'><strong>idoneosque</strong></span> <span class='ocrx_word' id='word_1_140' title='bbox 3409 666 3598 723; x_wconf 84' lang='lat' dir='ltr'><strong>salva-</strong></span> 
     </span>
    </p>
   </div>
   <div class='ocr_carea' id='block_1_17' title="bbox 1990 753 3597 828">
    <p class='ocr_par' dir='ltr' id='par_1_17' title="bbox 1990 753 3597 828">
     <span class='ocr_line' id='line_1_17' title="bbox 1990 753 3597 828; baseline 0.001 -19"><span class='ocrx_word' id='word_1_141' title='bbox 1990 753 2120 810; x_wconf 91' lang='lat' dir='ltr'><strong>tioni</strong></span> <span class='ocrx_word' id='word_1_142' title='bbox 2151 755 2445 826; x_wconf 69' lang='lat' dir='ltr'><strong>praescivit.</strong></span> <span class='ocrx_word' id='word_1_143' title='bbox 2478 756 2747 828; x_wconf 69' lang='lat' dir='ltr'><strong>Reliquiae</strong></span> <span class='ocrx_word' id='word_1_144' title='bbox 2775 758 2950 812; x_wconf 79' lang='lat' dir='ltr'><strong>salva:</strong></span> <span class='ocrx_word' id='word_1_145' title='bbox 2976 759 3151 828; x_wconf 66' lang='lat' dir='ltr'><strong>facta</strong></span> <span class='ocrx_word' id='word_1_146' title='bbox 3179 759 3344 822; x_wconf 85' lang='lat' dir='ltr'><strong>sunt,</strong></span> <span class='ocrx_word' id='word_1_147' title='bbox 3392 763 3446 811; x_wconf 92' lang='lat' dir='ltr'><strong>et</strong></span> <span class='ocrx_word' id='word_1_148' title='bbox 3492 757 3597 812; x_wconf 90' lang='lat' dir='ltr'><strong>hoc</strong></span> 
     </span>
    </p>
   </div>
   <div class='ocr_carea' id='block_1_18' title="bbox 1990 844 3597 917">
    <p class='ocr_par' dir='ltr' id='par_1_18' title="bbox 1990 844 3597 917">
     <span class='ocr_line' id='line_1_18' title="bbox 1990 844 3597 917; baseline 0.001 -18"><span class='ocrx_word' id='word_1_149' title='bbox 1990 845 2301 900; x_wconf 88' lang='lat' dir='ltr'><strong>secundum</strong></span> <span class='ocrx_word' id='word_1_150' title='bbox 2313 846 2650 901; x_wconf 86' lang='lat' dir='ltr'><strong>electionem</strong></span> <span class='ocrx_word' id='word_1_151' title='bbox 2662 844 2783 910; x_wconf 92' lang='lat' dir='ltr'><strong>Dei,</strong></span> <span class='ocrx_word' id='word_1_152' title='bbox 2802 845 2871 899; x_wconf 89' lang='lat' dir='ltr'><strong>ab</strong></span> <span class='ocrx_word' id='word_1_153' title='bbox 2882 853 3093 902; x_wconf 63' lang='lat' dir='ltr'><strong>aeterno</strong></span> <span class='ocrx_word' id='word_1_154' title='bbox 3103 844 3394 917; x_wconf 72' lang='lat' dir='ltr'><strong>pmvisam</strong></span> <span class='ocrx_word' id='word_1_155' title='bbox 3426 861 3441 899; x_wconf 92' lang='lat'><strong>:</strong></span> <span class='ocrx_word' id='word_1_156' title='bbox 3476 861 3597 917; x_wconf 73' lang='lat' dir='ltr'><strong>quas</strong></span> 
     </span>
    </p>
   </div>
   <div class='ocr_carea' id='block_1_19' title="bbox 1989 933 3599 1006">
    <p class='ocr_par' dir='ltr' id='par_1_19' title="bbox 1989 933 3599 1006">
     <span class='ocr_line' id='line_1_19' title="bbox 1989 933 3599 1006; baseline 0.001 -19"><span class='ocrx_word' id='word_1_157' title='bbox 1989 933 2185 989; x_wconf 87' lang='lat' dir='ltr'><strong>electio</strong></span> <span class='ocrx_word' id='word_1_158' title='bbox 2211 949 2321 990; x_wconf 90' lang='lat' dir='ltr'><strong>non</strong></span> <span class='ocrx_word' id='word_1_159' title='bbox 2350 933 2450 989; x_wconf 86' lang='lat' dir='ltr'><strong>fuit</strong></span> <span class='ocrx_word' id='word_1_160' title='bbox 2461 941 2688 1005; x_wconf 84' lang='lat' dir='ltr'><strong>prOpter</strong></span> <span class='ocrx_word' id='word_1_161' title='bbox 2717 934 2933 1004; x_wconf 90' lang='lat' dir='ltr'><strong>merita,</strong></span> <span class='ocrx_word' id='word_1_162' title='bbox 2970 935 3067 990; x_wconf 92' lang='lat' dir='ltr'><strong>sed</strong></span> <span class='ocrx_word' id='word_1_163' title='bbox 3097 933 3194 989; x_wconf 80' lang='lat' dir='ltr'><strong>fuit</strong></span> <span class='ocrx_word' id='word_1_164' title='bbox 3204 935 3406 1006; x_wconf 61' lang='lat' dir='ltr'><strong>gratim</strong></span> <span class='ocrx_word' id='word_1_165' title='bbox 3429 953 3448 989; x_wconf 91' lang='lat'><strong><em>:</em></strong></span> <span class='ocrx_word' id='word_1_166' title='bbox 3469 934 3599 1005; x_wconf 87' lang='lat' dir='ltr'><strong>quia</strong></span> 
     </span>
    </p>
   </div>
   <div class='ocr_carea' id='block_1_20' title="bbox 1989 1021 3599 1095">
    <p class='ocr_par' dir='ltr' id='par_1_20' title="bbox 1989 1021 3599 1095">
     <span class='ocr_line' id='line_1_20' title="bbox 1989 1021 3599 1095; baseline 0.001 -18"><span class='ocrx_word' id='word_1_167' title='bbox 1989 1029 2043 1077; x_wconf 87' lang='lat' dir='ltr'><strong>et</strong></span> <span class='ocrx_word' id='word_1_168' title='bbox 2070 1039 2172 1093; x_wconf 93' lang='lat' dir='ltr'><strong>per</strong></span> <span class='ocrx_word' id='word_1_169' title='bbox 2202 1022 2438 1095; x_wconf 80' lang='lat' dir='ltr'><strong>gratiam</strong></span> <span class='ocrx_word' id='word_1_170' title='bbox 2471 1022 2655 1094; x_wconf 79' lang='lat' dir='ltr'><strong>elegit,</strong></span> <span class='ocrx_word' id='word_1_171' title='bbox 2689 1031 2742 1078; x_wconf 90' lang='lat' dir='ltr'><strong>et</strong></span> <span class='ocrx_word' id='word_1_172' title='bbox 2789 1039 2890 1095; x_wconf 90' lang='lat' dir='ltr'><strong>per</strong></span> <span class='ocrx_word' id='word_1_173' title='bbox 2946 1022 3178 1094; x_wconf 79' lang='lat' dir='ltr'><strong>gratiam</strong></span> <span class='ocrx_word' id='word_1_174' title='bbox 3225 1021 3474 1079; x_wconf 88' lang='lat' dir='ltr'><strong>salvavit.</strong></span> <span class='ocrx_word' id='word_1_175' title='bbox 3537 1024 3599 1080; x_wconf 90' lang='lat' dir='ltr'><strong>Si</strong></span> 
     </span>
    </p>
   </div>
   <div class='ocr_carea' id='block_1_21' title="bbox 1989 1112 3598 1185">
    <p class='ocr_par' dir='ltr' id='par_1_21' title="bbox 1989 1112 3598 1185">
     <span class='ocr_line' id='line_1_21' title="bbox 1989 1112 3598 1185; baseline 0 -19"><span class='ocrx_word' id='word_1_176' title='bbox 1989 1116 2184 1167; x_wconf 90' lang='lat' dir='ltr'><strong>autem</strong></span> <span class='ocrx_word' id='word_1_177' title='bbox 2214 1112 2330 1167; x_wconf 71' lang='lat' dir='ltr'><strong>haec</strong></span> <span class='ocrx_word' id='word_1_178' title='bbox 2359 1112 2554 1167; x_wconf 91' lang='lat' dir='ltr'><strong>electio</strong></span> <span class='ocrx_word' id='word_1_179' title='bbox 2567 1118 2651 1167; x_wconf 91' lang='lat' dir='ltr'><strong>est</strong></span> <span class='ocrx_word' id='word_1_180' title='bbox 2679 1128 2780 1183; x_wconf 84' lang='lat' dir='ltr'><strong>per</strong></span> <span class='ocrx_word' id='word_1_181' title='bbox 2802 1112 3187 1183; x_wconf 85' lang='lat' dir='ltr'><strong>gratiam,jam</strong></span> <span class='ocrx_word' id='word_1_182' title='bbox 3207 1116 3431 1169; x_wconf 88' lang='lat' dir='ltr'><strong>constat</strong></span> <span class='ocrx_word' id='word_1_183' title='bbox 3455 1112 3598 1185; x_wconf 86' lang='lat' dir='ltr'><strong>quod</strong></span> 
     </span>
    </p>
   </div>
   <div class='ocr_carea' id='block_1_22' title="bbox 1988 1200 3598 1275">
    <p class='ocr_par' dir='ltr' id='par_1_22' title="bbox 1988 1200 3598 1275">
     <span class='ocr_line' id='line_1_22' title="bbox 1988 1200 3598 1275; baseline 0 -19"><span class='ocrx_word' id='word_1_184' title='bbox 1988 1217 2104 1257; x_wconf 87' lang='lat' dir='ltr'><strong>non</strong></span> <span class='ocrx_word' id='word_1_185' title='bbox 2118 1208 2200 1256; x_wconf 89' lang='lat' dir='ltr'><strong>est</strong></span> <span class='ocrx_word' id='word_1_186' title='bbox 2231 1217 2306 1257; x_wconf 76' lang='lat' dir='ltr'><strong>ea:</strong></span> <span class='ocrx_word' id='word_1_187' title='bbox 2334 1202 2729 1273; x_wconf 82' lang='lat' dir='ltr'><strong>aperibus,pro</strong></span> <span class='ocrx_word' id='word_1_188' title='bbox 2758 1202 3098 1257; x_wconf 89' lang='lat' dir='ltr'><strong>merentibus</strong></span> <span class='ocrx_word' id='word_1_189' title='bbox 3127 1200 3307 1257; x_wconf 90' lang='lat' dir='ltr'><strong>illam:</strong></span> <span class='ocrx_word' id='word_1_190' title='bbox 3341 1202 3598 1275; x_wconf 78' lang='lat' dir='ltr'><strong>alioquin</strong></span> 
     </span>
    </p>
   </div>
   <div class='ocr_carea' id='block_1_23' title="bbox 1988 1290 3599 1363">
    <p class='ocr_par' dir='ltr' id='par_1_23' title="bbox 1988 1290 3599 1363">
     <span class='ocr_line' id='line_1_23' title="bbox 1988 1290 3599 1363; baseline 0.001 -20"><span class='ocrx_word' id='word_1_191' title='bbox 1988 1290 2036 1344; x_wconf 89' lang='lat' dir='ltr'><strong>si</strong></span> <span class='ocrx_word' id='word_1_192' title='bbox 2063 1297 2288 1362; x_wconf 89' lang='lat' dir='ltr'><strong>propter</strong></span> <span class='ocrx_word' id='word_1_193' title='bbox 2315 1305 2489 1362; x_wconf 87' lang='lat' dir='ltr'><strong>Opera</strong></span> <span class='ocrx_word' id='word_1_194' title='bbox 2517 1290 2872 1363; x_wconf 78' lang='lat' dir='ltr'><strong>eligerentur,</strong></span> <span class='ocrx_word' id='word_1_195' title='bbox 2901 1290 3014 1360; x_wconf 85' lang='lat' dir='ltr'><strong>jam</strong></span> <span class='ocrx_word' id='word_1_196' title='bbox 3034 1290 3166 1345; x_wconf 91' lang='lat' dir='ltr'><strong>illud</strong></span> <span class='ocrx_word' id='word_1_197' title='bbox 3198 1291 3346 1362; x_wconf 88' lang='lat' dir='ltr'><strong>quod</strong></span> <span class='ocrx_word' id='word_1_198' title='bbox 3375 1298 3599 1347; x_wconf 84' lang='lat' dir='ltr'><strong>vocatur</strong></span> 
     </span>
    </p>
   </div>
   <div class='ocr_carea' id='block_1_24' title="bbox 1987 1379 3600 1452">
    <p class='ocr_par' dir='ltr' id='par_1_24' title="bbox 1987 1379 3600 1452">
     <span class='ocr_line' id='line_1_24' title="bbox 1987 1379 3600 1452; baseline 0.001 -18"><span class='ocrx_word' id='word_1_199' title='bbox 1987 1380 2197 1451; x_wconf 86' lang='lat' dir='ltr'><strong>gratia,</strong></span> <span class='ocrx_word' id='word_1_200' title='bbox 2230 1395 2345 1435; x_wconf 90' lang='lat' dir='ltr'><strong>non</strong></span> <span class='ocrx_word' id='word_1_201' title='bbox 2364 1384 2511 1436; x_wconf 81' lang='lat' dir='ltr'><strong>esset</strong></span> <span class='ocrx_word' id='word_1_202' title='bbox 2538 1395 2675 1451; x_wconf 90' lang='lat' dir='ltr'><strong>pura</strong></span> <span class='ocrx_word' id='word_1_203' title='bbox 2700 1382 2911 1452; x_wconf 85' lang='lat' dir='ltr'><strong>gratia,</strong></span> <span class='ocrx_word' id='word_1_204' title='bbox 2932 1380 3032 1435; x_wconf 88' lang='lat' dir='ltr'><strong>sed</strong></span> <span class='ocrx_word' id='word_1_205' title='bbox 3060 1379 3333 1436; x_wconf 91' lang='lat' dir='ltr'><strong>meritum.</strong></span> <span class='ocrx_word' id='word_1_206' title='bbox 3365 1380 3483 1436; x_wconf 88' lang='lat' dir='ltr'><strong>Hoc</strong></span> <span class='ocrx_word' id='word_1_207' title='bbox 3502 1394 3600 1435; x_wconf 89' lang='lat' dir='ltr'><strong>au-</strong></span> 
     </span>
    </p>
   </div>
   <div class='ocr_carea' id='block_1_25' title="bbox 1986 1468 3598 1543">
    <p class='ocr_par' dir='ltr' id='par_1_25' title="bbox 1986 1468 3598 1543">
     <span class='ocr_line' id='line_1_25' title="bbox 1986 1468 3598 1543; baseline 0.001 -21"><span class='ocrx_word' id='word_1_208' title='bbox 1986 1476 2097 1523; x_wconf 90' lang='lat' dir='ltr'><strong>tem</strong></span> <span class='ocrx_word' id='word_1_209' title='bbox 2139 1468 2530 1525; x_wconf 90' lang='lat' dir='ltr'><strong>convenienter</strong></span> <span class='ocrx_word' id='word_1_210' title='bbox 2558 1469 2627 1525; x_wconf 90' lang='lat' dir='ltr'><strong>de</strong></span> <span class='ocrx_word' id='word_1_211' title='bbox 2657 1468 2834 1543; x_wconf 89' lang='lat' dir='ltr'><strong>gratia</strong></span> <span class='ocrx_word' id='word_1_212' title='bbox 2862 1468 3088 1535; x_wconf 82' lang='lat' dir='ltr'><strong>inducit,</strong></span> <span class='ocrx_word' id='word_1_213' title='bbox 3122 1476 3181 1524; x_wconf 89' lang='lat' dir='ltr'><strong>ut</strong></span> <span class='ocrx_word' id='word_1_214' title='bbox 3207 1484 3310 1525; x_wconf 88' lang='lat' dir='ltr'><strong>nec</strong></span> <span class='ocrx_word' id='word_1_215' title='bbox 3337 1468 3415 1524; x_wconf 89' lang='lat' dir='ltr'><strong>illi</strong></span> <span class='ocrx_word' id='word_1_216' title='bbox 3458 1484 3598 1541; x_wconf 90' lang='lat' dir='ltr'><strong>quos</strong></span> 
     </span>
    </p>
   </div>
   <div class='ocr_carea' id='block_1_26' title="bbox 1988 1556 3599 1631">
    <p class='ocr_par' dir='ltr' id='par_1_26' title="bbox 1988 1556 3599 1631">
     <span class='ocr_line' id='line_1_26' title="bbox 1988 1556 3599 1631; baseline 0 -20"><span class='ocrx_word' id='word_1_217' title='bbox 1988 1556 2135 1612; x_wconf 92' lang='lat' dir='ltr'><strong>Deus</strong></span> <span class='ocrx_word' id='word_1_218' title='bbox 2164 1558 2267 1612; x_wconf 90' lang='lat' dir='ltr'><strong>sibi</strong></span> <span class='ocrx_word' id='word_1_219' title='bbox 2298 1558 2518 1631; x_wconf 90' lang='lat' dir='ltr'><strong>reliquit</strong></span> <span class='ocrx_word' id='word_1_220' title='bbox 2546 1565 2738 1630; x_wconf 90' lang='lat' dir='ltr'><strong>putent</strong></span> <span class='ocrx_word' id='word_1_221' title='bbox 2766 1574 2827 1614; x_wconf 89' lang='lat' dir='ltr'><strong>se</strong></span> <span class='ocrx_word' id='word_1_222' title='bbox 2855 1558 3065 1614; x_wconf 89' lang='lat' dir='ltr'><strong>electos</strong></span> <span class='ocrx_word' id='word_1_223' title='bbox 3094 1574 3160 1613; x_wconf 84' lang='lat' dir='ltr'><strong>ex</strong></span> <span class='ocrx_word' id='word_1_224' title='bbox 3191 1558 3384 1613; x_wconf 91' lang='lat' dir='ltr'><strong>merito</strong></span> <span class='ocrx_word' id='word_1_225' title='bbox 3420 1558 3599 1615; x_wconf 88' lang='lat' dir='ltr'><strong>:sicut</strong></span> 
     </span>
    </p>
   </div>
   <div class='ocr_carea' id='block_1_27' title="bbox 1987 1646 3597 1719">
    <p class='ocr_par' dir='ltr' id='par_1_27' title="bbox 1987 1646 3597 1719">
     <span class='ocr_line' id='line_1_27' title="bbox 1987 1646 3597 1719; baseline 0.001 -18"><span class='ocrx_word' id='word_1_226' title='bbox 1987 1646 2165 1701; x_wconf 89' lang='lat' dir='ltr'><strong>malos</strong></span> <span class='ocrx_word' id='word_1_227' title='bbox 2198 1646 2323 1718; x_wconf 84' lang='lat' dir='ltr'><strong>quia</strong></span> <span class='ocrx_word' id='word_1_228' title='bbox 2354 1647 2497 1703; x_wconf 89' lang='lat' dir='ltr'><strong>male</strong></span> <span class='ocrx_word' id='word_1_229' title='bbox 2528 1655 2851 1703; x_wconf 87' lang='lat' dir='ltr'><strong>meruerunt</strong></span> <span class='ocrx_word' id='word_1_230' title='bbox 2881 1647 3204 1719; x_wconf 90' lang='lat' dir='ltr'><strong>reprobatos</strong></span> <span class='ocrx_word' id='word_1_231' title='bbox 3230 1666 3245 1715; x_wconf 93' lang='lat'><strong>;</strong></span> <span class='ocrx_word' id='word_1_232' title='bbox 3279 1655 3332 1703; x_wconf 91' lang='lat' dir='ltr'><strong>et</strong></span> <span class='ocrx_word' id='word_1_233' title='bbox 3359 1647 3476 1703; x_wconf 76' lang='lat' dir='ltr'><strong>hazc</strong></span> <span class='ocrx_word' id='word_1_234' title='bbox 3507 1646 3597 1703; x_wconf 89' lang='lat' dir='ltr'><strong>di-</strong></span> 
     </span>
    </p>
   </div>
   <div class='ocr_carea' id='block_1_28' title="bbox 1986 1735 2832 1792">
    <p class='ocr_par' dir='ltr' id='par_1_28' title="bbox 1986 1735 2832 1792">
     <span class='ocr_line' id='line_1_28' title="bbox 1986 1735 2832 1792; baseline 0.001 -2"><span class='ocrx_word' id='word_1_235' title='bbox 1986 1751 2119 1791; x_wconf 89' lang='lat' dir='ltr'><strong>cens</strong></span> <span class='ocrx_word' id='word_1_236' title='bbox 2152 1735 2291 1791; x_wconf 89' lang='lat' dir='ltr'><strong>bene</strong></span> <span class='ocrx_word' id='word_1_237' title='bbox 2321 1736 2490 1792; x_wconf 82' lang='lat' dir='ltr'><strong>servit</strong></span> <span class='ocrx_word' id='word_1_238' title='bbox 2526 1736 2832 1792; x_wconf 89' lang='lat' dir='ltr'><strong>intentioni.</strong></span> 
     </span>
    </p>
   </div>
   <div class='ocr_carea' id='block_1_29' title="bbox 276 1824 3596 1916">
    <p class='ocr_par' dir='ltr' id='par_1_29' title="bbox 276 1824 3596 1916">
     <span class='ocr_line' id='line_1_29' title="bbox 276 1824 3596 1916; baseline -0 -35"><span class='ocrx_word' id='word_1_239' title='bbox 276 1827 428 1882; x_wconf 84' lang='lat' dir='ltr'><strong>tribu</strong></span> <span class='ocrx_word' id='word_1_240' title='bbox 458 1827 778 1898; x_wconf 86' lang='lat' dir='ltr'><strong>Benjamin.</strong></span> <span class='ocrx_word' id='word_1_241' title='bbox 813 1828 942 1883; x_wconf 66' lang='lat' dir='ltr'><strong>Haec</strong></span> <span class='ocrx_word' id='word_1_242' title='bbox 973 1826 1147 1882; x_wconf 90' lang='lat' dir='ltr'><strong>tribus</strong></span> <span class='ocrx_word' id='word_1_243' title='bbox 1175 1827 1299 1882; x_wconf 89' lang='lat' dir='ltr'><strong>aliis</strong></span> <span class='ocrx_word' id='word_1_244' title='bbox 1325 1828 1552 1899; x_wconf 63' lang='lat' dir='ltr'><strong>praelata</strong></span> <span class='ocrx_word' id='word_1_245' title='bbox 1592 1828 1726 1893; x_wconf 81' lang='lat' dir='ltr'><strong>fuit;</strong></span> <span class='ocrx_word' id='word_1_246' title='bbox 1760 1829 1884 1902; x_wconf 83' lang='lat' dir='ltr'><strong>quia</strong></span> <span class='ocrx_word' id='word_1_247' title='bbox 1908 1856 1961 1916; x_wconf 80' lang='grc' dir='ltr'><strong>Β</strong></span> <span class='ocrx_word' id='word_1_248' title='bbox 2061 1824 2342 1916; x_wconf 79' lang='lat' dir='ltr'><strong>Summam</strong></span> <span class='ocrx_word' id='word_1_249' title='bbox 2371 1826 2752 1916; x_wconf 87' lang='lat' dir='ltr'><strong>auctoritatum</strong></span> <span class='ocrx_word' id='word_1_250' title='bbox 2784 1841 2950 1916; x_wconf 87' lang='lat' dir='ltr'><strong>supra</strong></span> <span class='ocrx_word' id='word_1_251' title='bbox 2978 1825 3280 1898; x_wconf 87' lang='lat' dir='ltr'><strong>positarum</strong></span> <span class='ocrx_word' id='word_1_252' title='bbox 3322 1824 3412 1883; x_wconf 91' lang='lat' dir='ltr'><strong>hic</strong></span> <span class='ocrx_word' id='word_1_253' title='bbox 3467 1826 3596 1881; x_wconf 91' lang='lat' dir='ltr'><strong>bre-</strong></span> 
     </span>
    </p>
   </div>
   <div class='ocr_carea' id='block_1_30' title="bbox 273 1914 1884 1989">
    <p class='ocr_par' dir='ltr' id='par_1_30' title="bbox 273 1914 1884 1989">
     <span class='ocr_line' id='line_1_30' title="bbox 273 1914 1884 1989; baseline 0.004 -21"><span class='ocrx_word' id='word_1_254' title='bbox 273 1915 367 1987; x_wconf 89' lang='lat' dir='ltr'><strong>qui</strong></span> <span class='ocrx_word' id='word_1_255' title='bbox 398 1915 465 1969; x_wconf 90' lang='lat' dir='ltr'><strong>de</strong></span> <span class='ocrx_word' id='word_1_256' title='bbox 496 1915 595 1971; x_wconf 93' lang='lat' dir='ltr'><strong>hac</strong></span> <span class='ocrx_word' id='word_1_257' title='bbox 625 1915 764 1969; x_wconf 87' lang='lat' dir='ltr'><strong>tribu</strong></span> <span class='ocrx_word' id='word_1_258' title='bbox 795 1914 1033 1982; x_wconf 79' lang='lat' dir='ltr'><strong>fuerunt,</strong></span> <span class='ocrx_word' id='word_1_259' title='bbox 1067 1932 1179 1971; x_wconf 92' lang='lat' dir='ltr'><strong>non</strong></span> <span class='ocrx_word' id='word_1_260' title='bbox 1222 1923 1331 1972; x_wconf 90' lang='lat' dir='ltr'><strong>tam</strong></span> <span class='ocrx_word' id='word_1_261' title='bbox 1375 1934 1522 1989; x_wconf 67' lang='lat' dir='ltr'><strong>saepe</strong></span> <span class='ocrx_word' id='word_1_262' title='bbox 1571 1927 1630 1973; x_wconf 88' lang='lat' dir='ltr'><strong>ut</strong></span> <span class='ocrx_word' id='word_1_263' title='bbox 1672 1917 1764 1973; x_wconf 88' lang='lat' dir='ltr'><strong>alii</strong></span> <span class='ocrx_word' id='word_1_264' title='bbox 1814 1919 1884 1974; x_wconf 91' lang='lat' dir='ltr'><strong>ad</strong></span> 
     </span>
    </p>
   </div>
   <div class='ocr_carea' id='block_1_31' title="bbox 272 2003 1884 2081">
    <p class='ocr_par' dir='ltr' id='par_1_31' title="bbox 272 2003 1884 2081">
     <span class='ocr_line' id='line_1_31' title="bbox 272 2003 1884 2081; baseline 0.003 -22"><span class='ocrx_word' id='word_1_265' title='bbox 272 2003 635 2059; x_wconf 90' lang='lat' dir='ltr'><strong>idololatriam</strong></span> <span class='ocrx_word' id='word_1_266' title='bbox 663 2004 876 2076; x_wconf 89' lang='lat' dir='ltr'><strong>delapsi</strong></span> <span class='ocrx_word' id='word_1_267' title='bbox 923 2011 1072 2061; x_wconf 91' lang='lat' dir='ltr'><strong>sunt.</strong></span> <span class='ocrx_word' id='word_1_268' title='bbox 1126 2006 1194 2061; x_wconf 89' lang='lat' dir='ltr'><strong>Et</strong></span> <span class='ocrx_word' id='word_1_269' title='bbox 1225 2005 1350 2079; x_wconf 88' lang='lat' dir='ltr'><strong>quia</strong></span> <span class='ocrx_word' id='word_1_270' title='bbox 1401 2022 1510 2081; x_wconf 92' lang='lat' dir='ltr'><strong>ego</strong></span> <span class='ocrx_word' id='word_1_271' title='bbox 1558 2007 1627 2062; x_wconf 92' lang='lat' dir='ltr'><strong>de</strong></span> <span class='ocrx_word' id='word_1_272' title='bbox 1674 2007 1884 2064; x_wconf 90' lang='lat' dir='ltr'><strong>semine</strong></span> 
     </span>
    </p>
   </div>
   <div class='ocr_carea' id='block_1_32' title="bbox 274 2094 1884 2169">
    <p class='ocr_par' dir='ltr' id='par_1_32' title="bbox 274 2094 1884 2169">
     <span class='ocr_line' id='line_1_32' title="bbox 274 2094 1884 2169; baseline 0.002 -20"><span class='ocrx_word' id='word_1_273' title='bbox 274 2094 513 2151; x_wconf 62' lang='lat' dir='ltr'><strong>Abrahae</strong></span> <span class='ocrx_word' id='word_1_274' title='bbox 540 2109 651 2149; x_wconf 91' lang='lat' dir='ltr'><strong>non</strong></span> <span class='ocrx_word' id='word_1_275' title='bbox 681 2110 800 2149; x_wconf 88' lang='lat' dir='ltr'><strong>sum</strong></span> <span class='ocrx_word' id='word_1_276' title='bbox 850 2095 1120 2166; x_wconf 90' lang='lat' dir='ltr'><strong>repulsus,</strong></span> <span class='ocrx_word' id='word_1_277' title='bbox 1164 2104 1394 2168; x_wconf 88' lang='lat' dir='ltr'><strong>apparet</strong></span> <span class='ocrx_word' id='word_1_278' title='bbox 1436 2113 1537 2167; x_wconf 90' lang='lat' dir='ltr'><strong>per</strong></span> <span class='ocrx_word' id='word_1_279' title='bbox 1583 2098 1689 2153; x_wconf 89' lang='lat' dir='ltr'><strong>hoc</strong></span> <span class='ocrx_word' id='word_1_280' title='bbox 1738 2098 1884 2169; x_wconf 88' lang='lat' dir='ltr'><strong>quod</strong></span> 
     </span>
    </p>
   </div>
   <div class='ocr_carea' id='block_1_33' title="bbox 273 2184 1882 2259">
    <p class='ocr_par' dir='ltr' id='par_1_33' title="bbox 273 2184 1882 2259">
     <span class='ocr_line' id='line_1_33' title="bbox 273 2184 1882 2259; baseline 0.002 -20"><span class='ocrx_word' id='word_1_281' title='bbox 273 2184 422 2239; x_wconf 89' lang='lat' dir='ltr'><strong>Deus</strong></span> <span class='ocrx_word' id='word_1_282' title='bbox 453 2201 567 2241; x_wconf 89' lang='lat' dir='ltr'><strong>non</strong></span> <span class='ocrx_word' id='word_1_283' title='bbox 598 2185 810 2258; x_wconf 85' lang='lat' dir='ltr'><strong>repulit</strong></span> <span class='ocrx_word' id='word_1_284' title='bbox 836 2185 1053 2256; x_wconf 85' lang='lat' dir='ltr'><strong>plebem</strong></span> <span class='ocrx_word' id='word_1_285' title='bbox 1082 2201 1268 2241; x_wconf 85' lang='lat' dir='ltr'><strong>suam.</strong></span> <span class='ocrx_word' id='word_1_286' title='bbox 1325 2185 1478 2240; x_wconf 87' lang='lat' dir='ltr'><strong>Illam</strong></span> <span class='ocrx_word' id='word_1_287' title='bbox 1521 2185 1706 2259; x_wconf 90' lang='lat' dir='ltr'><strong>utique</strong></span> <span class='ocrx_word' id='word_1_288' title='bbox 1746 2202 1882 2243; x_wconf 86' lang='lat' dir='ltr'><strong>voco</strong></span> 
     </span>
    </p>
   </div>
   <div class='ocr_carea' id='block_1_34' title="bbox 270 2272 1880 2347">
    <p class='ocr_par' dir='ltr' id='par_1_34' title="bbox 270 2272 1880 2347">
     <span class='ocr_line' id='line_1_34' title="bbox 270 2272 1880 2347; baseline 0.002 -20"><span class='ocrx_word' id='word_1_289' title='bbox 270 2272 489 2344; x_wconf 91' lang='lat' dir='ltr'><strong>plebem</strong></span> <span class='ocrx_word' id='word_1_290' title='bbox 513 2273 612 2327; x_wconf 91' lang='lat' dir='ltr'><strong>Dei</strong></span> <span class='ocrx_word' id='word_1_291' title='bbox 642 2290 809 2346; x_wconf 91' lang='lat' dir='ltr'><strong>quam</strong></span> <span class='ocrx_word' id='word_1_292' title='bbox 838 2275 1146 2346; x_wconf 75' lang='lat' dir='ltr'><strong>prcescivit,</strong></span> <span class='ocrx_word' id='word_1_293' title='bbox 1178 2274 1234 2329; x_wconf 93' lang='lat' dir='ltr'><strong>id</strong></span> <span class='ocrx_word' id='word_1_294' title='bbox 1265 2282 1347 2330; x_wconf 89' lang='lat' dir='ltr'><strong>est</strong></span> <span class='ocrx_word' id='word_1_295' title='bbox 1376 2275 1786 2347; x_wconf 66' lang='lat' dir='ltr'><strong>praedestinavit</strong></span> <span class='ocrx_word' id='word_1_296' title='bbox 1810 2276 1880 2331; x_wconf 90' lang='lat' dir='ltr'><strong>ad</strong></span> 
     </span>
    </p>
   </div>
   <div class='ocr_carea' id='block_1_35' title="bbox 269 2361 1879 2438">
    <p class='ocr_par' dir='ltr' id='par_1_35' title="bbox 269 2361 1879 2438">
     <span class='ocr_line' id='line_1_35' title="bbox 269 2361 1879 2438; baseline 0.002 -21"><span class='ocrx_word' id='word_1_297' title='bbox 269 2361 649 2418; x_wconf 84' lang='lat' dir='ltr'><strong>salvationem.</strong></span> <span class='ocrx_word' id='word_1_298' title='bbox 682 2362 805 2417; x_wconf 92' lang='lat' dir='ltr'><strong>Non</strong></span> <span class='ocrx_word' id='word_1_299' title='bbox 835 2363 1022 2435; x_wconf 91' lang='lat' dir='ltr'><strong>utique</strong></span> <span class='ocrx_word' id='word_1_300' title='bbox 1051 2363 1218 2419; x_wconf 89' lang='lat' dir='ltr'><strong>modo</strong></span> <span class='ocrx_word' id='word_1_301' title='bbox 1249 2364 1469 2436; x_wconf 86' lang='lat' dir='ltr'><strong>repulit,</strong></span> <span class='ocrx_word' id='word_1_302' title='bbox 1513 2366 1879 2438; x_wconf 89' lang='lat' dir='ltr'><strong>quemadmo-</strong></span> 
     </span>
    </p>
   </div>
   <div class='ocr_carea' id='block_1_36' title="bbox 274 2450 1879 2525">
    <p class='ocr_par' dir='ltr' id='par_1_36' title="bbox 274 2450 1879 2525">
     <span class='ocr_line' id='line_1_36' title="bbox 274 2450 1879 2525; baseline 0.004 -20"><span class='ocrx_word' id='word_1_303' title='bbox 274 2451 405 2505; x_wconf 88' lang='lat' dir='ltr'><strong>dum</strong></span> <span class='ocrx_word' id='word_1_304' title='bbox 430 2450 559 2506; x_wconf 91' lang='lat' dir='ltr'><strong>olim</strong></span> <span class='ocrx_word' id='word_1_305' title='bbox 591 2451 930 2507; x_wconf 86' lang='lat' dir='ltr'><strong>existimante</strong></span> <span class='ocrx_word' id='word_1_306' title='bbox 958 2452 1077 2507; x_wconf 86' lang='lat' dir='ltr'><strong>Elia</strong></span> <span class='ocrx_word' id='word_1_307' title='bbox 1120 2468 1312 2509; x_wconf 90' lang='lat' dir='ltr'><strong>omnes</strong></span> <span class='ocrx_word' id='word_1_308' title='bbox 1355 2462 1549 2525; x_wconf 79' lang='lat' dir='ltr'><strong>praeter</strong></span> <span class='ocrx_word' id='word_1_309' title='bbox 1591 2471 1651 2511; x_wconf 91' lang='lat' dir='ltr'><strong>se</strong></span> <span class='ocrx_word' id='word_1_310' title='bbox 1691 2471 1879 2511; x_wconf 87' lang='lat' dir='ltr'><strong>reces-</strong></span> 
     </span>
    </p>
   </div>
   <div class='ocr_carea' id='block_1_37' title="bbox 273 2540 1873 2617">
    <p class='ocr_par' dir='ltr' id='par_1_37' title="bbox 273 2540 1873 2617">
     <span class='ocr_line' id='line_1_37' title="bbox 273 2540 1873 2617; baseline 0.003 -23"><span class='ocrx_word' id='word_1_311' title='bbox 273 2541 413 2596; x_wconf 90' lang='lat' dir='ltr'><strong>sisse</strong></span> <span class='ocrx_word' id='word_1_312' title='bbox 442 2557 473 2595; x_wconf 91' lang='lat' dir='ltr'><strong>a</strong></span> <span class='ocrx_word' id='word_1_313' title='bbox 502 2540 651 2597; x_wconf 90' lang='lat' dir='ltr'><strong>cultu</strong></span> <span class='ocrx_word' id='word_1_314' title='bbox 682 2540 816 2607; x_wconf 87' lang='lat' dir='ltr'><strong>Dei;</strong></span> <span class='ocrx_word' id='word_1_315' title='bbox 848 2541 1001 2595; x_wconf 90' lang='lat' dir='ltr'><strong>multi</strong></span> <span class='ocrx_word' id='word_1_316' title='bbox 1032 2549 1235 2611; x_wconf 91' lang='lat' dir='ltr'><strong>tamen,</strong></span> <span class='ocrx_word' id='word_1_317' title='bbox 1269 2559 1409 2617; x_wconf 91' lang='lat' dir='ltr'><strong>quos</strong></span> <span class='ocrx_word' id='word_1_318' title='bbox 1429 2543 1873 2617; x_wconf 90' lang='lat' dir='ltr'><strong>ipseignorabat,</strong></span> 
     </span>
    </p>
   </div>
   <div class='ocr_carea' id='block_1_38' title="bbox 271 2630 1878 2689">
    <p class='ocr_par' dir='ltr' id='par_1_38' title="bbox 271 2630 1878 2689">
     <span class='ocr_line' id='line_1_38' title="bbox 271 2630 1878 2689; baseline 0.002 -4"><span class='ocrx_word' id='word_1_319' title='bbox 271 2630 539 2686; x_wconf 84' lang='lat' dir='ltr'><strong>reservati</strong></span> <span class='ocrx_word' id='word_1_320' title='bbox 570 2638 694 2685; x_wconf 91' lang='lat' dir='ltr'><strong>sunt</strong></span> <span class='ocrx_word' id='word_1_321' title='bbox 723 2646 756 2685; x_wconf 90' lang='lat' dir='ltr'><strong>a</strong></span> <span class='ocrx_word' id='word_1_322' title='bbox 780 2631 915 2686; x_wconf 92' lang='lat' dir='ltr'><strong>Deo.</strong></span> <span class='ocrx_word' id='word_1_323' title='bbox 947 2631 1038 2687; x_wconf 90' lang='lat' dir='ltr'><strong>Sic</strong></span> <span class='ocrx_word' id='word_1_324' title='bbox 1067 2632 1233 2686; x_wconf 90' lang='lat' dir='ltr'><strong>modo</strong></span> <span class='ocrx_word' id='word_1_325' title='bbox 1261 2633 1462 2688; x_wconf 92' lang='lat' dir='ltr'><strong>multos</strong></span> <span class='ocrx_word' id='word_1_326' title='bbox 1493 2634 1641 2688; x_wconf 90' lang='lat' dir='ltr'><strong>Deus</strong></span> <span class='ocrx_word' id='word_1_327' title='bbox 1674 2634 1878 2689; x_wconf 93' lang='lat' dir='ltr'><strong>electos</strong></span> 
     </span>
    </p>
   </div>
   <div class='ocr_carea' id='block_1_39' title="bbox 271 2719 1879 2795">
    <p class='ocr_par' dir='ltr' id='par_1_39' title="bbox 271 2719 1879 2795">
     <span class='ocr_line' id='line_1_39' title="bbox 271 2719 1879 2795; baseline 0.003 -22"><span class='ocrx_word' id='word_1_328' title='bbox 271 2720 457 2785; x_wconf 88' lang='lat' dir='ltr'><strong>habet,</strong></span> <span class='ocrx_word' id='word_1_329' title='bbox 492 2735 632 2791; x_wconf 91' lang='lat' dir='ltr'><strong>quos</strong></span> <span class='ocrx_word' id='word_1_330' title='bbox 664 2719 1003 2792; x_wconf 81' lang='lat' dir='ltr'><strong>ignoramus.</strong></span> <span class='ocrx_word' id='word_1_331' title='bbox 1037 2721 1144 2776; x_wconf 89' lang='lat' dir='ltr'><strong>Pro</strong></span> <span class='ocrx_word' id='word_1_332' title='bbox 1174 2730 1325 2777; x_wconf 91' lang='lat' dir='ltr'><strong>certo</strong></span> <span class='ocrx_word' id='word_1_333' title='bbox 1352 2722 1501 2777; x_wconf 90' lang='lat' dir='ltr'><strong>Deus</strong></span> <span class='ocrx_word' id='word_1_334' title='bbox 1530 2739 1638 2778; x_wconf 88' lang='lat' dir='ltr'><strong>non</strong></span> <span class='ocrx_word' id='word_1_335' title='bbox 1680 2724 1879 2795; x_wconf 88' lang='lat' dir='ltr'><strong>repulit</strong></span> 
     </span>
    </p>
   </div>
   <div class='ocr_carea' id='block_1_40' title="bbox 268 2808 1878 2885">
    <p class='ocr_par' dir='ltr' id='par_1_40' title="bbox 268 2808 1878 2885">
     <span class='ocr_line' id='line_1_40' title="bbox 268 2808 1878 2885; baseline 0.004 -23"><span class='ocrx_word' id='word_1_336' title='bbox 268 2808 490 2881; x_wconf 89' lang='lat' dir='ltr'><strong>plebem</strong></span> <span class='ocrx_word' id='word_1_337' title='bbox 520 2824 710 2875; x_wconf 88' lang='lat' dir='ltr'><strong>suam;</strong></span> <span class='ocrx_word' id='word_1_338' title='bbox 744 2808 872 2881; x_wconf 90' lang='lat' dir='ltr'><strong>quia</strong></span> <span class='ocrx_word' id='word_1_339' title='bbox 898 2826 975 2865; x_wconf 88' lang='lat' dir='ltr'><strong>an</strong></span> <span class='ocrx_word' id='word_1_340' title='bbox 995 2812 1230 2866; x_wconf 84' lang='lat' dir='ltr'><strong>nescitis</strong></span> <span class='ocrx_word' id='word_1_341' title='bbox 1252 2812 1385 2883; x_wconf 79' lang='lat' dir='ltr'><strong>quid</strong></span> <span class='ocrx_word' id='word_1_342' title='bbox 1404 2812 1700 2885; x_wconf 85' lang='lat' dir='ltr'><strong>Scriptura</strong></span> <span class='ocrx_word' id='word_1_343' title='bbox 1723 2814 1878 2869; x_wconf 85' lang='lat' dir='ltr'><strong>dicat</strong></span> 
     </span>
    </p>
   </div>
   <div class='ocr_carea' id='block_1_41' title="bbox 270 2897 1875 2974">
    <p class='ocr_par' dir='ltr' id='par_1_41' title="bbox 270 2897 1875 2974">
     <span class='ocr_line' id='line_1_41' title="bbox 270 2897 1875 2974; baseline 0.003 -21"><span class='ocrx_word' id='word_1_344' title='bbox 270 2900 331 2953; x_wconf 90' lang='lat' dir='ltr'><strong>in</strong></span> <span class='ocrx_word' id='word_1_345' title='bbox 361 2900 507 2963; x_wconf 87' lang='lat' dir='ltr'><strong>Elia,</strong></span> <span class='ocrx_word' id='word_1_346' title='bbox 540 2897 595 2953; x_wconf 90' lang='lat' dir='ltr'><strong>id</strong></span> <span class='ocrx_word' id='word_1_347' title='bbox 627 2907 709 2954; x_wconf 89' lang='lat' dir='ltr'><strong>est</strong></span> <span class='ocrx_word' id='word_1_348' title='bbox 739 2899 830 2954; x_wconf 93' lang='lat' dir='ltr'><strong>ubi</strong></span> <span class='ocrx_word' id='word_1_349' title='bbox 859 2899 1101 2972; x_wconf 91' lang='lat' dir='ltr'><strong>loquitur</strong></span> <span class='ocrx_word' id='word_1_350' title='bbox 1128 2901 1197 2957; x_wconf 90' lang='lat' dir='ltr'><strong>de</strong></span> <span class='ocrx_word' id='word_1_351' title='bbox 1220 2901 1377 2957; x_wconf 87' lang='lat' dir='ltr'><strong>Elia:</strong></span> <span class='ocrx_word' id='word_1_352' title='bbox 1403 2901 1875 2974; x_wconf 84' lang='lat' dir='ltr'><strong>quemadmodum</strong></span> 
     </span>
    </p>
   </div>
   <div class='ocr_carea' id='block_1_42' title="bbox 268 2986 1875 3063">
    <p class='ocr_par' dir='ltr' id='par_1_42' title="bbox 268 2986 1875 3063">
     <span class='ocr_line' id='line_1_42' title="bbox 268 2986 1875 3063; baseline 0.003 -23"><span class='ocrx_word' id='word_1_353' title='bbox 268 2986 359 3042; x_wconf 90' lang='lat' dir='ltr'><strong>ille</strong></span> <span class='ocrx_word' id='word_1_354' title='bbox 390 2988 545 3043; x_wconf 83' lang='lat' dir='ltr'><strong>Elias</strong></span> <span class='ocrx_word' id='word_1_355' title='bbox 577 2988 913 3061; x_wconf 85' lang='lat' dir='ltr'><strong>interpellat</strong></span> <span class='ocrx_word' id='word_1_356' title='bbox 943 2990 1119 3045; x_wconf 90' lang='lat' dir='ltr'><strong>Deum</strong></span> <span class='ocrx_word' id='word_1_357' title='bbox 1150 2992 1417 3046; x_wconf 88' lang='lat' dir='ltr'><strong>adversus</strong></span> <span class='ocrx_word' id='word_1_358' title='bbox 1438 2989 1578 3063; x_wconf 89' lang='lat' dir='ltr'><strong>[pro]</strong></span> <span class='ocrx_word' id='word_1_359' title='bbox 1601 2991 1796 3055; x_wconf 86' lang='lat' dir='ltr'><strong>Israel,</strong></span> <span class='ocrx_word' id='word_1_360' title='bbox 1820 2991 1875 3045; x_wconf 91' lang='lat' dir='ltr'><strong>id</strong></span> 
     </span>
    </p>
   </div>
   <div class='ocr_carea' id='block_1_43' title="bbox 267 3076 1874 3144">
    <p class='ocr_par' dir='ltr' id='par_1_43' title="bbox 267 3076 1874 3144">
     <span class='ocr_line' id='line_1_43' title="bbox 267 3076 1874 3144; baseline 0.002 -13"><span class='ocrx_word' id='word_1_361' title='bbox 267 3084 347 3131; x_wconf 90' lang='lat' dir='ltr'><strong>est</strong></span> <span class='ocrx_word' id='word_1_362' title='bbox 367 3076 436 3131; x_wconf 90' lang='lat' dir='ltr'><strong>ad</strong></span> <span class='ocrx_word' id='word_1_363' title='bbox 469 3076 869 3132; x_wconf 88' lang='lat' dir='ltr'><strong>damnationem</strong></span> <span class='ocrx_word' id='word_1_364' title='bbox 898 3077 1226 3144; x_wconf 65' lang='lat' dir='ltr'><strong>Judaaorum,</strong></span> <span class='ocrx_word' id='word_1_365' title='bbox 1263 3078 1453 3134; x_wconf 90' lang='lat' dir='ltr'><strong>dicens</strong></span> <span class='ocrx_word' id='word_1_366' title='bbox 1486 3079 1591 3135; x_wconf 93' lang='lat' dir='ltr'><strong>hoc</strong></span> <span class='ocrx_word' id='word_1_367' title='bbox 1620 3078 1675 3133; x_wconf 92' lang='lat' dir='ltr'><strong>in</strong></span> <span class='ocrx_word' id='word_1_368' title='bbox 1714 3080 1874 3135; x_wconf 92' lang='lat' dir='ltr'><strong>tertio</strong></span> 
     </span>
    </p>
   </div>
   <div class='ocr_carea' id='block_1_44' title="bbox 265 3165 1873 3239">
    <p class='ocr_par' dir='ltr' id='par_1_44' title="bbox 265 3165 1873 3239">
     <span class='ocr_line' id='line_1_44' title="bbox 265 3165 1873 3239; baseline 0.004 -19"><span class='ocrx_word' id='word_1_369' title='bbox 265 3165 405 3221; x_wconf 91' lang='lat' dir='ltr'><strong>libro</strong></span> <span class='ocrx_word' id='word_1_370' title='bbox 453 3165 668 3239; x_wconf 81' lang='lat' dir='ltr'><strong>Regum</strong></span> <span class='ocrx_word' id='word_1_371' title='bbox 703 3180 715 3220; x_wconf 93' lang='lat'><strong>:</strong></span> <span class='ocrx_word' id='word_1_372' title='bbox 748 3167 1001 3235; x_wconf 88' lang='lat' dir='ltr'><strong>Domine,</strong></span> <span class='ocrx_word' id='word_1_373' title='bbox 1050 3168 1237 3224; x_wconf 83' lang='lat' dir='ltr'><strong>Achab</strong></span> <span class='ocrx_word' id='word_1_374' title='bbox 1282 3176 1335 3224; x_wconf 92' lang='lat' dir='ltr'><strong>et</strong></span> <span class='ocrx_word' id='word_1_375' title='bbox 1381 3167 1605 3225; x_wconf 86' lang='lat' dir='ltr'><strong>Jezabel</strong></span> <span class='ocrx_word' id='word_1_376' title='bbox 1653 3170 1873 3226; x_wconf 88' lang='lat' dir='ltr'><strong>occide-</strong></span> 
     </span>
    </p>
   </div>
   <div class='ocr_carea' id='block_1_45' title="bbox 265 3255 1876 3329">
    <p class='ocr_par' dir='ltr' id='par_1_45' title="bbox 265 3255 1876 3329">
     <span class='ocr_line' id='line_1_45' title="bbox 265 3255 1876 3329; baseline 0.002 -19"><span class='ocrx_word' id='word_1_377' title='bbox 265 3259 407 3311; x_wconf 89' lang='lat' dir='ltr'><strong>runt</strong></span> <span class='ocrx_word' id='word_1_378' title='bbox 431 3255 737 3327; x_wconf 78' lang='lat' dir='ltr'><strong>prophetas</strong></span> <span class='ocrx_word' id='word_1_379' title='bbox 769 3259 932 3326; x_wconf 89' lang='lat' dir='ltr'><strong>tuos;</strong></span> <span class='ocrx_word' id='word_1_380' title='bbox 962 3258 1323 3329; x_wconf 75' lang='lat' dir='ltr'><strong>suﬁ&#39;oderunt</strong></span> <span class='ocrx_word' id='word_1_381' title='bbox 1351 3258 1510 3313; x_wconf 88' lang='lat' dir='ltr'><strong>etiam</strong></span> <span class='ocrx_word' id='word_1_382' title='bbox 1533 3259 1749 3314; x_wconf 85' lang='lat' dir='ltr'><strong>altaria</strong></span> <span class='ocrx_word' id='word_1_383' title='bbox 1774 3263 1876 3315; x_wconf 87' lang='lat' dir='ltr'><strong>tua</strong></span> 
     </span>
    </p>
   </div>
   <div class='ocr_carea' id='block_1_46' title="bbox 265 3344 1875 3421">
    <p class='ocr_par' dir='ltr' id='par_1_46' title="bbox 265 3344 1875 3421">
     <span class='ocr_line' id='line_1_46' title="bbox 265 3344 1875 3421; baseline 0.003 -24"><span class='ocrx_word' id='word_1_384' title='bbox 265 3344 357 3413; x_wconf 85' lang='lat' dir='ltr'><strong>(III</strong></span> <span class='ocrx_word' id='word_1_385' title='bbox 413 3347 545 3413; x_wconf 84' lang='lat' dir='ltr'><strong>Reg.</strong></span> <span class='ocrx_word' id='word_1_386' title='bbox 600 3359 722 3412; x_wconf 73' lang='lat' dir='ltr'><strong>xxx,</strong></span> <span class='ocrx_word' id='word_1_387' title='bbox 768 3346 879 3417; x_wconf 70' lang='lat'><strong>20).</strong></span> <span class='ocrx_word' id='word_1_388' title='bbox 932 3346 1146 3402; x_wconf 86' lang='lat' dir='ltr'><strong>Fideles</strong></span> <span class='ocrx_word' id='word_1_389' title='bbox 1190 3346 1336 3402; x_wconf 91' lang='lat' dir='ltr'><strong>enim</strong></span> <span class='ocrx_word' id='word_1_390' title='bbox 1395 3348 1464 3402; x_wconf 93' lang='lat' dir='ltr'><strong>de</strong></span> <span class='ocrx_word' id='word_1_391' title='bbox 1524 3347 1694 3403; x_wconf 88' lang='lat' dir='ltr'><strong>Israel</strong></span> <span class='ocrx_word' id='word_1_392' title='bbox 1750 3348 1875 3421; x_wconf 90' lang='lat' dir='ltr'><strong>quia</strong></span> 
     </span>
    </p>
   </div>
   <div class='ocr_carea' id='block_1_47' title="bbox 263 3433 1873 3492">
    <p class='ocr_par' dir='ltr' id='par_1_47' title="bbox 263 3433 1873 3492">
     <span class='ocr_line' id='line_1_47' title="bbox 263 3433 1873 3492; baseline 0.002 -5"><span class='ocrx_word' id='word_1_393' title='bbox 263 3449 371 3489; x_wconf 91' lang='lat' dir='ltr'><strong>non</strong></span> <span class='ocrx_word' id='word_1_394' title='bbox 402 3433 681 3489; x_wconf 89' lang='lat' dir='ltr'><strong>audebant</strong></span> <span class='ocrx_word' id='word_1_395' title='bbox 709 3434 779 3489; x_wconf 93' lang='lat' dir='ltr'><strong>ad</strong></span> <span class='ocrx_word' id='word_1_396' title='bbox 808 3435 1145 3490; x_wconf 88' lang='lat' dir='ltr'><strong>adorandum</strong></span> <span class='ocrx_word' id='word_1_397' title='bbox 1177 3436 1471 3492; x_wconf 89' lang='lat' dir='ltr'><strong>convenire</strong></span> <span class='ocrx_word' id='word_1_398' title='bbox 1508 3436 1565 3490; x_wconf 90' lang='lat' dir='ltr'><strong>in</strong></span> <span class='ocrx_word' id='word_1_399' title='bbox 1612 3437 1873 3492; x_wconf 86' lang='lat' dir='ltr'><strong>Hierusa-</strong></span> 
     </span>
    </p>
   </div>
   <div class='ocr_carea' id='block_1_48' title="bbox 263 3522 1873 3596">
    <p class='ocr_par' dir='ltr' id='par_1_48' title="bbox 263 3522 1873 3596">
     <span class='ocr_line' id='line_1_48' title="bbox 263 3522 1873 3596; baseline 0.002 -18"><span class='ocrx_word' id='word_1_400' title='bbox 263 3522 388 3590; x_wconf 90' lang='lat' dir='ltr'><strong>lem,</strong></span> <span class='ocrx_word' id='word_1_401' title='bbox 424 3523 658 3579; x_wconf 90' lang='lat' dir='ltr'><strong>latenter</strong></span> <span class='ocrx_word' id='word_1_402' title='bbox 688 3523 810 3579; x_wconf 91' lang='lat' dir='ltr'><strong>ideo</strong></span> <span class='ocrx_word' id='word_1_403' title='bbox 839 3523 895 3578; x_wconf 92' lang='lat' dir='ltr'><strong>in</strong></span> <span class='ocrx_word' id='word_1_404' title='bbox 925 3525 1203 3596; x_wconf 90' lang='lat' dir='ltr'><strong>speluncis</strong></span> <span class='ocrx_word' id='word_1_405' title='bbox 1251 3534 1305 3581; x_wconf 90' lang='lat' dir='ltr'><strong>et</strong></span> <span class='ocrx_word' id='word_1_406' title='bbox 1352 3525 1504 3582; x_wconf 89' lang='lat' dir='ltr'><strong>silvis</strong></span> <span class='ocrx_word' id='word_1_407' title='bbox 1545 3534 1873 3583; x_wconf 84' lang='lat' dir='ltr'><strong>construxe-</strong></span> 
     </span>
    </p>
   </div>
   <div class='ocr_carea' id='block_1_49' title="bbox 261 3611 1872 3687">
    <p class='ocr_par' dir='ltr' id='par_1_49' title="bbox 261 3611 1872 3687">
     <span class='ocr_line' id='line_1_49' title="bbox 261 3611 1872 3687; baseline 0.002 -21"><span class='ocrx_word' id='word_1_408' title='bbox 261 3619 377 3667; x_wconf 88' lang='lat' dir='ltr'><strong>rant</strong></span> <span class='ocrx_word' id='word_1_409' title='bbox 406 3627 558 3677; x_wconf 69' lang='lat' dir='ltr'><strong>aras,</strong></span> <span class='ocrx_word' id='word_1_410' title='bbox 591 3611 772 3686; x_wconf 90' lang='lat' dir='ltr'><strong>ibique</strong></span> <span class='ocrx_word' id='word_1_411' title='bbox 831 3613 1218 3681; x_wconf 86' lang='lat' dir='ltr'><strong>immolabant;</strong></span> <span class='ocrx_word' id='word_1_412' title='bbox 1270 3630 1411 3687; x_wconf 89' lang='lat' dir='ltr'><strong>quas</strong></span> <span class='ocrx_word' id='word_1_413' title='bbox 1454 3630 1583 3671; x_wconf 89' lang='lat' dir='ltr'><strong>aras</strong></span> <span class='ocrx_word' id='word_1_414' title='bbox 1627 3616 1793 3671; x_wconf 90' lang='lat' dir='ltr'><strong>etiam</strong></span> <span class='ocrx_word' id='word_1_415' title='bbox 1841 3632 1872 3670; x_wconf 91' lang='lat' dir='ltr'><strong>a</strong></span> 
     </span>
    </p>
   </div>
   <div class='ocr_carea' id='block_1_50' title="bbox 261 3699 1869 3777">
    <p class='ocr_par' dir='ltr' id='par_1_50' title="bbox 261 3699 1869 3777">
     <span class='ocr_line' id='line_1_50' title="bbox 261 3699 1869 3777; baseline 0.004 -22"><span class='ocrx_word' id='word_1_416' title='bbox 261 3699 630 3757; x_wconf 85' lang='lat' dir='ltr'><strong>fundamentis</strong></span> <span class='ocrx_word' id='word_1_417' title='bbox 684 3709 986 3758; x_wconf 81' lang='lat' dir='ltr'><strong>everterant</strong></span> <span class='ocrx_word' id='word_1_418' title='bbox 1043 3703 1350 3760; x_wconf 76' lang='lat' dir='ltr'><strong>idololatrae</strong></span> <span class='ocrx_word' id='word_1_419' title='bbox 1382 3704 1659 3772; x_wconf 61' lang='lat' dir='ltr'><strong>Israelita,</strong></span> <span class='ocrx_word' id='word_1_420' title='bbox 1697 3722 1869 3777; x_wconf 89' lang='lat' dir='ltr'><strong>quos-</strong></span> 
     </span>
    </p>
   </div>
   <div class='ocr_carea' id='block_1_51' title="bbox 264 3790 1870 3863">
    <p class='ocr_par' dir='ltr' id='par_1_51' title="bbox 264 3790 1870 3863">
     <span class='ocr_line' id='line_1_51' title="bbox 264 3790 1870 3863; baseline 0.004 -19"><span class='ocrx_word' id='word_1_421' title='bbox 264 3807 368 3862; x_wconf 91' lang='lat' dir='ltr'><strong>que</strong></span> <span class='ocrx_word' id='word_1_422' title='bbox 398 3790 749 3846; x_wconf 88' lang='lat' dir='ltr'><strong>immolantes</strong></span> <span class='ocrx_word' id='word_1_423' title='bbox 777 3791 1146 3860; x_wconf 83' lang='lat' dir='ltr'><strong>inveniebant,</strong></span> <span class='ocrx_word' id='word_1_424' title='bbox 1179 3792 1520 3849; x_wconf 90' lang='lat' dir='ltr'><strong>occidebant.</strong></span> <span class='ocrx_word' id='word_1_425' title='bbox 1572 3794 1725 3851; x_wconf 85' lang='lat' dir='ltr'><strong>Alios</strong></span> <span class='ocrx_word' id='word_1_426' title='bbox 1756 3796 1870 3863; x_wconf 89' lang='lat' dir='ltr'><strong>(in-</strong></span> 
     </span>
    </p>
   </div>
   <div class='ocr_carea' id='block_1_52' title="bbox 260 3880 1866 3956">
    <p class='ocr_par' dir='ltr' id='par_1_52' title="bbox 260 3880 1866 3956">
     <span class='ocr_line' id='line_1_52' title="bbox 260 3880 1866 3956; baseline 0.004 -23"><span class='ocrx_word' id='word_1_427' title='bbox 260 3880 391 3952; x_wconf 84' lang='lat' dir='ltr'><strong>quit)</strong></span> <span class='ocrx_word' id='word_1_428' title='bbox 440 3881 740 3953; x_wconf 87' lang='lat' dir='ltr'><strong>prophetas</strong></span> <span class='ocrx_word' id='word_1_429' title='bbox 788 3881 1144 3950; x_wconf 88' lang='lat' dir='ltr'><strong>occiderunt;</strong></span> <span class='ocrx_word' id='word_1_430' title='bbox 1192 3887 1249 3939; x_wconf 91' lang='lat' dir='ltr'><strong>et</strong></span> <span class='ocrx_word' id='word_1_431' title='bbox 1294 3900 1389 3956; x_wconf 83' lang='lat' dir='ltr'><strong>ego</strong></span> <span class='ocrx_word' id='word_1_432' title='bbox 1432 3885 1585 3940; x_wconf 89' lang='lat' dir='ltr'><strong>solus</strong></span> <span class='ocrx_word' id='word_1_433' title='bbox 1628 3885 1866 3941; x_wconf 87' lang='lat' dir='ltr'><strong>relictus</strong></span> 
     </span>
    </p>
   </div>
   <div class='ocr_carea' id='block_1_53' title="bbox 260 3970 1861 4045">
    <p class='ocr_par' dir='ltr' id='par_1_53' title="bbox 260 3970 1861 4045">
     <span class='ocr_line' id='line_1_53' title="bbox 260 3970 1861 4045; baseline 0.003 -20"><span class='ocrx_word' id='word_1_434' title='bbox 260 3986 382 4025; x_wconf 87' lang='lat' dir='ltr'><strong>sum</strong></span> <span class='ocrx_word' id='word_1_435' title='bbox 404 3970 457 4023; x_wconf 93' lang='lat' dir='ltr'><strong>in</strong></span> <span class='ocrx_word' id='word_1_436' title='bbox 494 3970 641 4025; x_wconf 89' lang='lat' dir='ltr'><strong>cultu</strong></span> <span class='ocrx_word' id='word_1_437' title='bbox 668 3970 786 4037; x_wconf 91' lang='lat' dir='ltr'><strong>Dei,</strong></span> <span class='ocrx_word' id='word_1_438' title='bbox 811 3975 867 4026; x_wconf 91' lang='lat' dir='ltr'><strong>et</strong></span> <span class='ocrx_word' id='word_1_439' title='bbox 887 3971 1067 4027; x_wconf 90' lang='lat' dir='ltr'><strong>adhuc</strong></span> <span class='ocrx_word' id='word_1_440' title='bbox 1088 3977 1352 4045; x_wconf 61' lang='lat' dir='ltr'><strong>quierunt</strong></span> <span class='ocrx_word' id='word_1_441' title='bbox 1374 3975 1633 4029; x_wconf 82' lang='lat' dir='ltr'><strong>animum</strong></span> <span class='ocrx_word' id='word_1_442' title='bbox 1653 3991 1861 4041; x_wconf 87' lang='lat' dir='ltr'><strong>meam,</strong></span> 
     </span>
    </p>
   </div>
   <div class='ocr_carea' id='block_1_54' title="bbox 256 4058 1864 4137">
    <p class='ocr_par' dir='ltr' id='par_1_54' title="bbox 256 4058 1864 4137">
     <span class='ocr_line' id='line_1_54' title="bbox 256 4058 1864 4137; baseline 0.004 -24"><span class='ocrx_word' id='word_1_443' title='bbox 256 4066 311 4113; x_wconf 89' lang='lat' dir='ltr'><strong>ut</strong></span> <span class='ocrx_word' id='word_1_444' title='bbox 340 4076 428 4115; x_wconf 90' lang='lat' dir='ltr'><strong>me</strong></span> <span class='ocrx_word' id='word_1_445' title='bbox 459 4075 584 4116; x_wconf 91' lang='lat' dir='ltr'><strong>cum</strong></span> <span class='ocrx_word' id='word_1_446' title='bbox 614 4058 733 4114; x_wconf 91' lang='lat' dir='ltr'><strong>aliis</strong></span> <span class='ocrx_word' id='word_1_447' title='bbox 762 4059 1099 4117; x_wconf 83' lang='lat' dir='ltr'><strong>interﬁciant.</strong></span> <span class='ocrx_word' id='word_1_448' title='bbox 1148 4061 1238 4118; x_wconf 93' lang='lat' dir='ltr'><strong>Sic</strong></span> <span class='ocrx_word' id='word_1_449' title='bbox 1266 4061 1341 4117; x_wconf 91' lang='lat' dir='ltr'><strong>ait</strong></span> <span class='ocrx_word' id='word_1_450' title='bbox 1369 4062 1517 4117; x_wconf 90' lang='lat' dir='ltr'><strong>Elias</strong></span> <span class='ocrx_word' id='word_1_451' title='bbox 1553 4079 1566 4118; x_wconf 91' lang='lat'><strong>:</strong></span> <span class='ocrx_word' id='word_1_452' title='bbox 1599 4064 1704 4119; x_wconf 89' lang='lat' dir='ltr'><strong>Sed</strong></span> <span class='ocrx_word' id='word_1_453' title='bbox 1732 4065 1864 4137; x_wconf 89' lang='lat' dir='ltr'><strong>quid</strong></span> 
     </span>
    </p>
   </div>
   <div class='ocr_carea' id='block_1_55' title="bbox 258 4148 1864 4223">
    <p class='ocr_par' dir='ltr' id='par_1_55' title="bbox 258 4148 1864 4223">
     <span class='ocr_line' id='line_1_55' title="bbox 258 4148 1864 4223; baseline 0.004 -19"><span class='ocrx_word' id='word_1_454' title='bbox 258 4148 393 4205; x_wconf 86' lang='lat' dir='ltr'><strong>dicit</strong></span> <span class='ocrx_word' id='word_1_455' title='bbox 421 4151 518 4206; x_wconf 88' lang='lat' dir='ltr'><strong>illi</strong></span> <span class='ocrx_word' id='word_1_456' title='bbox 546 4150 799 4206; x_wconf 87' lang='lat' dir='ltr'><strong>divinum</strong></span> <span class='ocrx_word' id='word_1_457' title='bbox 824 4166 1152 4222; x_wconf 86' lang='lat' dir='ltr'><strong>responsum</strong></span> <span class='ocrx_word' id='word_1_458' title='bbox 1169 4151 1197 4205; x_wconf 87' lang='lat'><strong>?</strong></span> <span class='ocrx_word' id='word_1_459' title='bbox 1218 4152 1331 4207; x_wconf 84' lang='lat' dir='ltr'><strong>Hoc</strong></span> <span class='ocrx_word' id='word_1_460' title='bbox 1351 4152 1535 4223; x_wconf 86' lang='lat' dir='ltr'><strong>utique</strong></span> <span class='ocrx_word' id='word_1_461' title='bbox 1557 4168 1569 4206; x_wconf 89' lang='lat'><strong>:</strong></span> <span class='ocrx_word' id='word_1_462' title='bbox 1594 4153 1713 4223; x_wconf 85' lang='lat' dir='ltr'><strong>Ego</strong></span> <span class='ocrx_word' id='word_1_463' title='bbox 1734 4155 1864 4209; x_wconf 82' lang='lat' dir='ltr'><strong>reli-</strong></span> 
     </span>
    </p>
   </div>
   <div class='ocr_carea' id='block_1_56' title="bbox 256 4239 1864 4315">
    <p class='ocr_par' dir='ltr' id='par_1_56' title="bbox 256 4239 1864 4315">
     <span class='ocr_line' id='line_1_56' title="bbox 256 4239 1864 4315; baseline 0.003 -21"><span class='ocrx_word' id='word_1_464' title='bbox 256 4240 364 4311; x_wconf 88' lang='lat' dir='ltr'><strong>qui,</strong></span> <span class='ocrx_word' id='word_1_465' title='bbox 399 4239 454 4294; x_wconf 92' lang='lat' dir='ltr'><strong>id</strong></span> <span class='ocrx_word' id='word_1_466' title='bbox 486 4247 570 4294; x_wconf 90' lang='lat' dir='ltr'><strong>est</strong></span> <span class='ocrx_word' id='word_1_467' title='bbox 588 4239 862 4295; x_wconf 86' lang='lat' dir='ltr'><strong>reservavi</strong></span> <span class='ocrx_word' id='word_1_468' title='bbox 881 4240 1250 4314; x_wconf 86' lang='lat' dir='ltr'><strong>mihiseptem</strong></span> <span class='ocrx_word' id='word_1_469' title='bbox 1272 4242 1459 4297; x_wconf 85' lang='lat' dir='ltr'><strong>millia</strong></span> <span class='ocrx_word' id='word_1_470' title='bbox 1478 4244 1746 4308; x_wconf 84' lang='lat' dir='ltr'><strong>virorum,</strong></span> <span class='ocrx_word' id='word_1_471' title='bbox 1763 4244 1864 4315; x_wconf 91' lang='lat' dir='ltr'><strong>qui</strong></span> 
     </span>
    </p>
   </div>
   <div class='ocr_carea' id='block_1_57' title="bbox 259 4331 1857 4403">
    <p class='ocr_par' dir='ltr' id='par_1_57' title="bbox 259 4331 1857 4403">
     <span class='ocr_line' id='line_1_57' title="bbox 259 4331 1857 4403; baseline 0.002 -20"><span class='ocrx_word' id='word_1_472' title='bbox 259 4345 369 4383; x_wconf 89' lang='lat' dir='ltr'><strong>non</strong></span> <span class='ocrx_word' id='word_1_473' title='bbox 398 4333 780 4385; x_wconf 75' lang='lat' dir='ltr'><strong>curvaverant</strong></span> <span class='ocrx_word' id='word_1_474' title='bbox 806 4345 992 4399; x_wconf 88' lang='lat' dir='ltr'><strong>genua</strong></span> <span class='ocrx_word' id='word_1_475' title='bbox 1021 4334 1157 4386; x_wconf 87' lang='lat' dir='ltr'><strong>ante</strong></span> <span class='ocrx_word' id='word_1_476' title='bbox 1190 4332 1346 4396; x_wconf 87' lang='lat' dir='ltr'><strong>Baal,</strong></span> <span class='ocrx_word' id='word_1_477' title='bbox 1379 4331 1435 4385; x_wconf 90' lang='lat' dir='ltr'><strong>id</strong></span> <span class='ocrx_word' id='word_1_478' title='bbox 1481 4339 1566 4386; x_wconf 90' lang='lat' dir='ltr'><strong>est</strong></span> <span class='ocrx_word' id='word_1_479' title='bbox 1613 4332 1704 4403; x_wconf 90' lang='lat' dir='ltr'><strong>qui</strong></span> <span class='ocrx_word' id='word_1_480' title='bbox 1747 4348 1857 4386; x_wconf 89' lang='lat' dir='ltr'><strong>non</strong></span> 
     </span>
    </p>
   </div>
   <div class='ocr_carea' id='block_1_58' title="bbox 261 4417 1857 4491">
    <p class='ocr_par' dir='ltr' id='par_1_58' title="bbox 261 4417 1857 4491">
     <span class='ocr_line' id='line_1_58' title="bbox 261 4417 1857 4491; baseline 0.003 -20"><span class='ocrx_word' id='word_1_481' title='bbox 261 4418 623 4473; x_wconf 86' lang='lat' dir='ltr'><strong>adoraverunt</strong></span> <span class='ocrx_word' id='word_1_482' title='bbox 653 4417 813 4473; x_wconf 89' lang='lat' dir='ltr'><strong>idola.</strong></span> <span class='ocrx_word' id='word_1_483' title='bbox 846 4420 967 4474; x_wconf 89' lang='lat' dir='ltr'><strong>Non</strong></span> <span class='ocrx_word' id='word_1_484' title='bbox 999 4419 1123 4474; x_wconf 91' lang='lat' dir='ltr'><strong>ideo</strong></span> <span class='ocrx_word' id='word_1_485' title='bbox 1171 4419 1300 4474; x_wconf 89' lang='lat' dir='ltr'><strong>dicit</strong></span> <span class='ocrx_word' id='word_1_486' title='bbox 1348 4428 1559 4491; x_wconf 89' lang='lat' dir='ltr'><strong>septem</strong></span> <span class='ocrx_word' id='word_1_487' title='bbox 1600 4420 1772 4476; x_wconf 90' lang='lat' dir='ltr'><strong>millia</strong></span> <span class='ocrx_word' id='word_1_488' title='bbox 1799 4428 1857 4475; x_wconf 87' lang='lat' dir='ltr'><strong>ut</strong></span> 
     </span>
    </p>
   </div>
   <div class='ocr_carea' id='block_1_59' title="bbox 256 4507 1854 4583">
    <p class='ocr_par' dir='ltr' id='par_1_59' title="bbox 256 4507 1854 4583">
     <span class='ocr_line' id='line_1_59' title="bbox 256 4507 1854 4583; baseline 0.003 -22"><span class='ocrx_word' id='word_1_489' title='bbox 256 4507 338 4563; x_wconf 90' lang='lat' dir='ltr'><strong>hic</strong></span> <span class='ocrx_word' id='word_1_490' title='bbox 367 4524 632 4563; x_wconf 91' lang='lat' dir='ltr'><strong>numerus</strong></span> <span class='ocrx_word' id='word_1_491' title='bbox 654 4508 1050 4563; x_wconf 85' lang='lat' dir='ltr'><strong>determinatus</strong></span> <span class='ocrx_word' id='word_1_492' title='bbox 1079 4517 1224 4564; x_wconf 91' lang='lat' dir='ltr'><strong>esset</strong></span> <span class='ocrx_word' id='word_1_493' title='bbox 1251 4509 1307 4563; x_wconf 91' lang='lat' dir='ltr'><strong>in</strong></span> <span class='ocrx_word' id='word_1_494' title='bbox 1337 4509 1465 4575; x_wconf 91' lang='lat' dir='ltr'><strong>illis,</strong></span> <span class='ocrx_word' id='word_1_495' title='bbox 1500 4511 1647 4582; x_wconf 92' lang='lat' dir='ltr'><strong>quod</strong></span> <span class='ocrx_word' id='word_1_496' title='bbox 1675 4527 1854 4583; x_wconf 88' lang='lat' dir='ltr'><strong>neque</strong></span> 
     </span>
    </p>
   </div>
   <div class='ocr_carea' id='block_1_60' title="bbox 1989 1913 3598 1987">
    <p class='ocr_par' dir='ltr' id='par_1_60' title="bbox 1989 1913 3598 1987">
     <span class='ocr_line' id='line_1_60' title="bbox 1989 1913 3598 1987; baseline 0.002 -19"><span class='ocrx_word' id='word_1_497' title='bbox 1989 1913 2129 1969; x_wconf 90' lang='lat' dir='ltr'><strong>viter</strong></span> <span class='ocrx_word' id='word_1_498' title='bbox 2159 1914 2387 1987; x_wconf 84' lang='lat' dir='ltr'><strong>colligit,</strong></span> <span class='ocrx_word' id='word_1_499' title='bbox 2421 1922 2480 1969; x_wconf 92' lang='lat' dir='ltr'><strong>ut</strong></span> <span class='ocrx_word' id='word_1_500' title='bbox 2508 1915 2717 1987; x_wconf 90' lang='lat' dir='ltr'><strong>aperiat</strong></span> <span class='ocrx_word' id='word_1_501' title='bbox 2747 1915 2895 1987; x_wconf 92' lang='lat' dir='ltr'><strong>quod</strong></span> <span class='ocrx_word' id='word_1_502' title='bbox 2926 1932 3027 1987; x_wconf 92' lang='lat' dir='ltr'><strong>per</strong></span> <span class='ocrx_word' id='word_1_503' title='bbox 3069 1916 3192 1971; x_wconf 91' lang='lat' dir='ltr'><strong>illas</strong></span> <span class='ocrx_word' id='word_1_504' title='bbox 3247 1916 3598 1973; x_wconf 88' lang='lat' dir='ltr'><strong>auctoritates</strong></span> 
     </span>
    </p>
   </div>
   <div class='ocr_carea' id='block_1_61' title="bbox 1986 2002 3599 2076">
    <p class='ocr_par' dir='ltr' id='par_1_61' title="bbox 1986 2002 3599 2076">
     <span class='ocr_line' id='line_1_61' title="bbox 1986 2002 3599 2076; baseline 0.001 -19"><span class='ocrx_word' id='word_1_505' title='bbox 1986 2002 2321 2073; x_wconf 91' lang='lat' dir='ltr'><strong>intendebat,</strong></span> <span class='ocrx_word' id='word_1_506' title='bbox 2356 2004 2545 2060; x_wconf 89' lang='lat' dir='ltr'><strong>dicens</strong></span> <span class='ocrx_word' id='word_1_507' title='bbox 2576 2023 2590 2059; x_wconf 89' lang='lat'><strong>:</strong></span> <span class='ocrx_word' id='word_1_508' title='bbox 2624 2003 2765 2075; x_wconf 88' lang='lat' dir='ltr'><strong>Quia</strong></span> <span class='ocrx_word' id='word_1_509' title='bbox 2820 2005 3072 2076; x_wconf 88' lang='lat' dir='ltr'><strong>superius</strong></span> <span class='ocrx_word' id='word_1_510' title='bbox 3116 2005 3245 2071; x_wconf 84' lang='lat' dir='ltr'><strong>dixi,</strong></span> <span class='ocrx_word' id='word_1_511' title='bbox 3298 2006 3599 2062; x_wconf 87' lang='lat' dir='ltr'><strong>secundum</strong></span> 
     </span>
    </p>
   </div>
   <div class='ocr_carea' id='block_1_62' title="bbox 1988 2092 3594 2160">
    <p class='ocr_par' dir='ltr' id='par_1_62' title="bbox 1988 2092 3594 2160">
     <span class='ocr_line' id='line_1_62' title="bbox 1988 2092 3594 2160; baseline 0.002 -14"><span class='ocrx_word' id='word_1_512' title='bbox 1988 2092 2181 2147; x_wconf 88' lang='lat' dir='ltr'><strong>Isaiam</strong></span> <span class='ocrx_word' id='word_1_513' title='bbox 2219 2093 2440 2149; x_wconf 75' lang='lat' dir='ltr'><strong>Iudaeos</strong></span> <span class='ocrx_word' id='word_1_514' title='bbox 2486 2109 2595 2149; x_wconf 90' lang='lat' dir='ltr'><strong>non</strong></span> <span class='ocrx_word' id='word_1_515' title='bbox 2644 2093 2956 2160; x_wconf 87' lang='lat' dir='ltr'><strong>credentes,</strong></span> <span class='ocrx_word' id='word_1_516' title='bbox 3000 2095 3101 2150; x_wconf 90' lang='lat' dir='ltr'><strong>sed</strong></span> <span class='ocrx_word' id='word_1_517' title='bbox 3139 2095 3594 2151; x_wconf 88' lang='lat' dir='ltr'><strong>contradicentes.</strong></span> 
     </span>
    </p>
   </div>
   <div class='ocr_carea' id='block_1_63' title="bbox 1986 2180 3597 2255">
    <p class='ocr_par' dir='ltr' id='par_1_63' title="bbox 1986 2180 3597 2255">
     <span class='ocr_line' id='line_1_63' title="bbox 1986 2180 3597 2255; baseline 0.002 -20"><span class='ocrx_word' id='word_1_518' title='bbox 1986 2180 2108 2236; x_wconf 87' lang='lat' dir='ltr'><strong>Dixi</strong></span> <span class='ocrx_word' id='word_1_519' title='bbox 2138 2181 2338 2237; x_wconf 90' lang='lat' dir='ltr'><strong>iterum</strong></span> <span class='ocrx_word' id='word_1_520' title='bbox 2366 2183 2667 2239; x_wconf 90' lang='lat' dir='ltr'><strong>secundum</strong></span> <span class='ocrx_word' id='word_1_521' title='bbox 2698 2184 2952 2239; x_wconf 90' lang='lat' dir='ltr'><strong>eumdem</strong></span> <span class='ocrx_word' id='word_1_522' title='bbox 2978 2183 3240 2255; x_wconf 88' lang='lat' dir='ltr'><strong>reliquias</strong></span> <span class='ocrx_word' id='word_1_523' title='bbox 3281 2184 3597 2240; x_wconf 65' lang='lat' dir='ltr'><strong>Judmorum</strong></span> 
     </span>
    </p>
   </div>
   <div class='ocr_carea' id='block_1_64' title="bbox 1985 2270 3594 2346">
    <p class='ocr_par' dir='ltr' id='par_1_64' title="bbox 1985 2270 3594 2346">
     <span class='ocr_line' id='line_1_64' title="bbox 1985 2270 3594 2346; baseline 0.002 -21"><span class='ocrx_word' id='word_1_524' title='bbox 1985 2287 2110 2326; x_wconf 89' lang='lat' dir='ltr'><strong>esse</strong></span> <span class='ocrx_word' id='word_1_525' title='bbox 2142 2270 2396 2327; x_wconf 89' lang='lat' dir='ltr'><strong>salvatas.</strong></span> <span class='ocrx_word' id='word_1_526' title='bbox 2432 2273 2581 2346; x_wconf 88' lang='lat' dir='ltr'><strong>Ergo</strong></span> <span class='ocrx_word' id='word_1_527' title='bbox 2611 2272 2739 2344; x_wconf 89' lang='lat' dir='ltr'><strong>quid</strong></span> <span class='ocrx_word' id='word_1_528' title='bbox 2768 2288 2834 2328; x_wconf 87' lang='lat' dir='ltr'><strong>ex</strong></span> <span class='ocrx_word' id='word_1_529' title='bbox 2864 2272 2950 2327; x_wconf 90' lang='lat' dir='ltr'><strong>his</strong></span> <span class='ocrx_word' id='word_1_530' title='bbox 2978 2273 3138 2329; x_wconf 90' lang='lat' dir='ltr'><strong>dictis</strong></span> <span class='ocrx_word' id='word_1_531' title='bbox 3168 2289 3291 2345; x_wconf 64' lang='lat' dir='ltr'><strong>qua:</strong></span> <span class='ocrx_word' id='word_1_532' title='bbox 3339 2272 3445 2327; x_wconf 88' lang='lat' dir='ltr'><strong>sibi</strong></span> <span class='ocrx_word' id='word_1_533' title='bbox 3488 2274 3594 2329; x_wconf 92' lang='lat' dir='ltr'><strong>ob-</strong></span> 
     </span>
    </p>
   </div>
   <div class='ocr_carea' id='block_1_65' title="bbox 1982 2356 3592 2435">
    <p class='ocr_par' dir='ltr' id='par_1_65' title="bbox 1982 2356 3592 2435">
     <span class='ocr_line' id='line_1_65' title="bbox 1982 2356 3592 2435; baseline 0.001 -20"><span class='ocrx_word' id='word_1_534' title='bbox 1982 2360 2131 2417; x_wconf 89' lang='lat' dir='ltr'><strong>viare</strong></span> <span class='ocrx_word' id='word_1_535' title='bbox 2157 2360 2414 2416; x_wconf 88' lang='lat' dir='ltr'><strong>videntur</strong></span> <span class='ocrx_word' id='word_1_536' title='bbox 2440 2361 2764 2433; x_wconf 89' lang='lat' dir='ltr'><strong>colligemus</strong></span> <span class='ocrx_word' id='word_1_537' title='bbox 2785 2362 2813 2416; x_wconf 66' lang='lat'><strong><em>7</em></strong></span> <span class='ocrx_word' id='word_1_538' title='bbox 2842 2363 2957 2419; x_wconf 88' lang='lat' dir='ltr'><strong>Hoc</strong></span> <span class='ocrx_word' id='word_1_539' title='bbox 2985 2362 3172 2434; x_wconf 90' lang='lat' dir='ltr'><strong>utique</strong></span> <span class='ocrx_word' id='word_1_540' title='bbox 3202 2356 3449 2418; x_wconf 86' lang='lat' dir='ltr'><strong>dicemus</strong></span> <span class='ocrx_word' id='word_1_541' title='bbox 3466 2362 3592 2435; x_wconf 83' lang='lat' dir='ltr'><strong>quia</strong></span> 
     </span>
    </p>
   </div>
   <div class='ocr_carea' id='block_1_66' title="bbox 1982 2450 3593 2524">
    <p class='ocr_par' dir='ltr' id='par_1_66' title="bbox 1982 2450 3593 2524">
     <span class='ocr_line' id='line_1_66' title="bbox 1982 2450 3593 2524; baseline 0.001 -18"><span class='ocrx_word' id='word_1_542' title='bbox 1982 2450 2125 2522; x_wconf 86' lang='lat' dir='ltr'><strong>quod</strong></span> <span class='ocrx_word' id='word_1_543' title='bbox 2144 2452 2427 2524; x_wconf 75' lang='lat' dir='ltr'><strong>qucerebat</strong></span> <span class='ocrx_word' id='word_1_544' title='bbox 2455 2452 2652 2517; x_wconf 84' lang='lat' dir='ltr'><strong>Israel,</strong></span> <span class='ocrx_word' id='word_1_545' title='bbox 2684 2450 2739 2505; x_wconf 91' lang='lat' dir='ltr'><strong>id</strong></span> <span class='ocrx_word' id='word_1_546' title='bbox 2769 2459 2851 2507; x_wconf 90' lang='lat' dir='ltr'><strong>est</strong></span> <span class='ocrx_word' id='word_1_547' title='bbox 2878 2452 3140 2507; x_wconf 76' lang='lat' dir='ltr'><strong>Iudaicus</strong></span> <span class='ocrx_word' id='word_1_548' title='bbox 3196 2450 3432 2523; x_wconf 88' lang='lat' dir='ltr'><strong>populus</strong></span> <span class='ocrx_word' id='word_1_549' title='bbox 3478 2461 3593 2507; x_wconf 88' lang='lat' dir='ltr'><strong>sta-</strong></span> 
     </span>
    </p>
   </div>
   <div class='ocr_carea' id='block_1_67' title="bbox 1981 2539 3595 2609">
    <p class='ocr_par' dir='ltr' id='par_1_67' title="bbox 1981 2539 3595 2609">
     <span class='ocr_line' id='line_1_67' title="bbox 1981 2539 3595 2609; baseline 0.003 -16"><span class='ocrx_word' id='word_1_550' title='bbox 1981 2546 2150 2607; x_wconf 90' lang='lat' dir='ltr'><strong>tuere,</strong></span> <span class='ocrx_word' id='word_1_551' title='bbox 2185 2539 2393 2596; x_wconf 84' lang='lat' dir='ltr'><strong>scilicet</strong></span> <span class='ocrx_word' id='word_1_552' title='bbox 2417 2539 2682 2609; x_wconf 89' lang='lat' dir='ltr'><strong>justitiam</strong></span> <span class='ocrx_word' id='word_1_553' title='bbox 2713 2555 2891 2608; x_wconf 90' lang='lat' dir='ltr'><strong>suam,</strong></span> <span class='ocrx_word' id='word_1_554' title='bbox 2936 2548 2989 2596; x_wconf 92' lang='lat' dir='ltr'><strong>et</strong></span> <span class='ocrx_word' id='word_1_555' title='bbox 3019 2540 3074 2595; x_wconf 88' lang='lat' dir='ltr'><strong>in</strong></span> <span class='ocrx_word' id='word_1_556' title='bbox 3102 2556 3171 2596; x_wconf 89' lang='lat' dir='ltr'><strong>ea</strong></span> <span class='ocrx_word' id='word_1_557' title='bbox 3218 2540 3437 2608; x_wconf 87' lang='lat' dir='ltr'><strong>salvari,</strong></span> <span class='ocrx_word' id='word_1_558' title='bbox 3489 2541 3595 2598; x_wconf 92' lang='lat' dir='ltr'><strong>hoc</strong></span> 
     </span>
    </p>
   </div>
   <div class='ocr_carea' id='block_1_68' title="bbox 1976 2629 3584 2697">
    <p class='ocr_par' dir='ltr' id='par_1_68' title="bbox 1976 2629 3584 2697">
     <span class='ocr_line' id='line_1_68' title="bbox 1976 2629 3584 2697; baseline 0.002 -14"><span class='ocrx_word' id='word_1_559' title='bbox 1976 2643 2095 2683; x_wconf 90' lang='lat' dir='ltr'><strong>non</strong></span> <span class='ocrx_word' id='word_1_560' title='bbox 2112 2632 2194 2683; x_wconf 85' lang='lat' dir='ltr'><strong>est</strong></span> <span class='ocrx_word' id='word_1_561' title='bbox 2207 2630 2749 2685; x_wconf 72' lang='lat' dir='ltr'><strong>consecutustrael</strong></span> <span class='ocrx_word' id='word_1_562' title='bbox 2779 2629 2833 2684; x_wconf 90' lang='lat' dir='ltr'><strong>in</strong></span> <span class='ocrx_word' id='word_1_563' title='bbox 2856 2638 2967 2685; x_wconf 91' lang='lat' dir='ltr'><strong>toto</strong></span> <span class='ocrx_word' id='word_1_564' title='bbox 2984 2646 3099 2687; x_wconf 90' lang='lat' dir='ltr'><strong>non</strong></span> <span class='ocrx_word' id='word_1_565' title='bbox 3120 2635 3209 2686; x_wconf 88' lang='lat' dir='ltr'><strong>est</strong></span> <span class='ocrx_word' id='word_1_566' title='bbox 3226 2634 3584 2697; x_wconf 83' lang='lat' dir='ltr'><strong>consecutus,</strong></span> 
     </span>
    </p>
   </div>
   <div class='ocr_carea' id='block_1_69' title="bbox 1978 2716 3591 2793">
    <p class='ocr_par' dir='ltr' id='par_1_69' title="bbox 1978 2716 3591 2793">
     <span class='ocr_line' id='line_1_69' title="bbox 1978 2716 3591 2793; baseline 0.003 -23"><span class='ocrx_word' id='word_1_567' title='bbox 1978 2716 2075 2771; x_wconf 86' lang='lat' dir='ltr'><strong>sed</strong></span> <span class='ocrx_word' id='word_1_568' title='bbox 2102 2718 2304 2773; x_wconf 88' lang='lat' dir='ltr'><strong>electio</strong></span> <span class='ocrx_word' id='word_1_569' title='bbox 2332 2722 2637 2774; x_wconf 86' lang='lat' dir='ltr'><strong>consecuta</strong></span> <span class='ocrx_word' id='word_1_570' title='bbox 2668 2722 2776 2785; x_wconf 88' lang='lat' dir='ltr'><strong>est,</strong></span> <span class='ocrx_word' id='word_1_571' title='bbox 2809 2718 2863 2773; x_wconf 92' lang='lat' dir='ltr'><strong>id</strong></span> <span class='ocrx_word' id='word_1_572' title='bbox 2892 2726 2976 2773; x_wconf 91' lang='lat' dir='ltr'><strong>est</strong></span> <span class='ocrx_word' id='word_1_573' title='bbox 3005 2719 3058 2773; x_wconf 88' lang='lat' dir='ltr'><strong>hi</strong></span> <span class='ocrx_word' id='word_1_574' title='bbox 3090 2735 3228 2791; x_wconf 89' lang='lat' dir='ltr'><strong>quos</strong></span> <span class='ocrx_word' id='word_1_575' title='bbox 3257 2720 3405 2774; x_wconf 89' lang='lat' dir='ltr'><strong>Deus</strong></span> <span class='ocrx_word' id='word_1_576' title='bbox 3421 2719 3591 2793; x_wconf 91' lang='lat' dir='ltr'><strong>elegit</strong></span> 
     </span>
    </p>
   </div>
   <div class='ocr_carea' id='block_1_70' title="bbox 1978 2805 3586 2866">
    <p class='ocr_par' dir='ltr' id='par_1_70' title="bbox 1978 2805 3586 2866">
     <span class='ocr_line' id='line_1_70' title="bbox 1978 2805 3586 2866; baseline 0.004 -6"><span class='ocrx_word' id='word_1_577' title='bbox 1978 2805 2048 2860; x_wconf 90' lang='lat' dir='ltr'><strong>de</strong></span> <span class='ocrx_word' id='word_1_578' title='bbox 2080 2806 2249 2861; x_wconf 87' lang='lat' dir='ltr'><strong>Israel</strong></span> <span class='ocrx_word' id='word_1_579' title='bbox 2285 2806 2565 2863; x_wconf 90' lang='lat' dir='ltr'><strong>consecuti</strong></span> <span class='ocrx_word' id='word_1_580' title='bbox 2612 2816 2739 2862; x_wconf 92' lang='lat' dir='ltr'><strong>sunt</strong></span> <span class='ocrx_word' id='word_1_581' title='bbox 2792 2808 3165 2864; x_wconf 90' lang='lat' dir='ltr'><strong>salvationem.</strong></span> <span class='ocrx_word' id='word_1_582' title='bbox 3212 2810 3416 2866; x_wconf 62' lang='lat' dir='ltr'><strong>Crateri</strong></span> <span class='ocrx_word' id='word_1_583' title='bbox 3460 2826 3586 2866; x_wconf 89' lang='lat' dir='ltr'><strong>vero</strong></span> 
     </span>
    </p>
   </div>
   <div class='ocr_carea' id='block_1_71' title="bbox 1977 2895 3586 2966">
    <p class='ocr_par' dir='ltr' id='par_1_71' title="bbox 1977 2895 3586 2966">
     <span class='ocr_line' id='line_1_71' title="bbox 1977 2895 3586 2966; baseline 0.002 -17"><span class='ocrx_word' id='word_1_584' title='bbox 1977 2895 2070 2966; x_wconf 91' lang='lat' dir='ltr'><strong>qui</strong></span> <span class='ocrx_word' id='word_1_585' title='bbox 2097 2911 2209 2950; x_wconf 91' lang='lat' dir='ltr'><strong>non</strong></span> <span class='ocrx_word' id='word_1_586' title='bbox 2242 2904 2365 2951; x_wconf 89' lang='lat' dir='ltr'><strong>sunt</strong></span> <span class='ocrx_word' id='word_1_587' title='bbox 2395 2896 2575 2963; x_wconf 90' lang='lat' dir='ltr'><strong>electi,</strong></span> <span class='ocrx_word' id='word_1_588' title='bbox 2609 2913 2720 2953; x_wconf 91' lang='lat' dir='ltr'><strong>non</strong></span> <span class='ocrx_word' id='word_1_589' title='bbox 2751 2897 2929 2953; x_wconf 89' lang='lat' dir='ltr'><strong>solum</strong></span> <span class='ocrx_word' id='word_1_590' title='bbox 2965 2913 3075 2953; x_wconf 90' lang='lat' dir='ltr'><strong>non</strong></span> <span class='ocrx_word' id='word_1_591' title='bbox 3123 2898 3403 2954; x_wconf 89' lang='lat' dir='ltr'><strong>consecuti</strong></span> <span class='ocrx_word' id='word_1_592' title='bbox 3434 2906 3586 2965; x_wconf 90' lang='lat' dir='ltr'><strong>sunt,</strong></span> 
     </span>
    </p>
   </div>
   <div class='ocr_carea' id='block_1_72' title="bbox 1976 2984 3589 3060">
    <p class='ocr_par' dir='ltr' id='par_1_72' title="bbox 1976 2984 3589 3060">
     <span class='ocr_line' id='line_1_72' title="bbox 1976 2984 3589 3060; baseline 0.002 -22"><span class='ocrx_word' id='word_1_593' title='bbox 1976 2984 2075 3039; x_wconf 91' lang='lat' dir='ltr'><strong>sed</strong></span> <span class='ocrx_word' id='word_1_594' title='bbox 2105 2984 2268 3040; x_wconf 89' lang='lat' dir='ltr'><strong>etiam</strong></span> <span class='ocrx_word' id='word_1_595' title='bbox 2298 2989 2437 3042; x_wconf 87' lang='lat' dir='ltr'><strong>sunt</strong></span> <span class='ocrx_word' id='word_1_596' title='bbox 2459 2987 2831 3042; x_wconf 71' lang='lat' dir='ltr'><strong>excwcatiEt</strong></span> <span class='ocrx_word' id='word_1_597' title='bbox 2848 2988 2955 3043; x_wconf 90' lang='lat' dir='ltr'><strong>hoc</strong></span> <span class='ocrx_word' id='word_1_598' title='bbox 2975 2987 3100 3043; x_wconf 92' lang='lat' dir='ltr'><strong>dico</strong></span> <span class='ocrx_word' id='word_1_599' title='bbox 3129 2990 3281 3044; x_wconf 89' lang='lat' dir='ltr'><strong>sicut</strong></span> <span class='ocrx_word' id='word_1_600' title='bbox 3308 2988 3589 3060; x_wconf 87' lang='lat' dir='ltr'><strong>scriptum</strong></span> 
     </span>
    </p>
   </div>
   <div class='ocr_carea' id='block_1_73' title="bbox 1975 3073 3588 3143">
    <p class='ocr_par' dir='ltr' id='par_1_73' title="bbox 1975 3073 3588 3143">
     <span class='ocr_line' id='line_1_73' title="bbox 1975 3073 3588 3143; baseline 0.002 -14"><span class='ocrx_word' id='word_1_601' title='bbox 1975 3078 2063 3129; x_wconf 86' lang='lat' dir='ltr'><strong>est</strong></span> <span class='ocrx_word' id='word_1_602' title='bbox 2095 3073 2151 3128; x_wconf 90' lang='lat' dir='ltr'><strong>in</strong></span> <span class='ocrx_word' id='word_1_603' title='bbox 2182 3074 2357 3142; x_wconf 87' lang='lat' dir='ltr'><strong>Isaia;</strong></span> <span class='ocrx_word' id='word_1_604' title='bbox 2391 3074 2517 3131; x_wconf 92' lang='lat' dir='ltr'><strong>licet</strong></span> <span class='ocrx_word' id='word_1_605' title='bbox 2547 3075 2671 3131; x_wconf 90' lang='lat' dir='ltr'><strong>aliis</strong></span> <span class='ocrx_word' id='word_1_606' title='bbox 2701 3075 2905 3143; x_wconf 90' lang='lat' dir='ltr'><strong>verbis,</strong></span> <span class='ocrx_word' id='word_1_607' title='bbox 2939 3077 3135 3133; x_wconf 90' lang='lat' dir='ltr'><strong>eodem</strong></span> <span class='ocrx_word' id='word_1_608' title='bbox 3172 3084 3354 3132; x_wconf 90' lang='lat' dir='ltr'><strong>tamen</strong></span> <span class='ocrx_word' id='word_1_609' title='bbox 3398 3092 3588 3133; x_wconf 91' lang='lat' dir='ltr'><strong>sensu.</strong></span> 
     </span>
    </p>
   </div>
   <div class='ocr_carea' id='block_1_74' title="bbox 1975 3163 3592 3240">
    <p class='ocr_par' dir='ltr' id='par_1_74' title="bbox 1975 3163 3592 3240">
     <span class='ocr_line' id='line_1_74' title="bbox 1975 3163 3592 3240; baseline 0.002 -22"><span class='ocrx_word' id='word_1_610' title='bbox 1975 3163 2143 3219; x_wconf 88' lang='lat' dir='ltr'><strong>Dedit</strong></span> <span class='ocrx_word' id='word_1_611' title='bbox 2170 3165 2291 3220; x_wconf 83' lang='lat' dir='ltr'><strong>illis</strong></span> <span class='ocrx_word' id='word_1_612' title='bbox 2310 3164 2513 3220; x_wconf 64' lang='lat' dir='ltr'><strong>Judeis</strong></span> <span class='ocrx_word' id='word_1_613' title='bbox 2530 3166 2675 3221; x_wconf 88' lang='lat' dir='ltr'><strong>Deus</strong></span> <span class='ocrx_word' id='word_1_614' title='bbox 2694 3167 2969 3238; x_wconf 78' lang='lat' dir='ltr'><strong>spiritum</strong></span> <span class='ocrx_word' id='word_1_615' title='bbox 2987 3168 3460 3240; x_wconf 86' lang='lat' dir='ltr'><strong>compunctionis,</strong></span> <span class='ocrx_word' id='word_1_616' title='bbox 3484 3166 3592 3223; x_wconf 91' lang='lat' dir='ltr'><strong>sci-</strong></span> 
     </span>
    </p>
   </div>
   <div class='ocr_carea' id='block_1_75' title="bbox 1976 3252 3589 3331">
    <p class='ocr_par' dir='ltr' id='par_1_75' title="bbox 1976 3252 3589 3331">
     <span class='ocr_line' id='line_1_75' title="bbox 1976 3252 3589 3331; baseline 0.003 -24"><span class='ocrx_word' id='word_1_617' title='bbox 1976 3252 2103 3309; x_wconf 91' lang='lat' dir='ltr'><strong>licet</strong></span> <span class='ocrx_word' id='word_1_618' title='bbox 2132 3253 2382 3325; x_wconf 90' lang='lat' dir='ltr'><strong>spiritum</strong></span> <span class='ocrx_word' id='word_1_619' title='bbox 2403 3254 2700 3326; x_wconf 88' lang='lat' dir='ltr'><strong>malignum</strong></span> <span class='ocrx_word' id='word_1_620' title='bbox 2732 3255 2825 3329; x_wconf 91' lang='lat' dir='ltr'><strong>qui</strong></span> <span class='ocrx_word' id='word_1_621' title='bbox 2855 3264 3125 3330; x_wconf 88' lang='lat' dir='ltr'><strong>pungeret</strong></span> <span class='ocrx_word' id='word_1_622' title='bbox 3159 3272 3274 3328; x_wconf 90' lang='lat' dir='ltr'><strong>eos,</strong></span> <span class='ocrx_word' id='word_1_623' title='bbox 3307 3265 3362 3313; x_wconf 87' lang='lat' dir='ltr'><strong>et</strong></span> <span class='ocrx_word' id='word_1_624' title='bbox 3414 3273 3589 3331; x_wconf 91' lang='lat' dir='ltr'><strong>coge-</strong></span> 
     </span>
    </p>
   </div>
   <div class='ocr_carea' id='block_1_76' title="bbox 1978 3343 3588 3417">
    <p class='ocr_par' dir='ltr' id='par_1_76' title="bbox 1978 3343 3588 3417">
     <span class='ocr_line' id='line_1_76' title="bbox 1978 3343 3588 3417; baseline 0.005 -20"><span class='ocrx_word' id='word_1_625' title='bbox 1978 3350 2065 3398; x_wconf 92' lang='lat' dir='ltr'><strong>ret</strong></span> <span class='ocrx_word' id='word_1_626' title='bbox 2094 3343 2236 3399; x_wconf 89' lang='lat' dir='ltr'><strong>male</strong></span> <span class='ocrx_word' id='word_1_627' title='bbox 2266 3344 2569 3416; x_wconf 85' lang='lat' dir='ltr'><strong>agere.Vel</strong></span> <span class='ocrx_word' id='word_1_628' title='bbox 2588 3346 2877 3417; x_wconf 87' lang='lat' dir='ltr'><strong>spiritum,</strong></span> <span class='ocrx_word' id='word_1_629' title='bbox 2902 3346 2958 3400; x_wconf 90' lang='lat' dir='ltr'><strong>id</strong></span> <span class='ocrx_word' id='word_1_630' title='bbox 2987 3354 3069 3401; x_wconf 87' lang='lat' dir='ltr'><strong>est</strong></span> <span class='ocrx_word' id='word_1_631' title='bbox 3082 3346 3417 3402; x_wconf 87' lang='lat' dir='ltr'><strong>voluntatem</strong></span> <span class='ocrx_word' id='word_1_632' title='bbox 3438 3364 3588 3405; x_wconf 88' lang='lat' dir='ltr'><strong>com-</strong></span> 
     </span>
    </p>
   </div>
   <div class='ocr_carea' id='block_1_77' title="bbox 1972 3434 3588 3506">
    <p class='ocr_par' dir='ltr' id='par_1_77' title="bbox 1972 3434 3588 3506">
     <span class='ocr_line' id='line_1_77' title="bbox 1972 3434 3588 3506; baseline 0.004 -19"><span class='ocrx_word' id='word_1_633' title='bbox 1972 3434 2311 3504; x_wconf 86' lang='lat' dir='ltr'><strong>punctionis</strong></span> <span class='ocrx_word' id='word_1_634' title='bbox 2331 3453 2349 3489; x_wconf 90' lang='lat'><strong>:</strong></span> <span class='ocrx_word' id='word_1_635' title='bbox 2369 3449 2473 3504; x_wconf 93' lang='lat' dir='ltr'><strong>qua</strong></span> <span class='ocrx_word' id='word_1_636' title='bbox 2484 3442 2868 3506; x_wconf 90' lang='lat' dir='ltr'><strong>pungerentur</strong></span> <span class='ocrx_word' id='word_1_637' title='bbox 2883 3434 3199 3502; x_wconf 89' lang='lat' dir='ltr'><strong>invidendo,</strong></span> <span class='ocrx_word' id='word_1_638' title='bbox 3224 3444 3276 3492; x_wconf 91' lang='lat' dir='ltr'><strong>et</strong></span> <span class='ocrx_word' id='word_1_639' title='bbox 3296 3436 3588 3493; x_wconf 86' lang='lat' dir='ltr'><strong>irascendo</strong></span> 
     </span>
    </p>
   </div>
   <div class='ocr_carea' id='block_1_78' title="bbox 1975 3520 3588 3591">
    <p class='ocr_par' dir='ltr' id='par_1_78' title="bbox 1975 3520 3588 3591">
     <span class='ocr_line' id='line_1_78' title="bbox 1975 3520 3588 3591; baseline 0.004 -15"><span class='ocrx_word' id='word_1_640' title='bbox 1975 3520 2247 3577; x_wconf 80' lang='lat' dir='ltr'><strong>fidelibus.</strong></span> <span class='ocrx_word' id='word_1_641' title='bbox 2282 3522 2443 3577; x_wconf 90' lang='lat' dir='ltr'><strong>Dedit</strong></span> <span class='ocrx_word' id='word_1_642' title='bbox 2472 3523 2632 3578; x_wconf 90' lang='lat' dir='ltr'><strong>etiam</strong></span> <span class='ocrx_word' id='word_1_643' title='bbox 2677 3523 2785 3578; x_wconf 91' lang='lat' dir='ltr'><strong>illis</strong></span> <span class='ocrx_word' id='word_1_644' title='bbox 2825 3525 3032 3591; x_wconf 87' lang='lat' dir='ltr'><strong>oculos,</strong></span> <span class='ocrx_word' id='word_1_645' title='bbox 3058 3525 3113 3579; x_wconf 93' lang='lat' dir='ltr'><strong>id</strong></span> <span class='ocrx_word' id='word_1_646' title='bbox 3164 3532 3247 3580; x_wconf 92' lang='lat' dir='ltr'><strong>est</strong></span> <span class='ocrx_word' id='word_1_647' title='bbox 3285 3527 3588 3583; x_wconf 86' lang='lat' dir='ltr'><strong>naturalem</strong></span> 
     </span>
    </p>
   </div>
   <div class='ocr_carea' id='block_1_79' title="bbox 1974 3611 3592 3683">
    <p class='ocr_par' dir='ltr' id='par_1_79' title="bbox 1974 3611 3592 3683">
     <span class='ocr_line' id='line_1_79' title="bbox 1974 3611 3592 3683; baseline 0.005 -18"><span class='ocrx_word' id='word_1_648' title='bbox 1974 3611 2266 3667; x_wconf 90' lang='lat' dir='ltr'><strong>rationem:</strong></span> <span class='ocrx_word' id='word_1_649' title='bbox 2302 3612 2399 3667; x_wconf 88' lang='lat' dir='ltr'><strong>sed</strong></span> <span class='ocrx_word' id='word_1_650' title='bbox 2429 3612 2504 3667; x_wconf 87' lang='lat' dir='ltr'><strong>ita</strong></span> <span class='ocrx_word' id='word_1_651' title='bbox 2533 3616 2601 3668; x_wconf 88' lang='lat' dir='ltr'><strong>ut</strong></span> <span class='ocrx_word' id='word_1_652' title='bbox 2626 3630 2743 3671; x_wconf 89' lang='lat' dir='ltr'><strong>non</strong></span> <span class='ocrx_word' id='word_1_653' title='bbox 2772 3614 3025 3683; x_wconf 86' lang='lat' dir='ltr'><strong>videant,</strong></span> <span class='ocrx_word' id='word_1_654' title='bbox 3059 3614 3115 3669; x_wconf 91' lang='lat' dir='ltr'><strong>id</strong></span> <span class='ocrx_word' id='word_1_655' title='bbox 3145 3622 3231 3670; x_wconf 92' lang='lat' dir='ltr'><strong>est</strong></span> <span class='ocrx_word' id='word_1_656' title='bbox 3257 3622 3316 3670; x_wconf 94' lang='lat' dir='ltr'><strong>ut</strong></span> <span class='ocrx_word' id='word_1_657' title='bbox 3346 3616 3493 3673; x_wconf 90' lang='lat' dir='ltr'><strong>bono</strong></span> <span class='ocrx_word' id='word_1_658' title='bbox 3505 3633 3592 3673; x_wconf 88' lang='lat' dir='ltr'><strong>ra-</strong></span> 
     </span>
    </p>
   </div>
   <div class='ocr_carea' id='block_1_80' title="bbox 1973 3699 3587 3773">
    <p class='ocr_par' dir='ltr' id='par_1_80' title="bbox 1973 3699 3587 3773">
     <span class='ocr_line' id='line_1_80' title="bbox 1973 3699 3587 3773; baseline 0.006 -19"><span class='ocrx_word' id='word_1_659' title='bbox 1973 3699 2141 3756; x_wconf 87' lang='lat' dir='ltr'><strong>tionis</strong></span> <span class='ocrx_word' id='word_1_660' title='bbox 2172 3700 2474 3773; x_wconf 90' lang='lat' dir='ltr'><strong>priventur.</strong></span> <span class='ocrx_word' id='word_1_661' title='bbox 2510 3702 2670 3757; x_wconf 90' lang='lat' dir='ltr'><strong>Dedit</strong></span> <span class='ocrx_word' id='word_1_662' title='bbox 2699 3703 2864 3757; x_wconf 89' lang='lat' dir='ltr'><strong>etiam</strong></span> <span class='ocrx_word' id='word_1_663' title='bbox 2892 3719 3080 3770; x_wconf 87' lang='lat' dir='ltr'><strong>aures,</strong></span> <span class='ocrx_word' id='word_1_664' title='bbox 3112 3704 3169 3758; x_wconf 90' lang='lat' dir='ltr'><strong>id</strong></span> <span class='ocrx_word' id='word_1_665' title='bbox 3200 3713 3283 3759; x_wconf 91' lang='lat' dir='ltr'><strong>est</strong></span> <span class='ocrx_word' id='word_1_666' title='bbox 3335 3707 3587 3763; x_wconf 90' lang='lat' dir='ltr'><strong>eamdem</strong></span> 
     </span>
    </p>
   </div>
   <div class='ocr_carea' id='block_1_81' title="bbox 1974 3790 3583 3870">
    <p class='ocr_par' dir='ltr' id='par_1_81' title="bbox 1974 3790 3583 3870">
     <span class='ocr_line' id='line_1_81' title="bbox 1974 3790 3583 3870; baseline 0.006 -26"><span class='ocrx_word' id='word_1_667' title='bbox 1974 3790 2245 3845; x_wconf 89' lang='lat' dir='ltr'><strong>rationem</strong></span> <span class='ocrx_word' id='word_1_668' title='bbox 2276 3790 2433 3863; x_wconf 90' lang='lat' dir='ltr'><strong>quasi</strong></span> <span class='ocrx_word' id='word_1_669' title='bbox 2464 3791 2611 3864; x_wconf 93' lang='lat' dir='ltr'><strong>quod</strong></span> <span class='ocrx_word' id='word_1_670' title='bbox 2641 3808 2742 3863; x_wconf 91' lang='lat' dir='ltr'><strong>per</strong></span> <span class='ocrx_word' id='word_1_671' title='bbox 2770 3808 2831 3848; x_wconf 91' lang='lat' dir='ltr'><strong>se</strong></span> <span class='ocrx_word' id='word_1_672' title='bbox 2859 3808 2970 3848; x_wconf 91' lang='lat' dir='ltr'><strong>non</strong></span> <span class='ocrx_word' id='word_1_673' title='bbox 2999 3801 3224 3864; x_wconf 90' lang='lat' dir='ltr'><strong>possent</strong></span> <span class='ocrx_word' id='word_1_674' title='bbox 3241 3794 3583 3870; x_wconf 87' lang='lat' dir='ltr'><strong>intelligere:</strong></span> 
     </span>
    </p>
   </div>
   <div class='ocr_carea' id='block_1_82' title="bbox 1973 3878 3582 3957">
    <p class='ocr_par' dir='ltr' id='par_1_82' title="bbox 1973 3878 3582 3957">
     <span class='ocr_line' id='line_1_82' title="bbox 1973 3878 3582 3957; baseline 0.006 -23"><span class='ocrx_word' id='word_1_675' title='bbox 1973 3878 2282 3935; x_wconf 88' lang='lat' dir='ltr'><strong>debuerant</strong></span> <span class='ocrx_word' id='word_1_676' title='bbox 2308 3880 2495 3936; x_wconf 90' lang='lat' dir='ltr'><strong>audire</strong></span> <span class='ocrx_word' id='word_1_677' title='bbox 2525 3889 2579 3937; x_wconf 86' lang='lat' dir='ltr'><strong>et</strong></span> <span class='ocrx_word' id='word_1_678' title='bbox 2608 3881 2911 3939; x_wconf 90' lang='lat' dir='ltr'><strong>addiscere.</strong></span> <span class='ocrx_word' id='word_1_679' title='bbox 2965 3884 3087 3938; x_wconf 84' lang='lat' dir='ltr'><strong>Non</strong></span> <span class='ocrx_word' id='word_1_680' title='bbox 3133 3884 3380 3941; x_wconf 85' lang='lat' dir='ltr'><strong>audiant</strong></span> <span class='ocrx_word' id='word_1_681' title='bbox 3437 3886 3582 3957; x_wconf 92' lang='lat' dir='ltr'><strong>dico,</strong></span> 
     </span>
    </p>
   </div>
   <div class='ocr_carea' id='block_1_83' title="bbox 1972 3970 3587 4042">
    <p class='ocr_par' dir='ltr' id='par_1_83' title="bbox 1972 3970 3587 4042">
     <span class='ocr_line' id='line_1_83' title="bbox 1972 3970 3587 4042; baseline 0.004 -17"><span class='ocrx_word' id='word_1_682' title='bbox 1972 3985 2150 4042; x_wconf 89' lang='lat' dir='ltr'><strong>usque</strong></span> <span class='ocrx_word' id='word_1_683' title='bbox 2175 3972 2235 4026; x_wconf 87' lang='lat' dir='ltr'><strong>in</strong></span> <span class='ocrx_word' id='word_1_684' title='bbox 2269 3970 2607 4027; x_wconf 85' lang='lat' dir='ltr'><strong>hodiernum</strong></span> <span class='ocrx_word' id='word_1_685' title='bbox 2637 3971 2805 4027; x_wconf 88' lang='lat' dir='ltr'><strong>diem.</strong></span> <span class='ocrx_word' id='word_1_686' title='bbox 2840 3972 2940 4027; x_wconf 88' lang='lat' dir='ltr'><strong>Hic</strong></span> <span class='ocrx_word' id='word_1_687' title='bbox 2967 3972 3087 4028; x_wconf 93' lang='lat' dir='ltr'><strong>dies</strong></span> <span class='ocrx_word' id='word_1_688' title='bbox 3134 3973 3437 4031; x_wconf 90' lang='lat' dir='ltr'><strong>hodiernus</strong></span> <span class='ocrx_word' id='word_1_689' title='bbox 3486 3975 3587 4031; x_wconf 82' lang='lat' dir='ltr'><strong>fuit</strong></span> 
     </span>
    </p>
   </div>
   <div class='ocr_carea' id='block_1_84' title="bbox 1971 4060 3582 4134">
    <p class='ocr_par' dir='ltr' id='par_1_84' title="bbox 1971 4060 3582 4134">
     <span class='ocr_line' id='line_1_84' title="bbox 1971 4060 3582 4134; baseline 0.004 -21"><span class='ocrx_word' id='word_1_690' title='bbox 1971 4060 2255 4130; x_wconf 71' lang='lat' dir='ltr'><strong>propheta:</strong></span> <span class='ocrx_word' id='word_1_691' title='bbox 2290 4074 2302 4113; x_wconf 91' lang='lat'><strong>:</strong></span> <span class='ocrx_word' id='word_1_692' title='bbox 2336 4060 2634 4116; x_wconf 89' lang='lat' dir='ltr'><strong>hodiernus</strong></span> <span class='ocrx_word' id='word_1_693' title='bbox 2664 4061 2831 4116; x_wconf 90' lang='lat' dir='ltr'><strong>etiam</strong></span> <span class='ocrx_word' id='word_1_694' title='bbox 2859 4078 3034 4134; x_wconf 91' lang='lat' dir='ltr'><strong>usque</strong></span> <span class='ocrx_word' id='word_1_695' title='bbox 3062 4062 3133 4117; x_wconf 91' lang='lat' dir='ltr'><strong>ad</strong></span> <span class='ocrx_word' id='word_1_696' title='bbox 3162 4062 3328 4118; x_wconf 83' lang='lat' dir='ltr'><strong>ﬁnem</strong></span> <span class='ocrx_word' id='word_1_697' title='bbox 3360 4065 3546 4120; x_wconf 89' lang='lat' dir='ltr'><strong>mundi</strong></span> <span class='ocrx_word' id='word_1_698' title='bbox 3570 4080 3582 4121; x_wconf 92' lang='lat'><strong>:</strong></span> 
     </span>
    </p>
   </div>
   <div class='ocr_carea' id='block_1_85' title="bbox 1971 4148 3588 4224">
    <p class='ocr_par' dir='ltr' id='par_1_85' title="bbox 1971 4148 3588 4224">
     <span class='ocr_line' id='line_1_85' title="bbox 1971 4148 3588 4224; baseline 0.005 -21"><span class='ocrx_word' id='word_1_699' title='bbox 1971 4148 2111 4204; x_wconf 90' lang='lat' dir='ltr'><strong>sicut</strong></span> <span class='ocrx_word' id='word_1_700' title='bbox 2141 4148 2273 4203; x_wconf 93' lang='lat' dir='ltr'><strong>illud</strong></span> <span class='ocrx_word' id='word_1_701' title='bbox 2302 4148 2359 4203; x_wconf 89' lang='lat' dir='ltr'><strong>in</strong></span> <span class='ocrx_word' id='word_1_702' title='bbox 2388 4149 2599 4205; x_wconf 90' lang='lat' dir='ltr'><strong>balneis</strong></span> <span class='ocrx_word' id='word_1_703' title='bbox 2632 4165 2644 4205; x_wconf 95' lang='lat'><strong>:</strong></span> <span class='ocrx_word' id='word_1_704' title='bbox 2674 4172 2696 4202; x_wconf 73' lang='grc' dir='ltr'><strong>α</strong></span> <span class='ocrx_word' id='word_1_705' title='bbox 2733 4151 2907 4207; x_wconf 86' lang='lat' dir='ltr'><strong>Hodie</strong></span> <span class='ocrx_word' id='word_1_706' title='bbox 2934 4168 3060 4208; x_wconf 92' lang='lat' dir='ltr'><strong>cum</strong></span> <span class='ocrx_word' id='word_1_707' title='bbox 3079 4152 3276 4224; x_wconf 90' lang='lat' dir='ltr'><strong>pretio,</strong></span> <span class='ocrx_word' id='word_1_708' title='bbox 3310 4169 3438 4210; x_wconf 90' lang='lat' dir='ltr'><strong>cras</strong></span> <span class='ocrx_word' id='word_1_709' title='bbox 3470 4154 3588 4211; x_wconf 90' lang='lat' dir='ltr'><strong>sine</strong></span> 
     </span>
    </p>
   </div>
   <div class='ocr_carea' id='block_1_86' title="bbox 1968 4237 3586 4308">
    <p class='ocr_par' dir='ltr' id='par_1_86' title="bbox 1968 4237 3586 4308">
     <span class='ocr_line' id='line_1_86' title="bbox 1968 4237 3586 4308; baseline 0.006 -16"><span class='ocrx_word' id='word_1_710' title='bbox 1968 4237 2174 4308; x_wconf 91' lang='lat' dir='ltr'><strong>pretio.</strong></span> <span class='ocrx_word' id='word_1_711' title='bbox 2220 4258 2242 4287; x_wconf 73' lang='grc' dir='ltr'><strong>ι</strong></span> <span class='ocrx_word' id='word_1_712' title='bbox 2280 4239 2430 4296; x_wconf 86' lang='lat' dir='ltr'><strong>Dicit</strong></span> <span class='ocrx_word' id='word_1_713' title='bbox 2459 4241 2637 4295; x_wconf 88' lang='lat' dir='ltr'><strong>etiam</strong></span> <span class='ocrx_word' id='word_1_714' title='bbox 2670 4242 2844 4297; x_wconf 86' lang='lat' dir='ltr'><strong>David</strong></span> <span class='ocrx_word' id='word_1_715' title='bbox 2873 4241 2942 4297; x_wconf 91' lang='lat' dir='ltr'><strong>de</strong></span> <span class='ocrx_word' id='word_1_716' title='bbox 2975 4242 3340 4300; x_wconf 67' lang='lat' dir='ltr'><strong>exctecatione</strong></span> <span class='ocrx_word' id='word_1_717' title='bbox 3360 4244 3586 4301; x_wconf 74' lang='grc' dir='ltr'><strong>,1υάωο-</strong></span> 
     </span>
    </p>
   </div>
   <div class='ocr_carea' id='block_1_87' title="bbox 1970 4329 3587 4407">
    <p class='ocr_par' dir='ltr' id='par_1_87' title="bbox 1970 4329 3587 4407">
     <span class='ocr_line' id='line_1_87' title="bbox 1970 4329 3587 4407; baseline 0.006 -26"><span class='ocrx_word' id='word_1_718' title='bbox 1970 4343 2092 4381; x_wconf 90' lang='lat' dir='ltr'><strong>rum</strong></span> <span class='ocrx_word' id='word_1_719' title='bbox 2123 4329 2227 4384; x_wconf 90' lang='lat' dir='ltr'><strong>hoc</strong></span> <span class='ocrx_word' id='word_1_720' title='bbox 2261 4343 2274 4381; x_wconf 90' lang='lat'><strong>:</strong></span> <span class='ocrx_word' id='word_1_721' title='bbox 2307 4329 2435 4385; x_wconf 79' lang='lat' dir='ltr'><strong>Fiat</strong></span> <span class='ocrx_word' id='word_1_722' title='bbox 2466 4346 2669 4385; x_wconf 87' lang='lat' dir='ltr'><strong>mensa</strong></span> <span class='ocrx_word' id='word_1_723' title='bbox 2700 4346 2917 4396; x_wconf 88' lang='lat' dir='ltr'><strong>eorum,</strong></span> <span class='ocrx_word' id='word_1_724' title='bbox 2952 4331 3008 4385; x_wconf 92' lang='lat' dir='ltr'><strong>id</strong></span> <span class='ocrx_word' id='word_1_725' title='bbox 3043 4339 3127 4386; x_wconf 91' lang='lat' dir='ltr'><strong>est</strong></span> <span class='ocrx_word' id='word_1_726' title='bbox 3159 4332 3445 4405; x_wconf 90' lang='lat' dir='ltr'><strong>Scriptura</strong></span> <span class='ocrx_word' id='word_1_727' title='bbox 3476 4351 3587 4407; x_wconf 86' lang='lat' dir='ltr'><strong>qua</strong></span> 
     </span>
    </p>
   </div>
   <div class='ocr_carea' id='block_1_88' title="bbox 1969 4416 3584 4496">
    <p class='ocr_par' dir='ltr' id='par_1_88' title="bbox 1969 4416 3584 4496">
     <span class='ocr_line' id='line_1_88' title="bbox 1969 4416 3584 4496; baseline 0.006 -26"><span class='ocrx_word' id='word_1_728' title='bbox 1969 4416 2271 4472; x_wconf 90' lang='lat' dir='ltr'><strong>debuerant</strong></span> <span class='ocrx_word' id='word_1_729' title='bbox 2287 4417 2726 4474; x_wconf 90' lang='lat' dir='ltr'><strong>animadvertere</strong></span> <span class='ocrx_word' id='word_1_730' title='bbox 2745 4418 3068 4486; x_wconf 87' lang='lat' dir='ltr'><strong>bonum,ﬁat</strong></span> <span class='ocrx_word' id='word_1_731' title='bbox 3080 4420 3187 4476; x_wconf 91' lang='lat' dir='ltr'><strong>illis</strong></span> <span class='ocrx_word' id='word_1_732' title='bbox 3202 4424 3264 4477; x_wconf 88' lang='lat' dir='ltr'><strong>in</strong></span> <span class='ocrx_word' id='word_1_733' title='bbox 3298 4423 3584 4496; x_wconf 89' lang='lat' dir='ltr'><strong>laqueum,</strong></span> 
     </span>
    </p>
   </div>
   <div class='ocr_carea' id='block_1_89' title="bbox 1968 4505 3586 4580">
    <p class='ocr_par' dir='ltr' id='par_1_89' title="bbox 1968 4505 3586 4580">
     <span class='ocr_line' id='line_1_89' title="bbox 1968 4505 3586 4580; baseline 0.006 -20"><span class='ocrx_word' id='word_1_734' title='bbox 1968 4505 2023 4560; x_wconf 91' lang='lat' dir='ltr'><strong>id</strong></span> <span class='ocrx_word' id='word_1_735' title='bbox 2053 4515 2134 4561; x_wconf 90' lang='lat' dir='ltr'><strong>est</strong></span> <span class='ocrx_word' id='word_1_736' title='bbox 2162 4506 2524 4579; x_wconf 88' lang='lat' dir='ltr'><strong>illaqueentur</strong></span> <span class='ocrx_word' id='word_1_737' title='bbox 2561 4507 2617 4562; x_wconf 90' lang='lat' dir='ltr'><strong>in</strong></span> <span class='ocrx_word' id='word_1_738' title='bbox 2672 4508 2767 4563; x_wconf 90' lang='lat' dir='ltr'><strong>illa</strong></span> <span class='ocrx_word' id='word_1_739' title='bbox 2823 4508 3064 4580; x_wconf 91' lang='lat' dir='ltr'><strong>quotidie</strong></span> <span class='ocrx_word' id='word_1_740' title='bbox 3111 4510 3351 4565; x_wconf 91' lang='lat' dir='ltr'><strong>deterius</strong></span> <span class='ocrx_word' id='word_1_741' title='bbox 3380 4512 3586 4569; x_wconf 89' lang='lat' dir='ltr'><strong>intelli-</strong></span> 
     </span>
    </p>
   </div>
   <div class='ocr_carea' id='block_1_90' title="bbox 255 4595 3586 4672">
    <p class='ocr_par' dir='ltr' id='par_1_90' title="bbox 255 4595 3586 4672">
     <span class='ocr_line' id='line_1_90' title="bbox 255 4595 3586 4672; baseline 0.003 -21"><span class='ocrx_word' id='word_1_742' title='bbox 255 4597 372 4667; x_wconf 89' lang='lat' dir='ltr'><strong>plus</strong></span> <span class='ocrx_word' id='word_1_743' title='bbox 400 4613 583 4669; x_wconf 89' lang='lat' dir='ltr'><strong>neque</strong></span> <span class='ocrx_word' id='word_1_744' title='bbox 612 4597 792 4652; x_wconf 91' lang='lat' dir='ltr'><strong>minus</strong></span> <span class='ocrx_word' id='word_1_745' title='bbox 821 4597 895 4652; x_wconf 91' lang='lat' dir='ltr'><strong>ibi</strong></span> <span class='ocrx_word' id='word_1_746' title='bbox 946 4606 1093 4653; x_wconf 88' lang='lat' dir='ltr'><strong>esset</strong></span> <span class='ocrx_word' id='word_1_747' title='bbox 1125 4616 1139 4663; x_wconf 89' lang='lat'><strong>;</strong></span> <span class='ocrx_word' id='word_1_748' title='bbox 1191 4599 1288 4653; x_wconf 91' lang='lat' dir='ltr'><strong>sed</strong></span> <span class='ocrx_word' id='word_1_749' title='bbox 1332 4598 1460 4672; x_wconf 91' lang='lat' dir='ltr'><strong>quia</strong></span> <span class='ocrx_word' id='word_1_750' title='bbox 1503 4615 1605 4671; x_wconf 92' lang='lat' dir='ltr'><strong>per</strong></span> <span class='ocrx_word' id='word_1_751' title='bbox 1652 4608 1860 4671; x_wconf 89' lang='lat' dir='ltr'><strong>septem</strong></span> <span class='ocrx_word' id='word_1_752' title='bbox 1891 4598 1943 4658; x_wconf 95' lang='lat' dir='ltr'><strong>D</strong></span> <span class='ocrx_word' id='word_1_753' title='bbox 1974 4596 2156 4669; x_wconf 89' lang='lat' dir='ltr'><strong>gendo</strong></span> <span class='ocrx_word' id='word_1_754' title='bbox 2190 4611 2203 4650; x_wconf 88' lang='lat'><strong>:</strong></span> <span class='ocrx_word' id='word_1_755' title='bbox 2235 4595 2327 4651; x_wconf 81' lang='lat' dir='ltr'><strong>fiat</strong></span> <span class='ocrx_word' id='word_1_756' title='bbox 2356 4596 2518 4652; x_wconf 88' lang='lat' dir='ltr'><strong>etiam</strong></span> <span class='ocrx_word' id='word_1_757' title='bbox 2547 4596 2654 4652; x_wconf 90' lang='lat' dir='ltr'><strong>illis</strong></span> <span class='ocrx_word' id='word_1_758' title='bbox 2684 4598 2748 4653; x_wconf 88' lang='lat' dir='ltr'><strong>in</strong></span> <span class='ocrx_word' id='word_1_759' title='bbox 2765 4600 3110 4670; x_wconf 88' lang='lat' dir='ltr'><strong>captionem,</strong></span> <span class='ocrx_word' id='word_1_760' title='bbox 3143 4599 3269 4672; x_wconf 89' lang='lat' dir='ltr'><strong>quia</strong></span> <span class='ocrx_word' id='word_1_761' title='bbox 3297 4602 3442 4672; x_wconf 89' lang='lat' dir='ltr'><strong>capti</strong></span> <span class='ocrx_word' id='word_1_762' title='bbox 3457 4613 3586 4660; x_wconf 90' lang='lat' dir='ltr'><strong>sunt</strong></span> 
     </span>
    </p>
   </div>
   <div class='ocr_carea' id='block_1_91' title="bbox 258 4685 1862 4760">
    <p class='ocr_par' dir='ltr' id='par_1_91' title="bbox 258 4685 1862 4760">
     <span class='ocr_line' id='line_1_91' title="bbox 258 4685 1862 4760; baseline 0.004 -21"><span class='ocrx_word' id='word_1_763' title='bbox 258 4685 579 4742; x_wconf 82' lang='lat' dir='ltr'><strong>universitas</strong></span> <span class='ocrx_word' id='word_1_764' title='bbox 607 4686 966 4760; x_wconf 86' lang='lat' dir='ltr'><strong>designatur:</strong></span> <span class='ocrx_word' id='word_1_765' title='bbox 999 4687 1123 4743; x_wconf 90' lang='lat' dir='ltr'><strong>ideo</strong></span> <span class='ocrx_word' id='word_1_766' title='bbox 1176 4688 1338 4743; x_wconf 89' lang='lat' dir='ltr'><strong>etiam</strong></span> <span class='ocrx_word' id='word_1_767' title='bbox 1388 4696 1570 4745; x_wconf 91' lang='lat' dir='ltr'><strong>certus</strong></span> <span class='ocrx_word' id='word_1_768' title='bbox 1602 4705 1862 4745; x_wconf 90' lang='lat' dir='ltr'><strong>numerus</strong></span> 
     </span>
    </p>
   </div>
   <div class='ocr_carea' id='block_1_92' title="bbox 255 4773 1861 4848">
    <p class='ocr_par' dir='ltr' id='par_1_92' title="bbox 255 4773 1861 4848">
     <span class='ocr_line' id='line_1_92' title="bbox 255 4773 1861 4848; baseline 0.003 -19"><span class='ocrx_word' id='word_1_769' title='bbox 255 4773 306 4829; x_wconf 90' lang='lat' dir='ltr'><strong>in</strong></span> <span class='ocrx_word' id='word_1_770' title='bbox 333 4776 542 4832; x_wconf 88' lang='lat' dir='ltr'><strong>incerta</strong></span> <span class='ocrx_word' id='word_1_771' title='bbox 592 4791 648 4831; x_wconf 90' lang='lat' dir='ltr'><strong>re</strong></span> <span class='ocrx_word' id='word_1_772' title='bbox 689 4776 924 4848; x_wconf 89' lang='lat' dir='ltr'><strong>ponitur,</strong></span> <span class='ocrx_word' id='word_1_773' title='bbox 977 4785 1035 4832; x_wconf 95' lang='lat' dir='ltr'><strong>ut</strong></span> <span class='ocrx_word' id='word_1_774' title='bbox 1095 4778 1416 4832; x_wconf 89' lang='lat' dir='ltr'><strong>ostendatur</strong></span> <span class='ocrx_word' id='word_1_775' title='bbox 1457 4777 1547 4833; x_wconf 90' lang='lat' dir='ltr'><strong>hic</strong></span> <span class='ocrx_word' id='word_1_776' title='bbox 1599 4794 1861 4834; x_wconf 85' lang='lat' dir='ltr'><strong>numerus</strong></span> 
     </span>
    </p>
   </div>
   <div class='ocr_carea' id='block_1_93' title="bbox 257 4865 1860 4939">
    <p class='ocr_par' dir='ltr' id='par_1_93' title="bbox 257 4865 1860 4939">
     <span class='ocr_line' id='line_1_93' title="bbox 257 4865 1860 4939; baseline 0.003 -19"><span class='ocrx_word' id='word_1_777' title='bbox 257 4865 549 4921; x_wconf 87' lang='lat' dir='ltr'><strong>electorum</strong></span> <span class='ocrx_word' id='word_1_778' title='bbox 607 4866 723 4921; x_wconf 88' lang='lat' dir='ltr'><strong>Deo</strong></span> <span class='ocrx_word' id='word_1_779' title='bbox 779 4884 901 4922; x_wconf 87' lang='lat' dir='ltr'><strong>esse</strong></span> <span class='ocrx_word' id='word_1_780' title='bbox 953 4868 1226 4939; x_wconf 84' lang='lat' dir='ltr'><strong>cognitus,</strong></span> <span class='ocrx_word' id='word_1_781' title='bbox 1278 4868 1381 4923; x_wconf 89' lang='lat' dir='ltr'><strong>etsi</strong></span> <span class='ocrx_word' id='word_1_782' title='bbox 1426 4868 1497 4923; x_wconf 92' lang='lat' dir='ltr'><strong>ab</strong></span> <span class='ocrx_word' id='word_1_783' title='bbox 1548 4868 1860 4925; x_wconf 88' lang='lat' dir='ltr'><strong>hominibus</strong></span> 
     </span>
    </p>
   </div>
   <div class='ocr_carea' id='block_1_94' title="bbox 256 4954 1858 5029">
    <p class='ocr_par' dir='ltr' id='par_1_94' title="bbox 256 4954 1858 5029">
     <span class='ocr_line' id='line_1_94' title="bbox 256 4954 1858 5029; baseline 0.003 -21"><span class='ocrx_word' id='word_1_784' title='bbox 256 4954 548 5026; x_wconf 87' lang='lat' dir='ltr'><strong>ignoretur.</strong></span> <span class='ocrx_word' id='word_1_785' title='bbox 609 4955 768 5025; x_wconf 85' lang='lat' dir='ltr'>Quod</span> <span class='ocrx_word' id='word_1_786' title='bbox 819 4956 887 5011; x_wconf 92' lang='lat' dir='ltr'><strong>de</strong></span> <span class='ocrx_word' id='word_1_787' title='bbox 936 4957 1052 5010; x_wconf 90' lang='lat' dir='ltr'><strong>Elia</strong></span> <span class='ocrx_word' id='word_1_788' title='bbox 1095 4957 1380 5027; x_wconf 60' lang='lat' dir='ltr'><strong>praemisit,</strong></span> <span class='ocrx_word' id='word_1_789' title='bbox 1434 4958 1653 5029; x_wconf 89' lang='lat' dir='ltr'><strong>adaptat</strong></span> <span class='ocrx_word' id='word_1_790' title='bbox 1693 4959 1858 5013; x_wconf 92' lang='lat' dir='ltr'><strong>modo</strong></span> 
     </span>
    </p>
   </div>
   <div class='ocr_carea' id='block_1_95' title="bbox 256 5043 1858 5119">
    <p class='ocr_par' dir='ltr' id='par_1_95' title="bbox 256 5043 1858 5119">
     <span class='ocr_line' id='line_1_95' title="bbox 256 5043 1858 5119; baseline 0.003 -21"><span class='ocrx_word' id='word_1_791' title='bbox 256 5043 405 5100; x_wconf 88' lang='lat' dir='ltr'><strong>dictis</strong></span> <span class='ocrx_word' id='word_1_792' title='bbox 464 5046 580 5100; x_wconf 91' lang='lat' dir='ltr'><strong>suis</strong></span> <span class='ocrx_word' id='word_1_793' title='bbox 633 5045 703 5100; x_wconf 89' lang='lat' dir='ltr'><strong>ita</strong></span> <span class='ocrx_word' id='word_1_794' title='bbox 750 5063 763 5100; x_wconf 93' lang='lat'><strong>:</strong></span> <span class='ocrx_word' id='word_1_795' title='bbox 817 5044 1272 5119; x_wconf 88' lang='lat' dir='ltr'><strong>Quandoquidem</strong></span> <span class='ocrx_word' id='word_1_796' title='bbox 1322 5046 1378 5101; x_wconf 90' lang='lat' dir='ltr'><strong>in</strong></span> <span class='ocrx_word' id='word_1_797' title='bbox 1425 5054 1673 5119; x_wconf 90' lang='lat' dir='ltr'><strong>tempore</strong></span> <span class='ocrx_word' id='word_1_798' title='bbox 1720 5048 1858 5104; x_wconf 76' lang='lat' dir='ltr'><strong>Elia:</strong></span> 
     </span>
    </p>
   </div>
   <div class='ocr_carea' id='block_1_96' title="bbox 258 5134 1857 5209">
    <p class='ocr_par' dir='ltr' id='par_1_96' title="bbox 258 5134 1857 5209">
     <span class='ocr_line' id='line_1_96' title="bbox 258 5134 1857 5209; baseline 0.004 -22"><span class='ocrx_word' id='word_1_799' title='bbox 258 5135 400 5190; x_wconf 89' lang='lat' dir='ltr'><strong>multi</strong></span> <span class='ocrx_word' id='word_1_800' title='bbox 461 5134 655 5190; x_wconf 82' lang='lat' dir='ltr'><strong>ﬁdeles</strong></span> <span class='ocrx_word' id='word_1_801' title='bbox 715 5136 977 5191; x_wconf 81' lang='lat' dir='ltr'><strong>reservati</strong></span> <span class='ocrx_word' id='word_1_802' title='bbox 1029 5135 1266 5203; x_wconf 82' lang='lat' dir='ltr'><strong>fuerant,</strong></span> <span class='ocrx_word' id='word_1_803' title='bbox 1318 5152 1457 5209; x_wconf 89' lang='lat' dir='ltr'><strong>quos</strong></span> <span class='ocrx_word' id='word_1_804' title='bbox 1506 5144 1690 5193; x_wconf 89' lang='lat' dir='ltr'><strong>tamen</strong></span> <span class='ocrx_word' id='word_1_805' title='bbox 1737 5137 1857 5209; x_wconf 91' lang='lat' dir='ltr'><strong>ipse</strong></span> 
     </span>
    </p>
   </div>
   <div class='ocr_carea' id='block_1_97' title="bbox 259 5222 1857 5297">
    <p class='ocr_par' dir='ltr' id='par_1_97' title="bbox 259 5222 1857 5297">
     <span class='ocr_line' id='line_1_97' title="bbox 259 5222 1857 5297; baseline 0.004 -21"><span class='ocrx_word' id='word_1_806' title='bbox 259 5222 533 5296; x_wconf 87' lang='lat' dir='ltr'><strong>ignorabat</strong></span> <span class='ocrx_word' id='word_1_807' title='bbox 559 5244 574 5292; x_wconf 93' lang='lat'><strong>;</strong></span> <span class='ocrx_word' id='word_1_808' title='bbox 609 5241 757 5296; x_wconf 82' lang='lat' dir='ltr'><strong>ergo,</strong></span> <span class='ocrx_word' id='word_1_809' title='bbox 789 5225 841 5281; x_wconf 89' lang='lat' dir='ltr'><strong>id</strong></span> <span class='ocrx_word' id='word_1_810' title='bbox 872 5234 955 5281; x_wconf 87' lang='lat' dir='ltr'><strong>est</strong></span> <span class='ocrx_word' id='word_1_811' title='bbox 985 5234 1275 5297; x_wconf 89' lang='lat' dir='ltr'><strong>propterea</strong></span> <span class='ocrx_word' id='word_1_812' title='bbox 1306 5243 1406 5297; x_wconf 91' lang='lat' dir='ltr'><strong>per</strong></span> <span class='ocrx_word' id='word_1_813' title='bbox 1434 5226 1609 5282; x_wconf 88' lang='lat' dir='ltr'><strong>simile</strong></span> <span class='ocrx_word' id='word_1_814' title='bbox 1630 5228 1857 5283; x_wconf 90' lang='lat' dir='ltr'><strong>creden-</strong></span> 
     </span>
    </p>
   </div>
   <div class='ocr_carea' id='block_1_98' title="bbox 259 5313 1854 5387">
    <p class='ocr_par' dir='ltr' id='par_1_98' title="bbox 259 5313 1854 5387">
     <span class='ocr_line' id='line_1_98' title="bbox 259 5313 1854 5387; baseline 0.004 -20"><span class='ocrx_word' id='word_1_815' title='bbox 259 5313 379 5368; x_wconf 87' lang='lat' dir='ltr'><strong>dum</strong></span> <span class='ocrx_word' id='word_1_816' title='bbox 432 5324 515 5369; x_wconf 90' lang='lat' dir='ltr'><strong>est</strong></span> <span class='ocrx_word' id='word_1_817' title='bbox 574 5316 722 5387; x_wconf 86' lang='lat' dir='ltr'><strong>quod</strong></span> <span class='ocrx_word' id='word_1_818' title='bbox 778 5317 879 5383; x_wconf 87' lang='lat' dir='ltr'><strong>sic,</strong></span> <span class='ocrx_word' id='word_1_819' title='bbox 931 5316 984 5369; x_wconf 88' lang='lat' dir='ltr'><strong>id</strong></span> <span class='ocrx_word' id='word_1_820' title='bbox 1024 5324 1107 5371; x_wconf 88' lang='lat' dir='ltr'><strong>est</strong></span> <span class='ocrx_word' id='word_1_821' title='bbox 1154 5332 1254 5387; x_wconf 91' lang='lat' dir='ltr'><strong>per</strong></span> <span class='ocrx_word' id='word_1_822' title='bbox 1295 5316 1725 5371; x_wconf 87' lang='lat' dir='ltr'><strong>misericordiam</strong></span> <span class='ocrx_word' id='word_1_823' title='bbox 1754 5317 1854 5373; x_wconf 87' lang='lat' dir='ltr'><strong>Dei</strong></span> 
     </span>
    </p>
   </div>
   <div class='ocr_carea' id='block_1_99' title="bbox 259 5402 1852 5479">
    <p class='ocr_par' dir='ltr' id='par_1_99' title="bbox 259 5402 1852 5479">
     <span class='ocr_line' id='line_1_99' title="bbox 259 5402 1852 5479; baseline 0.005 -25"><span class='ocrx_word' id='word_1_824' title='bbox 259 5402 400 5458; x_wconf 87' lang='lat' dir='ltr'><strong>sicuti</strong></span> <span class='ocrx_word' id='word_1_825' title='bbox 433 5412 582 5470; x_wconf 92' lang='lat' dir='ltr'><strong>tunc,</strong></span> <span class='ocrx_word' id='word_1_826' title='bbox 646 5404 742 5459; x_wconf 83' lang='lat' dir='ltr'><strong>Vel</strong></span> <span class='ocrx_word' id='word_1_827' title='bbox 800 5405 879 5461; x_wconf 90' lang='lat' dir='ltr'><strong>sic</strong></span> <span class='ocrx_word' id='word_1_828' title='bbox 941 5423 954 5459; x_wconf 95' lang='lat'><strong>:</strong></span> <span class='ocrx_word' id='word_1_829' title='bbox 1014 5404 1155 5475; x_wconf 88' lang='lat' dir='ltr'><strong>Quia</strong></span> <span class='ocrx_word' id='word_1_830' title='bbox 1210 5406 1670 5479; x_wconf 88' lang='lat' dir='ltr'><strong>quemadmodum</strong></span> <span class='ocrx_word' id='word_1_831' title='bbox 1725 5414 1852 5463; x_wconf 92' lang='lat' dir='ltr'><strong>tunc</strong></span> 
     </span>
    </p>
   </div>
   <div class='ocr_carea' id='block_1_100' title="bbox 258 5490 1849 5562">
    <p class='ocr_par' dir='ltr' id='par_1_100' title="bbox 258 5490 1849 5562">
     <span class='ocr_line' id='line_1_100' title="bbox 258 5490 1849 5562; baseline 0.004 -18"><span class='ocrx_word' id='word_1_832' title='bbox 258 5490 616 5562; x_wconf 83' lang='lat' dir='ltr'><strong>ignorabatur,</strong></span> <span class='ocrx_word' id='word_1_833' title='bbox 652 5494 730 5549; x_wconf 89' lang='lat' dir='ltr'><strong>sic</strong></span> <span class='ocrx_word' id='word_1_834' title='bbox 759 5503 811 5549; x_wconf 92' lang='lat' dir='ltr'><strong>et</strong></span> <span class='ocrx_word' id='word_1_835' title='bbox 840 5495 1004 5550; x_wconf 91' lang='lat' dir='ltr'><strong>modo</strong></span> <span class='ocrx_word' id='word_1_836' title='bbox 1037 5495 1241 5551; x_wconf 90' lang='lat' dir='ltr'><strong>electos</strong></span> <span class='ocrx_word' id='word_1_837' title='bbox 1273 5495 1371 5550; x_wconf 90' lang='lat' dir='ltr'><strong>Dei</strong></span> <span class='ocrx_word' id='word_1_838' title='bbox 1402 5495 1721 5552; x_wconf 90' lang='lat' dir='ltr'><strong>discernere</strong></span> <span class='ocrx_word' id='word_1_839' title='bbox 1740 5512 1849 5552; x_wconf 92' lang='lat' dir='ltr'><strong>non</strong></span> 
     </span>
    </p>
   </div>
   <div class='ocr_carea' id='block_1_101' title="bbox 260 5583 1849 5658">
    <p class='ocr_par' dir='ltr' id='par_1_101' title="bbox 260 5583 1849 5658">
     <span class='ocr_line' id='line_1_101' title="bbox 260 5583 1849 5658; baseline 0.005 -24"><span class='ocrx_word' id='word_1_840' title='bbox 260 5583 563 5639; x_wconf 79' lang='lat' dir='ltr'><strong>suﬂicimus.</strong></span> <span class='ocrx_word' id='word_1_841' title='bbox 599 5583 757 5641; x_wconf 83' lang='lat'><strong>63</strong></span> <span class='ocrx_word' id='word_1_842' title='bbox 789 5585 897 5655; x_wconf 89' lang='lat' dir='ltr'><strong>Sic,</strong></span> <span class='ocrx_word' id='word_1_843' title='bbox 933 5585 1123 5658; x_wconf 86' lang='lat' dir='ltr'><strong>inquit,</strong></span> <span class='ocrx_word' id='word_1_844' title='bbox 1149 5601 1294 5642; x_wconf 89' lang='lat' dir='ltr'><strong>nunc</strong></span> <span class='ocrx_word' id='word_1_845' title='bbox 1322 5593 1379 5640; x_wconf 89' lang='lat' dir='ltr'><strong>ut</strong></span> <span class='ocrx_word' id='word_1_846' title='bbox 1399 5586 1529 5640; x_wconf 90' lang='lat' dir='ltr'><strong>olim</strong></span> <span class='ocrx_word' id='word_1_847' title='bbox 1552 5589 1726 5643; x_wconf 84' lang='lat' dir='ltr'><strong>etiam</strong></span> <span class='ocrx_word' id='word_1_848' title='bbox 1748 5586 1849 5642; x_wconf 87' lang='lat' dir='ltr'><strong>hoc</strong></span> 
     </span>
    </p>
   </div>
   <div class='ocr_carea' id='block_1_102' title="bbox 262 5673 1849 5748">
    <p class='ocr_par' dir='ltr' id='par_1_102' title="bbox 262 5673 1849 5748">
     <span class='ocr_line' id='line_1_102' title="bbox 262 5673 1849 5748; baseline 0.003 -23"><span class='ocrx_word' id='word_1_849' title='bbox 262 5673 317 5726; x_wconf 88' lang='lat' dir='ltr'><strong>in</strong></span> <span class='ocrx_word' id='word_1_850' title='bbox 344 5679 589 5747; x_wconf 81' lang='lat' dir='ltr'><strong>tempore</strong></span> <span class='ocrx_word' id='word_1_851' title='bbox 620 5677 839 5745; x_wconf 66' lang='lat' dir='ltr'><strong>gratias,</strong></span> <span class='ocrx_word' id='word_1_852' title='bbox 874 5691 983 5748; x_wconf 91' lang='lat' dir='ltr'><strong>qua</strong></span> <span class='ocrx_word' id='word_1_853' title='bbox 1013 5690 1182 5731; x_wconf 88' lang='lat' dir='ltr'><strong>causa</strong></span> <span class='ocrx_word' id='word_1_854' title='bbox 1213 5676 1388 5748; x_wconf 83' lang='lat' dir='ltr'><strong>magis</strong></span> <span class='ocrx_word' id='word_1_855' title='bbox 1409 5676 1743 5731; x_wconf 89' lang='lat' dir='ltr'><strong>credendum</strong></span> <span class='ocrx_word' id='word_1_856' title='bbox 1766 5685 1849 5731; x_wconf 90' lang='lat' dir='ltr'><strong>est</strong></span> 
     </span>
    </p>
   </div>
   <div class='ocr_carea' id='block_1_103' title="bbox 261 5760 1842 5839">
    <p class='ocr_par' dir='ltr' id='par_1_103' title="bbox 261 5760 1842 5839">
     <span class='ocr_line' id='line_1_103' title="bbox 261 5760 1842 5839; baseline 0.003 -22"><span class='ocrx_word' id='word_1_857' title='bbox 261 5760 416 5819; x_wconf 88' lang='lat' dir='ltr'><strong>Deum</strong></span> <span class='ocrx_word' id='word_1_858' title='bbox 446 5764 878 5823; x_wconf 88' lang='lat' dir='ltr'><strong>misericorditer</strong></span> <span class='ocrx_word' id='word_1_859' title='bbox 907 5765 1011 5821; x_wconf 89' lang='lat' dir='ltr'><strong>sibi</strong></span> <span class='ocrx_word' id='word_1_860' title='bbox 1040 5780 1360 5822; x_wconf 86' lang='lat' dir='ltr'><strong>reservasse</strong></span> <span class='ocrx_word' id='word_1_861' title='bbox 1409 5765 1613 5824; x_wconf 88' lang='lat' dir='ltr'><strong>electos</strong></span> <span class='ocrx_word' id='word_1_862' title='bbox 1661 5766 1842 5839; x_wconf 83' lang='lat' dir='ltr'><strong>magis</strong></span> 
     </span>
    </p>
   </div>
   <div class='ocr_carea' id='block_1_104' title="bbox 1965 4684 3585 4748">
    <p class='ocr_par' dir='ltr' id='par_1_104' title="bbox 1965 4684 3585 4748">
     <span class='ocr_line' id='line_1_104' title="bbox 1965 4684 3585 4748; baseline 0.004 -7"><span class='ocrx_word' id='word_1_863' title='bbox 1965 4701 1999 4741; x_wconf 91' lang='lat' dir='ltr'><strong>a</strong></span> <span class='ocrx_word' id='word_1_864' title='bbox 2030 4685 2288 4741; x_wconf 85' lang='lat' dir='ltr'><strong>Romanis</strong></span> <span class='ocrx_word' id='word_1_865' title='bbox 2324 4703 2337 4741; x_wconf 90' lang='lat'><strong>:</strong></span> <span class='ocrx_word' id='word_1_866' title='bbox 2366 4693 2419 4742; x_wconf 91' lang='lat' dir='ltr'><strong>et</strong></span> <span class='ocrx_word' id='word_1_867' title='bbox 2449 4684 2543 4741; x_wconf 82' lang='lat' dir='ltr'><strong>fiat</strong></span> <span class='ocrx_word' id='word_1_868' title='bbox 2562 4686 2672 4741; x_wconf 91' lang='lat' dir='ltr'><strong>illis</strong></span> <span class='ocrx_word' id='word_1_869' title='bbox 2694 4688 2757 4743; x_wconf 93' lang='lat' dir='ltr'><strong>in</strong></span> <span class='ocrx_word' id='word_1_870' title='bbox 2788 4689 3148 4745; x_wconf 85' lang='lat' dir='ltr'><strong>scandalum.</strong></span> <span class='ocrx_word' id='word_1_871' title='bbox 3182 4690 3458 4746; x_wconf 86' lang='lat' dir='ltr'><strong>Miseriam</strong></span> <span class='ocrx_word' id='word_1_872' title='bbox 3488 4709 3585 4748; x_wconf 90' lang='lat' dir='ltr'><strong>eo-</strong></span> 
     </span>
    </p>
   </div>
   <div class='ocr_carea' id='block_1_105' title="bbox 1963 4776 3579 4848">
    <p class='ocr_par' dir='ltr' id='par_1_105' title="bbox 1963 4776 3579 4848">
     <span class='ocr_line' id='line_1_105' title="bbox 1963 4776 3579 4848; baseline 0.006 -18"><span class='ocrx_word' id='word_1_873' title='bbox 1963 4792 2084 4831; x_wconf 92' lang='lat' dir='ltr'><strong>rum</strong></span> <span class='ocrx_word' id='word_1_874' title='bbox 2116 4776 2492 4847; x_wconf 90' lang='lat' dir='ltr'><strong>dispersorum</strong></span> <span class='ocrx_word' id='word_1_875' title='bbox 2534 4793 2634 4848; x_wconf 92' lang='lat' dir='ltr'><strong>per</strong></span> <span class='ocrx_word' id='word_1_876' title='bbox 2692 4777 2956 4832; x_wconf 89' lang='lat' dir='ltr'><strong>mundum</strong></span> <span class='ocrx_word' id='word_1_877' title='bbox 3011 4786 3173 4835; x_wconf 87' lang='lat' dir='ltr'><strong>vocat</strong></span> <span class='ocrx_word' id='word_1_878' title='bbox 3223 4781 3579 4839; x_wconf 89' lang='lat' dir='ltr'><strong>scandalum:</strong></span> 
     </span>
    </p>
   </div>
   <div class='ocr_carea' id='block_1_106' title="bbox 1963 4863 3577 4943">
    <p class='ocr_par' dir='ltr' id='par_1_106' title="bbox 1963 4863 3577 4943">
     <span class='ocr_line' id='line_1_106' title="bbox 1963 4863 3577 4943; baseline 0.006 -23"><span class='ocrx_word' id='word_1_879' title='bbox 1963 4863 2056 4920; x_wconf 85' lang='lat' dir='ltr'><strong>ﬁat</strong></span> <span class='ocrx_word' id='word_1_880' title='bbox 2086 4866 2249 4921; x_wconf 90' lang='lat' dir='ltr'><strong>etiam</strong></span> <span class='ocrx_word' id='word_1_881' title='bbox 2279 4867 2400 4922; x_wconf 83' lang='lat' dir='ltr'><strong>illis</strong></span> <span class='ocrx_word' id='word_1_882' title='bbox 2429 4867 2493 4921; x_wconf 87' lang='lat' dir='ltr'><strong>in</strong></span> <span class='ocrx_word' id='word_1_883' title='bbox 2522 4866 2968 4923; x_wconf 86' lang='lat' dir='ltr'><strong>retributionem</strong></span> <span class='ocrx_word' id='word_1_884' title='bbox 3016 4869 3196 4939; x_wconf 86' lang='lat' dir='ltr'><strong>(Psal.</strong></span> <span class='ocrx_word' id='word_1_885' title='bbox 3229 4885 3426 4937; x_wconf 80' lang='lat' dir='ltr'><strong>vam,</strong></span> <span class='ocrx_word' id='word_1_886' title='bbox 3460 4874 3577 4943; x_wconf 77' lang='lat'><strong>23).</strong></span> 
     </span>
    </p>
   </div>
   <div class='ocr_carea' id='block_1_107' title="bbox 1961 4954 3580 5032">
    <p class='ocr_par' dir='ltr' id='par_1_107' title="bbox 1961 4954 3580 5032">
     <span class='ocr_line' id='line_1_107' title="bbox 1961 4954 3580 5032; baseline 0.006 -23"><span class='ocrx_word' id='word_1_887' title='bbox 1961 4954 2099 5010; x_wconf 89' lang='lat' dir='ltr'><strong>Cum</strong></span> <span class='ocrx_word' id='word_1_888' title='bbox 2128 4957 2453 5028; x_wconf 87' lang='lat' dir='ltr'><strong>captionem</strong></span> <span class='ocrx_word' id='word_1_889' title='bbox 2484 4964 2537 5012; x_wconf 91' lang='lat' dir='ltr'><strong>et</strong></span> <span class='ocrx_word' id='word_1_890' title='bbox 2558 4958 2896 5013; x_wconf 86' lang='lat' dir='ltr'><strong>scandalum</strong></span> <span class='ocrx_word' id='word_1_891' title='bbox 2925 4959 3369 5016; x_wconf 87' lang='lat' dir='ltr'><strong>retributionem</strong></span> <span class='ocrx_word' id='word_1_892' title='bbox 3388 4970 3580 5032; x_wconf 89' lang='lat' dir='ltr'><strong>posset</strong></span> 
     </span>
    </p>
   </div>
   <div class='ocr_carea' id='block_1_108' title="bbox 1958 5046 3579 5121">
    <p class='ocr_par' dir='ltr' id='par_1_108' title="bbox 1958 5046 3579 5121">
     <span class='ocr_line' id='line_1_108' title="bbox 1958 5046 3579 5121; baseline 0.004 -20"><span class='ocrx_word' id='word_1_893' title='bbox 1958 5060 2173 5109; x_wconf 89' lang='lat' dir='ltr'><strong>vocare,</strong></span> <span class='ocrx_word' id='word_1_894' title='bbox 2207 5053 2468 5101; x_wconf 63' lang='lat' dir='ltr'><strong>aeternum</strong></span> <span class='ocrx_word' id='word_1_895' title='bbox 2517 5053 2695 5102; x_wconf 91' lang='lat' dir='ltr'><strong>tamen</strong></span> <span class='ocrx_word' id='word_1_896' title='bbox 2736 5046 3029 5113; x_wconf 90' lang='lat' dir='ltr'><strong>interitum,</strong></span> <span class='ocrx_word' id='word_1_897' title='bbox 3078 5048 3208 5121; x_wconf 87' lang='lat' dir='ltr'><strong>quia</strong></span> <span class='ocrx_word' id='word_1_898' title='bbox 3246 5065 3579 5121; x_wconf 87' lang='lat' dir='ltr'><strong>permanens</strong></span> 
     </span>
    </p>
   </div>
   <div class='ocr_carea' id='block_1_109' title="bbox 1959 5133 3574 5210">
    <p class='ocr_par' dir='ltr' id='par_1_109' title="bbox 1959 5133 3574 5210">
     <span class='ocr_line' id='line_1_109' title="bbox 1959 5133 3574 5210; baseline 0.006 -21"><span class='ocrx_word' id='word_1_899' title='bbox 1959 5135 2082 5203; x_wconf 88' lang='lat' dir='ltr'><strong>erit,</strong></span> <span class='ocrx_word' id='word_1_900' title='bbox 2114 5133 2524 5190; x_wconf 88' lang='lat' dir='ltr'><strong>retributionem</strong></span> <span class='ocrx_word' id='word_1_901' title='bbox 2582 5135 2854 5208; x_wconf 88' lang='lat' dir='ltr'><strong>intelligit.</strong></span> <span class='ocrx_word' id='word_1_902' title='bbox 2892 5137 2990 5192; x_wconf 86' lang='lat' dir='ltr'><strong>Vel</strong></span> <span class='ocrx_word' id='word_1_903' title='bbox 3026 5137 3100 5193; x_wconf 89' lang='lat' dir='ltr'><strong>ita</strong></span> <span class='ocrx_word' id='word_1_904' title='bbox 3128 5156 3329 5195; x_wconf 86' lang='lat' dir='ltr'><strong>mensa</strong></span> <span class='ocrx_word' id='word_1_905' title='bbox 3358 5155 3574 5210; x_wconf 86' lang='lat' dir='ltr'><strong>eorum,</strong></span> 
     </span>
    </p>
   </div>
   <div class='ocr_carea' id='block_1_110' title="bbox 1956 5224 3569 5302">
    <p class='ocr_par' dir='ltr' id='par_1_110' title="bbox 1956 5224 3569 5302">
     <span class='ocr_line' id='line_1_110' title="bbox 1956 5224 3569 5302; baseline 0.004 -23"><span class='ocrx_word' id='word_1_906' title='bbox 1956 5224 2013 5280; x_wconf 92' lang='lat' dir='ltr'><strong>id</strong></span> <span class='ocrx_word' id='word_1_907' title='bbox 2042 5232 2125 5279; x_wconf 90' lang='lat' dir='ltr'><strong>est</strong></span> <span class='ocrx_word' id='word_1_908' title='bbox 2152 5225 2259 5280; x_wconf 88' lang='lat' dir='ltr'><strong>hoc</strong></span> <span class='ocrx_word' id='word_1_909' title='bbox 2290 5224 2435 5296; x_wconf 89' lang='lat' dir='ltr'><strong>quod</strong></span> <span class='ocrx_word' id='word_1_910' title='bbox 2467 5240 2527 5279; x_wconf 91' lang='lat' dir='ltr'><strong>se</strong></span> <span class='ocrx_word' id='word_1_911' title='bbox 2556 5224 2758 5280; x_wconf 84' lang='lat' dir='ltr'><strong>fellitos</strong></span> <span class='ocrx_word' id='word_1_912' title='bbox 2788 5234 2841 5280; x_wconf 92' lang='lat' dir='ltr'><strong>et</strong></span> <span class='ocrx_word' id='word_1_913' title='bbox 2869 5226 3056 5282; x_wconf 89' lang='lat' dir='ltr'><strong>acidos</strong></span> <span class='ocrx_word' id='word_1_914' title='bbox 3084 5227 3385 5284; x_wconf 91' lang='lat' dir='ltr'><strong>intulerunt</strong></span> <span class='ocrx_word' id='word_1_915' title='bbox 3430 5231 3569 5302; x_wconf 90' lang='lat' dir='ltr'><strong>Deo,</strong></span> 
     </span>
    </p>
   </div>
   <div class='ocr_carea' id='block_1_111' title="bbox 1956 5314 3571 5387">
    <p class='ocr_par' dir='ltr' id='par_1_111' title="bbox 1956 5314 3571 5387">
     <span class='ocr_line' id='line_1_111' title="bbox 1956 5314 3571 5387; baseline 0.004 -18"><span class='ocrx_word' id='word_1_916' title='bbox 1956 5314 2049 5387; x_wconf 91' lang='lat' dir='ltr'><strong>qui</strong></span> <span class='ocrx_word' id='word_1_917' title='bbox 2080 5314 2148 5369; x_wconf 90' lang='lat' dir='ltr'><strong>de</strong></span> <span class='ocrx_word' id='word_1_918' title='bbox 2180 5314 2540 5370; x_wconf 88' lang='lat' dir='ltr'><strong>conversione</strong></span> <span class='ocrx_word' id='word_1_919' title='bbox 2562 5330 2751 5370; x_wconf 91' lang='lat' dir='ltr'><strong>eorum</strong></span> <span class='ocrx_word' id='word_1_920' title='bbox 2786 5315 2936 5371; x_wconf 86' lang='lat' dir='ltr'><strong>reﬁci</strong></span> <span class='ocrx_word' id='word_1_921' title='bbox 2965 5317 3203 5383; x_wconf 89' lang='lat' dir='ltr'><strong>volebat,</strong></span> <span class='ocrx_word' id='word_1_922' title='bbox 3236 5316 3327 5373; x_wconf 82' lang='lat' dir='ltr'><strong>ﬁat</strong></span> <span class='ocrx_word' id='word_1_923' title='bbox 3374 5318 3484 5374; x_wconf 87' lang='lat' dir='ltr'><strong>illis</strong></span> <span class='ocrx_word' id='word_1_924' title='bbox 3514 5320 3571 5376; x_wconf 91' lang='lat' dir='ltr'><strong>in</strong></span> 
     </span>
    </p>
   </div>
   <div class='ocr_carea' id='block_1_112' title="bbox 1954 5403 3568 5476">
    <p class='ocr_par' dir='ltr' id='par_1_112' title="bbox 1954 5403 3568 5476">
     <span class='ocr_line' id='line_1_112' title="bbox 1954 5403 3568 5476; baseline 0.005 -19"><span class='ocrx_word' id='word_1_925' title='bbox 1954 5403 2231 5475; x_wconf 90' lang='lat' dir='ltr'><strong>laqueum,</strong></span> <span class='ocrx_word' id='word_1_926' title='bbox 2264 5403 2319 5458; x_wconf 90' lang='lat' dir='ltr'><strong>id</strong></span> <span class='ocrx_word' id='word_1_927' title='bbox 2351 5411 2434 5459; x_wconf 92' lang='lat' dir='ltr'><strong>est</strong></span> <span class='ocrx_word' id='word_1_928' title='bbox 2461 5403 2824 5476; x_wconf 88' lang='lat' dir='ltr'><strong>illaqueentur</strong></span> <span class='ocrx_word' id='word_1_929' title='bbox 2850 5404 2976 5460; x_wconf 89' lang='lat' dir='ltr'><strong>ideo</strong></span> <span class='ocrx_word' id='word_1_930' title='bbox 3022 5407 3309 5463; x_wconf 89' lang='lat' dir='ltr'><strong>obsidione</strong></span> <span class='ocrx_word' id='word_1_931' title='bbox 3358 5408 3568 5465; x_wconf 81' lang='lat' dir='ltr'><strong>Roma-</strong></span> 
     </span>
    </p>
   </div>
   <div class='ocr_carea' id='block_1_113' title="bbox 1951 5494 3567 5561">
    <p class='ocr_par' dir='ltr' id='par_1_113' title="bbox 1951 5494 3567 5561">
     <span class='ocr_line' id='line_1_113' title="bbox 1951 5494 3567 5561; baseline 0.004 -13"><span class='ocrx_word' id='word_1_932' title='bbox 1951 5509 2166 5550; x_wconf 91' lang='lat' dir='ltr'><strong>norum.</strong></span> <span class='ocrx_word' id='word_1_933' title='bbox 2203 5494 2415 5549; x_wconf 64' lang='lat' dir='ltr'><strong>Castera</strong></span> <span class='ocrx_word' id='word_1_934' title='bbox 2442 5509 2554 5548; x_wconf 90' lang='lat' dir='ltr'><strong>non</strong></span> <span class='ocrx_word' id='word_1_935' title='bbox 2585 5501 2881 5550; x_wconf 90' lang='lat' dir='ltr'><strong>mutantur.</strong></span> <span class='ocrx_word' id='word_1_936' title='bbox 2915 5495 2982 5550; x_wconf 84' lang='lat' dir='ltr'><strong>Et</strong></span> <span class='ocrx_word' id='word_1_937' title='bbox 3010 5498 3188 5561; x_wconf 73' lang='lat' dir='ltr'><strong>oculi,</strong></span> <span class='ocrx_word' id='word_1_938' title='bbox 3212 5496 3267 5552; x_wconf 90' lang='lat' dir='ltr'><strong>id</strong></span> <span class='ocrx_word' id='word_1_939' title='bbox 3296 5505 3381 5553; x_wconf 90' lang='lat' dir='ltr'><strong>est</strong></span> <span class='ocrx_word' id='word_1_940' title='bbox 3423 5499 3567 5556; x_wconf 88' lang='lat' dir='ltr'><strong>ratio</strong></span> 
     </span>
    </p>
   </div>
   <div class='ocr_carea' id='block_1_114' title="bbox 1950 5584 3560 5658">
    <p class='ocr_par' dir='ltr' id='par_1_114' title="bbox 1950 5584 3560 5658">
     <span class='ocr_line' id='line_1_114' title="bbox 1950 5584 3560 5658; baseline 0.002 -18"><span class='ocrx_word' id='word_1_941' title='bbox 1950 5599 2161 5650; x_wconf 90' lang='lat' dir='ltr'><strong>eorum,</strong></span> <span class='ocrx_word' id='word_1_942' title='bbox 2187 5584 2561 5640; x_wconf 88' lang='lat' dir='ltr'><strong>obscurentur</strong></span> <span class='ocrx_word' id='word_1_943' title='bbox 2576 5600 2649 5640; x_wconf 90' lang='lat' dir='ltr'><strong>ne</strong></span> <span class='ocrx_word' id='word_1_944' title='bbox 2672 5585 2926 5650; x_wconf 86' lang='lat' dir='ltr'><strong>videant,</strong></span> <span class='ocrx_word' id='word_1_945' title='bbox 2941 5585 3310 5658; x_wconf 88' lang='lat' dir='ltr'><strong>etintelligant</strong></span> <span class='ocrx_word' id='word_1_946' title='bbox 3335 5588 3560 5644; x_wconf 86' lang='lat' dir='ltr'><strong>bonum.</strong></span> 
     </span>
    </p>
   </div>
   <div class='ocr_carea' id='block_1_115' title="bbox 1949 5672 3560 5748">
    <p class='ocr_par' dir='ltr' id='par_1_115' title="bbox 1949 5672 3560 5748">
     <span class='ocr_line' id='line_1_115' title="bbox 1949 5672 3560 5748; baseline 0.002 -19"><span class='ocrx_word' id='word_1_947' title='bbox 1949 5675 2020 5729; x_wconf 83' lang='lat' dir='ltr'><strong>Et</strong></span> <span class='ocrx_word' id='word_1_948' title='bbox 2052 5674 2284 5730; x_wconf 89' lang='lat' dir='ltr'><strong>dorsum</strong></span> <span class='ocrx_word' id='word_1_949' title='bbox 2305 5672 2579 5740; x_wconf 87' lang='lat' dir='ltr'><strong>eorum,id</strong></span> <span class='ocrx_word' id='word_1_950' title='bbox 2610 5682 2695 5729; x_wconf 88' lang='lat' dir='ltr'><strong>est</strong></span> <span class='ocrx_word' id='word_1_951' title='bbox 2715 5674 2965 5729; x_wconf 90' lang='lat' dir='ltr'><strong>eamdem</strong></span> <span class='ocrx_word' id='word_1_952' title='bbox 2993 5676 3258 5731; x_wconf 89' lang='lat' dir='ltr'><strong>rationem</strong></span> <span class='ocrx_word' id='word_1_953' title='bbox 3282 5693 3386 5748; x_wconf 91' lang='lat' dir='ltr'><strong>qua</strong></span> <span class='ocrx_word' id='word_1_954' title='bbox 3418 5693 3476 5732; x_wconf 89' lang='lat' dir='ltr'><strong>se</strong></span> <span class='ocrx_word' id='word_1_955' title='bbox 3489 5677 3560 5733; x_wconf 91' lang='lat' dir='ltr'><strong>ad</strong></span> 
     </span>
    </p>
   </div>
   <div class='ocr_carea' id='block_1_116' title="bbox 1948 5762 3559 5838">
    <p class='ocr_par' dir='ltr' id='par_1_116' title="bbox 1948 5762 3559 5838">
     <span class='ocr_line' id='line_1_116' title="bbox 1948 5762 3559 5838; baseline 0 -16"><span class='ocrx_word' id='word_1_956' title='bbox 1948 5762 2320 5838; x_wconf 86' lang='lat' dir='ltr'><strong>cognitionem</strong></span> <span class='ocrx_word' id='word_1_957' title='bbox 2349 5762 2450 5819; x_wconf 89' lang='lat' dir='ltr'><strong>Dei</strong></span> <span class='ocrx_word' id='word_1_958' title='bbox 2478 5764 2698 5835; x_wconf 86' lang='lat' dir='ltr'><strong>erigere</strong></span> <span class='ocrx_word' id='word_1_959' title='bbox 2727 5763 3054 5836; x_wconf 87' lang='lat' dir='ltr'><strong>debuerunt,</strong></span> <span class='ocrx_word' id='word_1_960' title='bbox 3074 5764 3209 5821; x_wconf 89' lang='lat' dir='ltr'><strong>illud</strong></span> <span class='ocrx_word' id='word_1_961' title='bbox 3236 5766 3471 5831; x_wconf 81' lang='lat' dir='ltr'><strong>incurva</strong></span> <span class='ocrx_word' id='word_1_962' title='bbox 3504 5765 3559 5831; x_wconf 85' lang='lat' dir='ltr'><strong>in</strong></span> 
     </span>
    </p>
   </div>
  </div>
