3970 6464
189 390 252 446 97
791 383 1174 442 EXPOSITIO
1214 385 1287 440 IN
1345 383 1728 441 EPISTOLAS
1782 384 1797 438 1

1901 375 2014 439 ILI.
2052 412 2121 422 —
2154 377 2226 436 IN
2282 379 2502 436 EPIST.
2565 379 2658 435 AD
2716 371 2887 436 ROM.
3432 378 3502 431 98

192 513 310 568 licet
337 529 547 585 paucos
594 511 882 567 inserendo
911 511 1016 567 hoc
1047 519 1291 581 tempore
1329 509 1587 582 paulatim
1628 509 1868 569 exer-A
1899 506 2146 573 cationis,
2183 505 2276 579 qui
2305 506 2467 561 etiam
2511 505 2750 577 quadam
2795 502 3051 560 facilitate
3098 507 3310 558 avertat
3359 499 3505 572 quod

191 610 270 658 cet
301 619 314 658 :
347 601 494 674 quod
523 599 936 673 sequipollenter
964 600 1058 654 ait.
1093 600 1239 654 Deus
1269 599 1454 672 utique
1487 607 1665 671 potest
1695 615 1790 654 eos

191 691 427 746 inserere
454 707 464 744 :
492 709 629 746 nam
659 691 710 746 si
739 694 801 745 tu
830 688 1052 762 gentilis
1081 691 1309 745 excisus
1339 706 1400 744 es
1422 707 1495 744 ea:
1522 689 1785 753 oleastro,

193 779 242 834 id
264 789 344 835 est
362 796 428 835 ex
445 779 497 834 in
507 778 780 835 fructifera
801 778 1010 843 radice,
1025 778 1262 834 oleastro
1274 777 1397 833 dico
1415 779 1676 833 naturali
1696 776 1790 831 tibi

193 887 287 940 per
330 869 553 940 longam
594 867 1083 932 consuetudinem;
1116 876 1168 922 et
1199 866 1246 921 si
1292 869 1544 923 insertus
1591 883 1648 922 es
1695 883 1792 937 per

193 958 420 1031 gratiam
449 961 511 1013 in
541 958 744 1013 bonam
773 959 1001 1023 olivam,
1037 964 1089 1012 et
1120 957 1223 1011 hoc
1253 960 1453 1012 contra
1491 960 1787 1022 naturam,

193 1047 242 1102 id
263 1055 344 1102 est
373 1057 562 1102 contra
579 1046 1051 1111 consuetudinem,
1072 1062 1194 1117 quae
1215 1045 1566 1100 diuturnitate
1588 1053 1794 1115 tempo-

193 1134 264 1189 ris
295 1135 350 1189 in
379 1143 629 1189 naturam
652 1135 940 1189 transierat
975 1149 986 1187 :
1021 1138 1232 1207 quanto
1283 1135 1464 1205 magis
1514 1134 1573 1188 hi
1620 1133 1792 1187 Judaei

192 1224 498 1279 inserantur
520 1241 634 1279 suae
655 1223 831 1287 olivae,
853 1239 974 1296 qtae
1005 1239 1198 1278 eorum
1230 1227 1315 1278 est
1345 1223 1659 1278 secundum
1689 1240 1794 1277 na-

194 1317 381 1368 turam
408 1319 430 1368 ξ)
460 1312 517 1367 Si
535 1321 589 1366 tu
612 1329 720 1367 non
743 1311 1004 1366 naturalis
1027 1311 1263 1366 insertus
1286 1327 1344 1366 es
1364 1319 1588 1382 propter
1608 1309 1788 1376 fidem,

192 1417 296 1456 non
326 1410 408 1456 est
439 1417 601 1457 causa
631 1417 794 1471 quare
823 1400 1104 1456 naturales
1134 1401 1272 1455 rami
1303 1416 1412 1456 non
1442 1399 1674 1456 debeant
1703 1399 1791 1454 in-

189 1491 290 1546 seri
321 1499 547 1561 propter
578 1489 827 1545 eamdem
859 1505 1105 1545 causam.

254 1579 508 1634 Probavit
537 1579 788 1650 superius
833 1579 979 1649 quod
1027 1580 1176 1633 Deus
1225 1578 1522 1649 potentiam
1566 1579 1795 1633 haberet

189 1668 463 1722 inserendi
492 1667 616 1722 illos
645 1685 745 1739 per
775 1676 955 1724 actum
996 1684 1108 1723 sum
1138 1668 1409 1738 potentias,
1445 1667 1573 1739 quia
1601 1681 1794 1723 revera

189 1757 510 1822 inserentur,
543 1756 731 1812 dicens
765 1773 776 1810 :
811 1758 950 1812 Vere
991 1757 1165 1812 Judaei
1214 1757 1409 1811 iterum
1457 1757 1790 1812 inserantur.

191 1847 325 1901 Nam
356 1855 408 1901 et
444 1863 588 1901 nunc
638 1853 881 1917 tempore
931 1846 1308 1902 excmcationis
1357 1862 1550 1901 eorum
1598 1862 1793 1902 secun-

187 1935 312 1990 dum
342 1943 555 2006 partem
584 1935 915 2003 inseruntur,
951 1943 1000 1991 et
1031 1936 1100 1990 ad
1143 1935 1391 1990 ultimum
1420 1935 1596 1991 omnis
1627 1935 1795 1989 Israel

187 2024 370 2079 salvus
400 2023 510 2078 ﬁet.
543 2023 677 2092 Quia
708 2040 851 2080 nunc
881 2024 1046 2096 aliqui
1095 2025 1408 2079 inseruntur
1454 2024 1795 2094 concipimus

187 2113 276 2167 ubi
293 2112 368 2167 ait
394 2128 405 2165 :
434 2134 456 2162 «
475 2113 700 2168 Cazcitas
723 2129 788 2168 ex
809 2121 960 2184 parte
983 2113 1210 2186 contigit
1231 2113 1285 2166 in
1308 2113 1498 2168 Israel.
1525 2134 1546 2162 ι
1574 2113 1630 2167 Si
1651 2112 1796 2167 enim

187 2202 238 2255 in
267 2209 421 2272 parte
453 2217 561 2256 non
594 2202 648 2255 in
680 2209 812 2271 toto,
845 2219 1012 2274 quare
1042 2219 1150 2257 non
1196 2202 1429 2257 dicimus
1461 2218 1604 2256 nunc
1634 2202 1794 2256 etiam

185 2298 394 2359 partem
415 2306 602 2345 eorum
622 2290 846 2345 reinseri
870 2290 897 2344 ?
926 2291 1012 2356 Et,
1037 2307 1070 2345 ο
1091 2294 1325 2362 fratres,
1352 2293 1482 2348 nolo
1520 2307 1608 2347 vos
1638 2292 1817 2360 igno-.

186 2395 314 2434 rare
345 2378 446 2434 hoc
477 2378 796 2450 contigisse,
831 2379 1036 2434 scilicet
1085 2379 1385 2435 caecitatem
1417 2380 1471 2434 in
1519 2380 1703 2445 Israel,
1740 2387 1798 2433 ut

183 2467 450 2521 intrarent
480 2475 673 2538 gentes
709 2483 720 2521 :
753 2468 898 2539 quod
927 2468 1113 2539 utique
1157 2472 1493 2540 mysterium
1533 2477 1634 2534 est,
1670 2467 1798 2539 quia

185 2556 231 2610 si
259 2556 396 2611 ordo
429 2556 507 2611 rei
557 2557 956 2623 consideratur,
989 2572 1156 2613 causa
1203 2565 1382 2612 tamen
1413 2557 1798 2613 excaecationis

183 2645 519 2712 Iudaeorum,
555 2654 607 2699 et
637 2645 1045 2701 illuminationis
1093 2647 1336 2718 gentium
1382 2662 1489 2702 non
1532 2646 1796 2717 intelligi-

183 2742 290 2788 tur.
339 2734 516 2802 Quam
563 2734 863 2790 cacitatem
893 2743 946 2791 et
989 2735 1461 2804 illuminationem,
1497 2736 1622 2791 ideo
1670 2735 1796 2791 nolo

184 2836 280 2877 vos
312 2822 569 2894 ignorare
599 2840 721 2878 esse
739 2823 1074 2894 mysterium,
1108 2829 1174 2881 ut
1201 2842 1317 2880 non
1347 2827 1474 2881 sitis
1504 2825 1796 2881 vobismet-

181 2913 319 2983 ipsis
348 2913 660 2984 sapientes,
693 2912 748 2966 id
778 2921 858 2968 est
890 2921 946 2968 ut
971 2929 1080 2969 non
1110 2913 1374 2985 imputare
1423 2914 1646 2985 possitis
1694 2915 1798 2968 hoc

181 3000 466 3071 sapientia:
496 3009 713 3066 vestrae,
747 3019 869 3072 qua;
900 3011 1302 3059 sacramentum
1332 3003 1492 3072 hujus
1522 3003 1599 3058 rei
1631 3003 1797 3058 intel-

179 3089 358 3160 ligere
391 3105 504 3145 non
535 3089 746 3146 suﬂicit.
781 3091 836 3146 Si
867 3092 1012 3146 enim
1054 3093 1170 3148 haec
1200 3107 1365 3148 causa
1405 3109 1515 3148 non
1547 3092 1646 3147 sub
1681 3108 1797 3162 my-

179 3179 349 3234 sterio
400 3179 784 3246 occultaretur,
818 3181 914 3235 sed
957 3181 1112 3236 vobis
1161 3190 1351 3253 aperta
1380 3179 1549 3249 fieret,
1583 3197 1797 3252 praesu-

179 3268 387 3323 mendo
441 3244 780 3339 imputaretis
821 3270 924 3326 hoc
956 3244 1236 3340 sapientiae
1267 3279 1481 3336 vestrae,
1518 3244 1640 3342 qua:
1671 3271 1799 3342 quia
1823 3244 1871 3305 Ο

179 3356 231 3410 in
263 3358 589 3431 cognitione
635 3358 793 3428 hujus
841 3359 1085 3431 mysterii
1133 3359 1334 3425 deficit,
1369 3360 1797 3416 imbecillitatem

175 3461 337 3500 suam
369 3446 654 3518 intelligit,
686 3455 739 3502 et
777 3447 1006 3502 miratur
1052 3448 1389 3504 altitudinem
1439 3449 1610 3504 divini
1659 3465 1796 3505 con-

175 3535 302 3590 silii.
341 3536 490 3600 Hoc,
524 3535 765 3606 inquam,
816 3538 946 3593 nolo
993 3553 1085 3592 vos
1133 3539 1396 3609 ignorare
1445 3540 1598 3610 quia,
1631 3538 1687 3593 id
1715 3547 1800 3594 est

176 3624 322 3694 quod
355 3625 592 3680 ccecitas
632 3627 876 3698 contigit
899 3629 971 3681 .in
1019 3627 1212 3682 Israel.
1248 3628 1316 3682 Et
1349 3627 1454 3683 hoc
1502 3644 1567 3682 ex
1595 3636 1751 3699 parte
1783 3644 1796 3682 :

173 3727 285 3766 non
340 3712 501 3767 enim
544 3727 736 3768 omnes
783 3715 1040 3770 excecati
1090 3724 1232 3769 sunt.
1285 3715 1595 3787 Contigisse
1644 3717 1794 3783 dicit,

173 3810 445 3871 quantum
508 3802 577 3855 ad
635 3802 997 3873 ignorantiam
1060 3804 1359 3871 hominum,
1419 3821 1540 3877 quae
1602 3821 1798 3861 causas

173 3890 334 3958 hujus
364 3891 622 3962 mysterii
652 3891 826 3947 nescit
861 3907 872 3946 :
906 3907 1031 3947 cum
1080 3900 1264 3949 tamen
1293 3893 1427 3947 nihil
1477 3893 1799 3967 contingen-

172 3978 277 4047 tiae,
313 3979 460 4034 nihil
495 3979 770 4035 fortuitum
801 3980 856 4034 in
884 3981 1223 4052 providentia
1265 3982 1363 4037 Dei
1393 3982 1460 4036 sit
1490 4001 1503 4036 :
1537 3983 1630 4054 qui
1661 3983 1799 4039 sicut

169 4067 376 4134 omnia,
413 4068 499 4124 sic
530 4076 584 4123 et
613 4083 808 4124 causas
855 4070 1097 4125 omnium
1137 4071 1305 4126 novit.
1339 4071 1567 4127 Caecitas
1614 4072 1798 4144 utique

167 4157 404 4229 contigit
431 4157 493 4212 in
517 4157 706 4223 Israel,
731 4159 901 4214 donec
931 4161 1185 4216 intraret
1199 4161 1499 4231 plenitudo
1517 4162 1794 4232 gentium.

166 4245 305 4300 Illud
337 4248 553 4312 donec,
588 4254 641 4301 et
671 4248 966 4318 temporale
988 4257 1069 4303 est
1100 4257 1153 4304 et
1181 4249 1417 4304 causale.
1453 4248 1622 4318 Quasi
1644 4250 1794 4306 dice-

166 4342 246 4390 ret
283 4351 297 4389 :
331 4336 475 4391 Ideo
510 4335 686 4391 Judaei
733 4337 989 4392 excaecati
1034 4346 1175 4404 sunt,
1210 4346 1265 4392 ut
1313 4339 1556 4406 intraret,
1592 4348 1641 4394 et
1672 4347 1798 4395 tan-

164 4423 277 4491 diu,
312 4425 509 4481 donec
542 4425 767 4481 intraret
796 4426 1079 4497 plenitudo
1124 4427 1389 4498 gentium.
1422 4429 1536 4485 Nec
1568 4428 1648 4484 sic
1675 4428 1798 4500 ple-

165 4512 358 4570 nitudo
398 4522 466 4569 ut
516 4513 722 4586 singuli
769 4515 837 4570 de
886 4515 1141 4587 gentibus
1189 4516 1552 4586 salvarentur,
1587 4517 1685 4572 sed
1733 4533 1801 4572 eo

1890 599 1993 653 erit
2024 596 2078 651 in
2111 595 2217 651 line
2246 595 2456 664 mundi,
2488 595 2710 667 quando
2741 592 2914 648 Judaei
2964 592 3106 647 ultro
3131 590 3532 663 properabunt'

1890 687 1958 741 ad
1989 685 2362 741 salvationem.
2397 685 2621 757 Eripiat
2649 683 2773 739 dico
2806 687 2864 738 et
2894 686 3114 739 avertat
3145 681 3506 754 impietatem

1890 794 1924 832 a
1952 777 2136 840 Iacob,
2168 775 2224 830 id
2254 783 2336 830 est
2365 789 2398 829 a
2426 773 2652 828 Judaico
2696 771 2920 843 populo.
2980 771 3340 844 Impietatem
3396 783 3507 824 non

1891 865 2020 920 dicit
2049 864 2137 920 hic
2168 871 2483 920 consuetam
2522 861 2909 926 idololatriam,
2947 861 3046 916 sed
3075 857 3352 931 denegtlre
3383 857 3506 914 cul-

1892 962 2003 1010 tum
2032 953 2166 1009 Filio
2198 953 2318 1019 Dei,
2355 953 2500 1024 quod
2531 951 2704 1007 Judaei
2755 950 3044 1013 faciebant,
3078 951 3183 1006 hoc
3211 956 3368 1005 vocat
3398 947 3508 1001 im-

1890 1045 2170 1115 pietatem.
2207 1043 2360 1098 Ritus
2391 1041 2534 1097 enim
2576 1056 2784 1105 eorum,
2815 1048 3104 1111 postquam
3130 1046 3344 1110 tempus
3372 1051 3507 1109 gra-

1893 1134 1979 1189 tia:
2008 1133 2174 1199 venit,
2209 1148 2337 1187 vere
2367 1130 2673 1186 idololatria
2703 1129 2822 1185 fuit.

1964 1221 2360 1277 Determinavit
2387 1237 2488 1292 per
2518 1235 2681 1292 quem
2732 1218 2881 1274 salus
2919 1216 3074 1273 fieret
3121 1215 3344 1272 Iudaeis.
3388 1217 3506 1272 De-

1893 1312 2151 1367 terminat
2178 1311 2338 1366 etiam
2372 1319 2607 1380 tempus,
2639 1309 2856 1380 quando
2890 1308 2993 1362 hoc
3024 1306 3263 1362 futurum
3295 1306 3383 1374 sit,
3420 1306 3510 1361 di-

1893 1417 2024 1458 cens
2058 1419 2070 1454 :
2104 1401 2172 1455 Et
2204 1399 2304 1455 hoc
2339 1402 2771 1467 testamentum,
2805 1397 2858 1452 id
2889 1405 2972 1451 est
3001 1397 3118 1452 haec
3147 1403 3344 1451 testata
3371 1411 3509 1466 pro-

1893 1490 2101 1558 missio,
2128 1488 2490 1560 complebitur
2519 1489 2640 1543 illis
2670 1505 2705 1542 a
2734 1503 2824 1542 me
2859 1507 2877 1542 :
2900 1493 3028 1542 tunc
3061 1502 3191 1542 cum
3222 1486 3511 1541 abstulero

1896 1583 2131 1652 peccata
2179 1595 2404 1647 eorum,
2455 1593 2659 1649 eosque
2717 1574 3090 1644 justiﬁcavero
3125 1593 3138 1629 :
3173 1574 3319 1647 quod
3368 1588 3514 1630 nunc

1893 1668 2148 1739 paulatim
2207 1667 2282 1736 fit,
2333 1675 2386 1722 et
2431 1667 2485 1721 in
2541 1663 2744 1720 ultimis
2802 1666 2995 1720 diebus
3041 1664 3310 1736 plenarie.
3354 1664 3514 1719 Nunc

1895 1757 2111 1829 quidem
2144 1756 2449 1827 eripiuntur
2479 1756 2549 1810 ab
2579 1755 2876 1825 impietate,
2910 1762 2963 1808 et
2992 1752 3124 1807 ﬁunt
3162 1753 3367 1808 dilecti.
3403 1751 3511 1807 Alii

1895 1862 2023 1902 vero
2049 1846 2137 1917 qui
2166 1845 2358 1900 nolunt
2379 1845 2534 1915 eripi,
2555 1852 2680 1898 sunt
2708 1844 2932 1899 inimici
2956 1850 3036 1898 :et
3059 1843 3165 1897 hoc
3195 1841 3510 1898 secundum

1896 1936 2284 2006 Evangelium,
2310 1935 2363 1988 id
2404 1942 2486 1988 est
2527 1942 2820 2004 propterea
2837 1931 3253 2003 quiEvangelio
3269 1931 3514 1986 invident

1897 2034 1951 2080 et
1980 2026 2288 2090 detrahunt,
2322 2041 2422 2096 per
2452 2023 2597 2094 quod
2629 2031 2822 2095 gentes
2872 2029 3282 2078 convertuntur.
3317 2018 3512 2074 Inimi-

1897 2114 1947 2170 ci
1976 2115 2158 2186 utique
2190 2121 2334 2168 sunt.
2369 2114 2438 2167 Et
2469 2113 2572 2168 hoc
2599 2117 2832 2183 propter
2861 2128 2972 2176 vos,
3007 2110 3062 2165 id
3093 2118 3176 2165 est
3207 2109 3277 2164 ad
3306 2108 3512 2164 utilita-

1897 2212 2005 2259 tem
2037 2213 2296 2259 vestram.
2327 2202 2446 2256 Nisi
2491 2201 2636 2257 enim
2665 2201 2838 2256 Judaei
2887 2200 3116 2256 verbum
3149 2199 3247 2254 Dei
3278 2214 3510 2269 respue-

1897 2301 2032 2358 rent,
2067 2292 2302 2363 apostoli
2350 2291 2535 2363 utique
2565 2307 2676 2346 non
2715 2289 3011 2345 transirent
3058 2289 3126 2344 ad
3159 2296 3372 2360 gentes.
3405 2287 3514 2342 Alii

1898 2389 2024 2436 sunt
2076 2381 2300 2437 inimici.
2355 2381 2459 2435 Alii
2507 2388 2708 2447 autem,
2743 2379 2797 2434 id
2847 2386 2930 2434 est
2973 2377 3340 2449 praedestinati
3388 2384 3514 2432 sunt

1898 2471 2226 2527 charissimi
2252 2471 2566 2527 secundum
2593 2469 2950 2535 electionem,
2977 2467 3029 2521 id
3052 2475 3134 2522 est
3155 2483 3263 2522 non
3285 2475 3514 2538 propter

1898 2561 2171 2626 meritum,
2225 2560 2321 2615 sed
2370 2559 2498 2630 quia
2546 2560 2694 2613 Deus
2751 2557 2916 2630 elegit
2970 2573 3066 2612 eos
3114 2574 3213 2627 per
3255 2555 3510 2627 gratiam.

1900 2649 2215 2704 Charissimi
2246 2649 2411 2704 etiam
2438 2653 2671 2721 prapter
2699 2651 2912 2718 patres,
2938 2662 3047 2700 non
3079 2654 3260 2701 tamen
3291 2651 3516 2716 propter

1899 2739 2149 2794 meritum
2207 2746 2441 2808 patrum,
2495 2737 2592 2791 sed
2641 2744 2698 2790 ut
2743 2735 3070 2806 impleantur
3115 2734 3514 2806 promissiones

1899 2829 2054 2884 factae
2094 2827 2337 2899 patribus
2383 2842 2591 2882 eorum.
2628 2825 2768 2880 Vere
2815 2824 3114 2879 secundum
3161 2824 3510 2891 electionem,

1900 2927 1953 2975 et
1982 2926 2208 2989 propter
2246 2925 2451 2988 patres.
2502 2917 2642 2971 Nam
2687 2915 2903 2970 vacatio
2947 2914 3066 2979 Dei,
3101 2913 3156 2967 id
3188 2921 3270 2968 est
3317 2913 3514 2970 electio

1901 3024 2111 3073 eorum,
2165 3011 2220 3061 et
2269 3006 2440 3074 dona,
2492 3004 2546 3058 id
2577 3011 2660 3058 est
2691 3002 3035 3073 impletiones
3085 3002 3515 3073 promissionum

1899 3101 2038 3152 sunt
2065 3098 2189 3151 sine
2219 3095 2580 3166 paenitentia,
2613 3093 2668 3148 id
2697 3100 2778 3147 est
2810 3092 2929 3147 sine
2958 3091 3349 3157 immutatione,
3387 3091 3515 3163 quia

1901 3185 2359 3258 quemadmodum
2414 3182 2665 3255 promisit
2711 3189 2763 3236 et
2820 3181 3002 3254 elegit,
3050 3181 3128 3237 sic
3175 3181 3512 3252 complebit;

1901 3276 1988 3331 vel
2009 3275 2114 3330 ita:
2135 3275 2278 3329 Vere
2301 3273 2622 3330 charissimi
2654 3271 2968 3328 secundum
2998 3273 3351 3327 electionem.
3371 3271 3512 3326 Nam

1900 3366 2042 3421 dona
2083 3363 2222 3430 Dei;
2256 3363 2310 3418 id
2358 3370 2441 3418 est
2487 3361 2740 3417 remissio
2789 3369 3165 3432 peccatorum,
3199 3369 3252 3415 et
3298 3360 3512 3416 vocatio

1901 3454 2021 3519 Dei,
2055 3453 2108 3508 id
2152 3461 2235 3508 est
2281 3451 2567 3507 instructio
2610 3449 2872 3517 fidelium,
2917 3465 3072 3521 quos,
3121 3458 3410 3521 postquam
3457 3449 3515 3504 in

1902 3542 2172 3613 baptismo
2224 3539 2559 3610 justificavit,
2607 3555 2708 3610 per
2765 3539 3021 3595 doctores
3069 3539 3285 3593 instruit
3334 3554 3346 3592 :
3393 3539 3513 3596 haec

1902 3631 2090 3704 utique
2119 3631 2260 3686 dona
2291 3638 2344 3685 et
2375 3630 2586 3686 vocatio
2620 3628 2719 3683 Dei
2767 3636 2891 3683 sunt
2922 3627 3039 3682 sine
3069 3627 3251 3700 aliquo
3279 3627 3502 3684 merito.

1903 3722 2039 3775 Nam
2071 3721 2187 3775 sine
2217 3719 2533 3791 poenitentia
2565 3717 2868 3788 corporalis
2898 3716 3222 3786 aﬁlictionis,
3242 3733 3363 3788 quas
3393 3733 3512 3773 me-

1904 3811 2069 3865 ritum
2105 3809 2439 3880 pmnitentiae
2488 3807 2826 3879 praecelleret
2871 3807 3015 3877 apud
3045 3807 3240 3871 Deum,
3273 3806 3319 3860 si
3367 3805 3512 3862 dona

1905 3908 1958 3956 et
2006 3899 2217 3956 vocatio
2265 3899 2383 3968 ejus
2440 3897 2633 3953 tierent
2679 3896 2979 3953 secundum
3029 3896 3300 3962 meritum,
3340 3896 3516 3953 Judaei

1904 3990 2092 4062 utique
2133 3989 2426 4061 eliguntur.
2459 3987 2601 4042 Nam
2631 3989 2780 4043 sicut
2809 4003 2902 4042 vos
2934 3985 3179 4042 Gentiles
3210 3993 3262 4040 et
3293 3985 3514 4058 quidam

1903 4079 2075 4133 Judaei
2095 4086 2221 4133 ante
2243 4077 2424 4150 legem
2447 4093 2544 4132 vos
2560 4077 2865 4149 aliquando
2887 4092 3002 4132 non
3018 4075 3338 4131 credidistis
3357 4077 3466 4132 Deo
3492 4095 3511 4132 :

1906 4185 2061 4224 nunc
2083 4172 2276 4224 autem
2297 4167 2351 4220 in
2365 4175 2611 4237 tempore
2624 4166 2811 4239 gratiae
2824 4167 3113 4222 consecuti
3134 4165 3270 4220 estis
3287 4166 3515 4221 miseri-

1905 4258 2177 4323 cordiam,
2210 4255 2265 4310 id
2295 4264 2376 4311 est
2409 4272 2475 4311 ex
2503 4255 2882 4312 misericordia
2912 4253 3288 4318 salvationem,
3323 4261 3377 4309 et
3407 4254 3515 4311 hoc

1903 4351 2139 4418 propter
2175 4347 2647 4402 incredulitatem
2677 4344 3010 4399 Judaeorum.
3044 4342 3182 4411 Quia
3209 4343 3354 4398 enim
3383 4359 3514 4398 ver-

1907 4436 2036 4490 bum
2059 4435 2157 4490 Dei
2175 4451 2283 4491 non
2307 4442 2655 4505 receperunt,
2675 4434 2779 4488 hoc
2793 4433 2862 4488 ad
2874 4440 3066 4504 gentes
3080 4431 3522 4503 transmisitapo—

1907 4524 2100 4580 stolus.
2135 4524 2303 4589 Sicut,
2338 4522 2530 4595 inquit,
2562 4538 2662 4578 vos
2691 4522 2820 4576 olim
2851 4537 2962 4578 non
2992 4521 3298 4586 credentes,
3350 4521 3519 4578 modo

163 4612 429 4673 Γεδρθεῑυ
453 4618 574 4676 quo
597 4602 683 4658 Vix
701 4603 866 4676 aliQUi
885 4605 954 4659 de
975 4606 1227 4677 sentibus
1248 4606 1400 4677 Prius
1420 4606 1795 4661 Salvabamur-
1830 4615 1884 4674 D
1905 4613 2187 4670 consecuti
2210 4613 2340 4668 estis
2361 4611 2791 4668 misericordiam
2812 4629 2826 4675 ;
2845 4613 2927 4666 ita
2950 4615 3004 4666 et
3030 4611 3130 4665 isti
3145 4607 3339 4674 Judaei,
3360 4627 3521 4668 nunc

161 4691 378 4747 Dicitur
409 4693 472 4747 in
521 4700 775 4762 tempore
819 4694 1008 4765 gratim
1057 4693 1224 4750 fuisse
1273 4695 1524 4766 plenaria
1569 4694 1803 4751 salvatio

163 4783 436 4853 gentium.
472 4783 552 4836 Et
584 4783 685 4846 sic,
719 4790 1008 4854 postquam
1040 4783 1318 4839 introisset
1347 4785 1628 4855 plenitudo
1656 4801 1804 4856 gen-

163 4869 315 4940 tium,
351 4873 565 4927 salvus
598 4871 761 4939 fieret
791 4874 976 4927 omnis
1005 4873 1178 4928 Israel
1211 4892 1228 4928 :
1261 4889 1369 4928 non
1401 4881 1580 4929 tamen
1611 4890 1806 4930 omnes

162 4959 402 5027 Hebraei,
430 4961 541 5016 sed
577 4959 888 5032 quicunque
909 4970 1093 5017 essent
1125 4962 1298 5017 Israel
1323 4963 1568 5018 videntes
1597 4965 1796 5019 Deum.

164 5048 449 5104 Sententia
503 5057 701 5104 tamen
745 5051 1104 5121 quorumdam
1134 5058 1216 5105 est
1263 5066 1457 5107 omnes
1496 5052 1716 5108 Judaeos
1746 5053 1806 5108 in

164 5136 266 5194 ﬁne
295 5139 499 5194 mundi
535 5137 854 5194 salvandos.
893 5139 1096 5194 Probat
1123 5140 1271 5212 quod
1299 5140 1473 5196 Judaei
1502 5158 1648 5198 nunc
1676 5158 1804 5213 par-

165 5226 255 5281 tim
285 5228 614 5295 salventur,
645 5234 698 5282 et
731 5226 785 5280 in
831 5226 938 5282 ﬁne
980 5229 1226 5300 plenarie
1269 5245 1372 5300 per
1419 5231 1804 5286 auctoritatem

165 5316 335 5384 Isaiae,
361 5318 575 5373 dicens
607 5333 621 5368 :
649 5315 788 5384 Quia
816 5316 938 5372 dico
970 5318 1138 5373 Israel
1161 5317 1369 5372 salvum
1399 5317 1538 5385 ﬁeri,
1562 5321 1666 5375 hoc
1691 5335 1806 5375 non

166 5420 227 5458 ex
257 5423 369 5472 me,
407 5407 518 5463 sed
551 5407 714 5461 sicut
755 5407 1036 5478 scriptum
1087 5411 1191 5474 est,
1226 5423 1437 5463 assero.
1472 5409 1588 5465 Hoc
1614 5409 1805 5481 utique

167 5497 428 5567 scriptum
462 5503 557 5552 est
587 5494 726 5559 (Isa.
761 5509 874 5561 ιη,
907 5498 1000 5566 20)
1036 5512 1048 5550 :
1094 5498 1283 5553 Veniet
1328 5513 1403 5552 ex
1447 5498 1600 5567 Sion,
1633 5499 1689 5554 id
1719 5508 1804 5554 est

166 5599 227 5638 ex
247 5584 412 5643 66
437 5583 688 5641 Iudaico
709 5583 932 5654 populo,
966 5587 1062 5658 qui
1094 5587 1305 5659 eripiat
1339 5587 1579 5659 quadam
1599 5587 1807 5643 violen-

167 5672 249 5743 tia,
283 5684 336 5732 et
365 5675 555 5733 multo
608 5670 826 5741 labore,
860 5681 915 5729 ut
941 5674 1104 5734 modo
1152 5674 1210 5730 tit
1238 5675 1295 5730 in
1337 5683 1582 5749 tempore
1625 5691 1806 5734 excas-

1905 4719 2023 4759 non
2051 4703 2440 4767 crediderunt,
2467 4709 2660 4756 euntes
2690 4702 2754 4756 in
2777 4704 3022 4756 vestram
3043 4699 3520 4767 misericordiam,

1907 4793 1962 4847 id
1991 4801 2075 4848 est
2105 4791 2354 4847 nolentes
2395 4791 2608 4856 salvari,
2642 4791 2780 4846 sicut
2813 4804 2910 4844 vos
2937 4804 3036 4860 per
3086 4786 3526 4844 misericordiam

1908 4881 2027 4951 Dei,
2059 4881 2182 4936 ideo
2214 4897 2325 4936 non
2372 4879 2723 4936 crediderunt
2758 4894 2770 4933 :
2803 4883 2870 4934 ut
2900 4877 3357 4951 quemadmodum
3397 4892 3522 4946 vos,

1908 4971 1985 5026 sic
1999 4973 2176 5026 etiam
2195 4971 2307 5043 ipsi
2327 4973 2754 5042 consequantur
2773 4967 3242 5024 misericordiam.
3264 4964 3433 5022 Vobis
3445 4965 3529 5021 in-

1908 5059 2147 5116 credulis
2188 5059 2446 5114 misertus
2475 5067 2559 5114 est
2587 5060 2756 5127 Deus,
2789 5066 2847 5112 ut
2875 5057 2980 5113 hoc
3024 5055 3370 5112 solummodo
3412 5053 3526 5111 im-

1907 5155 2190 5220 putaretur
2217 5148 2410 5221 gratiaa
2439 5164 2568 5212 suae,
2607 5147 2688 5204 sic
2717 5155 2771 5202 et
2799 5146 3002 5202 Judazis
3046 5145 3314 5217 disposuit
3343 5144 3398 5199 in
3429 5144 3524 5198 in-

1907 5237 2224 5294 credulitate
2253 5237 2510 5292 dimersis
2551 5236 2820 5303 misereri,
2855 5243 2913 5290 ut
2941 5243 3170 5307 uterque
3217 5233 3438 5290 Iudaeus
3470 5243 3528 5290 et

1907 5327 2126 5399 gentilis
2164 5343 2320 5398 teque
2368 5334 2540 5382 totum
2584 5325 2810 5382 referret
2857 5325 3049 5398 gratia:
3097 5325 3217 5392 Dei,
3251 5338 3522 5394 suamque

1908 5416 2336 5472 imbecillitatem
2399 5431 2762 5489 cognoscens,
2813 5429 2923 5470 non
2971 5413 3297 5485 superbiret.
3366 5413 3519 5468 Deus

1909 5506 2054 5562 enim
2100 5506 2294 5562 videns
2338 5504 2612 5560 diabolum
2644 5513 2695 5560 et
2726 5503 3003 5559 hominem
3046 5511 3331 5574 utrumque
3361 5501 3514 5558 ceci-

1908 5595 2056 5651 disse
2085 5612 2186 5667 per
2214 5594 2544 5668 superbiam,
2577 5593 2805 5650 multum
2843 5591 3041 5648 exinde
3071 5591 3275 5648 studuit
3301 5605 3520 5662 praeca-

1907 5700 2038 5741 vere
2065 5685 2272 5742 homini
2299 5701 2331 5741 a
2359 5683 2636 5758 superbia,
2657 5699 2830 5756 quare
2859 5690 3152 5754 utrumque
3181 5680 3432 5738 Judaeum
3460 5687 3516 5738 et
