3970 6516
409 367 478 419 99
906 366 962 420 S.
1023 364 1379 422 BRUNONIS
1438 364 2087 422 CARTIIUSIANORUM
2141 366 2633 424 INSTITUTOBIS
2693 367 2844 425 OPP.
2906 369 3081 425 PARS
3142 370 3212 424 II.

3607 372 3713 425 100

405 486 669 559 gentilem
706 487 1018 544 labefactari
1058 488 1306 560 permisit
1347 489 1404 544 in
1448 489 1901 557 incredulitatem,
1947 493 2077 554 utA
2103 494 2332 559 sacula,
2364 492 2420 548 id
2450 501 2534 548 est
2580 493 2945 559 aternaliter;
2977 495 3176 560 Amen,
3208 492 3263 547 id
3313 500 3397 547 est
3439 492 3620 548 videte
3651 501 3708 548 ut

406 584 611 648 quanto
640 578 821 650 magis
848 577 1182 633 infimitatem
1223 594 1378 634 suam
1405 588 1823 649 cognoscerent,
1857 587 2004 635 tanto

405 666 636 736 amplius
664 666 1054 724 misericordia
1082 667 1182 723 Dei
1211 684 1333 722 sese
1364 667 1712 737 subjicerent.
1752 670 1892 723 Vere
1922 668 2004 723 in-

404 754 700 811 credulitas
751 755 1058 813 Judaorum
1114 771 1279 812 causa
1334 764 1419 812 est
1471 764 1529 812 ut
1570 756 2003 813 misericordiam

406 852 826 916 consequantur.

476 953 617 1007 Nam
645 953 789 1009 Deus
817 954 1096 1009 conclusit
1137 953 1348 1018 omnia,
1381 968 1525 1009 nunc
1571 952 1824 1025 gentiles,
1858 968 2002 1009 nunc

402 1038 620 1097 Judaos
635 1042 699 1097 in
717 1041 1146 1107 incredulitate,
1162 1046 1227 1098 ut
1242 1041 1493 1097 omnibus
1510 1042 1667 1097 factis
1687 1041 1998 1107 incredulis,

403 1137 707 1200 opportune
720 1131 1062 1186 misereatur
1073 1132 1327 1185 omnium
1336 1172 1348 1185 .
1365 1130 1422 1185 Si
1434 1131 1577 1185 enim
1589 1130 1682 1184 alii
1692 1130 1777 1185 vel
1789 1130 2001 1201 utrique

398 1216 458 1272 in
486 1217 592 1273 fide
622 1218 1005 1289 perstitissent,
1030 1218 1278 1290 profecto
1308 1220 1452 1291 quod
1482 1218 1871 1274 misericordia
1900 1218 2000 1273 Dei

403 1314 541 1375 erat,
573 1307 771 1362 merito
798 1306 922 1362 fidei
952 1323 1065 1363 sua
1094 1308 1451 1363 ascriberent.
1483 1308 1552 1362 Et
1580 1323 1776 1363 causas
1804 1308 1999 1362 horum

403 1411 568 1467 quare
594 1411 738 1452 nunc
766 1395 856 1450 isti
882 1396 1293 1463 concludantur,
1328 1413 1470 1451 nunc
1498 1396 1594 1462 illi,
1628 1396 1741 1452 noli
1770 1396 1998 1451 investi-

402 1500 554 1555 gare,
574 1484 671 1540 sed
699 1484 965 1540 admirare
994 1485 1279 1540 consilium
1308 1485 1409 1540 Dei
1434 1501 1665 1550 mecum,
1698 1484 1887 1540 dicens
1918 1500 1930 1538 :
1956 1485 1997 1540 0

400 1573 1001 1643 altitudojudiciorum
1022 1576 1140 1639 Dei,
1162 1574 1359 1645 quibus
1378 1590 1520 1629 nunc
1534 1573 1707 1628 Judai
1728 1573 1997 1643 repellun-

400 1668 503 1725 tur,
534 1676 680 1717 nunc
708 1661 941 1735 gentiles
970 1662 1303 1717 inseruntur.
1335 1663 1461 1717 Hac
1488 1662 1672 1733 utique
1685 1661 1889 1730 judicia
1918 1661 1997 1716 sic

398 1748 506 1803 alta
553 1758 695 1818 sunt,
727 1751 1184 1822 quemadmodum
1231 1750 1494 1821 sapientia
1524 1759 1577 1805 et
1605 1750 1830 1805 scientia
1872 1750 1991 1804 Dei.

2105 580 2181 636 ita
2228 580 2336 636 fiat.
2390 583 2608 637 Poterat
2652 582 2741 638 hic
2788 580 2973 638 finisse
3018 582 3340 653 Epistolam,
3374 580 3709 637 sufﬁcienter

2106 670 2250 724 enim
2293 678 2581 742 utrumque
2629 670 2909 741 populum,
2941 687 3010 725 ne
3057 670 3195 726 inter
3224 687 3282 725 se
3316 671 3559 726 vicissim
3604 688 3707 724 su-

2103 758 2380 828 perbirent
2407 768 2761 830 represserat,
2791 759 3095 831 multasque
3128 760 3369 815 rationes
3398 759 3524 814 inde
3554 776 3705 830 pra-

2103 847 2346 902 miserat.
2390 848 2496 903 Sed
2526 848 2654 920 quia
2700 848 2778 903 eis
2802 849 2917 917 jam
2948 864 3058 903 non
3087 848 3224 902 intra
3254 864 3313 904 se
3361 848 3706 904 contentiose

2103 936 2538 1005 superbientihus
2593 936 2904 991 necessaria
2959 945 3071 991 erat
3129 936 3397 991 alternata
3442 935 3693 992 dilectio.

2101 1024 2371 1079 Admonet
2413 1024 2536 1079 ideo
2584 1041 2677 1079 eos
2702 1026 2815 1094 jam
2842 1040 2875 1080 a
2904 1026 3247 1081 contentione
3298 1025 3516 1080 sedatos
3563 1026 3704 1079 sub-

2102 1112 2305 1168 servire
2338 1113 2439 1166 sibi
2465 1112 2718 1179 invicem,
2750 1130 3023 1184 unumque
3069 1122 3392 1184 supportare
3440 1113 3697 1179 alterum,

2101 1209 2157 1255 ut
2212 1218 2310 1271 per
2350 1202 2658 1270 hujusmodi
2720 1202 3047 1268 subservire,
3104 1201 3379 1258 coalescat
3418 1202 3473 1257 in
3520 1202 3599 1257 eis
3649 1210 3706 1257 et

2101 1289 2445 1346 convalescat
2473 1290 2745 1346 vinculum
2775 1290 3097 1346 dilectionis.

2703 1396 2925 1453 CAPUT
2954 1397 3077 1451 XII.

2173 1509 2193 1533 α
2232 1485 2478 1541 Obsecro
2508 1486 2686 1557 itaque
2729 1502 2847 1552 vos,
2881 1485 3093 1551 fratres,
3128 1502 3223 1557 per
3266 1485 3701 1543 misericordiam

2100 1598 2121 1621 α
2160 1574 2278 1641 Dei,
2310 1582 2369 1628 ut
2398 1575 2695 1629 exhibeatis
2740 1590 2975 1644 corpora
3006 1582 3183 1629 vestra
3233 1575 3470 1630 hostiam
3500 1576 3702 1631 viven-

2101 1684 2122 1711 α
2158 1670 2286 1728 tem,
2318 1672 2578 1729 sanctam,
2614 1664 2729 1717 Deo
2775 1662 3101 1733 placentem,
3154 1663 3477 1718 rationabile
3523 1664 3701 1719 obse-

2100 1772 2122 1801 ε
2159 1751 2343 1822 quium
2373 1761 2633 1806 vestrum.
2667 1752 2733 1805 Et
2765 1751 2928 1806 nolite
2957 1750 3284 1807 conformari
3313 1752 3439 1807 huic
3469 1752 3695 1819 saculo,

399 1837 1191 1906 Quoditaait:0altitudo,id
1208 1838 1644 1910 estprofunditas
1664 1840 2067 1915 divitiarum};
2100 1862 2121 1886 υ
2157 1841 2253 1894 sed
2310 1839 2682 1895 reformamini
2732 1841 2786 1894 in
2846 1840 3083 1895 novitate
3145 1857 3340 1895 sensus
3392 1841 3575 1906 vestri,
3639 1849 3702 1895 ut

397 1928 717 1999 sapientia,
749 1927 805 1982 id
832 1936 911 1983 est
952 1928 1151 1983 divitiis
1198 1928 1474 1998 sapientia
1504 1936 1557 1983 et
1586 1927 1826 1983 scientia
1872 1928 1991 1982 Dei.

399 2014 556 2072 6'7
581 2016 854 2088 Sapientia
874 2025 927 2073 et
947 2016 1169 2073 scientia
1187 2017 1287 2072 Dei
1306 2017 1459 2072 dives
1480 2017 1677 2073 dicitur
1696 2017 1995 2071 secundum

394 2104 621 2159 multam
650 2106 880 2177 capiam.
915 2105 1036 2161 Alta
1072 2106 1285 2171 dicitur,
1319 2106 1619 2161 secundum
1665 2105 1994 2160 inscrutabi-

397 2201 509 2249 tem
549 2193 990 2265 profunditatem.
1050 2194 1322 2265 Sapientia
1377 2194 1478 2250 Dei
1532 2194 1730 2250 dicitur
1781 2209 1888 2266 qua
1935 2210 1994 2249 se

398 2291 632 2355 quantus
662 2291 744 2338 est
772 2283 1073 2356 cognoscit.
1110 2283 1348 2339 Scientia
1367 2299 1476 2354 qua
1505 2299 1841 2354 quacunque
1870 2289 1994 2336 sunt

397 2380 767 2427 creaturarum
795 2372 961 2427 novit.
995 2371 1042 2427 Ο
1072 2371 1299 2427 altitudo
1345 2372 1626 2442 sapientia
1654 2380 1706 2427 et
1751 2371 1993 2427 scientia

394 2459 516 2527 Dei,
546 2477 716 2533 quam
743 2461 1337 2532 incomprehensibilia
1365 2464 1502 2515 sunt
1522 2460 1745 2531 judicia
1773 2462 1914 2532 ejus,
1937 2459 1993 2512 id

395 2555 479 2602 est
541 2564 703 2604 nemo
768 2548 959 2604 suﬂicit
1022 2548 1488 2619 comprehendere
1566 2547 1991 2620 profunditatem

386 2636 732 2705 judiciorum,
758 2653 878 2709 qua
906 2645 1200 2708 pertractat
1228 2637 1373 2707 apud
1403 2654 1483 2692 se.

460 2742 677 2799 Diceret
700 2742 901 2814 aliquis
932 2760 946 2797 :
979 2741 1230 2812 Quandiu
1260 2744 1405 2813 apud
1447 2744 1619 2797 Deum
1648 2750 1989 2813 pertractan-

391 2837 480 2886 tur
503 2831 723 2901 judicia,
749 2848 936 2887 verum
979 2840 1061 2886 est
1104 2832 1250 2903 quod
1286 2848 1398 2887 non
1443 2831 1853 2902 intelliguntur;
1891 2832 1990 2885 sed

389 2920 445 2975 in
485 2929 665 2976 actum
702 2920 953 2987 deducta,
1004 2919 1132 2974 satis
1178 2920 1735 2991 comprehenduntur.
1787 2920 1990 2974 Contra

390 3008 496 3064 hoc
523 3008 722 3062 Paulus
746 3023 759 3061 :
777 3008 977 3077 judicia
998 3008 1118 3074 Dei,
1146 3009 1274 3063 dum
1292 3009 1435 3078 apud
1458 3009 1631 3063 Deum
1653 3015 1989 3078 pertractan-

390 3103 496 3162 tur,
522 3097 661 3152 sicut
685 3096 1076 3167 comprehendi
1093 3105 1398 3168 nequeunt;
1432 3096 1502 3151 ita
1530 3096 1694 3151 etiam
1714 3098 1816 3152 vice
1845 3097 1985 3166 ejus,

390 3183 446 3239 id
476 3193 557 3240 est
587 3185 933 3256 operationes
957 3185 1202 3255 ipsorum
1225 3184 1556 3254 judiciorum
1604 3193 1729 3239 sunt
1756 3186 1989 3239 investi-

388 3275 617 3346 gabiles.
652 3274 844 3328 Probat
875 3289 973 3345 per
1002 3273 1217 3340 Isaiam,
1251 3274 1397 3345 quod
1440 3273 1703 3345 pramisit
1751 3273 1938 3328 dicens
1970 3290 1985 3327 :

389 3364 531 3418 Vere
563 3362 829 3433 sapientia
859 3370 912 3417 et
956 3362 1184 3418 scientia
1232 3363 1332 3418 Dei
1382 3370 1505 3417 sunt
1546 3362 1978 3435 investigabiles.

388 3452 533 3508 Nam
563 3452 686 3524 quis
716 3454 971 3524 cognovit
1018 3468 1247 3508 sensum
1287 3453 1513 3507 Domini
1547 3456 1569 3507 ?
1598 3452 1771 3506 Nemo
1802 3452 1987 3523 utique

389 3540 535 3612 quod
565 3542 714 3596 Deus
760 3541 950 3607 sensit,
1000 3556 1331 3611 cognoscere
1360 3541 1551 3612 potuit.
1584 3541 1653 3595 Et
1682 3556 1812 3595 vere
1835 3540 1986 3609 judi-

386 3629 471 3684 cia
514 3637 567 3685 et
612 3645 783 3701 opera
829 3629 1154 3698 judiciorum
1205 3637 1329 3684 sunt
1376 3629 1799 3701 investigabilia.
1848 3630 1986 3683 Nam

386 3718 510 3790 quis
537 3720 655 3790 fuit
689 3719 1051 3774 consiliarius
1082 3719 1203 3789 ejus
1232 3719 1362 3790 (lsa.
1397 3733 1488 3785 xL,
1524 3721 1634 3787 l3),
1668 3718 1818 3787 cujus
1848 3733 1985 3773 con-

387 3805 510 3861 silio
541 3806 822 3862 ordinaret
850 3808 990 3861 sua?
1019 3807 1117 3862 Vel
1141 3823 1303 3878 quem
1333 3807 1389 3861 in
1415 3806 1643 3863 consilio
1673 3806 1985 3877 dispositio-

382 3893 469 3948 nis
517 3911 629 3950 sua
677 3895 1030 3950 admitteret?
1058 3896 1233 3951 Nemo
1262 3895 1466 3967 utique.
1500 3896 1568 3949 Et
1598 3895 1735 3949 sicut
1778 3895 1983 3951 nemini

381 3982 594 4055 aperuit
623 3999 845 4038 sensum
893 4000 1070 4050 suum,
1104 3984 1182 4039 ita
1209 3999 1437 4056 quaque
1484 3984 1628 4039 bona
1656 4000 1722 4039 ex
1761 3984 1983 4039 miseri-

382 4072 569 4127 cordia
597 4071 802 4126 tribuit.
856 4070 990 4141 Quis
1039 4072 1182 4128 enim
1212 4072 1363 4128 dedit
1390 4072 1512 4126 illi?
1540 4072 1713 4144 potuit
1761 4073 1983 4143 quidem

381 4160 576 4232 aliquis
605 4167 730 4231 post
756 4169 1036 4231 acceptam
1066 4161 1298 4234 gratiam
1327 4161 1382 4215 in
1414 4161 1595 4233 aliquo
1621 4161 1841 4216 mereri.
1875 4161 1982 4216 Sed

380 4250 505 4321 quis
535 4249 690 4305 dedit
717 4250 810 4305 illi
834 4250 993 4322 prior
1020 4258 1309 4322 antequam
1339 4251 1488 4305 Deus
1518 4250 1671 4304 daret
1709 4249 1939 4322 gratiam
1964 4268 1979 4315 ;

381 4344 435 4392 et
465 4337 515 4392 ei
544 4336 624 4394 sic
652 4337 804 4392 danti
844 4353 953 4392 non
984 4338 1157 4411 gratis
1200 4338 1418 4393 dabitur
1446 4354 1480 4393 a
1508 4338 1644 4404 Deo,
1678 4338 1776 4393 sed
1804 4340 1981 4394 retri-

380 4426 586 4483 buetur
633 4426 759 4498 quia
786 4427 1131 4498 promeruit?
1160 4429 1288 4484 Hac
1334 4435 1456 4482 sunt
1503 4427 1693 4495 Isaia;
1730 4443 1851 4498 qua
1880 4442 1977 4482 au-

378 4522 488 4570 tem
519 4523 815 4588 sequuntur
861 4516 1029 4571 verba
1070 4524 1194 4571 sunt
1241 4516 1412 4571 Pauli.
1456 4518 1596 4572 Vere
1643 4532 1805 4572 nemo
1833 4515 1983 4587 prior

378 4603 528 4659 dedit
573 4604 670 4673 illi,
702 4606 972 4678 quoniam
1018 4623 1092 4662 ea:
1137 4608 1280 4679 ipso,
1314 4610 1370 4662 et
1410 4622 1514 4678 per
1560 4608 1765 4679 ipsum,
1816 4611 1876 4661 et
1915 4606 1979 4660 in

373 4694 493 4765 ipso
515 4697 651 4750 sunt
672 4695 884 4750 omnia.
908 4695 1014 4750 Per
1028 4695 1274 4750 diversas
1293 4694 1724 4766 prapositiones,
1748 4711 1814 4749 ex
1834 4694 1975 4765 ipso,

372 4796 471 4852 per
516 4782 715 4853 ipsum,
758 4782 814 4837 in
860 4783 1000 4854 ipso,
1061 4791 1214 4840 notat
1261 4783 1661 4840 distinctionem
1707 4798 1978 4854 persona-

375 4886 499 4924 rum
527 4870 821 4925 Trinitatis.
853 4872 955 4927 Per
997 4872 1145 4928 idem
1172 4888 1476 4944 pronomen
1526 4880 1609 4927 ter
1653 4872 1971 4943 repositum,

373 4966 525 5013 notat
564 4958 902 5015 identitatem
950 4961 1281 5031 substantia,
1331 4962 1519 5018 dicens
1555 4976 1565 5014 :
1600 4962 1689 5016 Ea:
1734 4963 1875 5033 ipso,
1921 4961 1975 5015 id

374 5054 457 5104 est
497 5062 564 5103 ex
609 5048 763 5103 Patre
811 5049 957 5121 quod
999 5050 1328 5121 principium
1372 5065 1484 5107 non
1514 5058 1599 5105 est
1641 5049 1711 5104 ab
1741 5048 1887 5116 alio;
1919 5054 1978 5104 et

370 5152 474 5209 per
500 5137 706 5209 ipsum,
738 5137 794 5193 id
850 5145 933 5193 est
969 5155 1070 5209 per
1096 5139 1320 5208 Filium,
1373 5140 1466 5211 qui
1507 5155 1538 5193 a
1570 5140 1731 5193 Patre
1772 5137 1975 5209 princi-

368 5225 519 5297 pium
559 5226 744 5293 habet,
778 5233 831 5282 et
857 5242 959 5297 per
988 5243 1150 5299 quem
1194 5228 1355 5283 Pater
1396 5227 1523 5283 fecit
1549 5226 1769 5293 omnia;
1803 5231 1861 5282 et
1908 5228 1974 5281 in

368 5316 507 5387 ipso,
539 5313 595 5369 id
640 5323 723 5370 est
752 5314 807 5369 in
850 5315 1053 5386 Spiritu
1098 5324 1309 5383 sancto,
1342 5316 1433 5388 qui
1463 5333 1494 5370 a
1524 5316 1684 5372 Patre
1726 5315 1975 5386 procedit

370 5411 423 5458 et
467 5403 623 5470 Filio,
658 5404 749 5476 qui
786 5403 1001 5459 bonitas
1048 5404 1150 5458 Dei
1194 5404 1413 5469 dicitur,
1465 5420 1563 5474 per
1610 5420 1770 5476 quam
1809 5403 1972 5458 honi-

368 5498 537 5547 tatem
579 5491 879 5547 subsistunt
924 5498 1123 5547 creata.
1174 5492 1261 5546 Ea:
1309 5494 1447 5563 ipso,
1499 5492 1743 5563 inquam,
1776 5499 1830 5547 et
1870 5509 1975 5565 per

367 5582 576 5652 ipsum,
610 5585 668 5636 et
694 5582 757 5636 in
787 5583 908 5653 ipso
936 5583 1075 5635 sunt
1106 5581 1301 5634 omnia
1331 5599 1349 5635 :
1378 5580 1491 5652 ipsi
1511 5579 1690 5653 itaque
1711 5581 1780 5635 de
1798 5581 1975 5637 omni-

365 5668 469 5724 bus
498 5669 727 5725 debetur
753 5669 934 5740 gloria
961 5674 1017 5723 et
1042 5667 1347 5738 gratiarum
1390 5668 1551 5736 actio,
1584 5685 1686 5740 pro
1722 5669 1972 5726 omnibus

365 5757 525 5813 bonis
570 5773 692 5828 qua
719 5756 813 5813 dat
858 5754 1303 5813 misericorditer.
1334 5754 1406 5811 Et
1431 5756 1551 5814 hac
1594 5757 1771 5827 gloria
1803 5756 1873 5812 sit
1902 5757 1969 5813 in

2100 1951 2121 1975 ιι
2158 1929 2401 1998 probetis
2432 1946 2554 1999 qua
2584 1929 2651 1982 sit
2688 1929 2939 1984 voluntas
2984 1928 3085 1984 Dei
3135 1928 3295 1997 bona,
3331 1937 3383 1985 et
3424 1929 3698 2000 benepla-

2100 2038 2122 2067 ι
2160 2033 2290 2073 cens
2346 2024 2400 2072 et
2454 2017 2711 2087 perfecta.
2770 2018 2905 2073 Dico
2950 2018 3094 2072 enim
3141 2034 3241 2087 per
3296 2018 3523 2090 gratiam
3571 2035 3697 2089 qua

2099 2128 2121 2153 α
2154 2106 2283 2160 data
2319 2113 2403 2160 est
2450 2105 2600 2171 mihi,
2634 2106 2883 2161 omnibus
2931 2105 3022 2177 qui
3070 2114 3193 2160 sunt
3241 2105 3383 2161 inter
3428 2122 3546 2172 vos,
3581 2122 3695 2162 non

2099 2217 2120 2241 α
2157 2193 2279 2264 plus
2324 2210 2515 2265 sapere
2561 2210 2723 2266 quam
2754 2202 2970 2265 Oportet
3011 2209 3223 2265 sapere,
3256 2195 3354 2249 sed
3402 2209 3595 2266 sapere
3624 2196 3693 2249 ad

2100 2306 2121 2329 ει
2157 2282 2527 2348 sobrietatem,
2562 2291 2614 2337 et
2646 2283 2930 2354 unicuique
2963 2282 3102 2338 sicut
3142 2284 3290 2337 Deus
3319 2283 3502 2338 divisit
3529 2300 3695 2339 men-

2098 2392 2121 2421 ι
2158 2387 2337 2426 suram
2362 2371 2506 2426 fidei.
2533 2372 2682 2427 Sicut
2702 2372 2846 2427 enim
2874 2372 2931 2426 in
2951 2388 3060 2426 uno
3081 2387 3311 2442 corpore
3329 2373 3500 2427 multa
3519 2389 3696 2427 mem-

2098 2483 2119 2507 α
2156 2460 2254 2515 bra
2299 2461 2581 2527 habemus,
2632 2460 2812 2515 omnia
2854 2469 3032 2516 autem
3079 2461 3328 2516 membra
3382 2476 3491 2516 non
3539 2477 3696 2517 eum-

2098 2570 2119 2598 ι
2153 2549 2279 2604 dem
2326 2558 2504 2605 actum
2548 2549 2786 2615 habent;
2817 2549 2890 2603 ita
2935 2549 3088 2603 multi
3131 2565 3298 2604 unum
3343 2565 3543 2621 corpus
3591 2568 3694 2605 su-

2097 2658 2120 2688 c
2154 2654 2276 2692 mus
2331 2638 2388 2692 in
2444 2638 2696 2704 Christo,
2751 2637 2950 2710 singuli
3005 2646 3187 2693 autem
3262 2638 3402 2694 alter
3465 2639 3695 2694 alterius

2096 2748 2117 2777 «
2153 2726 2420 2781 membra.
2474 2726 2747 2781 Habentes
2792 2734 2969 2780 autem
3017 2726 3342 2782 donationes
3389 2727 3695 2782 secundum

2094 2837 2116 2861 «
2152 2815 2403 2887 gratiam,
2452 2831 2574 2885 qua
2618 2814 2746 2869 data
2793 2822 2876 2869 est
2916 2814 3094 2881 nobis,
3146 2813 3462 2870 differentes
3512 2832 3527 2870 :
3575 2815 3695 2872 sive

2096 2925 2118 2953 ι
2152 2904 2511 2974 prOphetiam,
2546 2904 2847 2959 secundum
2894 2903 3159 2959 rationem
3205 2902 3369 2972 ﬁdei;
3418 2903 3533 2959 sive
3581 2905 3695 2959 mi-

2095 3013 2117 3042 α
2152 2992 2435 3047 nisterium
2484 2992 2538 3046 in
2585 2992 2983 3059 ministrando;
3017 2992 3131 3047 sive
3160 2992 3254 3064 qui
3295 2993 3456 3049 docet
3498 2992 3555 3047 in
3583 2994 3696 3049 do-

2094 3102 2117 3132 ι
2150 3081 2342 3147 ctrina,
2394 3080 2484 3152 qui
2531 3081 2866 3147 exhortatur,
2919 3081 2976 3135 in
3020 3081 3378 3147 exhortando,
3428 3081 3521 3153 qui
3585 3082 3696 3137 tri-

2094 3191 2115 3220 ι
2150 3170 2280 3235 buit,
2314 3169 2369 3223 in
2400 3169 2762 3239 simplicitate,
2816 3170 2908 3241 qui
2955 3178 3170 3240 praest,
3212 3170 3271 3224 in
3299 3169 3691 3240 sollicitudine,

2092 3280 2114 3309 ι
2150 3258 2242 3330 qui
2271 3257 2583 3324 miseretur,
2617 3258 2672 3312 in
2701 3258 2988 3313 hilaritate.
3039 3258 3289 3325 Dilectio,
3317 3259 3433 3314 sine
3466 3259 3695 3315 simula-

2092 3369 2114 3397 α
2148 3348 2306 3403 tione.
2349 3368 2371 3397 ι
2409 3346 2669 3403 Odientes
2700 3347 2922 3413 malum,
2946 3347 3290 3402 adharentes
3323 3347 3468 3402 bono
3496 3350 3694 3416 (Amos

2091 3458 2113 3487 ε
2149 3452 2204 3503 v,
2231 3438 2341 3505 15).
2372 3456 2393 3485 ι
2425 3459 2446 3483 ι.
2474 3435 2800 3491 Charitatem
2825 3435 3181 3490 fraternitatis
3203 3435 3436 3491 invicem
3455 3435 3701 3508 diligen-

2089 3547 2112 3576 α
2150 3532 2249 3589 tes,
2280 3525 2487 3579 honore
2517 3524 2749 3579 invicem
2778 3523 3177 3594 pravenientes
3197 3525 3245 3593 (ι
3270 3527 3425 3580 Petr.
3442 3539 3503 3591 ιι,
3529 3527 3644 3593 17).
3670 3548 3693 3572 ιο

2090 3636 2112 3665 ι
2151 3613 2521 3668 Sollicitudine
2579 3628 2688 3668 non
2752 3612 2914 3685 pigri,
2967 3612 3156 3683 spiritu
3218 3612 3509 3677 ferventes,
3569 3614 3696 3669 Do-

2089 3726 2111 3751 α
2146 3702 2295 3758 mino
2339 3702 2679 3767 servientes;
2731 3718 2827 3771 spe
2875 3702 3194 3773 gaudentes,
3246 3701 3300 3755 in
3342 3701 3696 3759 tribulatione

2089 3812 2112 3842 ι
2148 3790 2432 3861 patientes,
2484 3789 2715 3845 orationi
2760 3790 3062 3856 instantes;
3093 3790 3507 3846 necessitatibus
3555 3807 3698 3846 san-

2089 3902 2112 3931 α
2149 3888 2362 3934 ctorum
2412 3878 2573 3935 68
2622 3879 3134 3945 communicantes;
3184 3902 3205 3927 α
3263 3878 3698 3949 hospitalitatem

2088 3992 2109 4016 α
2147 3976 2417 4024 sectantes
2458 3968 2642 4039 (Hebr.
2675 3982 2795 4034 xm,
2830 3968 2907 4035 2).
2948 3992 2970 4015 »
3003 3967 3314 4023 Benedicite
3340 3984 3696 4038 persequen-

2088 4078 2111 4107 ι
2147 4057 2288 4111 tibus
2318 4072 2450 4123 vos;
2481 4056 2805 4122 benedicite,
2837 4064 2891 4111 et
2936 4056 3103 4111 nolite
3132 4056 3480 4111 maledicere.
3526 4057 3696 4113 Gau-

2089 4170 2110 4193 u
2146 4146 2295 4201 derte
2341 4161 2466 4201 cum
2513 4144 2893 4216 gaudentibus,
2942 4146 3066 4200 flete
3113 4161 3235 4201 cum
3280 4145 3569 4212 flentibus;
3602 4146 3695 4202 id-

2087 4255 2110 4285 ι
2145 4234 2324 4305 ipsum
2381 4233 2615 4290 invicem
2674 4233 2968 4289 sentientes
3010 4252 3026 4301 ;
3075 4249 3182 4288 non
3239 4233 3342 4288 alta
3390 4234 3692 4305 sapientes,

2086 4346 2107 4370 α
2146 4323 2243 4378 sed
2272 4321 2566 4377 humilibus
2605 4322 3027 4378 consentientes.
3059 4322 3239 4377 Nolite
3281 4338 3405 4377 esse
3434 4322 3693 4393 pruden-

2086 4434 2108 4458 ιι
2144 4420 2227 4467 tes
2258 4411 2401 4481 apud
2430 4410 2813 4481 vosmetipsos.
2845 4411 2991 4466 Nulli
3019 4410 3223 4466 malum
3252 4427 3352 4482 pro
3380 4410 3526 4466 malo
3557 4412 3694 4467 red-

2086 4520 2109 4551 ι
2143 4500 2373 4567 dentes;
2427 4520 2450 4549 α
2503 4499 2855 4556 Providentes
2900 4500 3045 4555 bona
3088 4514 3197 4554 non
3247 4507 3450 4554 tantum
3497 4514 3695 4556 coram

1999 4578 2053 4637 D
2087 4609 2111 4641 «
2146 4590 2298 4656 Deo,
2350 4588 2449 4643 sed
2494 4588 2657 4643 etiam
2701 4604 2886 4644 coram
2948 4588 3199 4644 omnibus
3259 4588 3568 4643 hominibus
3614 4590 3697 4659 (II

2086 4699 2110 4729 α
2148 4678 2270 4734 Cor.
2314 4692 2435 4745 VIII,
2468 4678 2581 4746 2t).
2620 4697 2643 4727 ι
2680 4700 2702 4725 κ
2738 4676 2795 4733 Si
2838 4676 2955 4732 fieri
3000 4684 3179 4747 potest
3226 4677 3372 4749 quod
3416 4693 3481 4732 ex
3525 4677 3691 4734 vobis

2084 4788 2108 4818 ι
2146 4774 2257 4834 est,
2314 4780 2439 4822 cum
2493 4765 2747 4821 omnibus
2801 4766 3111 4821 hominibus
3167 4780 3359 4836 pacem
3415 4766 3692 4823 habentes

2084 4876 2108 4906 α
2143 4855 2326 4925 (Hebr.
2378 4869 2480 4922 ΧΗ,
2529 4856 2640 4924 14).
2677 4875 2699 4904 ι
2742 4856 2867 4910 Non
2913 4854 3278 4926 vosmetipsos
3324 4853 3691 4912 defendentes

2082 4966 2104 4992 α
2140 4942 2469 5009 charissimi,
2529 4943 2626 4998 sed
2680 4943 2802 4998 date
2859 4943 3038 4999 locum
3092 4943 3207 5001 ira.
3271 4943 3544 5014 Scriptum
3597 4955 3691 5001 est

2083 5054 2105 5083 ι
2139 5032 2285 5087 enim
2319 5047 2331 5086 :
2368 5053 2391 5083 α
2425 5031 2553 5086 Mihi
2596 5031 2887 5088 vindictam
2933 5040 2986 5088 et
3029 5048 3135 5105 ego
3181 5031 3498 5101 retribuam,
3551 5031 3693 5089 dicit

2082 5142 2106 5172 «
2139 5120 2405 5177 Dominus
2436 5121 2621 5192 (Deut.
2652 5135 2840 5191 xxxii,
2874 5124 2981 5187 35;
3013 5121 3172 5177 Hebr.
3202 5135 3262 5189 x,
3297 5121 3407 5193 30).
3449 5144 3471 5169 η
3508 5141 3531 5171 ι
3566 5121 3688 5179 Sed

2081 5233 2103 5258 ω
2139 5208 2187 5264 si
2216 5208 2467 5265 esurierit
2505 5208 2757 5265 inimicus
2801 5217 2944 5278 tuus,
2970 5209 3095 5265 ciba
3125 5208 3311 5277 illum;
3344 5210 3389 5264 si
3410 5208 3538 5275 sitit,
3573 5226 3690 5280 po—

2081 5320 2105 5350 (
2138 5306 2270 5367 tum,
2293 5298 2365 5353 da
2394 5297 2471 5352 illi
2500 5300 2685 5369 (Prov.
2717 5313 2859 5366 xxv,
2878 5299 2991 5367 2t).
3030 5318 3052 5346 ι
3078 5318 3102 5349 ε
3138 5298 3254 5353 Hoc
3282 5298 3427 5353 enim
3447 5297 3686 5367 faciens,

2079 5407 2103 5438 α
2137 5388 2407 5442 carbones
2438 5386 2584 5457 ignis
2614 5402 2885 5459 congeres
2927 5401 3094 5456 super
3121 5394 3283 5457 caput
3321 5387 3461 5456 ejus.
3500 5408 3522 5435 ι
3555 5387 3693 5444 Noli

2079 5499 2101 5525 α
2136 5474 2282 5532 vinci
2311 5490 2345 5531 a
2372 5475 2536 5544 malo,
2566 5476 2666 5531 sed
2692 5475 2850 5533 vince
2878 5475 2935 5529 in
2966 5474 3111 5531 bono
3139 5474 3362 5531 malum.
3402 5499 3423 5525 η

2713 5596 3029 5637 EXPOSITIO.

2146 5669 2350 5725 Littera
2398 5668 2477 5725 sic
2518 5669 2810 5741 jungitur:
2843 5669 3297 5742 Quandoquidem
3343 5685 3411 5725 ex
3449 5670 3588 5741 Deo,
3635 5682 3698 5731 et

2073 5773 2176 5830 per
2203 5757 2397 5829 Deum,
2421 5765 2475 5815 et
2503 5757 2561 5813 in
2580 5757 2697 5815 Deo
2714 5765 2839 5814 sunt
2858 5757 3061 5815 omnia.
3098 5758 3313 5830 Itaque,
3334 5760 3575 5831 fratres,
3601 5761 3699 5819 ob-
