3970 6500
162 409 251 462 101
742 402 1125 462 EXPOSITIO
1184 404 1259 460 IN
1312 401 1696 461 EPISTOLAS
1752 398 1976 457 PAULI.
2010 430 2079 441 -θ
2109 399 2185 456 ΙΝ
2240 398 2467 455 EPIST.
2532 399 2627 455 AD
2683 398 2860 456 ROM.

3356 403 3460 459 102

164 550 327 601 secro,
363 532 421 589 id
443 539 525 589 est
545 549 645 605 per
672 533 856 589 omnia
885 548 1045 589 sacra
1093 547 1291 588 moneo
1350 547 1462 588 vos.
1518 527 1763 585 Obsecro
1791 526 1846 586 Α
1867 541 2024 598 aequo
2052 525 2217 581 modo
2249 524 2493 597 sapiatis,
2526 529 2582 581 et
2604 524 2728 581 ideo
2764 525 3072 598 unicuique
3100 523 3340 581 sufﬁciat
3367 541 3463 582 sa-

164 624 340 696 utique
355 639 465 695 per
492 622 946 689 misericordiam
968 621 1085 691 Dei,
1111 621 1162 676 id
1177 628 1259 676 est
1276 636 1375 692 per
1394 617 1760 691 apostolatum

165 712 308 777 mihi,
342 728 453 767 non
480 710 609 783 quia
653 711 968 777 meruerim,
1029 710 1127 765 sed
1164 726 1265 781 per
1320 706 1758 764 misericordiam

168 799 434 855 traditum.
469 800 569 856 Vel
615 800 847 855 obsecro
876 816 977 871 per
1029 798 1463 855 misericordiam
1519 795 1639 861 Dei,
1692 810 1759 850 ex

166 907 265 962 qua
291 889 479 945 omnia
508 890 651 945 bona
682 905 806 945 esse
845 887 1094 960 superius
1124 886 1372 959 probavi,
1404 891 1470 943 ut
1490 886 1758 942 exhibea-

166 981 256 1045 tis,
290 979 345 1033 id
374 986 458 1033 est
499 986 804 1050 praeparata
862 976 1093 1048 faciatis,
1152 990 1262 1033 non
1308 976 1483 1031 solum
1528 975 1757 1041 animas,

165 1068 259 1123 sed
287 1068 450 1123 etiam
480 1085 716 1141 corpora
747 1071 950 1124 vestra.
984 1066 1309 1122 Exhibeatis
1337 1065 1461 1122 dico
1492 1066 1757 1131 hostiam,

165 1157 216 1212 id
250 1165 333 1212 est
396 1155 777 1212 mortificatam
835 1156 1135 1211 secundum
1192 1154 1589 1226 depositionem
1638 1168 1761 1208 sor-

164 1247 332 1313 dium,
383 1254 437 1301 et
484 1248 765 1303 viventem
796 1244 1097 1301 secundum
1125 1243 1450 1316 positionem
1480 1243 1757 1299 virtutum.

163 1336 278 1391 Nec
308 1334 376 1389 ad
405 1343 623 1406 tempus
640 1335 933 1401 viventem,
959 1334 1056 1389 sed
1076 1337 1360 1401 sanctam,
1392 1332 1447 1387 id
1478 1341 1559 1387 est
1580 1332 1634 1387 in
1656 1332 1763 1387 vita

162 1423 421 1479 virtutum
455 1432 705 1479 sanctam
734 1430 785 1478 et
832 1423 1237 1495 perdurantem,
1290 1430 1343 1477 et
1362 1422 1417 1476 in
1446 1422 1549 1477 hac
1569 1420 1681 1477 vita
1709 1429 1763 1476 et

163 1512 445 1569 sanctitate
475 1528 585 1568 non
612 1512 822 1568 lucrum
870 1511 957 1567 vel
1000 1511 1216 1566 laudem
1267 1510 1458 1566 mundi
1516 1526 1764 1583 quaren-

164 1610 293 1670 tem,
322 1601 418 1657 sed
451 1603 559 1658 Deo
583 1618 684 1673 per
708 1600 891 1656 omnia
913 1602 1260 1672 placentem.

230 1691 301 1745 Et
326 1706 396 1745 ne
428 1690 555 1761 quia
602 1689 765 1745 modo
816 1689 1045 1755 dixerat,
1096 1689 1346 1745 exhibete
1390 1704 1619 1760 corpora
1662 1704 1763 1745 ve-

164 1787 274 1834 stra
303 1779 553 1847 hostiam,
587 1786 804 1851 putaret
839 1777 1032 1851 aliquis
1070 1777 1424 1850 afﬂigendum
1467 1794 1592 1833 esse
1637 1793 1764 1834 cor-

1859 631 2009 687 pere,
2043 617 2193 671 sicut
2230 617 2373 671 Deus
2418 615 2644 670 divisim
2679 615 2833 670 dedit
2862 615 3104 687 singulis
3135 631 3468 673 mensuram

1859 704 2024 761 69
2055 705 2208 774 ﬁdei,
2242 703 2295 759 id
2325 711 2407 759 est
2434 704 2581 759 dona
2638 720 2734 759 sua
2764 713 3098 775 mensurata,
3160 706 3463 763 secundum

1859 795 2085 849 modum
2119 802 2172 849 et
2198 793 2667 865 opportunitatem
2706 792 2833 849 ﬁdei
2864 803 3077 851 vestras.
3103 794 3233 852 Ideo
3263 796 3468 854 Roma-

1861 899 1964 938 nos
1994 898 2028 938 a
2057 882 2335 938 nimietate
2366 882 2646 953 sapientia:
2693 884 2956 955 reprimit,
2990 885 3117 957 quia
3153 884 3256 957 ipsi
3302 903 3470 959 supra

1861 972 2085 1027 modum
2113 971 2517 1045 investigabant
2545 987 2741 1029 causas
2767 973 3149 1045 mysteriorum
3201 975 3320 1031 Dei.
3354 977 3472 1034 Hoc

1863 1069 2043 1117 autem
2075 1061 2220 1133 quod
2242 1060 2606 1116 Deusnemini
2622 1068 2794 1117 totum
2817 1078 3013 1134 sapere
3029 1063 3198 1132 dedit,
3232 1066 3329 1122 sed
3368 1081 3471 1137 per

1862 1158 2050 1222 partes
2081 1151 2314 1225 singulis
2343 1150 2554 1217 divisit,
2588 1151 2816 1206 multum
2846 1152 2990 1208 valet
3021 1152 3092 1208 ad
3120 1154 3245 1221 hoc,
3276 1162 3334 1209 ut
3363 1155 3467 1211 sibi

1865 1241 2230 1306 subserviant,
2255 1247 2309 1296 et
2336 1248 2396 1296 ut
2425 1241 2565 1296 alter
2591 1240 2748 1296 alteri
2776 1240 3017 1298 vicissim
3049 1258 3171 1298 sese
3219 1252 3469 1300 contem-

1862 1330 2245 1402 perentllum
2276 1330 2421 1385 enim
2451 1346 2592 1385 unus
2613 1329 2847 1402 ignorat,
2878 1332 3025 1403 quod
3071 1332 3207 1389 alter
3233 1333 3392 1405 sapit,
3417 1342 3473 1391 et

1866 1435 2171 1477 econverso
2205 1437 2218 1474 :
2250 1418 2308 1474 in
2355 1419 2671 1475 diversitate
2746 1428 3098 1492 acceptarum
3166 1423 3471 1496 gratiarum

1866 1508 2137 1565 subservit
2193 1509 2333 1565 alter
2362 1507 2539 1579 alteri,
2572 1508 2642 1565 de
2672 1526 2781 1582 quo
2824 1524 3126 1582 congruam
3157 1511 3471 1569 similitudi-

1865 1614 1992 1653 nem
2023 1598 2308 1670 supposuit
2342 1615 2355 1653 :
2388 1600 2520 1671 quia
2543 1600 3015 1671 quemadmodum
3054 1600 3275 1658 diversa
3294 1619 3472 1659 mem-

1867 1689 1965 1743 bra
1985 1689 2049 1743 in
2066 1705 2179 1745 uno
2201 1703 2431 1759 corpore
2451 1688 2698 1744 diversos
2727 1705 2928 1745 sensus
2948 1688 3145 1763 [actus]
3169 1690 3437 1749 habentia
3452 1713 3472 1750 :

1867 1793 1965 1850 pes
1986 1777 2172 1833 manui
2203 1777 2497 1844 subservit,
2530 1777 2661 1831 dum
2690 1784 2873 1849 portat
2896 1794 3119 1834 manum
3141 1780 3213 1835 ad
3241 1788 3472 1854 tangen-

160 1885 264 1940 pus
297 1867 415 1924 sine
444 1868 627 1940 aliqua
673 1868 1045 1939 temperantia,
1093 1867 1217 1923 ideo
1249 1867 1400 1923 abdit
1426 1866 1723 1939 Apostolus
1748 1884 1761 1922 ε
1783 1890 1836 1950 Β
1866 1867 1997 1921 dum
2029 1866 2177 1939 quod
2206 1865 2354 1937 cupit
2386 1884 2399 1933 ,
2443 1881 2639 1920 manus
2677 1867 2825 1937 pedi,
2876 1867 3005 1923 dum
3036 1870 3236 1940 pedem
3291 1871 3473 1928 vestit.

165 1959 235 2011 [ta
261 1958 388 2013 dico
418 1957 676 2024 hostiam,
708 1965 766 2012 ut
811 1958 1131 2029 obsequium
1170 1960 1422 2013 vestrum
1466 1956 1535 2011 sit
1590 1958 1766 2012 ratio-

162 2047 372 2113 nobile,
414 2046 470 2101 id
502 2054 586 2102 est
614 2054 671 2102 ut
709 2062 835 2103 cum
890 2045 1222 2103 discretione
1265 2046 1542 2116 jejunetis,
1574 2045 1769 2118 vigile-

163 2136 249 2204 tis,
286 2144 393 2193 etc.

234 2226 402 2280 Modo
459 2225 667 2282 diceret
711 2226 909 2300 aliquis
970 2243 983 2283 :
1033 2228 1260 2282 Paratus
1330 2241 1452 2280 sum
1508 2224 1767 2280 exhibere

161 2331 249 2370 me
275 2316 415 2384 Deo,
450 2316 690 2387 quandiu
731 2332 842 2372 non
886 2317 1175 2373 conturbat
1217 2331 1304 2371 me
1352 2314 1609 2381 mundus,
1670 2313 1768 2369 sed

162 2404 365 2459 durum
401 2412 485 2459 est
514 2404 769 2461 resistere
799 2406 1005 2461 mundo
1033 2405 1249 2479 cogenti
1279 2420 1386 2460 me.
1433 2404 1637 2459 Contra
1665 2403 1771 2459 hoc

164 2492 367 2548 Paulus
406 2509 419 2547 :
453 2494 564 2549 Vos
597 2494 784 2566 utique
821 2494 956 2549 tales
1012 2493 1280 2559 exhibete,
1315 2497 1370 2549 et
1428 2494 1607 2548 nolite
1637 2508 1769 2547 con-

157 2584 431 2653 formari,
455 2582 510 2638 id
561 2591 644 2638 est
688 2583 999 2639 conformes
1030 2582 1149 2638 fieri
1178 2584 1310 2639 huic
1340 2584 1565 2647 saeculo,
1622 2589 1681 2635 ut
1713 2580 1768 2635 in

154 2670 344 2744 aliquo
393 2672 783 2743 obtemperetis
829 2673 1053 2738 mundo,
1101 2671 1401 2727 blandienti
1440 2687 1537 2726 seu
1580 2670 1769 2725 deter-

156 2760 304 2815 renti
353 2777 474 2817 vos.
533 2760 713 2816 Nolite
762 2760 1094 2818 conformari
1151 2760 1373 2826 saeculo,
1433 2760 1529 2815 sed
1583 2762 1769 2831 refor-

156 2850 418 2905 mamini
448 2867 548 2922 per
574 2850 922 2922 baptismum,
964 2850 1055 2923 qui
1096 2850 1248 2922 prius
1300 2848 1591 2904 deformati
1638 2847 1771 2902 estis

152 2957 255 3011 per
287 2940 513 3011 culpam
558 2940 710 3006 Adae,
742 2941 829 2995 vel
876 2939 1261 3005 reformamini,
1295 2938 1349 2993 id
1406 2947 1488 2993 est
1531 2937 1770 3010 quotidie

153 3028 530 3091 innovamini,
565 3028 659 3101 qui
703 3045 897 3085 novam
953 3029 1183 3085 formam
1225 3027 1503 3098 justiﬁcati
1556 3026 1773 3098 accepi—

152 3119 276 3175 stis.
314 3118 717 3175 Beformamini
761 3118 902 3189 dico,
953 3117 1289 3190 proﬁciendo
1334 3117 1553 3173 assidue
1582 3120 1647 3173 in
1673 3133 1768 3173 no-

148 3209 335 3264 vitate
366 3224 573 3264 sensus
630 3210 822 3274 vestri,
872 3207 926 3262 id
958 3216 1039 3263 est
1086 3224 1301 3279 semper
1336 3206 1514 3279 magis
1560 3221 1624 3262 ac
1651 3222 1771 3260 ma-

147 3298 237 3369 gis
271 3299 429 3353 bene
476 3298 763 3368 operando
802 3297 1156 3365 innovamini,
1218 3302 1283 3353 ut
1314 3297 1393 3353 sic
1416 3297 1685 3369 probetis,
1720 3295 1775 3351 id

148 3395 233 3440 est
254 3386 635 3459 probabiliter
688 3386 1053 3459 cognoscatis,
1101 3403 1222 3460 qua?
1250 3387 1329 3441 sit
1360 3386 1621 3442 voluntas
1652 3385 1770 3453 Dei,

139 3475 413 3531 voluntas
443 3475 570 3532 dico
597 3477 758 3543 bona,
811 3475 865 3529 id
896 3483 979 3531 est
1020 3474 1163 3530 utilis
1192 3474 1513 3531 facientibus
1542 3489 1684 3544 eam,
1720 3477 1776 3529 et

145 3566 561 3639 beneplacens,
594 3564 680 3619 his
706 3565 797 3637 qui
817 3574 938 3621 actu
982 3565 1336 3636 experiuntur
1382 3580 1525 3631 eam,
1548 3579 1652 3619 nec
1703 3562 1775 3617 ita

141 3654 198 3708 in
229 3671 349 3711 uno
383 3655 537 3710 bene
588 3654 829 3725 placens,
862 3662 920 3709 ut
960 3654 1015 3709 in
1064 3654 1173 3709 alio
1230 3653 1536 3725 displiceat,
1588 3652 1685 3707 sed
1721 3652 1777 3707 in

146 3744 427 3799 omnibus
457 3747 739 3817 perfecta.
776 3745 1018 3816 Corpora
1046 3752 1232 3800 vestra
1255 3744 1491 3799 hostiam
1520 3742 1775 3798 exhibere

142 3833 262 3889 Deo
293 3833 447 3889 illud
481 3833 773 3899 admoneo,
807 3833 925 3889 sine
954 3833 1139 3906 aliqua
1159 3833 1496 3889 districtione
1514 3832 1777 3887 obedien-

140 3922 250 3978 tiae.
289 3924 423 3979 Hoc
457 3930 645 3977 autem
674 3923 817 3995 quod
862 3923 1108 3995 sequitur
1135 3923 1256 3979 dico
1309 3940 1413 3996 per
1430 3924 1698 3995 gratiam,
1723 3920 1778 3975 id

140 4020 226 4067 est
255 4012 550 4085 praecipio
573 4012 889 4069 auctoritate
919 4012 1089 4068 nostri
1129 4012 1485 4083 apostolatus.
1506 4010 1777 4067 Conside-

136 4102 386 4157 randum
442 4110 539 4157 est
595 4117 762 4174 quare
819 4102 1075 4173 praedicta
1122 4101 1301 4157 solum
1346 4110 1614 4169 moneat;
1656 4115 1778 4173 quae

133 4200 328 4248 autem
392 4198 721 4263 sequuntur
772 4191 919 4247 omni
974 4191 1293 4247 auctoritate
1350 4189 1636 4246 interdicat
1669 4207 1682 4243 :
1715 4204 1779 4243 ea

133 4282 287 4336 enim
346 4298 492 4354 qum
555 4279 909 4338 offensionem
981 4288 1265 4354 generant,
1323 4280 1449 4337 licet
1492 4279 1779 4351 praelatum

134 4371 384 4427 subditis
420 4370 482 4427 vi
520 4369 851 4426 obedientiae
879 4370 1224 4436 interdicere,
1250 4370 1348 4425 sed
1375 4377 1667 4442 postquam
1693 4368 1778 4424 le-

133 4478 263 4531 gem
296 4478 423 4517 non
457 4459 698 4529 violant,
729 4476 839 4515 non
867 4459 941 4515 ita
970 4459 1204 4533 cogendi
1254 4466 1377 4514 sunt
1404 4459 1473 4514 ad
1527 4457 1774 4524 meliora,

1806 3255 1853 3316 Ο

1866 1957 1955 2011 Sic
1986 1959 2042 2011 et
2072 1972 2172 2010 nos
2190 1955 2411 2011 diversa
2430 1955 2682 2011 membra
2702 1972 2919 2023 sumus,
2944 1974 3125 2014 unum
3166 1976 3367 2033 corpus
3384 1962 3481 2017 Ec-

1867 2045 2056 2101 clesia:
2078 2043 2385 2100 efficientia.
2408 2044 2560 2101 Sicut
2580 2044 2725 2100 enim
2748 2045 2819 2100 ab
2836 2046 3029 2102 eadem
3051 2047 3232 2103 anima
3253 2048 3475 2105 diversa

1868 2134 2115 2188 membra
2143 2133 2197 2187 in
2229 2134 2426 2189 eodem
2456 2148 2689 2205 corpore
2720 2133 3105 2192 sensiﬁcantur
3136 2153 3149 2192 :
3182 2136 3257 2192 ita
3288 2153 3390 2194 nos
3422 2138 3477 2194 in

1869 2238 2103 2294 corpore
2130 2221 2395 2279 Ecclesiae
2425 2237 2524 2293 per
2551 2223 2804 2278 eumdem
2842 2224 3091 2296 spiritum
3122 2242 3315 2283 omnes
3342 2228 3478 2285 vivi-

1869 2311 2111 2368 ficamur.
2148 2311 2351 2366 Littera
2381 2310 2461 2366 sic
2484 2312 2733 2383 jungitur
2765 2328 2777 2367 :
2807 2313 2957 2370 Deus
2985 2316 3171 2388 utique
3201 2317 3345 2372 dona
3376 2332 3477 2373 sua

1869 2401 2088 2457 divisim
2119 2401 2287 2457 dedit.
2311 2400 2454 2455 Nam
2495 2401 2648 2457 sicut
2693 2402 2755 2457 in
2784 2419 2899 2459 uno
2928 2421 3159 2477 corpore
3208 2405 3476 2463 habemus

1870 2491 2091 2564 quidem
2110 2491 2580 2558 multamembra,
2614 2491 2711 2547 sed
2734 2510 2849 2549 non
2877 2495 3069 2551 omnia
3106 2497 3355 2553 membra
3388 2498 3485 2553 ha-

1871 2583 2003 2637 bent
2034 2582 2294 2636 eumdem
2328 2584 2523 2636 actum
2554 2600 2571 2637 :
2598 2582 2682 2636 ita
2711 2597 2813 2637 nos
2841 2584 3014 2639 multi
3046 2601 3227 2640 unum
3274 2603 3476 2661 corpus

1871 2686 2069 2725 sumus
2085 2671 2147 2725 in
2167 2669 2345 2741 capite
2362 2669 2614 2726 Christo:
2633 2671 2731 2725 sed
2746 2672 2962 2744 singuli
2979 2689 3166 2728 sumus
3191 2691 3336 2731 mem
3345 2677 3442 2734 bra
3461 2696 3474 2733 :

1870 2760 1959 2813 ita
1988 2760 2130 2832 quod
2150 2760 2299 2815 alter
2326 2760 2589 2826 alterius,
2625 2758 2680 2814 id
2709 2768 2810 2826 est,
2834 2768 2887 2815 ut
2933 2761 3021 2818 hic
3051 2763 3240 2819 oculus
3260 2764 3479 2821 subser-

1872 2848 1980 2904 viat
2007 2848 2087 2903 illi
2115 2848 2262 2919 pedi,
2297 2856 2349 2903 et
2380 2848 2458 2904 sic
2488 2848 2544 2902 in
2579 2849 2809 2918 caeteris,
2861 2867 2983 2922 quas
3012 2856 3480 2925 contemperantia

1875 2937 2290 2993 subservitionis
2344 2936 2633 3009 plurimum
2668 2947 2751 2993 est
2796 2938 2994 2995 idonea
3051 2941 3121 2997 ad
3178 2944 3478 3001 custodiam

1874 3026 2193 3082 humilitatis
2217 3034 2269 3082 et
2298 3026 2536 3082 unionis.
2574 3027 2784 3099 Singuli
2819 3045 3017 3085 sumus
3067 3030 3206 3088 alter
3253 3032 3479 3089 alterius

1874 3117 2126 3173 membra
2161 3116 2384 3190 :igitur,
2417 3116 2472 3170 id
2503 3124 2587 3171 est
2629 3125 2926 3188 pr0pterea
2973 3118 3102 3191 quia
3160 3121 3330 3178 voluit
3377 3138 3480 3179 nos

1875 3208 2025 3262 Deus
2053 3206 2126 3262 ita
2155 3207 2397 3263 vicissim
2431 3206 2765 3277 subservire,
2797 3225 2985 3264 sumus
3018 3209 3285 3269 habentes
3307 3215 3483 3272 dona-

1878 3295 2059 3352 tiones
2080 3296 2409 3367 di/ferentes
2429 3315 2447 3351 :
2465 3304 2523 3351 ut
2541 3295 2631 3352 hic
2647 3298 3029 3370 prophetiam,
3043 3300 3133 3357 hic
3153 3301 3479 3378 doctrinam,

1877 3393 1981 3441 etc.
2018 3385 2075 3441 Si
2124 3385 2270 3440 enim
2318 3384 2521 3458 singuli
2577 3400 2768 3441 omnes
2827 3386 3148 3445 donationes
3195 3391 3477 3464 haberent,

1876 3492 1988 3531 non
2009 3483 2155 3530 esset
2176 3475 2319 3530 unde
2351 3474 2492 3530 alter
2523 3474 2681 3529 alteri
2708 3474 3062 3547 subserviret,
3107 3479 3195 3535 vel
3224 3497 3483 3539 necessa-

1882 3564 1992 3619 rius
2013 3572 2178 3631 esset,
2212 3572 2266 3619 et
2307 3562 2386 3619 sic
2434 3564 2571 3618 alter
2617 3562 2675 3617 in
2721 3562 2956 3620 alterum
2992 3568 3321 3639 superbiret,
3369 3588 3481 3628 non

1878 3652 2071 3709 relicto
2099 3653 2243 3708 unde
2270 3669 2411 3707 unus
2441 3652 2596 3707 alteri
2618 3669 2678 3707 se
2708 3662 3168 3726 contemperaret.
3200 3659 3481 3719 Habentes

1878 3743 2001 3798 dico
2023 3743 2353 3814 differentes
2374 3742 2706 3799 donationes
2733 3762 2751 3797 :
2781 3751 2833 3797 et
2860 3744 2966 3801 hoc
2997 3747 3311 3804 secundum
3345 3766 3483 3821 gra-

1881 3834 2043 3897 tiam,
2069 3832 2124 3886 id
2145 3838 2228 3887 est
2248 3848 2346 3903 per
2377 3831 2640 3902 Spiritum
2687 3841 2954 3898 sanctum,
2986 3852 3109 3907 quae
3132 3837 3311 3909 gratia
3344 3840 3482 3898 data

1879 3925 1965 3978 est
1983 3922 2139 3977 nobis
2156 3938 2257 3993 per
2268 3912 2504 3995 gratiam
2520 3937 2630 3977 non
2648 3932 3070 3995 recompensata
3089 3941 3189 3996 per
3202 3929 3479 3987 meritum.

1879 4012 2222 4067 Donationes
2252 4011 2396 4077 dico,
2429 4018 2486 4066 ut
2513 4012 2629 4067 sive
2669 4011 2969 4068 habeamus
3007 4014 3388 4088 prophetiam,
3427 4019 3484 4076 id

1881 4108 1961 4155 est
1984 4107 2186 4157 certam
2200 4100 2267 4155 de
2286 4098 2479 4155 futuris
2496 4100 2885 4174 cognitionem,
2905 4102 2991 4159 vel
3015 4105 3381 4176 quorumlibet
3402 4125 3487 4165 se-

1881 4198 2149 4246 cretorum
2172 4189 2581 4257 revelationem,
2614 4191 2881 4247 habentes
2902 4191 3024 4248 dico
3054 4194 3396 4266 prOphetiam
3433 4206 3488 4254 et

1879 4281 1985 4336 hoc
2006 4279 2319 4336 secundum
2340 4281 2621 4336 rationem
2640 4279 2792 4349 ﬁdei.
2842 4281 2966 4336 Non
2982 4281 3307 4340 determinat
3331 4287 3489 4357 cujus

1881 4367 2030 4436 fidei,
2062 4369 2149 4424 vel
2180 4376 2385 4424 nostra
2412 4368 2499 4424 vel
2528 4368 2856 4438 auditorum,
2890 4378 2944 4426 et
2973 4372 3044 4427 ad
3075 4379 3369 4447 utrumque
3390 4392 3486 4432 re-

1881 4457 2009 4514 ferri
2022 4457 2634 4530 potestita‘.Secundum
2652 4460 2938 4515 rationem
2958 4460 3089 4530 fidei
3110 4467 3338 4534 nostrae,
3361 4465 3488 4537 quia

130 4550 515 4607 solummodo
601 4549 743 4604 bene
792 4548 1009 4616 faciant,
1065 4549 1163 4605 sed
1194 4565 1259 4605 ex
1320 4548 1611 4605 dilectione
1654 4563 1779 4603 mo-
1880 4548 2032 4603 Deus
2061 4547 2362 4604 secundum
2392 4548 2541 4619 quod
2569 4547 2717 4603 videt
2746 4548 3079 4605 conveniens
3108 4567 3252 4620 esse,
3285 4561 3339 4608 et
3368 4570 3489 4610 mo-

131 4642 325 4696 nendi.
366 4639 431 4697 Si
466 4636 632 4695 enim
661 4638 999 4695 districtione
1041 4638 1364 4694 obedientiae
1395 4638 1465 4694 ad
1484 4637 1782 4710 perfectio-
1802 4620 1855 4680 D
1883 4636 2010 4693 dum
2042 4635 2172 4693 fidei
2200 4645 2423 4703 nostra},
2453 4637 2541 4692 vel
2562 4635 2769 4692 revelat
2785 4645 3018 4707 secreta,
3044 4640 3133 4695 vel
3161 4642 3489 4711 praenuntiat

130 4745 192 4785 ra
222 4737 623 4805 cogerentur,
657 4728 830 4800 magis
860 4728 917 4782 in
946 4728 1050 4783 hoc
1070 4728 1349 4784 damnaret
1375 4744 1470 4783 eos
1496 4727 1777 4799 przelatus,

132 4837 298 4892 quam
350 4820 692 4891 adjuvaret,
733 4833 857 4874 cum
906 4817 951 4872 si
996 4827 1325 4889 praeceptum
1368 4832 1478 4874 non
1517 4816 1777 4885 facerent,

132 4909 569 4967 damnarentur
611 4914 831 4978 propter
869 4906 1290 4963 inobedientiam
1324 4925 1339 4975 ;
1372 4914 1421 4961 et
1452 4906 1575 4962 ideo
1604 4905 1781 4977 potius

135 5000 533 5057 admonitione
571 4995 828 5051 trahendi
877 5004 1001 5051 sunt
1058 4995 1127 5051 ad
1163 4995 1407 5064 meliora,
1464 5012 1626 5069 quam
1682 5011 1782 5051 co-

134 5090 372 5159 actione,
414 5101 621 5163 quare
653 5084 731 5141 sic
745 5084 817 5139 ait
849 5101 861 5141 :
895 5086 1005 5141 Per
1032 5087 1279 5158 gratiam
1302 5085 1640 5157 apostolatus
1661 5101 1783 5156 qua:

139 5180 270 5237 data
293 5185 387 5237 est
417 5178 613 5241 mihi,
653 5174 775 5232 dico
805 5181 858 5230 et
885 5174 1147 5247 praecipio
1176 5176 1452 5242 omnibus,
1486 5183 1539 5230 et
1560 5175 1631 5230 ita
1657 5190 1782 5230 om-

140 5269 304 5325 nibus
334 5268 506 5344 quod
532 5263 805 5337 singulis,
826 5266 921 5337 qui
940 5268 1080 5320 sunt
1094 5266 1249 5321 inter
1278 5282 1369 5322 vos
1404 5280 1415 5319 :
1439 5265 1545 5321 hoc
1576 5263 1783 5320 scilicet

140 5359 277 5427 dico,
308 5378 435 5416 non
456 5358 615 5432 plus
643 5352 907 5408 laboratis
926 5370 1121 5427 sapere
1131 5371 1301 5428 quam
1321 5357 1541 5426 oportet
1562 5369 1779 5427 sapere,

140 5446 189 5501 id
218 5458 299 5504 est
333 5463 519 5523 quam
553 5441 709 5499 ﬁdes
741 5457 877 5497 sana
909 5442 1076 5514 exigit
1106 5462 1120 5511 ;
1150 5460 1253 5500 nec
1281 5442 1439 5498 vobis
1459 5442 1673 5514 penitus
1693 5442 1782 5497 in-

143 5539 344 5598 terdico
372 5550 623 5610 sapere,
664 5530 762 5587 sed
789 5529 914 5587 volo
944 5547 1041 5588 vos
1077 5548 1271 5605 sapere
1305 5532 1377 5588 ad
1396 5532 1779 5599 sobrietatem,

144 5626 250 5685 Nec
277 5628 492 5685 iterum
516 5638 636 5683 vos
656 5635 854 5677 omnes
880 5620 950 5676 ad
970 5621 1221 5677 eumdem
1242 5620 1532 5677 terminum
1564 5619 1691 5675 volo
1714 5620 1783 5675 de

144 5718 405 5792 sapientia
434 5716 747 5780 laborare,
780 5716 841 5766 ut
868 5724 979 5766 non
1006 5709 1138 5767 satis
1159 5710 1229 5768 sit
1246 5709 1426 5780 vobis,
1456 5707 1563 5765 nisi
1592 5723 1785 5767 omnes

1882 4726 2097 4782 futura:
2152 4727 2240 4783 vel
2279 4726 2594 4783 secundum
2650 4729 2937 4784 rationem
2979 4728 3114 4798 ﬁdei
3153 4730 3484 4803 auditorum,

1883 4816 2013 4889 quia
2043 4816 2506 4890 quemadmodum
2544 4817 2695 4872 Deus
2750 4815 2897 4872 videt
2926 4815 3088 4873 fidem
3119 4826 3173 4875 et
3210 4821 3489 4893 capacita-

1883 4913 1993 4961 tem
2024 4905 2379 4973 audientium,
2426 4913 2634 4961 tantum
2663 4906 2758 4961 dat
2797 4906 3272 4981 praedicatoribus,
3309 4918 3367 4966 ut
3395 4928 3492 4968 re-

1882 4994 2064 5051 velent
2085 4996 2165 5050 eis
2193 4995 2282 5052 vel
2313 4995 2651 5051 annuntient.
2698 4996 2815 5051 Nos
2834 4996 3021 5070 utique
3064 4998 3331 5055 habentes
3358 5017 3492 5073 pro-

1883 5084 2121 5156 phetiam
2152 5085 2451 5142 secundum
2483 5086 2754 5142 rationem
2803 5083 2932 5141 ﬁdei
2966 5088 3091 5143 :vel
3138 5097 3360 5160 nostrae,
3401 5090 3493 5149 vel

1886 5173 2194 5230 auditorum
2225 5174 2395 5230 simus
2415 5175 2566 5231 alter
2594 5175 2837 5231 alterius
2854 5176 3125 5233 membra.
3154 5178 3279 5235 Sive
3317 5180 3494 5238 habe-

1885 5280 2005 5318 mus
2034 5264 2423 5320 ministerium
2466 5263 2881 5320 administrandi
2930 5264 3191 5322 fratribus
3219 5276 3492 5342 tempora-

1884 5351 1976 5422 lia,
2000 5352 2266 5408 debemus
2296 5353 2436 5409 alter
2466 5353 2687 5410 alterius
2744 5370 2867 5410 esse
2919 5354 3167 5410 membra
3214 5359 3277 5413 in
3323 5361 3496 5417 mini-

1886 5441 2143 5509 strando,
2168 5441 2307 5498 sicut
2334 5441 2493 5498 nobis
2510 5443 2776 5499 creditum
2797 5451 2897 5498 est.
2922 5444 3047 5500 Sive
3069 5444 3160 5500 ille
3187 5449 3283 5520 qui
3304 5448 3486 5519 docet,

1886 5530 2085 5586 docere
2115 5531 2264 5599 dicit,
2297 5532 2443 5605 quod
2465 5539 2517 5589 et
2547 5533 2827 5590 scientiam
2860 5532 3093 5589 docendi
3148 5542 3203 5591 et
3255 5538 3492 5607 gratiam

1888 5619 2156 5675 sermonis
2184 5621 2405 5689 habeat,
2427 5622 2538 5695 qui,
2570 5624 2817 5694 inquam,
2854 5621 3035 5691 docet,
3070 5622 3139 5678 sit
3184 5626 3493 5683 membrum

1885 5707 2112 5765 alterius
2138 5709 2205 5766 in
2220 5710 2504 5770 doctrina.
2551 5711 2651 5770 Ille
2679 5725 2814 5769 vero
2861 5712 2958 5784 qui
3001 5711 3365 5785 exhortatur,
3424 5715 3494 5771 sit
