3970 6448
491 343 596 397 103

992 343 1048 398 S.
1107 340 1462 399 BRUNONIS
1518 338 2169 398 CARTHUSIANORUM
2226 340 2711 400 INSTITUTORIS
2765 341 2917 400 OPP.
2976 341 3154 400 PARS
3214 343 3282 400 II.

3684 346 3795 403 104

494 465 803 521 membrum
816 465 1034 522 alterius
1049 468 1111 523 in
1125 468 1499 525 exhortando.
1521 468 1734 523 Docere
1756 475 1838 522 est
1870 462 2097 538 sapienti
2118 464 2170 525 Α
2197 464 2478 522 ferendum
2507 468 2810 539 passiones,
2846 484 2967 539 qua;
2995 468 3133 523 adeo
3163 465 3316 525 carni
3355 475 3679 541 repugnant,
3704 476 3793 523 est

493 556 675 611 minus
705 556 986 623 scientem,
1020 557 1119 612 sed
1145 557 1420 612 exhortari
1462 564 1639 628 potest
1669 564 1721 612 et
1757 557 2001 611 animare
2021 555 2089 610 ad

498 644 722 714 bonum,
768 644 948 699 minus
1010 645 1193 701 sciens
1248 645 1413 718 longe
1458 662 1516 701 se
1564 645 1989 716 prudentiorem,
2032 652 2089 698 ut

499 734 724 806 quilibet
754 734 988 791 rusticus
1014 742 1202 806 posset
1234 734 1452 807 quidem
1484 733 1757 790 exhortari
1788 734 1857 789 ad
1887 733 2087 789 bellum

499 822 693 879 fortem
722 822 969 890 militem,
999 824 1152 893 cujus
1180 831 1364 879 tamen
1405 822 1533 878 belli
1561 822 1806 894 peritiam
1851 822 2087 878 rusticus

496 910 794 982 ignoraret.
825 914 930 981 Qui
948 920 1128 968 autem
1153 913 1375 979 tribuit,
1395 912 1595 966 tribuat
1610 913 1673 966 in
1693 912 2083 982 simplicitate,

496 999 551 1054 id
578 1009 660 1056 est
686 1016 794 1057 non
827 1018 922 1072 spe
952 1001 1267 1072 recipiendi,
1293 1016 1403 1055 non
1424 1015 1612 1055 amore
1633 1007 1861 1054 terrena:
1883 999 2084 1061 laudis,

496 1090 594 1145 sed
621 1105 724 1161 pro
755 1090 873 1145 sola
895 1089 1187 1145 dilectione
1203 1089 1456 1159 proximi.
1482 1088 1577 1143 Ille
1590 1104 1720 1143 vero
1749 1090 1846 1158 qui
1858 1092 2081 1159 prwest,

493 1178 679 1250 praesit
708 1180 771 1234 in
801 1178 1208 1243 sollicitudine,
1236 1177 1289 1231 id
1318 1186 1400 1231 est
1421 1176 1567 1231 omni
1594 1176 1869 1248 vigilantia
1898 1190 2084 1231 curam

494 1268 839 1322 subditorum
860 1274 1035 1338 gerat.
1074 1267 1176 1334 Qui
1206 1265 1369 1320 habet
1394 1264 1538 1336 quod
1568 1272 1778 1336 eroget,
1810 1264 2085 1336 simplici-

496 1361 581 1413 ter
608 1355 827 1411 tribuat.
861 1354 967 1424 Qui
994 1371 1125 1410 vero
1154 1370 1261 1409 non
1284 1354 1445 1408 habet
1475 1354 1620 1425 quod
1657 1354 1879 1417 tribuat,
1911 1353 2083 1407 mise-

489 1453 675 1500 reatur
704 1452 881 1499 tamen
902 1443 1119 1499 animo:
1148 1452 1201 1498 et
1218 1442 1309 1497 ille
1340 1443 1435 1514 qui
1452 1445 1777 1507 miseretur,
1804 1441 1960 1498 faciat
1982 1442 2083 1497 hoc

492 1534 556 1588 in
587 1534 901 1596 hilaritate,
935 1531 1092 1587 idest
1121 1547 1228 1586 non
1246 1539 1467 1587 coactus
1489 1539 1761 1601 praecepto
1790 1529 1951 1602 legis,
1986 1530 2082 1584 sed

491 1621 710 1677 fervens
739 1621 931 1691 spiritu
954 1619 1278 1676 dilectionis.

560 1712 627 1765 Et
656 1709 784 1781 quia
803 1717 857 1764 ut
887 1710 991 1764 hoc
1031 1708 1195 1764 modo
1244 1707 1346 1762 sibi
1380 1707 1612 1763 invicem
1662 1705 2078 1769 subserviendo,

2194 556 2518 611 necessaria.
2552 557 2607 611 Si
2631 572 2757 612 vero
2787 572 2895 611 non
2926 556 3065 612 adeo
3086 556 3343 629 ingruant
3374 556 3528 611 vobis
3557 556 3791 611 tribula-

2190 644 2382 709 tiones,
2417 653 2588 701 estote
2620 646 2810 700 saltem
2841 648 3330 702 communicantes
3351 646 3790 701 necessitatibus

2190 738 2543 800 sanctorum,
2567 743 2621 788 ut
2652 734 2967 807 indigentiis
2999 736 3193 789 horum
3214 733 3305 806 qui
3352 733 3649 804 patiuntur,
3681 748 3786 789 vos

2189 829 2242 877 et
2272 832 2449 877 vestra
2471 823 2781 878 communia
2824 822 3054 879 faciatis.
3086 824 3200 878 Nec
3239 822 3416 877 solum
3459 823 3786 878 communi-

2187 917 2401 977 cantes,
2435 912 2533 966 sed
2573 912 2733 966 etiam
2766 916 3046 967 sectantes
3072 911 3541 981 hospitalitatem,
3566 919 3622 966 ut
3653 926 3788 965 san-

2187 1008 2305 1054 ctos
2327 1017 2462 1071 quos
2493 1000 2642 1071 impii
2682 1007 3098 1071 persequuntur,
3141 1016 3239 1054 vos
3269 999 3498 1054 intimidi
3546 999 3786 1070 hospitio

2190 1089 2531 1159 recipientes,
2568 1106 2751 1145 curam
2773 1105 2964 1144 eorum
2995 1088 3255 1144 habeatis.
3290 1088 3538 1142 Patimini
3560 1088 3786 1160 quidem

2185 1177 2509 1232 tribulantes
2539 1195 2656 1242 vos,
2680 1194 2782 1233 nec
2812 1179 2916 1232 hoc
2941 1177 3137 1243 solum,
3171 1176 3267 1230 sed
3290 1176 3447 1231 etiam
3469 1177 3785 1232 benedicite

2179 1268 2647 1339 persequentibus
2670 1284 2760 1321 vos
2792 1286 2810 1321 :
2842 1282 2943 1321 nec
2975 1264 3163 1332 semel,
3198 1265 3292 1319 sed
3322 1265 3538 1319 assidue
3555 1265 3785 1320 benedi-

2184 1356 2293 1410 cite
2325 1375 2343 1410 :
2374 1371 2475 1410 nec
2506 1363 2563 1409 ut
2600 1363 2852 1426 respectu
2896 1354 3166 1425 patientia:
3196 1362 3389 1408 vestrae
3420 1353 3781 1419 benedicatis,

2184 1451 2236 1499 et
2258 1444 2687 1499 consideratione
2720 1443 3054 1499 crudelitatis
3075 1459 3261 1497 eorum
3295 1442 3651 1508 maledicatis,
3680 1441 3783 1497 sed

2181 1550 2475 1605 nunquam
2511 1534 2694 1588 velitis
2724 1528 3081 1587 maledicere.
3115 1531 3183 1586 Ut
3212 1538 3390 1585 autem
3405 1531 3624 1587 dilectio
3648 1530 3791 1585 inte-

2180 1638 2277 1694 gra
2316 1622 2404 1683 sit,
2436 1621 2647 1675 debetis
2679 1621 3029 1690 congaudere
3063 1618 3456 1688 gaudentibus,
3490 1627 3542 1674 et
3578 1620 3681 1674 hoc
3708 1619 3784 1674 de

2182 1710 2551 1779 spiritualibus
2598 1710 2754 1763 bonis
2792 1709 2935 1763 haud
2979 1707 3205 1761 dubium
3241 1715 3341 1775 est,
3376 1716 3428 1762 et
3459 1708 3527 1763 de
3559 1717 3782 1778 tempo-

489 1799 628 1854 alter
663 1798 817 1853 alteri
870 1814 930 1852 se
989 1805 1482 1868 contemperarent,
1532 1797 1663 1852 vidit
1712 1796 2079 1852 necessariam
2108 1820 2163 1881 Β
2184 1798 2392 1852 ralibus
2421 1805 2683 1868 quantum
2714 1797 2849 1852 ratio
2877 1796 3127 1852 admittit.
3178 1795 3399 1851 Debetis
3448 1796 3607 1851 etiam
3639 1797 3783 1865 ﬂere

487 1904 610 1943 esse
638 1886 1028 1942 dilectionem:
1081 1885 1358 1957 subjungit
1403 1886 1472 1940 de
1519 1885 1610 1939 illa
1652 1885 1862 1948 dicens,
1922 1892 1976 1937 ut
1996 1883 2081 1938 his

491 1975 667 2031 modis
692 1974 831 2031 alter
860 1974 1081 2030 alterius
1111 1973 1419 2029 membrum
1466 1972 1581 2037 tiat,
1628 1973 1695 2026 sit
1723 1972 1777 2027 in
1806 1972 1960 2028 vobis
1990 1973 2079 2027 di-

491 2066 692 2121 lectio:
725 2071 778 2119 et
806 2064 911 2119 hoc
938 2065 1061 2119 sine
1083 2063 1471 2125 simulatione,
1493 2069 1550 2116 ut
1567 2070 1619 2116 et
1648 2061 1781 2116 foris
1803 2077 1861 2116 se
1890 2070 2079 2116 osten-

487 2153 595 2219 dat,
628 2161 681 2207 et
710 2152 855 2207 intus
874 2151 1064 2206 ardeat
1083 2150 1322 2206 dilectio.
1347 2150 1464 2205 Nec
1493 2150 1566 2204 ita
1584 2150 1842 2221 diligatis,
1866 2158 1921 2203 ut
1937 2149 2079 2204 malo

486 2240 717 2313 proximi
747 2240 1088 2306 adhaareatis,
1122 2239 1220 2293 sed
1249 2240 1498 2294 odientes
1518 2240 1735 2293 malum
1763 2238 1918 2294 '70
1940 2238 2075 2306 ejus,

487 2330 624 2385 bono
654 2345 787 2384 vero
808 2328 1040 2399 proximi
1062 2327 1178 2381 sitis
1199 2327 1573 2393 adhaerentes,
1599 2326 1654 2381 id
1683 2334 1765 2381 est
1785 2341 2081 2396 cooperan-

485 2426 588 2473 tes.
619 2418 737 2474 Nec
766 2415 998 2472 sufficiat
1038 2416 1094 2470 in
1125 2415 1418 2485 vobisipsis
1446 2415 1643 2470 habere
1686 2414 2027 2470 dilectionem
2063 2429 2075 2468 :

489 2506 586 2561 sed
613 2506 775 2562 etiam
803 2506 1099 2577 diligentes
1117 2505 1457 2560 charitatem
1481 2506 1895 2575 fraternitatis,
1918 2502 1973 2557 id
1996 2512 2079 2557 est

487 2596 646 2651 bona:
674 2594 982 2650 dilectionis
1037 2610 1160 2649 esse
1190 2593 1243 2647 in
1276 2592 1531 2647 fratribus
1562 2592 1757 2647 vestris
1791 2607 1803 2645 :
1840 2592 2078 2647 charita-

499 2692 607 2739 tem
637 2684 762 2740 dico
789 2684 1032 2739 invicem
1068 2682 1330 2752 habitam,
1385 2681 1532 2754 quod
1586 2680 1796 2736 alterin
1845 2681 2079 2736 alterum

487 2781 740 2844 operetur
780 2772 1097 2829 charitatem
1131 2787 1143 2826 :
1176 2772 1262 2827 vel
1319 2771 1414 2826 ita.
1450 2770 1598 2826 Sicut
1650 2787 1749 2825 vos
1796 2769 2077 2841 proximos

482 2861 709 2934 diligere
730 2861 887 2916 volo:
919 2861 989 2915 ita
1020 2861 1145 2916 volo
1175 2876 1273 2915 vos
1302 2876 1424 2914 esse
1453 2857 1745 2931 diligentes
1761 2858 2076 2913 charitatem

482 2949 857 3014 fraternitatis,
888 2956 1362 3019 recompensatam
1392 2947 1624 3002 invicem
1659 2964 1672 3000 :
1706 2946 1852 3018 quod
1882 2946 1928 2999 si
1950 2962 2077 3016 pro-

482 3037 612 3093 ximi
643 3038 827 3108 aliqua
854 3053 1021 3107 opera
1052 3036 1327 3092 charitatis
1354 3042 1770 3105 recompensant
1798 3034 1972 3099 vobis,
2005 3033 2076 3088 li-

485 3126 676 3182 benter
701 3125 977 3195 suscipite.
1014 3124 1182 3180 Erant
1211 3124 1356 3179 enim
1386 3124 1607 3195 quidam
1636 3122 1728 3194 qui
1748 3122 1887 3177 bene
1917 3121 2076 3177 facie-

484 3214 615 3269 bant
642 3212 936 3285 proximis:
972 3213 1071 3268 sed
1113 3228 1182 3268 ne
1226 3210 1718 3267 remunerationem
1756 3211 1915 3280 hujus
1953 3227 2072 3266 me-

485 3302 570 3357 riti
591 3302 897 3373 perderent,
949 3300 1204 3356 nolebant
1250 3300 1499 3371 recipere
1529 3299 1734 3370 aliquid
1781 3299 2012 3354 invicem
2040 3315 2074 3353 a

484 3391 716 3463 proximi
750 3407 762 3445 :
797 3398 849 3445 et
878 3398 935 3445 ut
968 3389 1186 3445 dilectio
1214 3398 1395 3445 vestra
1433 3388 1825 3444 incrementum
1855 3403 2073 3459 semper

480 3479 697 3546 habeat,
712 3479 828 3534 sitis
850 3479 1054 3535 honore
1069 3478 1479 3549 prrevenientes
1489 3478 1748 3543 invicem,
1768 3476 1823 3530 id
1836 3485 1917 3531 est
1936 3476 2073 3531 alter

485 3567 736 3636 alterum,
759 3575 817 3623 ut
855 3568 949 3639 qui
992 3566 1150 3622 citius
1196 3574 1373 3637 potest
1394 3573 1645 3636 assurgat
1671 3565 1761 3619 alii
1794 3580 1807 3619 :
1857 3564 2071 3635 ample-

475 3666 651 3713 ctatur
703 3656 1009 3728 proximum
1066 3654 1213 3710 omni
1270 3671 1471 3726 genere
1511 3654 1861 3709 dilectionis:
1904 3661 2071 3723 utque

482 3746 682 3801 bonum
714 3743 1065 3800 fraternitatis
1107 3751 1380 3799 accressat
1410 3744 1491 3797 'in
1518 3742 1694 3809 vobis,
1753 3749 1925 3797 estote
1955 3757 2071 3797 non

481 3834 632 3907 pigri
661 3833 1066 3899 sollicitudine,
1099 3840 1156 3887 ut
1197 3832 1344 3887 omni
1372 3832 1653 3905 vigilantia
1698 3830 1960 3887 sollicitus
2002 3829 2072 3883 sit

478 3921 617 3978 alter
646 3921 869 3977 alterius
898 3921 1084 3976 levare
1119 3920 1521 3977 necessitatem.
1563 3921 1713 3976 Hanc
1745 3917 2069 3975 sollicitudi-

477 4027 605 4066 nem
636 4009 885 4081 superius
905 4008 1163 4081 praecepit
1208 4009 1468 4080 praelatis,
1505 4024 1670 4081 quam
1699 4008 1788 4063 hic
1814 4006 2069 4062 fratribus

478 4116 544 4155 ex
577 4098 812 4172 quadam
842 4098 1070 4169 paritate
1098 4098 1458 4154 commendat.
1487 4096 1629 4166 Quia
1654 4097 1699 4151 si
1733 4111 1843 4151 non
1871 4094 2071 4149 habent

476 4187 622 4260 quod
651 4187 879 4242 sollicite
908 4186 1164 4247 tribuant.
1198 4187 1304 4241 sint
1332 4195 1510 4242 tamen
1531 4189 1816 4257 ferventes
1836 4184 2064 4255 spiritu,

476 4276 532 4331 id
562 4285 645 4332 est
674 4275 914 4332 charitas
943 4275 1133 4331 ardeat
1160 4276 1215 4329 in
1243 4275 1425 4331 animo
1445 4290 1651 4340 eorum,
1685 4272 1810 4328 licet
1838 4287 1947 4325 non
1974 4270 2070 4324 ha-

476 4366 640 4421 beant
666 4364 1078 4437 possibilitatem
1103 4364 1389 4436 operandi.
1422 4364 1490 4418 Et
1525 4379 1593 4418 ne
1613 4360 2068 4432 contemplatores

477 4455 678 4510 malum
717 4462 970 4526 putarent
997 4470 1027 4508 a
1075 4453 1305 4509 culmine
1344 4450 1813 4522 contemplationis
1859 4450 2067 4505 conde-

2182 1903 2311 1942 cum
2354 1888 2642 1956 ﬂentibus,
2685 1886 2730 1940 si
2779 1888 3095 1956 poenitentia
3151 1888 3345 1944 ductus
3392 1886 3653 1958 afﬂigitur
3690 1901 3702 1940 :
3736 1884 3784 1939 si

2182 1975 2341 2030 etiam
2371 1974 2532 2029 nimis
2563 1975 2869 2029 vehementi
2898 1976 3085 2031 dolore
3116 1977 3295 2031 carnis
3322 1974 3677 2048 angustiatur,
3722 1972 3782 2026 in

2182 2080 2290 2134 quo
2321 2071 2504 2118 tamen
2536 2063 2727 2118 dolore
2757 2064 2950 2119 modus
2983 2075 3066 2119 est
3108 2065 3409 2120 habendus.
3469 2064 3537 2119 Ut
3593 2070 3781 2117 autem

2180 2170 2309 2209 vere
2336 2152 2572 2224 lugeatis
2601 2168 2725 2207 cum
2747 2153 3077 2224 lugentibus,
3099 2162 3269 2209 estote
3291 2154 3603 2209 sentientes
3625 2152 3781 2223 idip-

2180 2258 2326 2309 sum,
2346 2249 2401 2295 ut
2431 2256 2538 2295 non
2569 2249 2773 2295 tantum
2827 2240 2991 2305 vultu,
3025 2242 3122 2296 sed
3151 2241 3319 2298 corde
3349 2240 3571 2295 interius
3627 2239 3781 2294 affli-

2179 2329 2404 2402 gamini,
2431 2338 2483 2383 et
2512 2330 2613 2384 hoc
2636 2329 2868 2385 invicem
2899 2330 2987 2385 hic
3016 2329 3112 2399 illi,
3132 2330 3220 2385 ille
3242 2329 3349 2397 isti,
3383 2338 3437 2384 ut
3474 2337 3651 2384 autem
3686 2329 3781 2383 id-

2178 2420 2363 2489 ipsum
2387 2418 2667 2485 sentiatis,-
2695 2426 2867 2473 estote
2888 2436 3002 2473 non
3024 2420 3147 2473 alta
3168 2421 3471 2491 sapientes,
3491 2417 3546 2472 id
3567 2424 3647 2472 est
3666 2433 3782 2472 non

2181 2506 2586 2577 superbientes,
2639 2507 2735 2562 sed
2773 2509 3192 2563 consentientes
3241 2507 3564 2572 humilibus,
3616 2505 3671 2559 id
3696 2513 3783 2561 est

2178 2594 2326 2648 idem
2359 2595 2555 2649 sentite
2588 2610 2709 2650 cum
2760 2595 3002 2664 abiectis,
3037 2603 3090 2650 et
3119 2604 3175 2650 ut
3215 2595 3472 2650 noveritis
3529 2610 3776 2649 consen-

2178 2682 2279 2737 tire
2308 2683 2636 2747 humilibus;
2680 2685 2856 2740 nolite
2899 2700 3017 2739 esse
3056 2683 3457 2755 prudentes,id
3487 2692 3568 2737 est
3586 2682 3779 2753 provi-

2179 2787 2335 2826 sores
2352 2788 2537 2826 eorum
2556 2789 2675 2843 qua:
2697 2773 2988 2843 expediunt
3005 2772 3347 2827 solummodo
3369 2772 3519 2843 apud
3536 2776 3780 2828 vosmet-

2177 2860 2326 2930 ipsos
2357 2880 2375 2915 :
2408 2860 2507 2914 sed
2537 2861 2698 2915 etiam
2727 2861 3009 2931 providete
3041 2861 3180 2927 aliis,
3214 2876 3314 2917 vos
3343 2860 3465 2915 dico
3496 2878 3609 2916 non
3638 2861 3778 2916 red-

2176 2948 2371 3004 dentes
2399 2950 2575 3004 alicui
2604 2951 2821 3004 malum
2850 2967 2952 3021 pro
2982 2952 3151 3005 malo.
3202 2950 3518 3017 Prudentes,
3575 2948 3775 3020 inquit,

2177 3045 2368 3102 estote,
2386 3054 2500 3095 non
2526 3042 2750 3092 tantum
2763 3038 3117 3109 providentes
3134 3056 3253 3110 qtae
3270 3038 3407 3093 bona
3424 3042 3559 3093 sunt
3580 3054 3778 3093 coram

2177 3127 2304 3191 Deo,
2336 3126 2431 3180 sed
2460 3128 2634 3181 etiam
2656 3143 2846 3181 coram
2876 3128 3191 3182 hominibus
3209 3128 3484 3191 omnibus,
3506 3134 3615 3181 tam
3636 3124 3777 3183 fide-

2173 3213 2317 3267 libus
2349 3230 2510 3285 quam
2564 3212 2891 3269 infidelibus.
2950 3216 3072 3269 Non
3102 3215 3245 3270 enim
3276 3214 3471 3271 sufficit
3527 3214 3779 3270 testimo-

2173 3302 2321 3357 nium
2351 3302 2699 3357 conscientiaa
2727 3311 2927 3357 nostra;
2972 3304 3177 3368 solum,
3239 3303 3343 3357 nisi
3371 3312 3424 3358 et
3479 3310 3776 3358 extraneo-

2174 3407 2293 3446 rum
2323 3391 2638 3446 testimonia
2668 3392 3012 3447 conveniant.
3037 3392 3221 3461 Quare
3242 3409 3362 3464 quae
3419 3392 3595 3446 laudis
3619 3399 3770 3456 sunt,

2173 3488 2226 3534 et
2257 3479 2403 3550 apud
2435 3480 2605 3534 Deum
2638 3488 2691 3535 et
2719 3480 2862 3551 apud
2892 3480 3156 3549 homines,
3196 3498 3259 3535 ea
3305 3481 3490 3552 utique
3520 3482 3774 3553 gerenda

2172 3576 2315 3622 sunt.
2353 3569 2417 3623 Ut
2438 3576 2616 3623 autem
2649 3569 2792 3622 bona
2822 3578 3006 3623 vestra
3035 3569 3284 3625 omnibus
3317 3569 3585 3640 placeant,
3647 3569 3771 3623 sitis

2172 3656 2440 3712 habentes
2458 3674 2656 3728 pacem
2679 3673 2810 3712 cum
2835 3658 3091 3713 omnibus
3113 3658 3445 3719 hominibus,
3461 3660 3510 3713 si
3524 3659 3771 3730 ﬁeripo‘

2173 3749 2303 3813 test,
2336 3753 2394 3800 ut
2425 3753 2477 3801 et
2506 3745 2611 3815 ipsi
2641 3745 2805 3800 velint
2837 3747 3036 3801 habere
3057 3762 3247 3817 pacem
3294 3746 3594 3813 vobiscum,
3619 3746 3772 3818 quod

2172 3832 2218 3886 si
2245 3832 2453 3903 nolunt,
2473 3832 2562 3887 ﬁat
2579 3851 2681 3904 pax
2698 3834 2789 3888 illa
2807 3852 2820 3889 :
2841 3834 3075 3906 quod,id
3088 3842 3169 3888 est
3198 3839 3475 3907 quantum
3496 3851 3569 3890 ea:
3606 3833 3676 3891 τ
3698 3834 3760 3891 1

2172 3922 2318 3977 vobis
2351 3926 2456 3977 est.
2484 3923 2580 3977 Vel
2611 3923 2681 3977 ita
2701 3924 2898 3978 habete
2925 3930 3117 3993 pacem
3148 3939 3270 3979 cum
3298 3923 3550 3978 omnibus
3581 3922 3627 3977 si
3647 3922 3769 3979 fieri

2169 4018 2368 4080 potest,
2400 4018 2456 4065 ut
2486 4028 2610 4066 caro
2641 4020 2820 4066 vestra
2839 4011 3028 4083 diligat
3055 4011 3361 4083 afﬂigentes
3394 4028 3472 4079 se,
3509 4011 3656 4083 quod
3691 4020 3773 4067 ta-

2169 4114 2297 4153 men
2328 4115 2394 4153 ex
2424 4099 2579 4154 vobis
2610 4107 2711 4165 est,
2744 4099 2869 4171 quia
2901 4100 2945 4153 si
2975 4101 3135 4155 vultis
3167 4117 3232 4155 ex
3277 4100 3487 4155 ratione
3532 4100 3767 4170 potestis

2169 4203 2360 4242 omnes
2390 4187 2641 4259 diligere.
2675 4187 2853 4257 Quam
2880 4204 3071 4259 pacem
3099 4197 3156 4243 ut
3185 4189 3451 4262 integram
3480 4189 3715 4244 servetis
3750 4204 3763 4243 :

2168 4291 2286 4330 non
2316 4278 2446 4330 sitis
2478 4276 2849 4346 defendentes
2878 4278 3255 4349 vosmetipsos,
3290 4278 3333 4331 si
3354 4278 3496 4332 mala
3524 4276 3767 4332 inferunt

2169 4363 2344 4429 vobis,
2369 4380 2466 4419 vos
2486 4364 2610 4420 dico
2632 4365 2677 4419 si
2699 4366 2799 4420 hoc
2821 4365 3073 4434 feceritis,
3117 4375 3243 4422 tunc
3284 4367 3629 4422 charissimi.
3654 4366 3761 4431 Ne,

2169 4451 2412 4523 inquam,
2448 4451 2747 4507 defendatis
2779 4470 2896 4519 vos,
2930 4455 3025 4509 sed
3071 4454 3448 4526 aequanimiter
3496 4454 3766 4511 sustinen-

475 4544 741 4600 scendere
767 4543 1179 4600 necessitatibus
1221 4541 1469 4614 proximi,
1504 4540 1578 4595 ait
1622 4539 1818 4594 Paulus
1842 4556 1856 4593 :
1876 4538 1936 4592 In
1983 4526 2140 4593 hisD
2168 4540 2259 4606 do,
2294 4542 2424 4596 date
2455 4543 2638 4597 locum
2669 4543 2770 4597 ine
2789 4542 3257 4614 porsequentium,
3290 4551 3347 4597 ut
3373 4543 3534 4599 liceat
3566 4543 3763 4599 saevire

471 4632 725 4688 omnibus
754 4632 939 4688 sciatis
967 4648 1068 4688 nos
1088 4648 1211 4687 esse
1249 4632 1559 4686 servientes
1614 4629 1866 4685 Domino.
1920 4627 2067 4681 Deus

474 4721 618 4777 enim
647 4723 751 4777 hoc
780 4737 957 4792 genus
997 4719 1273 4777 servitutis
1311 4718 1539 4773 multum
1569 4716 1762 4789 diligit.
1822 4716 2066 4786 Cumque

471 4811 550 4866 sic
578 4810 869 4883 diligentes
898 4810 955 4864 in
985 4825 1116 4866 cura
1154 4807 1387 4879 proximi
1417 4805 1749 4871 studueritis,
1780 4820 1850 4859 ne
1879 4820 2068 4875 exspe-

475 4898 631 4954 ctetis
642 4906 965 4969 praesentem
985 4897 1317 4963 mercedem,
1342 4896 1440 4951 sed
1458 4902 1629 4951 estote
1640 4894 1950 4966 gaudentes
1969 4908 2065 4965 spe

473 4986 667 5043 futurae
687 4987 1161 5043 remunerationis.

548 5074 782 5132 Ostenso
807 5075 1081 5149 quomodo
1101 5090 1161 5129 se
1200 5072 1433 5129 debeant
1462 5071 1719 5128 exhibere
1748 5070 1927 5137 bonis,
1961 5070 2063 5125 de-

474 5165 726 5222 terminat
755 5164 1029 5237 quomodo
1058 5179 1117 5218 se
1145 5160 1383 5216 habeant
1414 5169 1606 5217 contra
1633 5160 1827 5228 malos,
1852 5159 2061 5215 dicens:

474 5256 559 5311 Ne
587 5262 766 5309 autem
812 5270 909 5324 spe
945 5252 1122 5306 futura
1167 5248 1504 5305 frustramini
1536 5266 1547 5305 :
1580 5258 1751 5306 estote
1780 5251 2064 5321 patientes

474 5345 540 5399 in
571 5343 956 5406 tribulatione,
971 5340 1025 5394 id
1045 5346 1130 5394 est
1146 5338 1415 5409 patienter
1440 5339 1701 5394 sustinete
1727 5352 2065 5411 quaecunque

472 5447 575 5504 pro
606 5430 822 5486 Christo
848 5444 946 5484 vos
974 5427 1085 5499 pati
1114 5428 1432 5498 oportuerit.
1457 5428 1527 5485 Ut
1553 5436 1734 5484 autem
1763 5428 1819 5482 in
1847 5425 2065 5498 patien-

476 5520 549 5575 tia
570 5516 952 5590 perseveretis,
968 5523 1139 5571 estote
1169 5516 1453 5574 instantes
1470 5518 1751 5574 orationi:
1772 5515 1897 5589 quia
1931 5515 1977 5570 si
2010 5514 2066 5569 in

478 5606 733 5664 omnibus
761 5604 936 5663 oratio
956 5605 1242 5664 commoda
1269 5614 1371 5674 est,
1425 5607 1597 5666 multo
1624 5606 1802 5679 magis
1830 5605 1899 5663 ad
1927 5620 2067 5678 pra:-

2167 4630 2443 4702 quomodo
2470 4630 2657 4685 volunt
2686 4650 2700 4697 ;
2733 4631 2818 4685 vel
2846 4631 2919 4685 ita
2946 4649 2959 4685 :
2992 4632 3249 4686 Patiendo
3294 4631 3467 4686 malos
3516 4632 3649 4687 date
3687 4635 3765 4689 lo-

2167 4735 2298 4774 cum
2318 4720 2420 4774 iraz
2447 4718 2567 4785 Dei,
2600 4719 2747 4774 Deus
2768 4719 2913 4774 enim
2931 4720 3009 4775 sic
3026 4720 3312 4791 proposuit
3341 4720 3531 4776 ulcisci
3562 4720 3629 4774 de
3663 4721 3765 4776 im-

2166 4806 2289 4877 piis,
2322 4814 2379 4861 ut
2409 4808 2479 4861 ad
2537 4807 2749 4861 libitum
2796 4825 2987 4863 eorum
3072 4817 3358 4864 exerceant
3414 4808 3761 4880 iniquitatem

2168 4911 2339 4962 suam,
2372 4903 2431 4950 ut
2475 4896 2621 4951 nulla
2666 4897 2889 4952 miseria
2934 4897 3267 4952 damnationi
3310 4913 3501 4952 eorum
3558 4898 3758 4953 deesse

2165 4991 2343 5054 queat.
2378 4984 2600 5040 Debetis
2631 4985 2762 5040 dare
2802 4986 2981 5041 locum
3038 4985 3283 5041 irznzvel
3330 4987 3454 5051 hoc,
3518 4985 3606 5041 vel
3666 4986 3759 5042 illo

2164 5071 2349 5127 modo.
2382 5073 2524 5128 Nam
2552 5074 2831 5145 scriptum
2852 5077 2935 5129 est
2956 5074 3011 5128 in
3072 5074 3361 5129 Salomone
3392 5074 3608 5130 dicente
3638 5076 3760 5131 Do—

2163 5159 2313 5215 mino
2351 5174 2362 5213 :
2401 5162 2531 5217 Mihi
2552 5170 2824 5217 reservate
2854 5163 3181 5228 vindictam,
3215 5166 3273 5218 et
3293 5179 3389 5232 ego
3438 5164 3758 5221 retribuam

2164 5247 2345 5319 impiis
2375 5250 2559 5318 (Deut.
2594 5265 2775 5319 xxxn,
2809 5254 2919 5321 35).
2955 5252 3044 5307 Sic
3089 5258 3269 5306 autem
3302 5251 3608 5307 faciendum
3650 5261 3751 5319 est,

2166 5337 2290 5407 quia
2319 5339 2434 5394 haec
2466 5338 2603 5395 dicit
2619 5342 2911 5396 Dominus.
2943 5341 3056 5395 Nec
3087 5340 3261 5395 solum
3305 5355 3415 5395 non
3446 5340 3756 5399 defendatis

2165 5441 2264 5480 vos
2292 5426 2361 5480 ab
2400 5427 2599 5499 impiis,
2635 5429 2733 5483 sed
2762 5429 2926 5484 etiam
2955 5429 3164 5500 diligite
3221 5429 3348 5485 illos
3377 5438 3427 5484 et
3455 5429 3759 5488 benefacite

2165 5512 2291 5569 illis.
2317 5514 2478 5584 Quod
2500 5518 2579 5573 sic
2598 5517 2671 5571 ait
2691 5518 2874 5584 (Prov.
2899 5534 3027 5584 xxv,
3050 5522 3112 5575 2i
3147 5522 3168 5590 )
3195 5534 3206 5573 :
3236 5519 3295 5575 Si
3314 5519 3585 5575 inimicus
3619 5525 3756 5577 tuus

2166 5605 2455 5674 esurierit,
2474 5607 2595 5663 ciba
2621 5607 2809 5663 illum.
2832 5607 2891 5663 Si
2920 5608 3067 5675 sitit,
3102 5606 3173 5666 da
3200 5609 3291 5667 illi
3318 5612 3532 5679 potum.
3613 5610 3755 5667 Nam
