3970 6448
260 399 363 454 105

920 389 1305 451 EXPOSITIO
1345 391 1419 447 IN
1454 383 1842 447 EPISTOLAS
1878 382 2104 444 PAULI.
2146 419 2216 431 —
2252 388 2329 447 IN
2364 389 2584 448 EPIST.
2625 390 2721 448 AD
2758 388 2931 448 ROM.

3474 392 3576 447 106

265 523 365 579 hoc
395 522 645 595 faciens,
677 536 939 595 congeres
960 537 1130 594 super
1148 522 1340 592 caput.
1364 517 1415 573 id
1434 525 1518 574 est
1538 532 1700 589 super
1716 529 1877 570 men-
1896 511 1953 572 Δ
1981 530 2103 587 quae
2130 516 2388 589 praedicta
2419 525 2562 588 sunt,
2585 516 2826 575 vicissim
2858 516 2961 573 sibi
2991 515 3193 574 debent
3208 515 3433 573 subditi.
3472 515 3582 573 Sed

267 620 376 669 tem
407 612 526 681 ejus
556 613 827 668 carbones
855 610 1023 683 ignis,
1048 609 1100 664 id
1122 616 1207 665 est
1227 608 1313 664 vel
1333 607 1606 664 fervorem
1629 604 1875 661 dilectio-

272 702 358 757 nis
409 719 422 756 :
474 701 607 774 quia
654 699 976 756 admirando
1006 698 1321 772 patientiam
1370 705 1534 762 tuam,
1588 695 1776 766 diligat
1823 700 1877 749 et

275 791 517 846 imitetur
562 790 769 845 bonum
816 797 984 844 tuum.
1034 787 1136 844 Vel
1184 788 1452 845 carbones
1484 786 1656 858 ignis,
1704 784 1761 840 id
1793 790 1877 839 est

269 880 498 954 ignitam
521 877 892 952 pcenitentiam
929 894 941 933 :
975 877 1306 950 quiavidens
1328 875 1688 933 constantiam
1705 881 1872 937 tuam,

271 969 531 1025 ardenter
578 968 861 1041 paenitebit
905 974 963 1022 ut
993 967 1091 1021 tibi
1122 965 1419 1022 assimilari
1457 971 1761 1029 mereatur;
1794 969 1877 1017 ut-

271 1075 379 1132 que
409 1075 578 1131 super
606 1066 845 1114 mentem
882 1056 1086 1113 inimici
1132 1054 1442 1126 hujusmodi
1489 1055 1758 1112 carbones
1788 1051 1877 1107 in-

266 1164 450 1220 geras,
484 1149 611 1206 noli
637 1164 739 1219 per
766 1145 1159 1218 impatientiam
1200 1154 1345 1201 tuam
1376 1145 1530 1201 vinci
1557 1161 1592 1200 a
1622 1143 1774 1199 malo
1806 1141 1877 1196 il-

268 1237 395 1305 lius,
435 1238 531 1293 sed
568 1239 729 1293 vince
775 1237 997 1293 malum
1037 1234 1244 1292 inimici
1294 1233 1605 1308 superando
1650 1231 1785 1288 illud
1814 1233 1877 1289 in

274 1327 413 1385 bono
441 1324 805 1383 indeficientis
831 1325 1125 1398 patientiae.

872 1468 1098 1525 CAPUT
1134 1468 1287 1524 XIII.

353 1618 373 1642 «
412 1591 608 1650 Omnis
653 1592 834 1648 anima
875 1591 1236 1665 potestatibus
1286 1589 1695 1646 sublimioribus
1742 1588 1878 1643 sub-

279 1707 303 1732 «
342 1682 452 1739 dita
483 1682 571 1737 sit.
622 1682 747 1737 Non
789 1688 871 1737 est
920 1681 1063 1737 enim
1095 1688 1337 1753 potestas
1367 1680 1471 1734 nisi
1502 1695 1535 1735 a
1563 1680 1680 1734 Deo
1711 1679 1869 1750 (Sap.

280 1792 307 1826 α
338 1788 418 1842 vr,
451 1772 528 1844 4).
562 1769 698 1841 Quas
726 1779 906 1827 autem
926 1763 1077 1838 sunt,
1113 1785 1145 1826 a
1178 1770 1295 1826 Deo
1311 1769 1578 1825 ordinata:
1599 1775 1741 1823 sunt.
1766 1768 1879 1821 Ita-

1980 606 2237 678 quiddam
2265 608 2457 677 majus,
2494 606 2718 673 scilicet,
2771 607 3165 677 subjectionem
3194 606 3396 663 debent
3422 606 3582 679 prin-

1978 695 2193 768 cipibus
2227 713 2239 752 :
2275 704 2327 752 et
2357 696 2481 753 ideo
2510 698 2696 754 omnis
2717 697 2915 753 anima
2936 697 3161 754 subdita
3179 698 3256 753 sit
3270 697 3576 770 potestati-

1979 785 2077 841 bus
2107 784 2549 853 sublimioribus,
2583 786 2638 842 id
2670 793 2753 842 est
2783 787 3084 843 secundum
3116 786 3447 859 voluntatem
3477 786 3579 843 Dei

1979 874 2303 932 sublimatis.
2334 875 2463 932 Ideo
2495 892 2594 948 per
2631 874 2889 943 animam,
2913 892 3035 949 qua;
3063 891 3189 948 pars
3210 883 3292 931 est
3319 875 3574 944 hominis,

1978 971 2150 1020 totum
2180 964 2456 1021 hominem
2504 965 2827 1039 assignavit,
2872 973 2930 1020 ut
2976 965 3227 1021 ostendat
3257 981 3370 1021 non
3399 965 3576 1022 solum

1978 1069 2225 1126 corpore,
2279 1054 2375 1110 sed
2415 1063 2467 1110 et
2516 1055 2680 1111 etiam
2743 1054 3018 1111 voluntate
3063 1054 3412 1111 serviendum
3457 1071 3582 1113 esse

1979 1143 2339 1215 principibus.
2367 1144 2434 1201 ’7
2446 1143 2522 1201 2
2542 1145 2682 1201 Vere
2712 1143 2891 1200 omnis
2919 1144 3083 1200 homo
3105 1144 3268 1200 debet
3300 1144 3459 1200 subdi
3488 1160 3583 1217 po-

1981 1232 2289 1288 testatibus.
2322 1233 2461 1289 Nam
2491 1250 2607 1291 non
2639 1238 2724 1291 est
2767 1233 2952 1305 aliqua
2992 1237 3264 1307 potestas,
3298 1233 3445 1290 bona
3484 1250 3582 1291 seu

1980 1322 2143 1391 mala,
2175 1323 2291 1379 nisi
2319 1340 2353 1379 a
2382 1324 2510 1392 Deo,
2543 1338 2646 1380 nec
2675 1323 2757 1380 sic
2785 1339 2819 1379 a
2848 1324 2984 1392 Deo,
3017 1330 3076 1378 ut
3104 1322 3209 1380 hoc
3238 1323 3431 1379 nolens
3461 1340 3585 1397 per-

1979 1411 2156 1467 mittat
2190 1426 2203 1466 :
2237 1411 2365 1485 quia
2393 1428 2736 1486 quaecunque
2766 1417 2924 1481 sunt,
2954 1429 2988 1468 a
3010 1414 3117 1469 Deo
3132 1413 3399 1470 ordinata
3419 1418 3578 1481 sunt,

1980 1499 2035 1555 id
2066 1508 2150 1556 est
2179 1500 2555 1557 ordinabiliter
2585 1501 2867 1574 disposita,
2891 1518 3000 1559 non
3017 1502 3242 1559 fortuito
3262 1519 3394 1560 casu
3416 1520 3584 1561 ruen-

1981 1588 2070 1644 tia.
2107 1588 2563 1663 Quandoquidem
2594 1599 2645 1646 et
2674 1598 2917 1663 potestas
2948 1600 2999 1648 et
3029 1592 3214 1648 omnia
3243 1607 3275 1648 a
3303 1593 3420 1650 Deo
3459 1601 3586 1650 sunt

1980 1677 2243 1745 ordinata,
2266 1680 2459 1753 itaque
2469 1682 2568 1753 qui
2581 1682 2799 1737 resistit
2812 1683 3106 1755 potestati,
3126 1683 3343 1739 resistit
3360 1681 3584 1740 ordina-

1985 1768 2131 1824 tioni
2156 1769 2277 1834 Dei,
2311 1768 2367 1824 id
2392 1776 2474 1824 est
2503 1770 2619 1825 Deo
2640 1778 2961 1841 potestatem
2982 1772 3123 1828 hanc
3148 1771 3442 1827 ordinanti.
3465 1773 3583 1829 Nec

279 1884 303 1909 ιι
342 1877 448 1934 que
481 1860 571 1933 qui
600 1860 803 1916 resistit
847 1859 1118 1932 potestati,
1152 1858 1253 1915 Dei
1281 1857 1610 1915 ordiuationi
1639 1856 1868 1913 resistit.
1898 1876 1954 1937 Β
1984 1856 2063 1912 sic
2091 1857 2348 1913 resistere
2378 1857 2500 1913 leve
2529 1858 2751 1930 putetis,
2784 1859 2913 1932 quia
2942 1863 3039 1933 qui
3059 1860 3137 1916 sic
3154 1861 3457 1924 resistunt.
3483 1877 3585 1934 per

280 1973 303 1998 α
345 1948 453 2018 Qui
481 1958 664 2005 autem
712 1949 989 2017 resistunt,
1039 1948 1144 2021 ipsi
1194 1947 1298 2003 sibi
1336 1946 1743 2004 damnationem
1780 1961 1879 2002 ac-

283 2060 306 2090 ι
344 2038 584 2111 quirunt.
617 2039 757 2094 Nam
784 2038 1063 2111 principes
1094 2053 1203 2094 non
1233 2045 1357 2093 sunt
1386 2036 1568 2093 timori
1599 2036 1726 2093 boni
1755 2051 1881 2109 ope-

283 2151 306 2175 α
344 2128 438 2197 ris,
469 2128 569 2183 sed
606 2127 760 2183 mali.
797 2128 892 2184 Vis
929 2136 1111 2183 autem
1141 2143 1249 2182 non
1278 2126 1476 2182 timere
1507 2134 1831 2198 potestatem
1852 2125 1882 2180 ?

281 2240 305 2270 ι
342 2218 551 2273 Bonum
602 2215 704 2287 fac,
738 2224 788 2273 et
835 2216 1061 2273 habebis
1107 2216 1324 2272 laudem
1354 2232 1425 2272 ex
1455 2215 1569 2272 illa.
1601 2215 1704 2271 Dei
1734 2214 1882 2271 enim

281 2331 304 2355 ι(
342 2306 589 2362 minister
642 2314 724 2361 est
780 2306 877 2361 tibi
930 2306 988 2361 in
1041 2306 1269 2363 bonum.
1326 2305 1382 2360 Si
1439 2313 1621 2361 autem
1675 2305 1882 2361 malum

282 2419 304 2443 α
340 2394 527 2469 [male]
574 2394 789 2464 feceris,
839 2395 987 2450 time.
1033 2396 1157 2451 Non
1205 2394 1350 2451 enim
1392 2394 1509 2450 sine
1558 2410 1725 2451 causa
1756 2394 1881 2469 gla-

279 2507 308 2538 σ
339 2484 487 2539 dium
535 2492 735 2557 portat.
785 2484 887 2541 Dei
933 2484 1076 2540 enim
1134 2484 1384 2540 minister
1427 2492 1528 2553 est,
1580 2482 1780 2541 vindex
1826 2484 1883 2538 in

284 2595 307 2625 α
344 2573 476 2628 iram
506 2573 556 2629 ei
589 2573 682 2647 qui
709 2573 856 2630 male
885 2573 1019 2647 agit.
1054 2573 1293 2646 Ideoque
1323 2572 1650 2630 necessitate
1681 2572 1884 2629 subditi

284 2685 307 2715 ι
337 2670 508 2719 estote
530 2707 543 2729 ,
596 2678 707 2718 non
754 2663 929 2718 solum
979 2671 1202 2735 propter
1230 2663 1387 2731 iram,
1429 2663 1526 2719 sed
1556 2662 1719 2719 etiam
1745 2678 1882 2735 pro-

284 2775 308 2801 υ
345 2759 469 2823 pter
495 2751 907 2808 conscientiam.
946 2751 1076 2808 Ideo
1106 2752 1248 2807 enim
1279 2760 1333 2808 et
1360 2751 1563 2808 tributa
1591 2751 1879 2824 prmstatis.

282 2863 305 2889 ε
345 2840 577 2896 Ministri
607 2840 751 2896 enim
794 2840 896 2896 Dei
940 2849 1086 2909 sunt,
1116 2840 1172 2896 in
1200 2842 1307 2898 hoc
1334 2840 1514 2913 ipsum
1545 2841 1874 2898 servientes.

285 2952 308 2981 ε
344 2929 574 2987 Reddite
613 2946 746 3004 ergo
774 2930 1027 2987 omnibus
1055 2930 1257 2987 debita.
1293 2930 1391 2987 Cui
1421 2931 1681 2987 tributum
1713 2931 1883 2986 tribu-

288 3042 311 3067 α
350 3027 459 3074 tum
489 3062 502 3087 ,
552 3019 639 3077 cui
687 3018 925 3093 vectigal
973 3019 1229 3093 vectigal,
1279 3020 1364 3076 cui
1419 3020 1669 3077 timorem
1724 3019 1884 3076 timo-

284 3132 308 3156 ι
344 3124 481 3176 rem,
548 3108 635 3165 cui
680 3109 945 3165 honorem
990 3109 1255 3165 honorem
1310 3110 1531 3181 (Matth.
1579 3124 1726 3179 χχιι,
1768 3110 1884 3180 21.)

287 3218 311 3249 ι
345 3196 563 3253 Nemini
635 3197 929 3271 quidquam
1006 3198 1254 3254 debeatis
1287 3241 1301 3268 ,
1368 3198 1474 3254 nisi
1535 3207 1593 3254 ut
1649 3198 1886 3255 invicem

289 3311 311 3334 α
347 3286 613 3359 diligatis.
696 3285 800 3356 Qui
856 3287 1002 3343 enim
1059 3288 1237 3362 diligit
1292 3287 1599 3360 proximum
1629 3331 1644 3355 ,
1699 3287 1881 3359 legem

286 3398 309 3423 ιι
348 3374 610 3448 implevit.
643 3376 785 3431 Nam
809 3391 920 3432 non
950 3376 1304 3432 adulterabis.
1337 3376 1462 3432 Non
1488 3377 1727 3434 occides.
1760 3378 1883 3433 Non

288 3485 311 3514 ι
347 3462 639 3520 furaberis.
705 3464 827 3521 Non
877 3464 1076 3521 falsum
1123 3466 1493 3522 testimonium
1539 3466 1709 3523 dices.
1761 3467 1885 3522 Non

288 3575 313 3605 ι
349 3554 704 3625 concupisces
753 3555 939 3626 (Deut.
991 3570 1048 3622 ν,
1100 3554 1210 3627 18),
1252 3563 1305 3610 et
1336 3555 1379 3610 si
1412 3556 1558 3628 quod
1603 3563 1686 3611 est
1735 3555 1885 3611 aliud

285 3666 307 3689 υ
342 3642 661 3698 mandatum
692 3643 748 3697 in
778 3644 881 3701 hoc
909 3643 1079 3700 verbo
1107 3643 1439 3700 instauratur
1472 3662 1485 3699 :
1518 3644 1727 3717 Diliges
1755 3660 1886 3717 pro-

284 3751 308 3781 ι
344 3731 549 3787 ximum
592 3739 744 3787 tuum
774 3732 914 3789 sicut
959 3733 1196 3804 teipsum
1245 3734 1447 3803 (Levit.
1480 3749 1605 3802 xxx,
1641 3735 1750 3805 18).
1784 3733 1884 3790 Di-

285 3844 308 3867 ι
345 3820 507 3876 lectio
533 3821 766 3892 proximi
811 3822 1011 3877 malum
1041 3839 1150 3879 non
1181 3831 1439 3895 operatur
1480 3823 1702 3895 (Matth.
1737 3838 1881 3890 χχιι,

286 3933 309 3956 ι
347 3911 459 3979 39).
492 3909 778 3966 Plenitudo
808 3927 938 3985 ergo
958 3911 1101 3984 legis
1121 3920 1204 3968 est
1223 3912 1462 3969 dilectio.
1494 3913 1563 3969 Et
1583 3914 1685 3969 hoc
1715 3912 1889 3969 scien—

285 4021 308 4045 ιι
346 4006 428 4053 tes
460 4006 694 4071 tempus,
727 3999 855 4072 quia
901 4001 1037 4056 hora
1066 4008 1147 4057 est
1171 4002 1286 4071 jam
1317 4016 1418 4057 nos
1447 4001 1515 4057 de
1545 4017 1738 4058 somno
1769 4018 1887 4057 sur-

285 4109 309 4139 ι
346 4103 497 4159 gere.
544 4089 700 4146 Nunc
730 4089 874 4144 enim
904 4089 1126 4161 propior
1172 4098 1256 4145 est
1302 4098 1490 4147 nostra
1522 4091 1688 4158 salus,
1724 4107 1887 4164 quam

289 4200 310 4223 ιι
347 4193 473 4233 cum
502 4177 851 4234 credidimus.
903 4180 1024 4235 Nox
1061 4179 1366 4251 praecessit,
1418 4180 1538 4236 dies
1575 4190 1755 4237 autem
1784 4197 1886 4254 ap-

286 4290 309 4315 «ι
346 4266 749 4339 propinquavit.
782 4267 1117 4338 Abjiciamus
1156 4285 1289 4343 ergo
1320 4285 1489 4341 opera
1520 4271 1883 4342 tenebrarum,

295 4376 321 4406 α
354 4362 410 4412 et
435 4354 726 4411 induamur
753 4372 905 4413 arma
934 4358 1093 4423 lucis,
1127 4358 1208 4414 sic
1238 4366 1296 4413 ut
1315 4358 1370 4413 in
1393 4359 1481 4415 die
1510 4360 1737 4416 honeste
1766 4376 1888 4416 am-

291 4463 313 4487 κ
355 4440 628 4497 bulemus.
685 4442 807 4497 Non
853 4441 910 4497 in
954 4443 1440 4499 comessatiouibus
1491 4452 1543 4500 et
1600 4445 1887 4501 ebrietati-

290 4552 312 4578 ι
352 4528 474 4598 bus,
506 4545 615 4585 non
663 4525 1019 4587 in‘cubilibus
1050 4540 1103 4588 et
1130 4531 1500 4605 impudicitiis,
1531 4550 1641 4591 non
1671 4535 1727 4589 in
1756 4550 1889 4591 con-

1907 3243 1954 3305 C

1981 1946 2294 2016 hujusmodi
2331 1946 2586 2003 resistere
2621 1951 2931 2022 acquirunt
2964 1950 3073 2023 ipsi
3104 1950 3212 2006 sibi
3257 1950 3584 2009 damnatio-

1981 2051 2132 2102 nem,
2166 2036 2222 2090 id
2252 2044 2332 2091 est
2360 2036 2479 2093 haec
2510 2035 2627 2093 sola
2656 2052 2821 2094 causa
2849 2036 3046 2095 sufficit
3072 2038 3141 2093 ad
3177 2038 3585 2096 damnationem

1983 2140 2192 2180 eorum.
2241 2125 2366 2180 Non
2412 2134 2495 2182 est
2524 2126 2712 2199 utique
2755 2126 3115 2183 resistendum
3143 2127 3397 2201 principi.
3442 2130 3586 2185 Nam

1979 2213 2268 2287 principes
2285 2230 2400 2271 non
2422 2218 2561 2270 sunt
2584 2216 2779 2271 timori
2797 2216 2926 2273 boni
2941 2218 3142 2289 aperis,
3162 2216 3216 2271 id
3230 2224 3311 2272 est
3333 2216 3420 2290 qui
3444 2216 3585 2274 bene

1982 2310 2243 2372 operatur
2302 2319 2412 2359 non
2480 2311 2563 2358 est
2596 2320 2765 2377 quare
2814 2304 3003 2361 timeat
3038 2305 3343 2378 principem
3396 2325 3410 2362 :
3455 2306 3585 2379 quia

1983 2391 2194 2447 etiamsi
2224 2408 2322 2464 pro
2353 2392 2498 2449 bono
2529 2408 2695 2464 opere
2724 2393 2954 2449 infestus
2988 2402 3070 2450 est
3098 2394 3168 2465 ei,
3195 2411 3429 2469 eumque
3449 2412 3584 2468 per-

1984 2480 2245 2553 sequitur,
2294 2489 2459 2554 auget
2499 2482 2749 2538 virtutem
2801 2483 2918 2553 ejus
2966 2492 3020 2539 et
3080 2484 3354 2541 meritum.
3406 2484 3585 2555 Quare

1982 2570 2124 2625 bene
2166 2571 2415 2642 aperanti
2457 2587 2566 2627 non
2607 2580 2690 2627 est
2734 2572 2936 2640 timori,
2986 2574 3083 2630 sed
3125 2582 3207 2629 est
3234 2574 3413 2631 timori
3440 2576 3585 2631 mali

1982 2659 2186 2731 operis,
2220 2659 2275 2714 id
2310 2668 2392 2715 est
2441 2661 2533 2733 qui
2578 2660 2720 2717 male
2752 2670 3027 2733 operatur,
3060 2662 3153 2719 ille
3181 2663 3366 2737 utique
3394 2663 3586 2721 timere

1981 2756 2161 2819 potest
2190 2748 2515 2820 principem.
2552 2749 2709 2806 Nunc
2730 2766 2795 2806 ex
2816 2751 3118 2823 praemissis
3140 2752 3430 2809 consilium
3459 2753 3581 2811 col-

1981 2836 2160 2909 ligens
2189 2837 2262 2893 ait
2294 2853 2307 2892 :
2340 2838 2602 2911 Princeps
2634 2855 2743 2895 non
2774 2848 2858 2896 est
2884 2840 3161 2897 timendus
3200 2831 3361 2898 bonis
3391 2860 3405 2898 :
3435 2843 3585 2916 quod

1984 2927 2030 2982 si
2052 2935 2107 2983 tu
2128 2926 2376 2983 similiter
2397 2930 2480 2984 vis
2496 2944 2612 2984 non
2635 2930 2835 2987 timere
2853 2934 3217 3003 potestatem,
3235 2934 3329 3005 fac
3350 2933 3577 3002 bonum,

1982 3020 2040 3073 et
2064 3016 2268 3072 bonum
2296 3015 2503 3073 faciens
2523 3018 2745 3075 habebis
2769 3020 2993 3076 laudem
3015 3036 3089 3076 ea:
3110 3021 3214 3077 illa
3246 3038 3585 3095 quaecunque

1984 3106 2071 3173 sit,
2107 3106 2249 3162 bona
2276 3105 2361 3162 vel
2393 3106 2539 3162 mala
2571 3125 2585 3162 :
2619 3108 2742 3180 quia
2773 3108 2818 3163 si
2846 3108 2992 3165 bona
3012 3118 3115 3180 est,
3140 3111 3208 3167 de
3231 3110 3376 3167 bono
3396 3111 3586 3167 lauda-

1982 3194 2061 3250 bit
2094 3202 2163 3261 te,
2199 3195 2244 3250 si
2276 3212 2408 3252 vero
2436 3196 2598 3264 mala,
2622 3206 2985 3271 persequetur
3000 3206 3053 3255 te
3075 3200 3215 3256 bene
3237 3208 3580 3273 operantem,

1985 3292 2039 3340 et
2068 3299 2135 3339 ex
2164 3284 2361 3340 virtute
2390 3285 2667 3356 patientia:
2694 3286 3024 3344 laudaberis.
3058 3289 3201 3346 Vere
3232 3289 3449 3345 laudem
3478 3291 3584 3346 ha-

1984 3372 2140 3427 bebis
2174 3389 2239 3428 ex
2269 3389 2356 3430 ea.
2390 3375 2531 3430 Nam
2549 3374 2637 3431 hic
2656 3375 2799 3431 idem
2819 3376 3079 3449 princeps
3098 3378 3365 3436 minister
3379 3381 3480 3436 Dei
3499 3384 3588 3436 est

1989 3463 2090 3519 tibi
2121 3464 2185 3518 in
2223 3464 2448 3530 bonum,
2475 3463 2530 3518 id
2565 3472 2648 3519 est
2692 3464 2762 3520 ad
2796 3466 3080 3522 utilitatem
3102 3467 3149 3522 si
3169 3468 3310 3524 bene
3346 3468 3583 3536 feceris;

1986 3550 2085 3607 sed
2103 3552 2153 3607 si
2188 3553 2339 3608 male
2366 3554 2591 3623 feceris,
2620 3554 2757 3610 time
2778 3570 2928 3612 eum.
2967 3556 3263 3612 Timendus
3294 3557 3483 3630 utique
3503 3566 3589 3615 est

1987 3639 2130 3696 male
2155 3639 2395 3708 facienti,
2430 3656 2559 3697 nam
2588 3641 2678 3699 hic
2701 3644 2870 3713 judex
2902 3662 3016 3703 non
3036 3647 3162 3703 sine
3190 3663 3365 3703 causa
3389 3651 3586 3720 portat

1985 3729 2263 3802 gladium.
2315 3730 2455 3786 Vere
2492 3746 2600 3787 non
2649 3731 2768 3788 sine
2809 3748 3011 3802 causa;
3042 3750 3171 3790 nam
3222 3735 3311 3791 hic
3337 3736 3586 3794 minister

1987 3817 2089 3873 Dei
2119 3826 2203 3874 est
2228 3834 2241 3873 :
2276 3820 2489 3875 vindex
2521 3821 2592 3888 ei,
2623 3820 2680 3876 id
2710 3830 2793 3878 est
2821 3822 2893 3877 ad
2922 3823 3180 3879 damnum
3211 3825 3328 3895 ejus
3348 3826 3445 3898 qui
3472 3842 3596 3884 ma-

1991 3907 2111 3964 lum
2140 3909 2266 3979 agit
2297 3924 2309 3964 :
2343 3908 2543 3965 vindex
2574 3909 2662 3967 dic
2706 3914 2769 3966 in
2798 3912 2966 3979 iram,
3001 3912 3056 3968 id
3096 3922 3179 3969 est
3206 3914 3262 3969 in
3292 3914 3590 3972 vindictam

1988 3995 2090 4052 Dei
2120 3995 2429 4053 faciendam
2461 4015 2475 4052 :
2507 3998 2595 4055 vel
2624 3998 2822 4055 vindex
2850 4000 2904 4056 in
2930 4000 3087 4069 iram,
3112 4001 3166 4058 id
3197 4002 3354 4059 estin
3376 4004 3595 4079 signum

1990 4084 2180 4141 futurae
2221 4085 2461 4157 ultionis,
2505 4103 2666 4160 quam
2700 4089 3143 4147 animadvertunt
3177 4108 3279 4164 per
3308 4101 3596 4166 tempora-

1988 4172 2097 4229 lem
2126 4174 2384 4232 ultionem
2418 4193 2579 4249 quam
2606 4177 2810 4234 vident.
2846 4178 3304 4253 Quandoquidem
3320 4182 3407 4239 hic
3434 4182 3596 4255 prin-

1989 4278 2121 4335 ceps
2148 4264 2398 4321 minister
2417 4266 2516 4321 Dei
2538 4274 2640 4333 est,
2666 4268 2789 4325 ideo
2810 4272 2987 4327 estote
3007 4270 3220 4329 subditi
3240 4271 3442 4340 animo,
3467 4273 3597 4332 huic

1988 4355 2339 4421 necessitati,
2358 4354 2415 4410 id
2436 4363 2520 4410 est
2535 4356 2791 4428 principi,
2810 4358 2895 4415 cui
2920 4358 3099 4415 velitis
3127 4360 3312 4417 nolitis
3334 4361 3597 4433 subjicie-

1988 4442 2140 4509 mini,
2174 4451 2231 4497 ut
2277 4442 2414 4499 illud
2441 4444 2630 4516 cupias
2659 4446 3022 4521 quodcunque
3050 4464 3281 4507 necesse
3311 4458 3414 4507 est.
3446 4451 3594 4508 Sub-

1990 4526 2104 4596 diti,
2137 4526 2380 4599 inquam,
2414 4536 2608 4597 estote,
2632 4547 2748 4587 non
2769 4531 2952 4589 solum
2970 4538 3203 4607 propter
3221 4537 3367 4591 iram
3386 4535 3596 4608 princi-

288 4639 312 4669 «
349 4617 587 4674 ιρηιίοῃθ
616 4626 668 4675 ει
694 4619 1036 4677 aemulatione
1066 4621 1223 4693 (ιιιο,
1256 4637 1379 4692 χχι,
1416 4624 1543 4693 34);
1574 4624 1672 4679 sed
1700 4623 1887 4680 indui-
1915 4606 1970 4668 D
1989 4615 2075 4688 pis
2094 4616 2494 4686 vitandam,sed
2503 4619 2678 4674 etiam
2692 4606 3345 4694 propterconscientiam
3357 4606 3597 4683 vestram

292 4731 315 4755 α
352 4706 486 4763 mini
541 4705 788 4782 [induite]
844 4710 1135 4766 Dominum
1190 4712 1376 4767 Jesum
1441 4712 1737 4769 Christum.
1819 4714 1889 4769 Et

292 4820 313 4843 κ
352 4795 534 4853 carnis
563 4812 745 4873 curam
765 4814 834 4855 ne
862 4797 1100 4857 feceritis
1120 4799 1177 4857 in
1197 4799 1484 4858 desideriis
1512 4802 1665 4875 (Gal.
1696 4818 1753 4871 v,
1780 4806 1845 4859 16
1869 4821 1885 4871 ;

293 4908 314 4932 α
356 4886 562 4942 IPetr.
595 4901 656 4957 ιι,
690 4886 799 4958 ιι).
839 4913 859 4936 η

918 5029 1239 5072 EXPOSITIO.

361 5136 655 5209 Postquam
683 5137 867 5195 docuit
896 5140 1173 5212 quomodo
1200 5140 1443 5198 vicissim
1470 5141 1611 5198 inter
1636 5158 1696 5198 se
1724 5157 1889 5216 agen-

288 5225 418 5282 dum
449 5234 530 5282 est
561 5226 813 5295 subditis,
845 5228 1005 5284 docet
1041 5229 1167 5286 illos
1197 5230 1450 5302 quiddam
1480 5232 1658 5301 majus
1686 5231 1887 5289 debere

288 5314 533 5386 praelatis
568 5331 580 5369 :
613 5315 778 5371 etiam
822 5316 1152 5386 inﬁdelibus,
1191 5319 1341 5375 salva
1369 5327 1551 5376 tamen
1580 5320 1886 5393 integritate

287 5402 436 5459 ﬁdei.
469 5404 641 5459 Erant
671 5405 815 5460 enim
848 5407 939 5479 qui
968 5409 1258 5465 crederent
1287 5425 1347 5464 se
1368 5407 1622 5466 fidelibus
1650 5410 1887 5466 dominis

286 5493 420 5548 nihil
444 5494 562 5563 jam
592 5494 816 5560 debere,
849 5495 975 5568 quia
1005 5496 1201 5553 fratres
1249 5513 1437 5553 eorum
1487 5507 1642 5554 erant
1668 5499 1724 5554 in
1754 5498 1881 5557 ﬁde.

283 5580 605 5638 Inﬁdelibus
643 5592 826 5640 autem
855 5585 1090 5641 dominis
1137 5587 1353 5659 penitus
1397 5602 1615 5644 omnem
1646 5589 1885 5645 servitu-

284 5681 392 5729 tem
441 5672 762 5745 negabant;
794 5673 1091 5731 absurdum
1126 5676 1438 5745 judicantes
1486 5686 1545 5733 ut
1586 5678 1677 5751 qui
1706 5678 1885 5735 fidelis

278 5768 426 5819 esset
455 5760 665 5817 inﬁdeli
694 5762 1074 5832 subjiceretur.
1109 5764 1306 5823 Littera
1339 5765 1420 5822 sic
1433 5766 1680 5840 jungitur
1711 5782 1723 5821 :
1758 5767 1887 5825 Haec

492 5888 747 5945 Ρλτιιοι..
786 5886 971 5948 CLIII.

1987 4705 2044 4761 in
2072 4704 2304 4777 puritate
2351 4708 2818 4776 conservandam,
2849 4710 2977 4783 quia
3006 4711 3112 4767 nisi
3141 4712 3322 4770 animo
3348 4714 3594 4786 subjice-

1986 4794 2179 4850 remini
2210 4794 2460 4867 principi,
2489 4796 2697 4868 polluta
2719 4808 2865 4855 esset
2893 4800 3229 4858 conscientia
3253 4812 3459 4871 vestra,
3490 4805 3594 4861 ob-

1985 4883 2144 4939 vians
2173 4883 2370 4940 divinas
2399 4885 2753 4944 ordinationi.
2784 4888 3008 4945 Debetis
3030 4891 3218 4964 utique
3239 4893 3443 4949 subditi
3469 4911 3596 4954 esse

1985 4972 2256 5045 principi;
2289 4991 2426 5031 nam
2468 4976 2610 5046 ideo,
2642 4976 2698 5032 id
2729 4986 2810 5033 est
2860 4978 2917 5033 in
2965 4980 3183 5052 signum
3212 4982 3372 5053 hujus
3402 4984 3595 5056 subje-

1988 5061 2202 5128 ctionis,
2230 5066 2525 5137 praestatis
2553 5082 2654 5121 vos
2686 5068 2923 5136 tributa,
2945 5078 2998 5125 et
3018 5078 3215 5127 caetera
3244 5071 3448 5129 debita.
3481 5075 3596 5132 Vos

1986 5150 2111 5207 dico
2140 5151 2196 5206 in
2228 5152 2332 5209 hoc
2364 5152 2543 5224 ipsum
2571 5155 2718 5227 quod
2749 5157 2963 5213 tributa
2980 5161 3291 5233 prastatis,
3316 5165 3598 5234 potestati-

1985 5239 2090 5295 bus
2127 5240 2432 5298 servientes
2481 5244 2598 5299 Deo
2634 5262 2647 5300 :
2678 5262 2814 5301 nam
2859 5246 2963 5318 ipsi
3011 5248 3288 5321 principes
3331 5254 3596 5312 ministri

1987 5333 2125 5385 sunt
2152 5331 2275 5397 Dei,
2310 5330 2364 5387 id
2394 5338 2475 5386 est
2505 5331 2816 5390 ministrant
2843 5336 2958 5392 Deo
2985 5353 3089 5409 per
3116 5349 3340 5411 accepta
3369 5341 3590 5415 tributa,

1986 5435 2109 5490 qua:
2138 5419 2265 5474 dant
2295 5420 2375 5475 eis
2404 5420 2546 5476 vires
2568 5430 2619 5477 et
2638 5430 2967 5494 potestatem
2989 5428 3256 5498 operandi
3278 5430 3424 5503 quod
3445 5432 3596 5489 Deus

1986 5507 2244 5579 disponit.
2277 5509 2376 5565 Vel
2406 5509 2481 5565 ita
2500 5551 2514 5580 ,
2546 5525 2644 5567 vos
2675 5514 2946 5584 praestatis
2973 5515 3171 5572 tributa
3201 5525 3254 5574 et
3285 5519 3425 5576 bene
3453 5519 3595 5577 faci-

1987 5597 2074 5651 tis.
2107 5597 2247 5653 Nam
2277 5598 2331 5654 hi
2360 5598 2637 5672 principes
2660 5610 2782 5657 sunt
2802 5603 3037 5661 ministri
3065 5605 3166 5662 Dei
3182 5610 3513 5678 servientes,
3537 5609 3596 5666 id

1987 5693 2070 5741 est
2100 5703 2239 5760 quos
2268 5687 2417 5745 Deus
2464 5690 2740 5746 constituit
2777 5692 2987 5750 servire
3017 5694 3121 5751 sibi
3150 5698 3214 5753 in
3245 5696 3345 5755 hoc
3376 5700 3587 5771 ipsum,

1986 5774 2041 5830 in
2071 5777 2287 5835 tributis
2336 5794 2458 5851 quae
2483 5793 2515 5833 a
2545 5778 2703 5836 vobis
2753 5781 3046 5855 accipiunt.
3088 5784 3225 5841 Cum
3268 5786 3412 5843 enim
3444 5788 3595 5844 Deus

3378 5911 3410 5964 4
