3970 6430
479 351 584 408 107
1010 350 1067 408 8.
1118 349 1470 409 BRUNONIS
1514 345 2162 407 CARTHUSIANORUM
2205 347 2687 407 INSTITUTORIS
2726 349 2883 408 OPP.
2930 351 3107 409 PARS
3156 352 3223 408 ll.
3676 354 3782 408 108

477 472 717 545 primum
747 490 927 545 regem
959 475 1232 531 constituit
1263 474 1502 541 Saulem,
1536 473 1670 528 dixit
1699 489 1824 528 eum
1852 488 1963 527 non
1992 470 2147 533 ιιι-Α
2174 470 2302 526 olim
2334 489 2454 528 cum
2476 473 2709 544 primum
2741 475 3094 531 credidimus.
3129 474 3382 544 Quotidie
3406 474 3553 531 enim
3588 475 3782 548 magis

482 563 653 619 terius
683 564 752 619 de
774 563 961 620 labore
990 580 1088 620 suo
1108 564 1519 629 victurum,sed
1549 562 1617 617 de
1636 562 1919 617 laboribus
1951 560 2074 614 sub-
2172 576 2237 617 ac
2282 562 2458 633 magis
2516 562 2695 619 futuro
2766 564 2971 633 judicio
3024 565 3474 636 propinquamus,
3541 564 3597 619 in
3664 580 3778 637 quo

478 653 732 709 ditorum.
766 654 832 709 Et
873 653 996 725 quia
1024 653 1110 710 vel
1142 669 1240 709 vos
1268 653 1323 708 in
1354 653 1458 709 hoc
1487 652 1664 723 ipsum
1695 651 1839 723 quod
1872 650 2072 704 tributa
2170 652 2656 708 remunerabimur.
2704 654 2841 709 Vere
2870 670 3012 709 nunc
3041 670 3213 725 prope
3245 662 3326 709 est
3354 662 3540 709 nostra
3571 653 3732 708 salus
3765 669 3780 706 :

479 742 707 809 solvitis,
740 743 857 799 Deo
884 742 1119 809 servitis,
1145 742 1232 798 vel
1248 741 1525 813 principes
1550 741 1606 796 in
1623 742 1728 797 hoc
1756 740 1934 811 ipsum
1954 740 2071 794 Deo
2170 756 2295 796 nam
2339 759 2478 807 nox,
2539 741 2594 796 id
2641 750 2723 797 est
2770 742 3075 813 ignorantia
3121 742 3175 797 in
3221 741 3538 798 inﬁdelitate
3582 742 3778 797 habita

477 831 740 898 serviunt,
774 847 906 903 ergo
944 832 1201 888 omnibus
1239 830 1571 901 principibus
1614 828 1824 884 reddite
1855 828 2061 883 debita.

552 921 653 977 Cui
680 919 915 992 principi
943 920 1155 976 debetis
1187 921 1486 989 tributum,
1519 918 1731 974 reddite
1765 920 2068 974 tributum.

480 1006 581 1065 Cui
601 1008 813 1064 debetis
834 1009 1094 1079 vectigal,
1109 1008 1321 1063 reddite
1345 1008 1605 1078 vectigal.
1630 1007 1921 1063 Tributum
1943 1005 2075 1061 dici-

472 1105 573 1166 tur,
609 1104 667 1152 ut
695 1096 923 1153 obsonia
953 1096 1047 1152 illa
1076 1113 1197 1168 qua:
1226 1096 1374 1151 domi
1404 1096 1774 1160 solvebantur,
1806 1094 2067 1165 vectigal,

475 1185 623 1257 quod
653 1201 873 1256 semper
915 1184 985 1239 ad
1033 1185 1225 1239 domos
1265 1184 1606 1239 dominorum
1654 1183 1973 1248 vehebatur,
2014 1188 2073 1235 ut

481 1282 567 1330 est
597 1274 763 1329 hodie
805 1290 1020 1329 census.
1067 1273 1167 1329 Cui
1196 1273 1407 1328 debetis
1435 1275 1701 1328 honorem
1735 1272 1929 1337 solum,
1964 1271 2072 1325 im-

474 1363 695 1435 pendite
713 1363 998 1419 honorem.
1027 1363 1129 1419 Cui
1152 1365 1431 1428 timorem,
1453 1362 1703 1416 exhibete
1728 1364 1986 1416 timorem
2020 1367 2075 1414 et

475 1467 693 1508 omnem
738 1451 1120 1506 reverentiam.
1174 1452 1241 1507 Ut
1289 1451 1529 1505 breviter
1574 1450 1755 1505 omnia
1794 1449 2069 1519 colligam,

474 1540 855 1596 universaliter
882 1539 1143 1611 praecipio
1177 1557 1190 1593 :
1225 1541 1445 1594 nemini
1467 1540 1767 1611 quidquam
1800 1538 2069 1601 debeatis,

476 1644 655 1701 neque
686 1628 965 1693 tributum,
987 1645 1165 1700 neque
1187 1627 1444 1701 vectigal,
1475 1643 1650 1697 neque
1678 1626 1845 1691 aliud,
1872 1628 1988 1680 nisi
2010 1628 2073 1679 ut

481 1717 733 1789 diligatis
780 1718 1043 1784 invicem,
1095 1716 1221 1789 quia
1267 1716 1392 1772 volo
1422 1732 1520 1771 vos
1550 1731 1765 1785 semper
1792 1714 2074 1768 debitores

2164 832 2480 902 praecessit,
2510 838 2563 886 et
2592 830 2716 886 ideo
2746 831 3047 886 cavendum
3093 840 3177 886 est
3203 847 3272 886 ne
3302 831 3357 885 in
3385 832 3525 887 hanc
3553 839 3782 887 noctem

2171 919 2509 974 recidamus.
2544 920 2688 988 Nox,
2720 919 2911 991 inquit,
2940 922 3254 991 precessit,
3278 920 3375 975 sed
3395 920 3513 976 dies
3530 919 3786 975 salvatio-

2170 1006 2255 1061 nis
2300 1016 2502 1064 nostrre
2548 1024 2648 1079 per
2703 1009 2999 1079 premissos
3061 1009 3269 1075 radios,
3327 1016 3388 1064 ut
3428 1025 3529 1080 per
3583 1007 3780 1074 ﬁdem,

2171 1112 2346 1165 spem,
2396 1096 2763 1164 dilectionem,
2816 1105 2869 1152 et
2910 1106 3125 1163 caetera,
3176 1098 3676 1170 appropinquavit,
3725 1097 3782 1152 id

2170 1192 2254 1239 est
2281 1201 2453 1255 prope
2503 1202 2625 1240 esse
2676 1186 3018 1257 intelligitur.
3073 1186 3312 1241 Virtutes
3354 1189 3495 1242 enim
3526 1203 3654 1259 qua:
3684 1187 3786 1240 ha-

2172 1273 2367 1327 bentur
2396 1275 2449 1327 in
2498 1276 2774 1345 prmsenti,
2829 1275 2968 1329 radii
3017 1283 3141 1329 sunt
3178 1274 3371 1330 futurae
3395 1274 3783 1344 jucunditatis.

2171 1362 2237 1416 Et
2269 1363 2488 1433 quando
2519 1364 2738 1435 quidem
2769 1380 2873 1418 nox
2905 1381 3027 1419 esse
3050 1364 3229 1430 desiit,
3252 1373 3303 1419 et
3330 1366 3447 1419 dies
3469 1367 3787 1437 appropin-

2172 1454 2381 1523 quavit,
2400 1469 2525 1522 ergo
2538 1454 2873 1524 abjiciamus
2886 1470 3053 1523 opera
3069 1454 3450 1521 tenebrarum,
3475 1454 3529 1507 id
3549 1461 3633 1508 est
3656 1470 3785 1525 qua

2173 1540 2383 1610 operati
2408 1558 2594 1596 sumus
2617 1542 2747 1595 dum
2790 1542 2844 1596 in
2866 1542 3173 1613 ignorantia
3194 1559 3462 1597 essemus.
3488 1543 3585 1597 Vel
3606 1560 3788 1615 opera

2175 1630 2556 1697 tenebrarum,
2590 1631 2643 1685 id
2678 1638 2758 1685 est
2787 1630 2954 1703 digna
2987 1632 3251 1697 tenebris,
3281 1639 3335 1686 et
3354 1631 3521 1705 digna
3550 1647 3665 1687 non
3699 1631 3790 1687 vi-

2174 1718 2313 1785 deri,
2355 1719 2455 1773 sed
2485 1736 2705 1789 semper
2735 1719 3016 1775 occultari.
3049 1720 3411 1790 Abjiciamus,
3444 1720 3638 1792 inquit,
3665 1721 3791 1777 hac

480 1822 605 1861 esse
632 1805 938 1861 dilectionis
970 1824 982 1859 :
1016 1805 1090 1860 ita
1106 1805 1251 1877 quod
1272 1820 1546 1875 nunquam
1570 1819 1602 1858 a
1631 1802 1924 1858 dilectione
1945 1818 2071 1857 ces-
2092 1833 2145 1892 Β
2183 1825 2371 1879 opera,
2414 1813 2469 1863 et
2511 1809 2818 1864 induamus
2867 1825 2970 1862 nos
3017 1826 3187 1881 opera
3229 1810 3393 1875 lucis,
3436 1809 3490 1863 id
3519 1818 3602 1863 est
3633 1825 3792 1864 vera}

478 1894 631 1961 setis,
663 1894 789 1950 ideo
828 1910 927 1949 vos
955 1893 1079 1950 volo
1118 1910 1336 1963 semper
1364 1893 1591 1964 diligere
1623 1891 1856 1946 invicem
1894 1905 1906 1943 :
1940 1892 2073 1961 quia

481 1985 577 2056 qui
592 1983 779 2055 diligit
796 1984 1147 2055 proximum,
1166 1984 1342 2053 legem
1361 1980 1827 2053 inzplevit(Exod.
1845 1994 1941 2045 xx,
1963 1982 2070 2048 14).

480 2072 547 2127 Et
577 2087 708 2127 vere
738 2071 918 2143 legem
939 2071 1183 2143 implevit
1211 2086 1223 2125 :
1256 2088 1392 2126 nam
1414 2087 1528 2125 non
1550 2070 1898 2125 adulterabis
1922 2083 1934 2122 :
1959 2084 2076 2122 non

481 2160 696 2217 occides
732 2178 746 2215 :
778 2177 893 2217 non
921 2161 1205 2231 furaberis
1240 2177 1253 2213 :
1296 2176 1411 2215 non
1441 2160 1653 2228 falsum
1685 2159 2076 2213 testimonium

478 2248 629 2305 dices
650 2269 669 2305 :
699 2265 816 2304 non
845 2252 1204 2320 concupisces
1224 2249 1412 2319 (Deut.
1448 2262 1504 2312 v,
1539 2248 1627 2317 18)
1661 2264 1674 2301 :
1707 2246 1815 2302 etsi
1836 2245 1976 2318 quod
1993 2248 2079 2300 est

478 2337 639 2394 aliud
656 2338 991 2393 mandatum
1009 2339 1071 2393 in
1092 2339 1224 2409 lege,
1249 2340 1632 2401 instauratur,
1654 2334 1707 2389 id
1726 2342 1807 2389 est
1828 2333 2078 2404 impletur

482 2426 581 2483 hoc
613 2428 770 2483 verbo
804 2445 822 2483 :
853 2427 1059 2498 Diliges
1082 2428 1416 2498 proximum
1441 2429 1604 2480 tuum
1627 2426 1775 2480 sicut
1806 2427 1861 2478 te
1889 2424 2075 2494 ipsum

483 2517 630 2585 (Leo.
665 2531 774 2582 XIX,
820 2519 928 2585 18).
964 2516 1105 2570 Vere
1140 2514 1197 2570 in
1226 2514 1515 2570 dilectione
1562 2511 1794 2584 proximi
1824 2511 2079 2581 impletur

477 2620 639 2661 omne
656 2604 969 2659 mandatum
989 2604 1148 2676 legis.
1165 2605 1304 2658 Nam
1317 2604 1544 2659 dilectio
1562 2601 1837 2675 proximi,
1862 2601 2079 2654 malum

481 2710 596 2750 non
616 2697 883 2766 aperatur
900 2692 1123 2762 (Matth.
1140 2707 1284 2757 χιιι,
1301 2694 1410 2761 39).
1430 2690 1535 2759 Qui
1551 2690 1695 2746 enim
1708 2688 1883 2761 diligit
1896 2687 2081 2759 proxi-

478 2799 648 2847 mum,
680 2782 832 2839 '73
869 2798 975 2836 non
1020 2780 1342 2836 adulterabit
1376 2796 1498 2836 cum
1526 2795 1697 2834 uxore
1728 2779 1905 2847 cujus.
1955 2777 2081 2832 Non

481 2871 694 2927 occidet
726 2885 869 2925 eum.
909 2870 1032 2924 Non
1068 2868 1337 2924 furabitur
1377 2885 1469 2923 res
1498 2868 1632 2937 ejus,
1666 2875 1773 2922 etc.
1805 2867 1874 2920 Et
1905 2880 2081 2936 quan-

484 2958 777 3031 doquidem
825 2959 1053 3013 dilectio
1094 2957 1348 3030 proximi
1380 2958 1598 3011 malum
1629 2972 1744 3010 non
1773 2958 2079 3025 operatur;

488 3063 624 3121 ergo
652 3047 878 3102 dilectio
916 3054 1002 3101 est
1034 3044 1335 3118 plenitudo
1368 3046 1503 3115 legis
1536 3061 1550 3098 :
1584 3043 1676 3115 qui
1708 3042 1854 3098 enim
1883 3041 2085 3095 malum

489 3151 599 3191 non
629 3142 899 3205 operatur,
932 3133 1116 3206 legem
1149 3132 1393 3203 implevit
1423 3132 1633 3203 (Calai.
1669 3146 1723 3197 ν,
1762 3132 1864 3196 li;
1896 3130 2080 3186 Jacob.

2178 1896 2523 1967 cognitionis,
2558 1896 2643 1951 vel
2675 1912 2841 1967 opera
2872 1896 3038 1969 digna
3081 1897 3202 1952 luce
3233 1905 3286 1951 et
3315 1897 3785 1964 manifestatione,

2176 2002 2297 2056 qua:
2326 2001 2493 2055 opera
2522 1994 2647 2039 sunt
2694 2001 2843 2039 arma
2893 1986 3089 2056 quibus
3119 1994 3171 2039 et
3201 1984 3365 2042 ﬁdem
3392 1995 3638 2042 nostram
3671 1995 3793 2043 tue-

2174 2084 2298 2121 mur
2336 2076 2389 2123 et
2436 2068 2780 2140 insurgentia
2824 2068 2956 2122 vitia
3006 2084 3357 2139 superamus,
3389 2075 3456 2125 ut
3484 2069 3661 2125 induti
3693 2085 3792 2125 ar-

2176 2156 2278 2210 mis
2334 2156 2490 2221 lucis,
2539 2158 2772 2211 honeste
2812 2158 3184 2223 ambulemus,
3237 2157 3291 2212 id
3343 2159 3520 2213 estde
3550 2158 3703 2214 bono
3736 2159 3793 2214 in

2175 2244 2370 2299 melius
2408 2243 2777 2315 proﬁciamus,
2817 2246 2967 2301 sicut
2996 2245 3087 2317 qui
3129 2245 3291 2315 positi
3331 2255 3455 2300 sunt
3491 2248 3556 2301 in
3583 2248 3701 2313 die,
3736 2247 3794 2302 id

2178 2341 2259 2387 est
2288 2333 2343 2387 in
2364 2333 2679 2405 cognitione
2709 2334 2979 2389 veritatis.
3014 2333 3229 2389 Positos
3259 2334 3404 2389 enim
3435 2337 3499 2390 in
3517 2335 3610 2392 die
3625 2336 3795 2391 decet

2178 2437 2350 2491 Opera
2382 2423 2566 2477 noctis
2617 2421 2871 2490 abjicere,
2905 2430 2957 2477 et
2985 2437 3138 2476 arma
3168 2422 3305 2478 lucis
3335 2438 3638 2479 assumere.
3674 2425 3796 2479 Nos

2178 2510 2303 2565 dico
2362 2509 2440 2565 sic
2491 2509 2834 2565 ambulemus
2898 2510 2955 2565 in
2991 2510 3081 2565 die
3146 2528 3260 2568 non
3331 2520 3682 2568 remanentes
3728 2515 3794 2569 in

2180 2600 2699 2667 comessationibus,
2752 2599 2807 2653 id
2853 2607 2937 2654 est
2983 2599 3040 2653 in
3096 2599 3440 2671 publicorum
3495 2600 3793 2657 convivio-

2181 2703 2297 2741 rum
2330 2687 2742 2755 conventiculis,
2778 2695 2830 2742 et
2861 2704 2971 2742 non
3000 2696 3284 2743 manentes
3314 2691 3376 2744 in
3413 2689 3793 2745 ebrietatibus

2182 2782 2240 2830 ut
2269 2775 2448 2830 nimia:
2478 2775 2739 2846 potationi
2768 2776 3162 2831 incumbamus.
3200 2778 3320 2832 Non
3349 2776 3514 2832 etiam
3534 2778 3598 2832 in
3627 2778 3795 2834 cubi-

2186 2864 2347 2929 libus,
2375 2863 2443 2918 ad
2470 2881 2589 2934 quae
2612 2864 2812 2919 cubilia
2828 2865 2896 2919 de
2917 2865 3190 2920 nimietate
3213 2865 3509 2920 saturitatis
3543 2873 3597 2921 et
3622 2874 3792 2937 pota-

2184 2952 2346 3006 tionis
2388 2951 2514 3018 itur,
2554 2952 2738 3024 ibique
2773 2952 3052 3023 superﬁua
3089 2952 3243 3025 quies
3291 2954 3542 3009 habetur.
3572 2954 3642 3009 Et
3672 2971 3793 3010 non

2184 3048 2470 3096 manentes
2502 3042 2565 3096 in
2596 3042 2987 3113 impudicitiis,
3023 3041 3078 3097 id
3107 3049 3191 3096 est
3211 3041 3267 3097 in
3288 3042 3649 3098 delectatione
3666 3042 3796 3097 libi-

2187 3129 2368 3197 dinis;
2401 3128 2493 3200 qui
2524 3129 2669 3184 enim
2708 3129 2894 3184 ebrius
2940 3130 3010 3185 ad
3040 3130 3217 3185 cubile
3246 3131 3548 3197 descendit,
3582 3147 3794 3188 conse-

584 3189 682 3295 8):
695 3189 907 3279 Scimus
922 3189 1104 3291 utiuque
1126 3189 1249 3293 quia
1272 3189 1497 3277 dilectio
1519 3189 1737 3276 malum
1761 3189 1871 3275 non
1892 3234 2088 3290 apera-
2110 3189 2157 3250 Ο
2192 3189 2433 3289 quenter.
2452 3225 2681 3290 urgetur
2728 3217 2937 3274 facibus
2965 3218 3223 3274 libidinis.
3252 3220 3326 3274 Et
3354 3237 3467 3275 non
3497 3228 3794 3275 manentes

493 3317 584 3368 tur
611 3332 631 3367 :
661 3327 763 3367 nec
792 3312 896 3366 hoc
944 3310 1119 3366 solum
1172 3310 1375 3367 scimus
1427 3310 1495 3365 de
1542 3325 1624 3375 ea,
1660 3308 1757 3363 sed
1788 3309 1891 3363 hoc
1922 3307 2089 3362 etiam

496 3404 741 3458 scientes
797 3416 984 3454 sumus
1039 3400 1108 3455 de
1154 3398 1463 3467 dilectione,
1511 3397 1658 3469 quod
1706 3396 1830 3453 facit
1877 3413 1977 3452 nos
2024 3396 2090 3451 de

498 3506 694 3547 somno
741 3505 969 3559 surgere
996 3488 1310 3560 bonumque
1339 3487 1579 3558 operari.
1621 3486 1713 3543 Vis
1744 3493 1924 3541 tamen
1954 3500 2091 3540 con-

500 3578 814 3651 tinuationis
844 3586 896 3633 et
926 3593 1137 3632 summa
1168 3576 1447 3632 sententiae
1477 3575 1676 3646 pendet
1696 3575 1765 3629 ad
1786 3574 1917 3629 illud
1948 3573 2093 3645 quod

502 3668 741 3741 sequitur
771 3684 785 3721 :
817 3667 1160 3739 Abjiciamus
1209 3682 1337 3735 ergo
1379 3682 1543 3737 opera
1575 3665 1952 3720 tenebrarum.
1986 3662 2095 3717 Sed

504 3756 780 3830 praemittit
828 3756 1087 3827 quasdam
1127 3754 1385 3824 rationes,
1424 3754 1567 3809 unde
1614 3753 1968 3824 opportunius
2006 3751 2095 3806 in-

506 3846 643 3902 ferat
675 3844 865 3901 dicens
898 3861 910 3897 :
943 3843 1299 3899 Dilectionem
1344 3858 1454 3897 non
1494 3843 1713 3913 operari
1757 3841 1962 3896 malum
1992 3840 2097 3895 sci-

506 3951 628 3990 mus
658 3951 673 3988 :
702 3933 863 3989 etiam
904 3932 1010 3988 hoc
1039 3932 1107 3987 de
1138 3932 1425 3987 dilectione
1456 3930 1708 3999 scientes,
1743 3931 1893 4003 quia,
1929 3928 1984 3983 id
2015 3935 2099 3984 est

511 4022 659 4095 quod
688 4023 824 4079 hora
855 4026 959 4089 est,
1006 4020 1163 4092 quasi
1192 4020 1414 4089 diceret,
1448 4027 1660 4090 tempus
1691 4027 1809 4085 est;
1846 4018 1944 4073 sed
1972 4017 2097 4072 ideo

511 4129 611 4184 per
656 4112 847 4166 horam
904 4109 1229 4183 signiﬁcavit
1273 4109 1406 4164 illud
1454 4117 1688 4179 tempus,
1735 4115 1794 4162 ut
1844 4106 2098 4163 ostendat

514 4201 683 4256 breve
713 4215 837 4254 esse
882 4206 935 4253 et
976 4198 1083 4253 cito
1128 4197 1421 4263 transiens,
1474 4204 1524 4252 et
1552 4196 1655 4251 nisi
1685 4196 1741 4250 in
1768 4212 1835 4250 eo
1863 4194 2100 4266 poenite-

511 4306 634 4344 mus
681 4286 1120 4358 irrecuperabile.
1169 4286 1381 4342 Scimus
1426 4285 1609 4356 utique
1655 4283 1784 4356 quia
1828 4285 1967 4338 hora
2020 4289 2104 4338 est

500 4381 647 4452 jam,
680 4377 734 4431 id
765 4385 847 4432 est
892 4376 1087 4431 amodo
1133 4392 1199 4431 ex
1241 4390 1346 4447 quo
1375 4390 1475 4446 per
1503 4374 1667 4428 fidem
1691 4370 1972 4443 justiﬁcati
2002 4388 2101 4426 su-

512 4483 636 4523 mus
664 4482 890 4538 surgere
921 4482 1021 4521 nos
1052 4464 1118 4520 de
1138 4480 1351 4531 somno,
1384 4462 1438 4517 id
1458 4469 1539 4524 est
1561 4462 1629 4517 de
1655 4461 1961 4517 calamitate
1980 4475 2104 4516 cor-

2190 3306 2255 3361 in
2283 3308 2680 3372 contentione;
2713 3306 3128 3378 intemperantia
3156 3308 3300 3362 enim
3328 3315 3487 3379 potus
3517 3317 3565 3363 et
3598 3307 3796 3363 libidi-

2192 3395 2278 3449 nis
2308 3393 2627 3465 frequenter
2647 3395 2835 3467 jurgia
2863 3396 3116 3452 concitat.
3151 3398 3220 3451 Et
3248 3412 3319 3451 ne
3340 3396 3456 3451 sitis
3482 3395 3537 3450 in
3558 3398 3799 3453 aemula-

2196 3484 2368 3549 tione,
2402 3483 2454 3536 id
2479 3483 2633 3537 estin
2667 3482 2867 3538 invidia
2895 3499 2907 3537 :
2933 3484 3155 3555 quidam
3192 3484 3283 3556 qui
3319 3501 3428 3539 non
3463 3484 3630 3540 audet
3650 3500 3796 3541 con-

2194 3572 2441 3638 tendere,
2476 3571 2622 3642 quod
2670 3580 2871 3642 potest,
2917 3572 3118 3628 invidet
3160 3573 3425 3645 proximo.
3478 3574 3537 3628 In
3567 3573 3655 3628 his
3685 3574 3798 3629 ita-

2196 3676 2302 3731 que
2323 3676 2431 3715 non
2453 3660 2780 3715 remaneatis
2800 3678 2813 3714 :
2838 3662 2932 3717 sed
2949 3662 3260 3718 induimini
3275 3664 3578 3719 Dominum
3598 3664 3799 3719 Iesum

2202 3749 2507 3815 Christum,
2572 3747 2629 3804 id
2673 3757 2755 3803 est
2801 3750 2992 3805 vestite
3047 3751 3343 3806 nuditatem
3400 3760 3640 3806 vestram
3684 3750 3798 3806 ﬁde

2198 3837 2401 3893 Christi
2431 3845 2483 3892 et
2512 3836 2823 3908 virtutibus,
2872 3855 2994 3911 quae
3040 3856 3203 3911 super
3240 3840 3381 3896 hanc
3422 3839 3587 3895 fidem
3616 3838 3799 3897 aediﬁ-

2199 3934 2406 3983 cantur.
2440 3927 2615 3981 Homo
2656 3926 2802 3981 enim
2848 3936 3071 3999 propter
3112 3937 3393 4000 peccatum
3437 3929 3506 3984 de
3535 3929 3801 4001 paradiso

2199 4015 2374 4070 nudus
2406 4016 2609 4084 ejectus
2639 4023 2719 4070 est
2750 4016 2907 4085 (Cen.
2942 4033 2995 4082 v,
3029 4019 3152 4087 ‘16);
3186 4018 3286 4074 sed
3314 4018 3527 4073 nuditas
3555 4018 3663 4073 ista
3695 4033 3799 4074 ve-

2200 4103 2301 4158 lari
2330 4104 2492 4159 debet
2537 4113 2856 4160 ornamento
2895 4104 3023 4160 fidei
3052 4115 3482 4179 caeterarumque
3510 4106 3797 4163 virtutum.

2204 4192 2268 4247 Et
2299 4208 2395 4247 vos
2426 4192 2598 4247 induti
2627 4193 2918 4249 Dominum
2938 4194 3123 4248 Jesum
3155 4196 3446 4265 Christum,
3478 4212 3551 4251 ne
3587 4196 3798 4268 feceri-

2204 4282 2299 4347 tis,
2330 4280 2384 4335 id
2415 4289 2497 4336 est
2532 4297 2642 4337 non
2688 4281 2898 4337 facietis
2948 4298 3147 4339 curam
3184 4286 3397 4340 carnis.
3446 4285 3563 4340 Nec
3608 4299 3798 4340 curam

2202 4384 2366 4441 quam
2401 4369 2557 4426 ’74
2600 4371 2901 4426 necessitas
2947 4371 3186 4442 postulat
3223 4373 3526 4443 prohibeo;
3577 4375 3678 4429 sed
3723 4388 3795 4428 ne.

2203 4456 2442 4513 feceritis
2470 4474 2657 4515 curam
2686 4460 2869 4515 carnis
2917 4462 2980 4517 in
3034 4460 3347 4531 desideriis,
3406 4470 3465 4517 ut
3518 4461 3800 4519 desideria

512 4554 686 4628 poris,
728 4570 847 4627 quae
897 4554 967 4609 ad
1015 4554 1153 4609 bene
1201 4551 1539 4623 Operandum
1578 4550 1768 4623 pigros
1806 4565 1906 4605 nos
1936 4548 2090 4604 facit.
2120 4545 2175 4605 D
2204 4547 2378 4603 carnis
2409 4548 2715 4603 sectemini.

510 4645 749 4715 Surgere
780 4642 911 4699 dicit
940 4641 1093 4715 quasi
1140 4641 1298 4696 bonis
1338 4639 1594 4712 operibus
1623 4637 1770 4694 omni
1800 4637 1979 4691 studio
2009 4635 2098 4690 in-

505 4732 756 4803 vigilare.
801 4732 935 4787 Sunt
973 4731 1119 4787 enim
1148 4729 1367 4801 quidam
1396 4728 1487 4800 qui
1516 4735 1801 4799 postquam
1824 4722 2103 4795 justiﬁcati

510 4828 657 4887 sunt,
690 4836 810 4876 cum
842 4819 1055 4875 fervere
1100 4818 1361 4873 deberent
1408 4816 1464 4870 in
1511 4815 1695 4870 labore
1723 4814 1881 4869 bonae
1911 4826 2105 4884 opera-

509 4908 691 4975 tionis,
724 4916 938 4979 torpent
969 4915 1019 4963 et
1062 4906 1365 4979 negligunt,
1419 4904 1575 4975 quasi
1606 4902 1782 4958 securi
1811 4918 1876 4957 ex
1898 4899 2102 4970 justiﬁ-

515 4998 748 5063 catione,
784 5005 836 5052 et
873 4996 999 5069 quia
1044 4995 1319 5052 continent
1361 5009 1421 5048 se
1453 5007 1486 5047 a
1528 4990 1915 5048 criminalibus.
1966 4991 2104 5046 Vere

513 5086 579 5142 de
599 5102 791 5142 somno
810 5102 1037 5158 surgere
1060 5084 1325 5139 debemus
1361 5098 1373 5137 :
1416 5097 1541 5135 nam
1561 5080 1925 5144 credidimus,
1950 5078 2007 5133 id
2023 5084 2107 5133 est

514 5175 680 5231 ﬁdem
710 5175 1039 5246 accepimus,
1071 5189 1192 5244 qua:
1212 5170 1345 5225 ﬁdes
1366 5168 1701 5240 propinquos
1736 5183 1837 5223 nos
1852 5167 1978 5222 fecit
1998 5166 2106 5221 sal-

518 5264 748 5331 vationi;
802 5264 899 5319 sed
964 5277 1108 5317 nunc
1151 5275 1252 5330 per
1294 5257 1547 5313 meritum
1584 5272 1773 5311 eorum
1818 5272 1938 5328 quae
1984 5261 2108 5325 post

518 5361 800 5424 acceptam
830 5350 991 5407 ﬁdem
1039 5346 1242 5420 operati
1286 5361 1494 5410 sumus,
1537 5347 1765 5417 propior
1793 5348 1877 5399 est
1908 5348 2108 5400 nostra

517 5444 674 5499 salus
704 5457 867 5513 quam
896 5440 1025 5495 olim
1074 5444 1220 5491 esset
1264 5450 1393 5489 cum
1426 5432 1598 5487 solum
1656 5433 2019 5498 credidimus,
2054 5432 2108 5487 id

516 5539 600 5585 est
629 5546 753 5586 cum
785 5527 962 5602 gratia
983 5525 1103 5581 sola
1131 5530 1277 5578 esset
1306 5522 1359 5576 in
1389 5520 1566 5586 nobis,
1604 5529 1655 5575 et
1685 5522 1860 5576 adhuc
1905 5520 2109 5576 nullum

517 5618 791 5673 meritum.
816 5615 913 5671 Vel
931 5614 1004 5669 ita
1027 5630 1039 5669 :
1065 5614 1224 5669 Nunc
1237 5614 1321 5666 est
1331 5609 1560 5683 propior
1575 5610 1879 5665 secundum
1897 5616 2110 5679 tempus

519 5710 720 5764 nostra
729 5705 907 5772 salus,
926 5702 978 5757 id
994 5708 1076 5757 est
1087 5698 1204 5755 dies
1220 5707 1418 5755 nostras
1435 5696 1772 5767 salvationis,
1787 5713 1951 5771 quam
1964 5704 2112 5752 esset

2805 4744 3032 4801 CAPUT
3060 4745 3207 4803 XIV.

2280 4932 2301 4956 α
2338 4907 2613 4965 lnﬁrmum
2644 4917 2822 4966 autem
2853 4912 2907 4966 in
2939 4911 3045 4967 ﬁde
3076 4913 3352 4982 assumite,
3384 4929 3493 4970 non
3522 4913 3579 4969 in
3607 4913 3797 4972 disce-

2210 5019 2232 5044 «
2266 4997 2595 5068 ptationibus
2648 5000 3053 5073 cogitationum.
3120 5001 3272 5057 Alius
3319 5002 3463 5057 enim
3512 5004 3688 5058 credit
3736 5018 3798 5058 se

2210 5106 2233 5135 α
2268 5086 2596 5143 manducare
2642 5088 2844 5143 omnia.
2897 5088 3002 5157 Qui
3048 5098 3229 5145 autem
3258 5088 3505 5146 inﬁrmus
3535 5099 3637 5158 est,
3672 5092 3798 5148 olus

2210 5196 2232 5222 σι
2259 5175 2566 5231 manducet.
2617 5177 2667 5231 Is
2706 5178 2799 5248 qui
2837 5177 3159 5246 manducat,
3203 5194 3313 5235 non
3370 5180 3796 5237 manducantem

2211 5285 2233 5311 ιι
2268 5279 2378 5318 non
2407 5272 2645 5334 spernat,
2678 5273 2729 5320 et
2760 5266 2850 5337 qui
2898 5282 3008 5322 non
3037 5267 3344 5335 manducat,
3375 5269 3796 5325 manducantem

2212 5373 2235 5402 ι
2269 5367 2379 5407 non
2410 5352 2635 5421 judicet.
2668 5355 2817 5409 Deus
2846 5354 2991 5410 enim
3024 5354 3174 5411 illum
3203 5358 3518 5428 assumpsit.
3558 5358 3634 5413 Tu
3662 5357 3790 5431 quis

2214 5462 2235 5489 α
2270 5456 2348 5510 es,
2382 5443 2476 5512 qui
2486 5443 2714 5513 judicas
2745 5444 2887 5511 (Jac.
2920 5459 2995 5512 ιν,
3032 5446 3119 5515 12)
3139 5445 3371 5501 alienum
3394 5462 3615 5501 servum
3635 5448 3665 5501 τ
3695 5448 3804 5502 Do-

2214 5550 2237 5579 α
2270 5528 2419 5585 mino
2447 5546 2547 5585 suo
2577 5539 2681 5585 stat
2711 5538 2804 5586 aut
2851 5531 3014 5588 cadit.
3047 5532 3221 5588 Stabit
3256 5542 3457 5590 autem.
3490 5535 3689 5590 Potens
3720 5540 3803 5590 est

2213 5639 2235 5663 ιι
2272 5616 2418 5671 enim
2447 5618 2595 5674 Deus
2623 5627 2860 5674 statuere
2887 5619 3059 5675 illum.
3089 5622 3228 5676 Nam
3257 5622 3397 5678 alius
3419 5623 3626 5692 judicat
3655 5624 3802 5679 diem

2214 5727 2235 5752 α
2272 5704 2415 5760 inter
2473 5706 2639 5777 diem,
2688 5706 2831 5763 alius
2877 5715 3054 5764 autem
3111 5709 3323 5779 judicat
3363 5726 3578 5767 omnem
3634 5712 3801 5768 diem.
