3970 6468
534 378 631 433 ill

1074 381 1132 436 S.
1172 380 1529 439 BRUNONIS
1568 380 2216 443 CARTHUSIANORUM
2253 384 2738 444 lNSTlTUTORlS
2777 386 2929 444 OPP.
2977 388 3151 446 PARS
3193 388 3267 445 II.

3720 398 3808 451 112

540 504 685 560 bona
715 510 978 559 sectetur.
1017 505 1324 560 Notandum
1355 516 1438 561 est
1468 508 1615 579 quod
1646 509 1691 562 si
1721 509 1997 566 abstinere
2027 527 2122 565 eos
2144 522 2197 573 Α
2227 512 2519 582 prohibere
2542 512 2804 582 judicium
2833 513 3180 585 praelatorum
3212 514 3266 569 in
3305 514 3572 583 subditos,
3608 517 3677 573 de
3698 519 3811 591 qui-

537 593 738 648 malum
773 601 935 663 esset,
968 594 1135 649 nollet
1165 612 1261 649 eos
1304 596 1597 666 Apostolus
1627 598 1905 653 abundare
1939 599 1993 653 in
2022 600 2126 656 hoc

537 699 703 738 sensu
739 697 752 736 :
784 682 908 737 ideo
938 682 1122 753 utique
1154 692 1301 753 opto,
1335 692 1392 738 ut
1422 685 1475 738 in
1495 685 1596 740 hoc
1619 702 1783 740 sensu
1813 686 2124 755 abundent;

517 774 668 844 quia
688 772 783 844 qui
799 774 951 844 sapit
981 771 1151 837 diem,
1186 772 1239 825 id
1268 780 1350 826 est
1382 772 1473 844 qui
1503 773 1558 827 in
1584 774 1906 829 abstinentia
1927 776 2125 830 obser-

534 867 627 915 vat
658 859 820 927 diem,
854 860 1005 932 sapit
1027 860 1133 915 hoc
1163 860 1415 925 Domino,
1441 861 1494 915 id
1525 869 1605 916 est
1628 862 1698 916 ad
1725 863 1985 918 honorem
2017 864 2127 919 Do-

534 948 664 1003 mini
701 964 714 1004 :
747 952 804 1004 et
852 949 948 1021 qui
990 948 1321 1014 manducat,
1363 950 1675 1005 manducat
1714 950 1963 1006 similiter
2013 953 2123 1008 Do-

533 1044 713 1100 mino.
745 1044 886 1100 Nam
906 1043 1264 1099 manducans
1286 1045 1404 1115 agit
1421 1046 1639 1115 gratias
1661 1046 1768 1101 Deo
1792 1065 1809 1100 :
1826 1054 1877 1101 et
1900 1062 2001 1116 pro
2028 1061 2123 1100 sa-

531 1148 604 1187 no
647 1131 923 1188 intellectu
956 1132 1141 1187 habito
1186 1132 1254 1187 de
1302 1133 1569 1188 creaturis
1614 1133 1735 1201 Dei,
1765 1143 1815 1189 et
1865 1136 1992 1206 quia
2024 1152 2122 1189 su-

534 1228 802 1276 stentatur
833 1220 918 1274 his
976 1219 1273 1275 beneﬁciis.
1305 1221 1373 1275 Et
1404 1221 1494 1276 ille
1521 1223 1616 1294 qui
1642 1239 1756 1278 non
1785 1223 2118 1290 manducat,

532 1327 649 1366 non
666 1309 975 1365 manducat
1018 1311 1270 1372 Domino,
1319 1309 1371 1363 id
1405 1318 1486 1364 est
1510 1310 1715 1378 jejunat
1753 1310 1821 1365 ad
1852 1312 2119 1367 honorem

534 1398 655 1464 Dei,
680 1401 737 1453 et
764 1400 980 1468 gratias
1010 1397 1201 1452 iterum
1231 1399 1351 1468 agit
1394 1400 1629 1455 Domino
1664 1414 1761 1469 pro
1794 1399 2120 1455 abstinentia

531 1487 635 1542 sibi
664 1487 853 1542 collata
888 1504 901 1541 :
937 1494 990 1542 et
1019 1503 1118 1558 per
1145 1487 1248 1543 hoc
1294 1486 1426 1542 satis
1483 1488 1787 1543 ostenditur
1833 1496 2118 1561 utrumque

527 1591 660 1631 sane
690 1575 1013 1647 intelligere,
1035 1583 1393 1648 neutrumque
1423 1592 1522 1647 pro
1571 1577 1671 1630 hoc
1701 1576 1903 1631 debere
1960 1578 2117 1631 dam-

527 1664 666 1721 nari.
702 1664 802 1720 Vel
845 1664 977 1718 illud
1030 1665 1282 1735 superius
1313 1664 1472 1719 aliter
1501 1664 1699 1735 legitur
1730 1682 1744 1719 :
1779 1665 1861 1719 Ne
1904 1666 2118 1734 judices

526 1753 761 1808 alienum
810 1769 1068 1819 servum;
1099 1768 1227 1807 nam
1258 1754 1427 1819 alius,
1480 1753 1535 1806 id
1566 1761 1650 1807 est
1682 1754 1865 1818 homo,
1898 1755 2117 1821 iudicat

2228 601 2329 655 bus
2353 601 2597 669 judicare
2614 602 2832 669 debent,
2859 603 2954 656 sed
2987 602 3133 657 solos
3154 604 3399 659 subditos
3416 607 3713 677 compescit
3749 625 3808 663 ne

2226 705 2286 743 se
2315 690 2623 744 alterutrum
2652 699 2983 761 praesumant
3020 692 3291 760 judicare.
3354 694 3646 766 Postquam
3689 697 3809 751 satis

2224 778 2461 833 ostendit
2510 794 2619 833 non
2666 779 2869 833 debere
2919 795 2977 834 se
3008 780 3239 835 invicem
3272 781 3516 849 judicare
3565 783 3633 839 de
3680 799 3807 840 con-

2225 866 2483 931 scientiis,
2521 867 2768 937 prohibet
2798 883 2893 922 eos
2929 884 2959 922 a
2992 868 3267 923 scandalis
3296 869 3546 936 fratrum,
3580 872 3764 928 dicens
3794 889 3805 927 :

2223 955 2300 1010 Ne
2322 955 2586 1023 iudicetis
2608 956 2868 1021 invicem,
2897 957 2991 1011 sed
3013 958 3113 1012 hoc
3136 959 3312 1029 magis
3325 960 3606 1030 judicate,
3628 977 3699 1017 ne
3724 978 3807 1034 po-

2222 1044 2380 1098 natis
2410 1044 2813 1114 offendiculum
2834 1046 3029 1115 fratri,
3066 1047 3150 1101 vel
3170 1046 3532 1104 scandalum.
3567 1049 3803 1120 Offendi-

2220 1133 2416 1187 culum
2447 1141 2623 1197 vocat,
2658 1141 2715 1187 ut
2747 1134 2791 1187 si
2838 1133 3036 1189 faceret
3084 1133 3308 1189 fratrem
3350 1152 3573 1206 peccare
3623 1154 3805 1195 come-

2221 1219 2440 1274 dentem
2471 1220 2525 1274 in
2557 1220 2954 1286 incredulitate,
2986 1222 3072 1277 vel
3096 1222 3140 1277 si
3162 1239 3228 1278 eo
3268 1224 3450 1280 animo
3479 1227 3802 1293 comederet,

2221 1316 2275 1361 ut
2306 1307 2475 1363 frater
2504 1310 2605 1365 hoc
2635 1310 2956 1365 abominans
2987 1311 3253 1366 rixaretur
3281 1320 3334 1367 et
3382 1324 3669 1384 sperneret
3714 1331 3805 1372 co-

2218 1396 2548 1452 medentem.
2587 1399 2931 1454 Scana'alum
2962 1408 3120 1455 vocat
3139 1400 3602 1459 contristationem
3625 1403 3801 1459 fratris

2220 1485 2457 1540 habitam
2490 1503 2554 1541 ex
2588 1503 2653 1541 eo
2684 1488 2827 1558 quod
2860 1488 3004 1543 videt
3027 1505 3151 1543 eum
3198 1491 3489 1546 comedere
3531 1493 3678 1563 quod
3701 1493 3801 1547 im-

2217 1574 2478 1627 mundum
2500 1584 2670 1645 putat.
2688 1575 2962 1643 Objiceret
2977 1578 3141 1631 Paulo
3162 1577 3251 1632 ille
3268 1579 3359 1649 qui
3381 1580 3632 1635 omnibus
3656 1590 3805 1637 uten-

2216 1662 2343 1716 dum
2374 1679 2497 1717 esse
2520 1664 2769 1734 intelligit
2795 1678 2807 1718 :
2832 1664 2911 1718 Tu
2933 1664 3162 1720 fortasse
3203 1681 3327 1721 cum
3348 1668 3536 1723 Iudaeo
3556 1667 3802 1725 inﬁrma-

2216 1752 2311 1817 ris,
2338 1751 2429 1823 qui
2471 1752 2609 1807 dicis
2648 1769 2735 1807 me
2772 1752 3051 1809 offendere
3074 1770 3197 1810 cum
3238 1763 3359 1810 utor
3380 1758 3643 1813 creaturis
3684 1758 3798 1813 Dei.

524 1841 674 1897 diem
695 1843 851 1897 inter
870 1842 1038 1906 diem,
1063 1841 1115 1895 id
1146 1850 1227 1896 est
1248 1840 1316 1895 de
1344 1841 1599 1912 praesenti
1623 1841 1817 1896 solum.
1845 1844 2024 1909 Alius,
2058 1842 2111 1897 id
2142 1871 2193 1931 B
2217 1840 2369 1893 Absit
2392 1842 2513 1908 hoc,
2538 1841 2609 1894 ait
2631 1842 2845 1907 Paulus,
2883 1850 2939 1896 ut
2960 1859 3065 1914 ego
3096 1858 3349 1899 accusem
3393 1853 3461 1911 te,
3504 1846 3635 1917 quin
3674 1863 3801 1902 sane

525 1939 608 1985 est
639 1931 803 1998 Deus,
823 1929 1029 1999 judicat
1059 1945 1278 1985 omnem
1304 1930 1469 1993 diem,
1503 1930 1580 1984 sic
1628 1931 1697 1985 de
1745 1929 1925 1985 futuro
1957 1939 2013 1985 ut
2043 1932 2109 1986 de

521 2018 803 2091 praesenti.
841 2018 910 2073 Et
940 2033 1063 2074 cum
1083 2019 1247 2073 homo
1277 2034 1408 2072 sane
1458 2017 1664 2087 judicet
1720 2019 1788 2073 de
1834 2019 2106 2089 prmsenti,

521 2107 650 2163 volo
679 2115 734 2161 ut
766 2107 1138 2179 unusquisque
1158 2106 1437 2161 hominum
1464 2107 1712 2161 abundet
1738 2109 1799 2161 in
1820 2124 1918 2163 suo
1939 2124 2111 2163 sensu

521 2195 667 2251 bono
700 2210 712 2250 :
746 2204 940 2251 caetera
970 2210 1077 2251 non
1106 2203 1398 2249 mutantur.
1422 2195 1661 2266 Uterque
1691 2196 2026 2249 manducans
2056 2203 2107 2250 et

520 2284 798 2340 abstinens
829 2283 1033 2354 gratias
1062 2283 1173 2356 agit
1206 2285 1342 2352 Deo,
1374 2290 1427 2337 et
1444 2283 1607 2351 juste.
1633 2284 1769 2339 Nam
1794 2300 1957 2339 nemo
1978 2300 2106 2339 nos-

520 2380 673 2430 trum
714 2375 853 2430 vivit
872 2373 996 2438 sibi,
1020 2371 1075 2426 id
1104 2380 1185 2426 est
1214 2387 1374 2427 nemo
1404 2372 1566 2426 debet
1604 2387 1847 2442 quaerere
1877 2372 2106 2443 gloriam

517 2478 693 2528 suam,
728 2462 856 2517 dum
886 2461 1035 2528 vivit,
1068 2465 1124 2517 et
1148 2477 1311 2517 nemo
1327 2461 1597 2529 justorum
1624 2462 1872 2515 moritur
1909 2460 2097 2515 simili-

513 2559 598 2606 ter
625 2552 749 2607 sibi.
784 2550 926 2605 Vere
956 2565 1057 2606 nec
1088 2548 1320 2604 vivimus
1348 2564 1449 2604 nec
1478 2549 1743 2603 morimur
1771 2548 1947 2616 nobis,
1981 2565 2102 2603 nam

514 2639 747 2695 Domino
782 2654 795 2693 :
827 2640 942 2694 sive
975 2639 1130 2695 enim
1160 2638 1417 2704 vivimus,
1442 2638 1696 2704 Domino,
1721 2637 1774 2691 id
1805 2645 1885 2691 est
1907 2638 1979 2692 ad
1999 2639 2103 2692 ho-

513 2745 704 2785 norem
752 2728 967 2783 Domini
1020 2726 1291 2792 vivimus;
1347 2727 1461 2781 sive
1508 2727 1805 2789 morimur,
1867 2727 2102 2784 Domino

506 2821 804 2875 morimur.
837 2818 904 2872 Et
927 2817 1051 2889 quia
1066 2815 1297 2871 vivimus
1318 2823 1371 2869 et
1400 2814 1656 2869 morimur
1681 2815 1929 2881 Domino,
1966 2830 2102 2887 ergo

508 2924 704 2963 sumus
749 2905 903 2962 '76
928 2906 1173 2970 Domini,
1207 2906 1323 2959 sive
1354 2904 1616 2971 vivimus,
1645 2904 1760 2958 sive
1802 2904 2095 2959 morimur.

507 2995 692 3065 Quare
723 3003 799 3062 tu,
834 2993 1157 3065 quicunque,
1213 3008 1282 3047 ne
1332 2991 1543 3060 judices
1588 2991 1823 3046 alienum
1855 3008 2095 3047 servum.

503 3086 644 3139 Vere
669 3082 885 3138 Domini
914 3098 1097 3137 sumus
1121 3098 1135 3135 :
1158 3098 1297 3136 nam
1317 3080 1379 3134 in
1402 3079 1500 3135 hoc
1516 3084 1774 3135 mortuus
1804 3084 1887 3135 est
1913 3082 2098 3136 Chris-

509 3176 601 3229 tus
642 3176 698 3228 et
732 3171 1071 3236 resurrexit,
1104 3178 1161 3224 ut
1190 3185 1290 3240 per
1318 3168 1569 3223 meritum
1589 3168 1775 3223 mortis
1807 3177 1860 3223 et
1897 3178 2096 3240 poten-

503 3261 630 3316 tiam
653 3258 1071 3316 resurrectionis
1087 3257 1392 3313 dominetur
1411 3264 1743 3311 mortuorum
1762 3265 1813 3312 et
1830 3258 2099 3313 vivorum.

502 3350 570 3405 Et
591 3365 714 3405 cum
738 3350 885 3403 Deus
906 3347 1145 3403 omnium
1170 3345 1496 3412 dominetur,
1523 3350 1586 3401 tu
1607 3354 1800 3401 autem
1820 3345 2101 3401 abstinens

502 3438 656 3512 quid,
680 3438 735 3492 id
759 3445 1022 3509 estquare
1037 3436 1265 3508 judicas
1294 3437 1538 3506 fratrem
1570 3438 1736 3489 tuum
1754 3434 2099 3489 manducan-

500 3535 631 3593 tem,
655 3530 757 3583 aut
787 3530 851 3582 tu
878 3524 1212 3580 manducans
1232 3539 1404 3596 quare
1423 3524 1642 3597 spernis
1670 3525 1913 3594 fratrem
1936 3527 2098 3577 tuum

495 3616 831 3687 jejunantem
847 3615 874 3669 ?

567 3704 749 3760 Nolite
781 3720 879 3760 vos
901 3703 1218 3759 alterutrum
1232 3701 1479 3771 judicare
1500 3716 1513 3755 :
1538 3716 1675 3756 nam
1693 3716 1886 3756 omnes
1915 3701 2096 3757 stabi-

501 3811 628 3849 mus
659 3797 796 3849 ante
830 3792 1083 3848 tribunal
1123 3791 1244 3856 Dei,
1261 3788 1540 3858 judicandi
1568 3805 1599 3843 a
1629 3789 1769 3843 Deo.
1810 3788 2095 3845 Stabimus

495 3882 627 3938 dicit
658 3898 690 3937 a
721 3880 1071 3936 similitudine
1110 3877 1538 3950 exspectantium
1578 3876 1901 3931 sententiam
1939 3878 2092 3947 judi-

494 3970 584 4027 cii.
617 3969 874 4025 Tribunal
913 3969 1041 4025 dicit
1073 3968 1230 4041 quasi
1274 3968 1421 4022 Deus
1462 3981 1713 4021 sessurus
1744 3965 1831 4032 sit,
1865 3965 1936 4020 ad
1967 3981 2091 4021 mo-

494 4060 620 4116 dum
654 4058 939 4127 cujuslibet
974 4057 1211 4129 potentis
1249 4071 1351 4127 pro
1389 4053 1667 4109 tribunali.
1709 4054 1852 4109 Vere
1899 4069 2091 4110 omnes

500 4149 760 4204 stabimus
787 4164 800 4203 :
823 4165 961 4203 nam
988 4146 1058 4201 ita
1079 4147 1356 4218 scriptum
1377 4146 1463 4199 est
1488 4160 1501 4196 :
1527 4143 1644 4197 haec
1672 4141 1798 4196 dicit
1823 4143 2089 4198 Dominus

497 4254 595 4309 per
623 4238 815 4292 Isaiam
854 4253 867 4291 :
900 4236 1010 4305 Ego
1059 4237 1178 4290 vivo
1218 4233 1347 4304 (lsa.
1382 4246 1513 4297 xnv,
1565 4231 1677 4301 23).
1711 4230 1852 4286 Ecce
1898 4246 2088 4287 sacra-

494 4334 775 4393 mentum,
823 4333 880 4379 ut
938 4323 1084 4395 quod
1140 4320 1380 4393 sequitur
1452 4318 1756 4375 certissime
1811 4320 2083 4376 credatur.

500 4415 635 4469 Cum
682 4423 865 4470 tamen
924 4411 1096 4466 Isaias
1146 4408 1360 4464 dicebat
1446 4409 1587 4473 Vivo,
1653 4407 1987 4481 intelligebat
2019 4408 2086 4465 de

495 4503 732 4568 Christo,
768 4501 860 4574 qui
890 4506 1131 4571 gustaret
1159 4496 1454 4568 aliquando
1501 4503 1750 4563 mortem,
1800 4513 1962 4568 quem
1990 4512 2083 4552 re-

2213 1929 2427 1983 credas.
2451 1930 2574 1984 Scio
2596 1930 2737 1983 enim
2762 1938 2814 1985 et
2833 1931 2934 1985 hoc
2982 1932 3199 2000 confido
3237 1934 3298 1987 in
3323 1935 3555 1989 Domino
3576 1936 3727 2001 Jesu,
3752 1935 3802 1989 id

2210 2024 2293 2070 est
2322 2034 2419 2087 per
2444 2017 2628 2071 Jesum
2652 2017 2743 2071 tibi
2799 2026 2987 2084 testor,
3022 2020 3163 2092 quod
3192 2022 3340 2076 nihil
3360 2026 3446 2077 est
3484 2038 3799 2091 commune,

2209 2104 2265 2158 id
2311 2113 2390 2159 est
2446 2106 2783 2159 immundum
2818 2123 2831 2162 :
2864 2115 2916 2161 et
2990 2108 3093 2163 hoc
3174 2126 3277 2180 per
3356 2112 3562 2181 ipsum,
3620 2110 3679 2167 id
3725 2120 3803 2167 est

2207 2209 2308 2263 per
2346 2193 2621 2248 Christum
2642 2195 2855 2265 quinos
2878 2196 3037 2249 solvit
3080 2212 3113 2250 a
3144 2196 3285 2267 lege,
3333 2199 3434 2252 sub
3482 2215 3591 2271 qua
3638 2201 3801 2256 multa

2200 2281 2578 2349 judicabantur
2613 2284 2927 2349 immunda;
2961 2285 3059 2338 sed
3098 2285 3221 2356 quia
3241 2296 3499 2341 evacuata
3538 2288 3643 2344 hac
3681 2289 3801 2360 lege

2205 2368 2423 2425 libertas
2455 2372 2667 2427 reddita
2734 2372 2967 2440 est,jam
3022 2388 3310 2429 commune
3365 2376 3655 2431 dicendum
3698 2387 3796 2433 est.

2208 2458 2330 2514 Scio
2361 2460 2545 2530 utique
2575 2460 2706 2514 nihil
2736 2476 2859 2515 esse
2909 2476 3197 2517 commune
3243 2462 3346 2517 nisi
3392 2464 3442 2518 ei
3489 2465 3578 2536 qui
3608 2466 3800 2521 existi-

2204 2555 2317 2601 mat
2341 2547 2542 2620 aliquid
2586 2564 2873 2604 commune
2912 2566 3033 2604 esse
3056 2568 3067 2604 :
3090 2550 3166 2604 illi
3195 2566 3296 2621 pro
3325 2560 3478 2608 certo
3507 2569 3797 2610 commune

2204 2644 2304 2701 est,
2340 2652 2450 2691 non
2503 2646 2726 2707 pr0pter
2786 2637 2962 2707 ipsam
3036 2648 3361 2706 creaturam,
3422 2642 3520 2696 sed
3576 2652 3799 2714 propter

2203 2722 2331 2779 fidei
2359 2741 2470 2779 suae
2499 2724 2888 2781 inﬁrmitatem.
2928 2728 3010 2781 Ne
3053 2743 3222 2797 ponas
3275 2729 3589 2783 scandalum
3619 2729 3793 2786 fratri.

2202 2813 2343 2868 Nam
2356 2815 2405 2868 si
2424 2816 2612 2884 frater
2634 2818 2764 2869 tuus
2781 2817 3163 2870 contristatur
3175 2821 3408 2888 propter
3422 2818 3609 2873 cibum
3630 2837 3796 2892 quem

2199 2902 2394 2963 sumis;
2400 2903 2526 2971 jam
2547 2919 2661 2958 non
2678 2903 2933 2958 ambulas
2950 2903 3258 2959 secundum
3278 2905 3644 2977 charitatem,
3667 2908 3796 2980 quia

2199 3005 2308 3044 non
2344 2990 2493 3061 geris
2521 3005 2705 3046 curam
2733 2991 2982 3061 proximi.
3025 2992 3092 3047 Ut
3130 2993 3200 3046 ab
3238 2991 3565 3050 oﬂ'endiculo
3613 2995 3795 3052 fratris

2200 3092 2417 3143 caveas,
2442 3080 2560 3135 noli
2580 3080 2695 3134 cibo
2728 3083 2821 3134 tuo
2852 3079 2969 3150 (qui
2998 3080 3105 3135 vile
3134 3080 3265 3151 quid
3296 3086 3398 3151 est)
3444 3084 3682 3154 perdere
3719 3087 3795 3141 il-

2201 3166 2320 3220 lum
2343 3185 2361 3220 :
2398 3174 2457 3221 ut
2478 3166 2562 3221 vel
2594 3165 2764 3222 facias
2793 3183 2914 3221 eum
2946 3169 3239 3223 comedere
3270 3177 3449 3225 tecum
3500 3170 3553 3225 in
3592 3170 3795 3228 infide-

2200 3253 2365 3320 litate,
2399 3254 2487 3309 vel
2518 3254 2712 3309 rixeris
2741 3270 2866 3311 cum
2912 3255 3028 3310 illo.
3077 3257 3220 3325 Noli,
3272 3257 3508 3329 inquam,
3547 3275 3646 3330 pro
3678 3269 3791 3316 tam

2199 3342 2291 3396 vili
2322 3358 2378 3397 re
2407 3343 2689 3415 negligere
2728 3361 2872 3409 eum,
2922 3361 3025 3417 pro
3073 3362 3177 3417 quo
3219 3346 3479 3402 Christus
3524 3354 3791 3405 mortuus

2198 3434 2301 3496 est,
2352 3430 2406 3485 id
2438 3440 2519 3485 est
2566 3447 2728 3503 quem
2786 3431 3032 3486 Christus
3081 3433 3218 3488 adeo
3265 3433 3471 3501 dilexit,
3507 3443 3564 3490 ut
3594 3452 3701 3506 pro
3728 3454 3794 3493 eo

2198 3518 2335 3573 mori
2356 3519 2609 3574 voluerit.
2660 3518 3116 3591 Quandoquidem
3174 3521 3330 3576 cibus
3360 3522 3465 3577 vile
3521 3523 3652 3595 quid
3685 3533 3790 3594 est,

2194 3607 2426 3679 perdere
2454 3616 2631 3663 autem
2675 3608 2979 3678 proximum
3026 3625 3194 3681 grave
3242 3618 3343 3678 est,
3378 3626 3514 3684 ergo
3562 3628 3633 3668 ne
3666 3613 3792 3671 cibo

2194 3703 2381 3751 nostro
2409 3696 2667 3767 perdatur
2696 3696 2998 3767 proximus.

2265 3785 2481 3842 Bonum
2510 3788 2791 3855 nostrum,
2815 3784 2871 3839 id
2902 3793 2984 3840 est
3004 3801 3171 3840 sanus
3197 3785 3506 3843 intellectus
3533 3803 3703 3860 quem
3722 3790 3793 3847 de

2193 3872 2457 3928 creaturis
2484 3873 2765 3939 habemus,
2800 3873 2901 3929 hoc
2930 3873 3115 3945 utique
3147 3875 3348 3929 bonum
3377 3891 3493 3931 non
3524 3877 3792 3949 blasphe-

2190 3964 2399 4028 metur,
2451 3961 2503 4015 id
2537 3969 2619 4017 est
2672 3977 2782 4016 non
2841 3960 2933 4016 fiat
2988 3962 3435 4033 blasphemabile,
3466 3972 3527 4019 ut
3555 3980 3655 4035 per
3686 3966 3792 4023 hoc

2191 4049 2394 4105 bonum
2414 4049 2632 4106 fratrem
2664 4050 2961 4121 simplicem
2986 4048 3344 4106 offendamus.
3369 4052 3710 4109 Determinat
3730 4055 3787 4110 in

2190 4138 2388 4209 quibus
2417 4154 2527 4194 non
2558 4139 2627 4192 sit
2656 4138 3016 4193 oﬂ‘endendus
3044 4140 3330 4209 proximus
3357 4155 3369 4194 :
3394 4141 3449 4195 in
3469 4141 3554 4195 his
3576 4142 3791 4200 scilicet

2189 4243 2311 4297 quae
2342 4226 2698 4283 salvationem
2720 4227 3039 4297 impediunt,
3073 4236 3125 4283 et
3153 4228 3209 4282 in
3240 4228 3438 4299 quibus
3459 4245 3567 4285 non
3599 4230 3672 4285 sit
3701 4248 3793 4287 se-

2188 4314 2475 4385 quendus;
2508 4314 2563 4370 in
2591 4315 2676 4369 his
2707 4314 2915 4370 scilicet
2943 4332 3065 4387 quae
3092 4315 3324 4370 salutem
3380 4317 3577 4372 animae
3633 4318 3792 4375 aufe-
3851 4382 3855 4387 ,

2186 4411 2311 4457 runt
2338 4403 2527 4458 dicens
2562 4421 2575 4457 :
2609 4404 2744 4459 Cibo
2772 4419 2883 4459 non
2909 4403 3079 4459 debes
3136 4404 3447 4475 proximum
3507 4405 3784 4477 perdere;

2185 4507 2305 4545 nam
2330 4508 2452 4548 esca
2474 4492 2539 4548 ’7
2556 4492 2623 4548 '7'
2641 4496 2697 4548 et
2718 4497 2881 4565 potus
2902 4509 3016 4548 non
3033 4496 3119 4549 est
3135 4509 3373 4565 regnum
3394 4494 3514 4563 Dei,
3527 4494 3582 4549 id
3603 4504 3687 4550 est
3708 4497 3788 4552 uti

492 4600 808 4665 surgentem
863 4590 1025 4644 Pater
1083 4586 1435 4642 constitueret
1509 4585 1751 4640 omnium
1793 4585 2036 4654 judicem
2068 4602 2082 4641 :
2106 4589 2158 4648 Ι)
2187 4581 2287 4635 hac
2319 4596 2443 4636 esca
2473 4589 2524 4635 et
2553 4581 2658 4637 hoc
2689 4588 2840 4652 potu,
2863 4597 2974 4636 non
2993 4580 3087 4636 dat
3117 4598 3346 4653 regnum
3367 4581 3466 4638 Dei
3500 4599 3515 4638 :
3546 4598 3650 4639 nec
3681 4585 3789 4639 tol-

490 4680 635 4754 quod
684 4676 933 4733 infideles
988 4676 1183 4730 falsum
1238 4681 1598 4745 putaverunt,
1661 4689 1785 4728 cum
1836 4672 2085 4728 viderent

491 4786 615 4826 eum
637 4775 931 4823 mortuum.
957 4766 1023 4819 Et
1061 4764 1113 4817 in
1147 4779 1280 4819 voce
1310 4763 1507 4818 Christi
1538 4763 1618 4817 sic
1645 4762 1718 4816 ait
1751 4776 1762 4815 :
1795 4762 1915 4834 Ego
1954 4777 2084 4818 vere

491 4858 615 4913 vivo
649 4874 663 4910 :
696 4854 842 4927 quod
861 4852 1038 4923 palam
1060 4852 1161 4907 erit
1182 4868 1246 4906 ex
1268 4867 1353 4919 eo,
1375 4851 1629 4923 quoniam
1659 4850 1803 4904 mihi
1821 4850 2085 4919 ﬂectetur

492 4960 656 5002 omne
683 4959 850 5015 genu,
884 4941 940 4996 id
997 4949 1080 4996 est
1134 4942 1311 4997 omnis
1354 4947 1598 4996 creatura
1639 4938 1770 4993 mihi
1798 4937 1853 4991 in
1878 4937 2084 5007 judicio

490 5032 836 5101 subjicietur;
894 5037 946 5086 et
993 5038 1119 5086 tunc
1172 5030 1354 5085 omnis
1413 5030 1626 5099 lingua,
1661 5026 1716 5080 id
1771 5033 1855 5080 est
1906 5025 2084 5081 omnis

492 5118 825 5177 conscientia
855 5120 1215 5189 confitebitur
1242 5119 1494 5174 Domino.
1545 5116 1610 5169 Et
1643 5113 2082 5185 quandoquidem

491 5210 562 5264 ita
594 5207 873 5278 Scriptura
899 5208 970 5263 ait
1007 5223 1218 5273 omnes,
1251 5206 1485 5269 scilicet,
1518 5220 1548 5257 a
1577 5203 1693 5256 Deo
1731 5200 2077 5270 judicandos,

492 5298 672 5370 itaque
703 5304 910 5353 constat
957 5297 1101 5369 quod
1158 5294 1540 5365 unusquisque
1589 5294 1848 5345 nostrum
1880 5289 2080 5345 reddat

489 5389 774 5442 rationem
828 5387 939 5442 Deo
984 5401 1084 5459 pro
1144 5400 1219 5447 se,
1264 5389 1317 5437 et
1392 5396 1500 5434 non
1554 5393 1657 5449 pro
1711 5376 1980 5448 proximo.
2014 5378 2081 5433 Et

491 5475 929 5547 quandoquidem
959 5490 1060 5545 pro
1090 5471 1247 5526 nobis
1278 5467 1544 5522 reddituri
1582 5483 1771 5520 sumus
1788 5465 2074 5533 rationem,

487 5581 612 5637 ergo
632 5581 749 5619 non
770 5564 1019 5635 amplius
1031 5559 1352 5632 judicemus
1374 5572 1474 5608 nos
1494 5555 1756 5623 invicem,
1781 5554 1835 5608 id
1857 5562 1938 5609 est
1958 5555 2079 5610 sub-

486 5653 628 5710 ditus
657 5651 954 5710 subditum.
993 5649 1098 5702 Per
1134 5647 1257 5712 hoc,
1307 5644 1571 5711 invicem,
1628 5642 1798 5698 innuit
1853 5658 1913 5699 se
1967 5660 2078 5702 non

2185 4668 2266 4737 lit,
2291 4669 2336 4723 si
2357 4668 2634 4725 abstineas
2661 4669 2729 4724 ab
2763 4670 2868 4725 his.
2912 4671 3039 4726 Haec
3085 4686 3195 4725 non
3240 4670 3370 4725 dant
3399 4687 3627 4742 regnum
3657 4673 3783 4729 Dei.

2185 4758 2290 4813 Sed
2300 4759 2554 4830 justitia,
2570 4758 2625 4813 id
2645 4766 2727 4813 est
2745 4759 2971 4830 mquitas
3002 4766 3212 4815 servata
3231 4759 3299 4814 ad
3319 4760 3624 4831 proximum
3646 4770 3707 4815 ut
3728 4761 3786 4817 in

2183 4845 2330 4901 nullo
2350 4862 2473 4901 eum
2494 4844 2871 4913 offendamus;
2904 4855 2955 4902 et
2998 4864 3138 4920 pax,
3180 4847 3236 4903 id
3269 4855 3354 4903 est
3390 4848 3679 4905 concordia
3716 4866 3785 4906 ex

2184 4942 2401 4989 servata
2420 4935 2670 5006 aequitate
2696 4935 2940 4990 veniens.
2964 4936 3029 4989 Et
3048 4936 3337 5008 gaudium,
3358 4936 3502 5007 quod
3548 4936 3689 4992 alter
3727 4938 3788 4993 in

2182 5021 2471 5078 dilectione
2510 5024 2861 5096 congaudere
2890 5023 3043 5078 alteri
3067 5042 3082 5091 ;
3105 5025 3250 5096 quod
3277 5024 3537 5096 gaudium
3564 5025 3618 5078 in
3640 5040 3785 5096 pace

2181 5110 2441 5165 nutritum
2463 5120 2545 5166 est
2564 5114 2626 5167 in
2641 5113 2860 5184 Spiritu
2879 5116 3096 5180 sancto,
3120 5112 3175 5167 id
3192 5120 3293 5180 est,
3314 5113 3614 5170 secundum
3630 5115 3785 5185 quod

2182 5199 2349 5255 dictat
2366 5200 2598 5271 Spiritus
2619 5208 2864 5256 sanctus.
2915 5202 3062 5267 Haec,
3111 5201 3353 5274 inquam,
3391 5210 3516 5257 sunt
3544 5217 3784 5274 regnum

2181 5287 2282 5342 Dei
2316 5306 2329 5342 :
2362 5304 2489 5343 nam
2518 5288 2573 5343 in
2602 5289 2688 5344 his
2718 5289 2953 5346 servitur
2972 5290 3207 5345 Christo.
3235 5290 3341 5357 Qui
3368 5297 3548 5345 autem
3567 5292 3632 5345 in
3663 5292 3778 5358 his,

2180 5375 2234 5430 id
2256 5384 2338 5432 est
2357 5393 2511 5447 pace,
2525 5377 2750 5447 justitia,
2775 5385 2828 5432 et
2848 5378 3070 5450 gaudio,
3094 5379 3269 5433 servit
3286 5378 3622 5445 Christo,hic
3643 5381 3782 5451 pla-

2179 5469 2268 5520 cet
2297 5467 2427 5532 Deo,
2451 5471 2507 5521 et
2524 5467 2793 5538 probatus
2809 5470 2895 5523 est
2920 5467 3257 5533 hominibus,
3281 5467 3336 5521 id
3356 5475 3438 5522 est
3459 5468 3577 5523 haec
3594 5468 3779 5523 servi-

2180 5561 2266 5608 tus
2282 5554 2583 5624 probabilis
2604 5554 2878 5623 judicatur
2897 5555 2963 5608 ab
2980 5555 3232 5610 omnibus
3257 5574 3272 5623 ;
3305 5572 3405 5611 nec
3422 5563 3504 5612 est
3524 5555 3665 5611 sicut
3686 5564 3781 5613 tua

2178 5642 2469 5711 comestio,
2517 5642 2573 5697 in
2621 5657 2729 5713 qua
2765 5641 3056 5700 offenditur
3092 5643 3390 5715 proximus.
3450 5645 3581 5701 Ideo
3618 5645 3780 5718 prius
