3970 6432
139 388 226 441 H3

734 410 739 415 -
775 380 1156 440 EXPOSITIO
1195 381 1271 438 IN
1306 380 1690 440 EPISTOLAS
1731 381 1962 440 PAULI.
1999 412 2069 425 —-
2096 382 2172 440 IN
2207 382 2430 439 EPIST.
2477 382 2572 439 AD
2610 382 2782 442 ROM.

3336 385 3438 442 ιιι

136 512 216 579 ait,
246 511 416 568 servit
445 510 688 582 Christo,
722 509 919 566 dehinc
941 508 1117 581 placet
1134 508 1285 575 Deo;
1321 508 1451 582 quia
1479 507 1728 564 Christus
1746 510 1803 570 A
1835 531 1857 556 ει
1896 508 2204 580 perantium
2234 508 2332 564 tibi
2360 508 2678 565 ceciderunt
2708 526 2875 581 super
2903 525 2992 566 me
3023 509 3201 582 (Psal.
3234 523 3431 578 vam,

135 601 301 673 legem
331 602 487 673 pacis
517 609 573 656 et
595 599 816 671 justitiae
846 598 997 654 dedit
1018 598 1346 665 hominibus,
1372 598 1466 670 qui
1496 597 1601 653 nisi
1629 614 1730 669 per

137 690 391 747 Christum
426 691 646 763 placere
689 705 798 745 non
837 695 1067 760 possunt
1098 688 1234 743 Deo.
1268 686 1729 759 Quandoquidem

136 781 353 837 servitus
383 781 535 852 pacis
565 780 744 851 placet
774 780 889 834 Deo
920 785 972 833 et
1003 776 1073 831 ab
1103 776 1416 833 hominibus
1445 777 1728 848 approba-

135 879 226 937 tur,
246 871 437 943 itaque
448 873 734 926 sectemur
745 884 810 924 ea
822 884 945 939 qua
962 867 1120 938 pacis
1136 869 1290 932 sunt,
1316 881 1427 921 non
1453 864 1728 939 litigemus

134 976 243 1017 cum
272 960 543 1031 proximo,
578 958 676 1014 sed
706 957 871 1013 etiam
902 964 1177 1013 sectemur
1204 971 1267 1010 ea
1296 971 1419 1027 qua:
1449 962 1572 1010 sunt
1599 955 1729 1011 (2di-

132 1050 403 1120 ﬁcationi:
433 1070 452 1105 :
483 1056 536 1106 et
566 1050 670 1105 hoc
715 1048 979 1112 invicem,
1013 1052 1070 1100 ut
1101 1052 1156 1099 tu
1184 1042 1425 1100 aedifices
1472 1044 1624 1098 illum
1668 1046 1727 1100 in

131 1146 213 1193 tuo
241 1139 402 1204 bono,
436 1146 491 1194 et
520 1138 610 1194 ille
662 1143 713 1191 te
744 1134 799 1189 in
827 1149 950 1190 suo.
995 1132 1155 1203 Quod
1184 1132 1271 1189 hic
1303 1132 1377 1188 ait
1404 1131 1724 1189 aedificatio-

133 1225 225 1293 nis,
255 1224 401 1280 idem
430 1233 512 1281 est
544 1224 690 1297 quod
720 1225 795 1279 ait
826 1222 1095 1294 superius,
1130 1220 1406 1276 infirmum
1435 1222 1720 1278 assumite.

135 1316 403 1370 Sectemur
433 1328 500 1369 ea
548 1330 668 1385 quae
718 1320 841 1367 sunt
881 1310 1276 1377 aedificationis,
1328 1326 1438 1366 non
1488 1326 1555 1367 ea
1602 1328 1723 1383 quae

134 1410 246 1459 sunt
273 1402 681 1469 destructionis,
717 1401 862 1474 quod
892 1400 971 1457 sic
992 1400 1063 1455 ait
1096 1418 1110 1455 :
1142 1401 1267 1455 Noli
1286 1404 1516 1472 propter
1535 1416 1723 1457 escam

134 1498 281 1548 tuam
307 1510 419 1558 qua
446 1493 750 1565 proximus
770 1490 1081 1563 offenditur
1100 1490 1390 1545 destruere
1424 1488 1479 1543 in
1500 1504 1566 1545 eo
1586 1506 1722 1562 opus

131 1583 237 1649 Dei,
268 1580 323 1636 id
355 1589 436 1637 est
468 1579 629 1637 fidem
662 1596 822 1652 quam
845 1580 961 1649 jam
989 1585 1246 1651 operatus
1266 1585 1347 1633 est
1378 1577 1434 1632 in
1454 1594 1520 1634 eo
1550 1579 1717 1634 Deus.

130 1671 179 1725 Si
206 1671 349 1725 enim
379 1670 545 1724 nimia
569 1668 908 1725 districtione
935 1683 1106 1741 cogas
1137 1683 1282 1733 eum,
1318 1667 1422 1723 hoc
1454 1667 1721 1722 tantillum

131 1760 246 1815 boni
276 1761 425 1832 quod
455 1759 620 1815 habet
648 1759 885 1814 deseret.
918 1756 1099 1827 Quare
1119 1756 1293 1828 magis
1315 1764 1397 1811 est
1428 1756 1719 1811 nutrienda

1834 620 1863 655 ‹
1898 598 2008 670 10).
2047 620 2068 649 ι
2105 598 2455 670 Quaecunque
2502 598 2649 654 enim
2694 599 2896 671 scripta
2939 608 3083 669 sunt,
3136 599 3206 655 ad
3274 599 3431 657 ’τε

1834 715 1858 745 ς
1894 698 2134 748 nostram
2164 686 2470 744 doctrinam
2500 687 2698 759 scripta
2729 697 2874 759 sunt,
2907 697 2964 745 ut
2990 705 3089 760 per
3114 688 3432 761 patientiam

1833 807 1856 831 α
1892 790 1946 838 et
1974 776 2407 837 consolationem
2438 776 2871 848 Scripturarum,
2915 794 3069 850 spem
3100 779 3423 835 habeamus.

1834 895 1855 919 η
1893 873 2041 926 Deus
2064 875 2245 923 autem
2275 865 2550 937 patientia:
2579 875 2633 921 et
2661 866 2838 922 solatii
2869 867 2959 923 det
3002 867 3158 923 vobis
3195 867 3434 939 idipsum

1834 982 1856 1011 α
1894 974 2088 1031 sapere
2115 956 2170 1011 in
2198 955 2514 1011 alterutrum
2564 955 2867 1011 secundum
2920 956 3105 1011 Jesum
3134 956 3432 1026 Christum,

1832 1069 1856 1101 ι
1891 1057 1949 1103 ut
1978 1046 2264 1103 unanimes
2311 1060 2422 1100 uno
2451 1060 2548 1100 ore
2596 1043 2969 1101 honorificetis
3015 1045 3211 1113 Deum,
3243 1053 3296 1103 et
3325 1047 3433 1102 Pa-

1832 1161 1854 1188 ι
1889 1146 2029 1193 trem
2059 1134 2278 1191 Domini
2308 1133 2478 1188 nostri
2505 1134 2635 1189 Jesu
2656 1133 2874 1188 Christi.
2900 1133 3126 1205 Propter
3146 1135 3291 1207 quod
3312 1152 3435 1190 sus-

1832 1250 1853 1276 κ
1891 1226 2053 1299 cipite
2085 1224 2340 1293 invicem,
2387 1222 2528 1278 sicut
2570 1230 2622 1278 et
2666 1222 2913 1278 Christus
2959 1222 3202 1295 suscepit
3247 1240 3346 1280 vos
3375 1225 3432 1280 in

1829 1342 1851 1365 ε
1886 1317 2154 1372 honorem
2185 1312 2303 1369 Dei.
2356 1311 2491 1368 Dico
2538 1311 2684 1367 enim
2733 1311 3011 1367 Christum
3046 1314 3235 1369 Jesum
3264 1313 3433 1368 mini-

1828 1428 1850 1452 «
1888 1412 2056 1460 strum
2119 1402 2288 1458 fuisse
2337 1400 2807 1469 circumcisionis,
2871 1408 3099 1473 propter
3142 1402 3428 1459 veritatem

1829 1516 1851 1545 ι
1887 1494 2007 1560 Dei,
2032 1493 2100 1548 ad
2121 1490 2524 1549 confirmandas
2545 1490 2939 1561 promissiones
2959 1498 3172 1562 patrum
3198 1509 3212 1546 :
3236 1499 3430 1564 gentes

1827 1604 1850 1634 ι
1885 1590 2066 1638 autem
2125 1597 2292 1653 super
2336 1579 2713 1636 misericordia
2760 1580 3035 1636 honorare
3066 1581 3259 1650 Deum,
3294 1581 3430 1637 sicut

1828 1694 1850 1723 α
1887 1671 2148 1743 scriptum
2181 1678 2264 1725 est
2295 1688 2308 1724 :
2347 1691 2369 1719 «
2404 1671 2701 1741 PrOpterea
2739 1667 3043 1727 confitebor
3071 1669 3167 1725 tibi
3195 1670 3251 1725 in
3281 1686 3425 1744 gen-

1825 1784 1847 1810 u
1885 1761 2047 1830 tibus,
2081 1760 2333 1825 Domine,
2368 1771 2419 1815 et
2450 1758 2656 1814 nomini
2685 1766 2778 1814 tuo
2807 1758 3040 1815 cantabo
3070 1759 3148 1832 (II
3175 1762 3298 1832 Reg.
3332 1764 3424 1827 22,

129 1848 398 1904 infirmitas
456 1849 595 1917 ejus,
654 1863 818 1920 quam
863 1846 1032 1901 nimia
1069 1846 1363 1917 asperitate
1416 1845 1668 1918 cogenda
1700 1862 1713 1899 :
1749 1874 1801 1934 Β
1824 1874 1845 1898 «ι
1885 1851 1996 1923 50).
2036 1873 2056 1899 η
2093 1851 2160 1904 Et
2201 1849 2397 1904 iterum
2446 1848 2577 1904 dicit
2609 1865 2623 1902 ;
2662 1870 2684 1895 κ
2720 1848 3021 1913 Laetamini,
3055 1857 3269 1922 gemes,
3298 1865 3424 1906 cum

129 1938 261 2010 quod
292 1939 482 1994 Petrus
530 1937 725 1993 idonee
764 1936 894 1991 satis
943 1934 1284 2001 observabat,
1332 1949 1457 1991 cum
1498 1934 1719 1990 Iudaeos

127 2043 251 2098 quos
281 2028 351 2082 ad
381 2026 548 2083 fidem
578 2026 774 2082 Christi
806 2032 1166 2090 converterat,
1192 2023 1370 2080 adhuc
1400 2023 1720 2080 circumcidi

128 2116 252 2171 etin
290 2116 620 2188 quibusdam
668 2115 938 2188 legalibus
983 2112 1332 2186 permittebat
1365 2130 1378 2167 :
1412 2111 1480 2168 de
1521 2112 1718 2185 quibus

127 2205 168 2260 si
196 2205 619 2278 intemperanter
646 2212 868 2279 cogeret
916 2219 1031 2270 eos,
1061 2202 1217 2258 citius
1245 2202 1391 2274 quod
1420 2202 1490 2257 ab
1521 2218 1586 2257 eo
1618 2217 1717 2257 ac-

128 2304 373 2366 ceperant
402 2295 758 2362 dimitterent,
809 2309 968 2366 quam
1012 2292 1084 2347 ita
1112 2292 1397 2362 repentine
1435 2291 1504 2347 ad
1536 2290 1718 2363 perfe-

127 2384 345 2441 ctionem
421 2384 802 2441 ascenderent.
853 2382 1070 2439 Sciebat
1112 2382 1257 2437 enim
1306 2397 1403 2436 eos
1456 2381 1715 2453 paulatim

124 2488 275 2543 posse
304 2483 356 2529 et
384 2474 592 2529 debere
639 2473 708 2527 ad
761 2470 1153 2544 perfectionem
1192 2470 1410 2537 adduci,
1464 2470 1601 2526 sicut
1630 2469 1715 2525 fa-

124 2570 257 2617 ctum
286 2571 384 2618 est.
421 2562 547 2618 Noli
576 2570 801 2634 propter
831 2576 1013 2617 escam
1061 2560 1345 2616 destruere
1388 2557 1552 2614 fidem
1578 2575 1714 2630 pro-

125 2652 261 2716 ximi,
292 2667 406 2707 non
453 2652 598 2724 quod
648 2667 777 2707 esca
805 2649 1085 2705 immunda
1116 2649 1184 2704 sit
1217 2666 1230 2702 :
1263 2650 1460 2704 omnia
1492 2649 1716 2721 quidem

125 2741 324 2796 munda
345 2745 519 2807 sunt;
537 2741 634 2797 sed
653 2749 834 2796 tamen
854 2740 1073 2795 malum
1084 2742 1168 2794 est
1184 2738 1422 2804 homini,
1438 2740 1534 2810 qui
1554 2756 1714 2794 man-

126 2829 285 2886 ducat
301 2847 407 2904 per
428 2830 857 2902 o/fendiculum,
891 2827 1179 2883 intendens
1207 2826 1489 2883 offendere
1518 2828 1708 2899 proxi—

123 2935 277 2975 mum.
308 2920 427 2976 Nec
474 2920 652 2975 solum
691 2927 748 2974 ut
792 2933 992 2975 caveas
1039 2918 1111 2972 ab
1146 2915 1447 2972 offensione
1478 2916 1713 2987 proximi

132 3008 290 3063 debes
316 3008 592 3065 abstinere
622 3008 690 3063 ab
719 3008 824 3073 his,
858 3007 955 3062 sed
984 3006 1148 3062 etiam
1176 3006 1244 3061 ab
1276 3005 1424 3061 omni
1463 3022 1629 3062 carne
1660 3014 1713 3061 et

125 3097 188 3152 ab
215 3099 359 3153 omni
385 3106 519 3170 potu
547 3098 603 3153 in
632 3113 742 3170 quo
776 3096 939 3152 frater
967 3094 1278 3152 offenditur.
1310 3094 1469 3164 Quod
1498 3095 1570 3150 ita
1600 3096 1708 3151 ait:

127 3188 329 3243 Bonum
361 3192 452 3243 est
481 3187 583 3243 tibi
610 3205 726 3244 non
758 3186 1107 3242 manducare
1127 3201 1377 3252 carnem,
1402 3202 1506 3241 nec
1527 3185 1709 3241 bibere

128 3276 331 3342 vinum,
364 3293 548 3350 neque
578 3275 785 3348 aliquid
814 3278 877 3331 in
905 3292 1011 3349 quo
1040 3278 1226 3347 frater
1249 3278 1383 3330 tuas
1401 3274 1712 3345 offenditur

120 3380 172 3419 se
193 3366 495 3435 peccando,
523 3363 916 3421 veloffenditur
935 3380 968 3420 a
989 3372 1039 3420 te
1061 3372 1114 3419 et
1134 3364 1564 3420 scandalizatur
1585 3379 1714 3420 con-

119 3454 390 3522 tristando,
411 3459 517 3511 aut
546 3455 878 3523 inﬁrmatur
906 3453 961 3508 in
997 3452 1105 3508 ﬁde
1141 3452 1531 3525 aliquantulum
1553 3452 1715 3508 haesi-

120 3543 285 3599 tando.
310 3545 391 3601 Ne
413 3543 664 3600 offendas
684 3544 1008 3615 proximum,
1030 3542 1201 3598 debes
1221 3542 1491 3598 abstinere
1513 3542 1583 3597 ab
1602 3542 1705 3598 his.

132 3632 198 3687 Tu
218 3633 443 3704 quidem
474 3633 640 3689 habes
669 3633 837 3701 ﬁdem
875 3647 1067 3687 sanam
1086 3648 1260 3704 penes
1301 3634 1706 3705 temetipsum;

122 3719 249 3777 habe
276 3722 425 3778 illam
457 3739 651 3780 coram
681 3724 811 3789 Deo,
834 3722 891 3777 id
911 3729 993 3778 est
1022 3720 1217 3777 sufficit
1248 3720 1343 3775 tibi
1371 3728 1429 3776 ut
1457 3721 1605 3776 Deus
1633 3720 1709 3775 in-

121 3809 317 3882 telligat
355 3810 525 3867 fidem
555 3819 705 3867 tuam
737 3829 752 3865 :
784 3827 894 3867 non
930 3818 1147 3882 oportet
1191 3818 1251 3865 ut
1299 3825 1486 3867 coram
1531 3810 1706 3865 absti-

119 3907 263 3955 nente
293 3899 384 3972 qui
413 3899 714 3956 offenditur
743 3899 912 3956 facias
941 3914 1078 3971 opus
1109 3899 1227 3968 ejus
1257 3898 1383 3954 fidei
1408 3918 1424 3966 ;
1457 3899 1582 3954 ideo
1610 3915 1712 3970 pe-

118 4001 205 4041 nes
232 3990 577 4060 temetipsum
608 3988 772 4045 fidem
802 3990 946 4045 hanc
974 3988 1199 4055 habeas,
1233 4003 1340 4043 non
1373 4003 1558 4044 coram
1588 3988 1708 4043 abs-

118 4075 324 4133 tinente.
357 4079 503 4134 Nam
534 4079 727 4135 beatus
757 4086 841 4134 est
870 4078 962 4134 ille
991 4080 1089 4152 qui
1117 4094 1235 4134 non
1252 4078 1514 4150 judicat,
1548 4077 1603 4133 id
1624 4086 1708 4133 est

117 4165 197 4235 qui
226 4183 332 4222 non
363 4168 590 4223 damnat
635 4170 1023 4240 semetipsum,
1054 4168 1117 4222 in
1139 4184 1200 4224 eo
1228 4167 1373 4240 quod
1399 4168 1618 4239 probat,
1650 4167 1705 4221 id

118 4261 189 4307 est
216 4257 355 4327 quod
405 4256 767 4329 probabiliter
819 4273 1011 4312 verum
1051 4272 1175 4312 esse
1205 4256 1398 4312 credit.
1431 4255 1540 4311 Sed
1571 4256 1618 4311 si
1649 4264 1705 4311 tu

119 4344 267 4399 uteris
296 4346 435 4401 cibis
466 4346 667 4418 quibus
695 4346 821 4403 licet
849 4346 945 4413 uti,
978 4347 1047 4401 ad
1069 4345 1425 4402 offensionem
1446 4345 1700 4417 proximi,

119 4430 165 4484 in
190 4448 250 4488 eo
279 4436 423 4507 quod
455 4434 664 4507 probas
691 4435 905 4505 judicas
934 4443 983 4490 te
1015 4451 1168 4491 reum
1199 4433 1517 4491 offensionis
1546 4434 1704 4491 facta:
1738 4468 1741 4471 λ

117 4518 163 4574 in
190 4521 424 4579 fratrem.
474 4524 572 4581 Ille
615 4525 707 4598 qui
738 4524 791 4580 in
822 4540 889 4581 eo
915 4524 1061 4596 quod
1093 4524 1283 4596 probat
1311 4540 1371 4579 se
1401 4540 1509 4579 non
1539 4524 1701 4580 dam-

1733 3235 1782 3300 C

1827 1960 1849 1989 α
1885 1939 2047 2010 plebe
2077 1939 2194 2008 ejus
2245 1937 2421 2009 (Psal.
2471 1951 2613 2003 xvu,
2665 1936 2739 2006 5).
2780 1960 2803 1986 ι»
2836 1936 2905 1991 Et
2932 1936 3133 1993 iterum
3167 1955 3181 1993 :
3225 1957 3246 1988 ι
3274 1939 3422 1994 Lau-

1826 2051 1847 2074 -
1881 2029 2027 2093 date,
2061 2043 2253 2083 orrnes
2282 2034 2477 2099 gentes
2503 2026 2814 2095 Dominum,
2836 2033 2888 2082 et
2909 2025 3253 2098 magnificate
3274 2044 3419 2093 eum,

1826 2140 1848 2170 ι
1881 2133 2073 2174 omnes
2102 2116 2287 2188 populi
2319 2117 2495 2185 (Psal.
2530 2130 2686 2182 cxvr,
2714 2118 2789 2185 1.)
2812 2115 2880 2170 Et
2899 2132 3092 2171 rursus
3112 2116 3285 2172 Isaias
3305 2116 3378 2172 ait
3404 2134 3418 2174 :

1826 2229 1848 2259 α
1886 2206 2005 2262 Erit
2035 2206 2187 2261 radix
2215 2207 2392 2271 Jesse,
2427 2212 2479 2260 et
2505 2204 2596 2276 qui
2628 2213 2882 2275 exsurget
2902 2220 3094 2273 regere
3116 2214 3329 2277 gentes,
3364 2206 3418 2261 in

1824 2320 1844 2343 α
1881 2312 2003 2352 eum
2036 2303 2228 2367 gentes
2259 2293 2556 2365 sperabunt
2585 2294 2739 2365 (Isai.
2763 2309 2844 2360 χι,
2880 2296 2989 2364 10).
3022 2318 3043 2343 ι»
3064 2295 3212 2350 Deus
3237 2304 3421 2352 autem

1822 2407 1845 2437 α
1883 2385 2000 2457 spei
2029 2384 2235 2456 repleat
2263 2400 2362 2439 vos
2391 2382 2539 2439 omni
2573 2383 2774 2456 gaudio
2805 2390 2857 2439 et
2878 2398 3015 2455 pace
3034 2383 3091 2438 in
3115 2385 3417 2453 credendo,

1824 2498 1843 2522 κ
1880 2481 1937 2529 ut
1966 2473 2257 2529 abundetis
2286 2473 2341 2527 in
2372 2489 2470 2545 spe
2500 2480 2554 2528 et
2579 2473 2774 2529 virtute
2806 2472 3035 2543 Spiritus
3064 2472 3257 2529 sancti.
3289 2474 3423 2530 Cer-

1823 2588 1843 2611 «
1881 2571 1965 2618 tus
1986 2579 2108 2617 sum
2140 2569 2342 2629 autem,
2375 2561 2575 2618 fratres
2606 2561 2731 2629 mei,
2768 2569 2821 2617 et
2855 2578 2961 2634 ego
2990 2561 3107 2632 ipse
3137 2562 3205 2618 de
3241 2562 3416 2632 vobis,

1821 2676 1842 2701 α
1878 2651 2131 2724 quoniam
2152 2659 2204 2706 et
2232 2651 2338 2723 ipsi
2366 2650 2514 2723 pleni
2544 2651 2676 2707 estis
2701 2650 3013 2718 dilectione,
3042 2651 3238 2722 repleti
3267 2651 3417 2707 omni

1820 2764 1843 2794 α
1878 2740 2119 2809 scientia,
2154 2740 2229 2795 ita
2256 2748 2313 2795 ut
2342 2740 2565 2812 possitis
2596 2740 2914 2795 alterutrum
2943 2756 3190 2796 monere.
3225 2742 3415 2796 Auda-

1819 2856 1839 2879 ι.
1876 2830 1993 2887 cius
2013 2837 2193 2884 autem
2217 2828 2414 2901 scripsi
2434 2829 2611 2895 vobis,
2635 2827 2852 2895 fratres,
2878 2845 2942 2884 ex
2960 2836 3132 2900 parte,
3157 2836 3416 2902 tanquam

1819 2942 1841 2971 ι
1876 2920 1932 2975 in
1961 2917 2284 2974 mermoriam
2316 2935 2413 2975 vos
2458 2919 2749 2985 reducens,
2783 2926 3005 2990 propter
3034 2919 3261 2992 gratiam
3291 2936 3413 2992 qua:

1817 3032 1839 3057 «
1876 3009 1997 3063 data
2028 3016 2111 3063 est
2156 3009 2290 3065 mihi
2318 3025 2350 3065 a
2382 3009 2518 3078 Deo,
2549 3016 2607 3063 ut
2639 3007 2740 3062 sim
2770 3007 3022 3063 minister
3053 3007 3252 3063 Christi
3280 3009 3412 3065 Jesu

1817 3119 1840 3149 ι
1874 3098 1929 3153 in
1958 3100 2233 3172 gentibus,
2288 3097 2634 3154 sanctificans
2680 3095 3039 3168 Evangelium
3081 3096 3202 3164 Dei,
3233 3106 3291 3152 ut
3321 3096 3412 3153 ﬁat

1818 3205 1839 3239 ι
1875 3188 2080 3244 oblatio
2115 3188 2360 3263 gentium
2407 3194 2629 3258 accepta
2677 3193 2730 3241 et
2758 3184 3094 3243 sanctificata
3122 3185 3177 3240 in
3209 3186 3414 3258 Spiritu

1817 3297 1838 3326 α
1875 3286 2081 3334 sancto.
2128 3278 2317 3333 Ilabeo
2361 3276 2528 3347 igitur
2575 3274 2804 3348 gloriam
2854 3275 2909 3329 in
2938 3274 3154 3331 Christo
3180 3276 3310 3331 Jesu
3340 3277 3412 3332 ad

1815 3386 1838 3416 α
1874 3366 2069 3422 Deum.
2102 3368 2224 3423 Non
2249 3365 2396 3421 enim
2425 3364 2603 3420 audeo
2630 3363 2834 3436 aliquid
2863 3363 3014 3436 loqui
3046 3379 3254 3433 eorum,
3287 3381 3410 3437 quae

1814 3479 1836 3503 -
1870 3471 1969 3526 per
1987 3472 2075 3511 me
2096 3471 2202 3512 non
2225 3454 2385 3511 efficit
2405 3453 2653 3510 Christus
2674 3452 2729 3507 in
2750 3452 3117 3508 obedientiam
3138 3453 3406 3526 gentium,

1814 3567 1835 3591 α
1882 3545 2054 3601 verbo
2102 3553 2154 3601 et
2210 3544 2388 3611 factis,
2422 3543 2477 3599 in
2536 3542 2731 3599 virtute
2758 3542 3048 3616 signorum
3103 3550 3157 3597 et
3214 3543 3408 3614 prodi-

1814 3656 1835 3679 «
1873 3633 2111 3705 giorum,
2144 3634 2200 3688 in
2229 3634 2425 3689 virtute
2456 3631 2685 3704 Spiritus
2717 3631 2891 3687 sancti
2923 3649 2938 3686 :
2971 3631 3043 3687 ita
3072 3639 3129 3687 ut
3158 3631 3228 3687 ab
3253 3634 3415 3689 Jeru-

1814 3744 1836 3773 ι
1872 3722 2041 3778 salem
2070 3740 2169 3795 per
2198 3722 2482 3779 circuitum
2502 3737 2675 3793 usque
2692 3721 2763 3776 ad
2786 3720 3060 3792 Illyricum
3081 3721 3410 3793 repleverim

1815 3833 1836 3863 α
1871 3811 2233 3886 Evangelium
2301 3811 2518 3867 Christi.
2588 3810 2679 3867 Sic
2725 3818 2904 3866 autem
2954 3811 3059 3867 hoc
3105 3811 3406 3883 praedicavi

1814 3922 1836 3951 ι
1870 3900 2251 3974 Evangelium,
2304 3916 2416 3956 non
2456 3899 2547 3955 ubi
2592 3899 2900 3955 nominatus
2932 3907 3013 3955 est
3043 3899 3306 3967 Christus,
3341 3917 3411 3957 ne

1814 4012 1841 4039 ι
1871 4006 2038 4060 super
2066 3989 2303 4046 alienum
2333 3989 2746 4045 fundamentum
2774 3987 3126 4054 aaditicarem,
3150 3990 3249 4044 sed
3267 3989 3410 4047 sicut

1813 4102 1834 4126 κ
1874 4079 2138 4151 scriptum
2186 4088 2269 4135 est
2300 4097 2313 4135 :
2350 4103 2372 4128 α
2411 4078 2679 4149 Quoniam
2710 4078 2909 4150 quibus
2938 4095 3047 4135 non
3078 4086 3162 4134 est
3192 4095 3408 4134 annun-

1813 4191 1835 4216 α
1872 4168 2061 4224 tiatum
2108 4169 2178 4225 de
2226 4186 2312 4239 eo,
2364 4169 2628 4224 videbunt
2673 4169 2831 4237 (1δαὶ.
2877 4184 2971 4236 ιιι,
3008 4171 3136 4240 15);
3177 4193 3199 4217 ιι
3234 4177 3286 4225 et
3315 4170 3407 4242 qui

1816 4282 1836 4311 ι
1873 4274 1981 4314 non
2012 4258 2321 4325 audierunt,
2354 4259 2423 4314 de
2452 4274 2518 4315 eo
2546 4258 2681 4331 [al.,
2714 4274 2825 4313 non
2853 4258 3021 4314 habet
3049 4259 3117 4314 de
3146 4258 3234 4331 eo]
3254 4258 3413 4316 intel-

1813 4370 1836 4399 α
1870 4346 2062 4421 ligent.
2096 4348 2328 4419 Propter
2353 4347 2501 4420 quod
2531 4355 2584 4401 et
2613 4346 2955 4419 impediebar
2972 4347 3265 4419 plurimum
3306 4365 3407 4405 ve-

1813 4458 1835 4488 α
1870 4437 1991 4492 nire
2019 4437 2090 4492 ad
2120 4453 2236 4503 vos,
2270 4445 2324 4493 et
2352 4436 2661 4508 prohibitus
2690 4452 2813 4491 sum
2832 4453 3004 4509 usque
3023 4437 3219 4492 adhuc.
3244 4437 3405 4494 Nunc

1814 4548 1836 4578 ‹
1870 4542 2003 4582 vero
2034 4526 2263 4581 ulterius
2292 4526 2473 4581 locum
2502 4542 2613 4581 non
2632 4525 2843 4581 habens
2870 4525 2924 4580 in
2956 4525 3040 4580 bis
3070 4525 3405 4597 regionibus,

117 4617 214 4675 nat,
237 4611 427 4668 beatus
449 4622 535 4669 est
557 4632 571 4679 ;
596 4614 693 4671 sed
712 4614 802 4670 ille
827 4614 921 4687 qui
936 4608 1212 4669 discernit
1233 4612 1430 4669 cibosa
1447 4612 1704 4681 cibis,di-
1725 4604 1777 4665 D
1811 4638 1834 4667 ι
1869 4615 2215 4687 cupiditatem
2262 4623 2444 4670 autem
2490 4615 2700 4670 habens
2746 4614 3001 4671 veniendi
3049 4615 3117 4670 ad
3168 4632 3286 4682 vos,
3339 4633 3407 4673 ex

116 4711 230 4755 cens
258 4702 356 4757 hos
385 4703 646 4773 mundos,
682 4702 805 4759 illos
830 4703 1159 4771 immundos,
1188 4702 1295 4770 hic,
1319 4704 1371 4758 si
1399 4701 1454 4757 in
1476 4703 1576 4759 hac
1604 4702 1707 4760 du-

118 4785 296 4845 bietate
318 4793 774 4858 manducauerit,
793 4792 1103 4849 damnatus
1122 4795 1246 4859 est;
1274 4807 1385 4847 non
1408 4791 1535 4864 quia
1551 4791 1705 4848 cibus

119 4874 405 4936 immundus
437 4882 527 4949 sit,
561 4882 660 4937 sed
690 4883 823 4954 quia
853 4898 967 4939 non
998 4881 1234 4937 comedit
1263 4898 1339 4937 ex
1357 4881 1468 4951 ﬁde
1499 4889 1555 4936 ut
1585 4898 1707 4937 cre-

119 4963 251 5021 deret
278 4985 401 5025 esse
431 4970 660 5025 munda.
699 4971 856 5040 Vere,
888 4970 1017 5043 quia
1047 4985 1156 5026 non
1185 4987 1250 5026 ex
1271 4968 1399 5037 fide,
1419 4970 1704 5025 damnatus

119 5063 188 5109 est
215 5073 228 5110 :
258 5074 389 5115 nam
419 5076 593 5116 omne
623 5059 767 5133 quod
786 5077 904 5117 non
924 5066 1010 5117 est
1033 5076 1107 5116 ea:
1125 5059 1258 5130 ﬁde,
1273 5063 1574 5133 peccatum
1592 5063 1700 5116 est.

705 5266 931 5323 CAPUT
969 5266 1090 5322 XV.

180 5435 198 5460 ι
233 5415 503 5474 Debemus
534 5425 718 5473 autem
749 5433 848 5473 nos
879 5417 1150 5475 firmiores
1181 5416 1584 5474 imbecillitates
1613 5417 1700 5473 in-

123 5522 132 5544 α
173 5502 432 5563 firmorum
484 5507 778 5573 sustinere,
828 5515 883 5563 et
913 5524 1022 5564 non
1050 5507 1211 5564 nobis
1241 5507 1478 5579 placere.
1514 5508 1701 5564 Unus-

124 5610 143 5634 ε
175 5594 385 5669 quisque
418 5605 665 5653 vestrum
693 5597 938 5669 proximo
972 5614 1073 5653 suo
1119 5598 1337 5669 placeat
1380 5597 1434 5652 in
1476 5597 1699 5661 bonum,

130 5702 146 5723 α
177 5684 238 5737 ad
264 5686 699 5744 aedificationem.
748 5687 963 5743 Etenim
1010 5687 1260 5744 Christus
1307 5702 1417 5743 non
1446 5686 1551 5741 sibi
1580 5685 1702 5757 pla-

123 5787 142 5818 ι
169 5771 283 5841 cuit,
314 5776 409 5833 sed
440 5774 587 5833 sicut
616 5774 879 5848 scriptum
905 5783 991 5832 est
1022 5794 1037 5831 :
1076 5798 1100 5828 ι
1128 5774 1462 5848 lmproperia
1491 5774 1702 5846 impro-

1809 4726 1833 4756 ι
1868 4705 2053 4760 multis
2078 4705 2191 4775 jam
2237 4704 2674 4776 praecedentibus
2704 4704 2881 4760 annis.
2916 4704 3025 4761 Sed
3057 4721 3180 4761 cum
3218 4704 3274 4760 in
3303 4706 3405 4761 Hi-

1811 4818 1832 4843 ει
1870 4794 2113 4866 spaniam
2142 4792 2416 4866 proficisci
2446 4810 2687 4865 coepero,
2722 4809 2882 4865 spero
2911 4794 3058 4868 quod
3082 4794 3401 4866 praeteriens

1808 4907 1831 4933 α
1858 4884 2075 4940 videam
2105 4899 2204 4941 vos
2238 4902 2251 4939 :
2285 4892 2338 4939 et
2367 4899 2401 4939 a
2428 4884 2585 4941 vobis
2607 4883 2847 4941 deducar
2866 4884 3013 4955 illuc,
3039 4885 3085 4940 si
3108 4884 3265 4941 vobis
3286 4885 3403 4956 pri-

1807 4997 1829 5022 ιι
1866 4990 2013 5028 mum
2044 4990 2111 5029 ex
2141 4982 2295 5046 parte
2336 4972 2531 5029 fruitus
2579 4973 2753 5030 fuero.
2786 4974 2947 5031 Nunc
2977 4974 3143 5046 igitur
3171 4972 3400 5047 profici-

1806 5087 1828 5112 α
1857 5079 1980 5119 scar
2007 5062 2062 5117 in
2088 5062 2395 5118 Jerusalem
2426 5062 2735 5118 ministrare
2765 5063 2988 5120 sanctis.
3024 5064 3403 5120 Probaverunt

1807 5176 1829 5200 ει
1867 5152 2008 5207 enim
2041 5151 2356 5208 Macedonia
2394 5159 2448 5207 et
2477 5151 2681 5208 Achaia
2711 5150 3055 5210 collationem
3079 5152 3199 5228 [al.,
3230 5155 3404 5211 colle-

1807 5264 1830 5288 α
1866 5239 2133 5314 ctionem]
2178 5240 2418 5313 aliquam
2466 5239 2651 5298 facere
2699 5240 2755 5296 in
2787 5258 3060 5314 pauperes
3091 5250 3404 5300 sanctorum

1807 5351 1829 5381 α
1866 5329 1959 5403 qui
1988 5337 2113 5385 sunt
2142 5329 2197 5385 in
2224 5329 2551 5386 Jerusalem.
2585 5329 2789 5387 Placuit
2831 5330 2976 5387 enim
3004 5331 3084 5387 eis
3104 5374 3118 5398 ,
3152 5340 3206 5387 et
3242 5332 3405 5388 debi-

1806 5443 1827 5467 σι
1864 5426 2014 5475 tores
2044 5427 2168 5475 sunt
2197 5436 2406 5475 eorum.
2437 5419 2577 5475 Nam
2608 5419 2655 5475 si
2687 5419 3043 5491 Spiritualium
3076 5437 3268 5477 eorum
3290 5440 3407 5494 par-

1808 5531 1829 5555 u
1865 5508 2059 5580 ticipes
2088 5507 2216 5565 facti
2247 5516 2372 5565 sunt
2399 5508 2662 5580 gentiles,
2695 5509 2897 5565 debent
2926 5517 2980 5565 et
3007 5509 3064 5565 in
3089 5511 3399 5567 carnalibus

1813 5617 1834 5649 ι
1862 5597 2173 5653 ministrare
2203 5599 2302 5655 eis.
2337 5600 2453 5655 Hoc
2480 5598 2645 5672 igitur
2690 5614 2814 5655 cum
2844 5614 3316 5667 consummavero,
3351 5609 3406 5657 et

1807 5708 1829 5733 α
1864 5686 2221 5760 assignavero
2253 5688 2334 5743 eis
2363 5687 2590 5743 fructum
2620 5689 2793 5756 hunc,
2826 5705 2926 5760 per
2955 5706 3053 5744 vos
3084 5687 3404 5760 proficiscar

1806 5795 1831 5828 ι
1865 5775 1919 5831 in
1946 5775 2281 5849 Hispaniam.
2340 5776 2466 5835 Scio
2512 5777 2637 5850 [al.,
2688 5777 2890 5850 sciensl
2938 5785 3120 5835 autem
3148 5777 3406 5850 quoniam
