3970 6452
505 379 609 433 115

1064 376 1122 432 8.
1161 373 1515 434 BRUNONIS
1554 371 2201 432 CARTHUSIANORUM
2236 369 2720 429 INSTITUTORIS
2756 370 2910 429 OPP.
2951 372 3129 429 PARS
3163 373 3232 428 II.

3696 377 3796 430 H6

506 521 530 552 ι
564 498 791 557 veniens
818 499 887 555 ad
914 514 1032 568 vos,
1065 498 1120 554 in
1149 500 1482 555 abundantia
1525 498 1918 556 benedictionis
1948 498 2098 555 Chri-
2116 499 2170 560 Α
2200 513 2361 569 quem
2381 497 2648 552 honorem
2686 496 3088 567 augmentahis,
3121 494 3403 553 reddendo
3433 495 3797 569 incorruptio-

507 612 532 640 α
571 589 639 645 sti
666 589 902 645 veniam.
929 588 1178 645 Obsecro
1209 605 1348 662 ergo
1377 605 1496 654 vos,
1530 588 1749 654 fratres,
1783 604 1884 659 per
1912 587 2099 643 Domi-

510 702 533 727 α
565 694 697 733 num
740 685 987 733 nostrum
1028 678 1217 732 Jesum
1252 678 1548 747 Christum,
1582 685 1635 733 et
1664 693 1761 749 per
1787 676 2101 733 charitatem

506 787 530 818 ι
567 766 800 838 Spiritus
830 766 1022 835 sancti,
1058 775 1117 821 ut
1157 765 1426 834 adjuvetis
1452 782 1541 820 me
1570 766 1625 820 in
1654 765 1990 821 orationibus
2015 782 2102 820 ve-

506 878 529 903 κ
568 855 694 910 stris
722 855 789 909 ad
836 856 1034 921 Deum,
1067 862 1126 909 ut
1155 854 1360 909 liberer
1403 854 1472 910 ab
1518 852 1828 909 inﬁdelibus
1857 853 1948 925 qui
1978 860 2102 907 sunt

504 968 528 993 α
562 944 619 999 in
664 943 874 1013 Iudaea,
910 951 965 999 et
1000 942 1250 1015 obsequii
1287 942 1396 998 mei
1426 942 1624 999 oblatio
1654 950 1878 1013 accepta
1907 940 2000 997 ﬁat
2045 942 2102 997 in

501 1056 523 1081 α
560 1033 867 1088 Jerusalem
904 1032 1030 1103 [al.,
1079 1031 1491 1105 Hierosolymis]
1522 1032 1744 1099 sanctis,
1786 1039 1844 1086 ut
1884 1032 2101 1086 veniam

499 1144 523 1171 ι
559 1122 630 1177 ad
658 1137 758 1177 vos
789 1120 846 1175 in
895 1120 1100 1194 gaudio
1140 1137 1242 1192 per
1286 1121 1614 1177 voluntatem
1644 1120 1763 1187 Dei,
1796 1128 1849 1175 et
1878 1119 2103 1191 refrige-

502 1230 526 1262 α
560 1226 652 1266 rer
680 1209 995 1266 vobiscum.
1030 1209 1181 1266 Deus
1212 1217 1393 1265 autem
1420 1209 1571 1282 pacis
1601 1210 1671 1264 sit
1697 1225 1821 1266 cum
1849 1209 2102 1266 omnibus

503 1319 526 1348 ι
559 1297 735 1356 vobis.
767 1300 963 1354 Amen.
1004 1318 1028 1350 ι

1133 1499 1449 1543 ωοειτιο.

571 1645 658 1702 Ad
687 1646 793 1702 hoc
841 1644 1049 1702 diceret
1075 1643 1168 1701 ille
1197 1644 1288 1716 qui
1325 1659 1473 1700 sanae
1505 1642 1634 1700 ﬁdei
1662 1650 1809 1700 esset
1841 1660 1855 1698 :
1888 1641 1944 1698 Si
1974 1658 2101 1715 ego,

506 1735 653 1808 quod
679 1734 866 1805 utique
893 1741 950 1789 tu
979 1732 1180 1798 fateris,
1213 1748 1361 1789 same
1388 1731 1515 1789 ﬁdei
1537 1749 1676 1798 sum,
1700 1732 1882 1788 omnia
1899 1732 2107 1786 munda

2199 602 2344 641 nem.
2375 587 2649 641 Honorem
2688 584 2812 641 dico
2845 587 2964 649 Dei,
3011 585 3066 640 id
3108 592 3191 640 est
3219 600 3253 640 a
3283 585 3402 641 solo
3427 586 3544 641 Deo
3573 586 3785 641 datum.

2200 675 2347 729 Deus
2378 674 2522 729 enim
2549 690 2650 745 per
2677 673 2913 745 gratiam
2942 674 3055 742 dat,
3088 682 3141 729 et
3170 674 3321 729 dabit
3346 674 3490 730 hunc
3511 675 3794 744 honorem,

2200 764 2272 819 ad
2301 779 2464 835 quem
2494 762 2871 818 honorandum
2902 762 3161 817 deﬁciunt
3189 762 3386 818 merita
3414 771 3625 819 nostra.
3660 765 3797 819 Pro-

2202 852 2293 906 bat
2323 852 2468 923 quod
2498 851 2570 906 ait
2602 869 2616 905 :
2647 852 2904 923 Suscepit
2934 868 3030 907 vos
3066 851 3343 906 Romanos
3377 869 3391 906 :
3424 868 3549 906 nam
3577 851 3800 908 Iudaeos

2203 948 2257 995 et
2287 940 2539 1012 gentiles,
2569 949 2619 995 et
2648 939 2886 1010 primum
2914 939 2983 995 de
3003 940 3204 994 Iudaeis
3233 940 3306 994 ait
3339 957 3353 995 :
3388 940 3529 996 Vere
3550 940 3799 996 Christus

2203 1029 2444 1098 suscepit
2490 1044 2609 1097 vos,
2657 1043 2691 1083 ο
2736 1027 2932 1083 Judaei.
2981 1029 3123 1083 Nam
3163 1043 3268 1101 ego
3324 1028 3446 1085 dico
3492 1028 3604 1099 (cui
3650 1028 3799 1084 credi

2202 1118 2439 1188 oportet)
2464 1116 2750 1172 Christum
2765 1118 2955 1172 Jesum
2968 1118 3303 1172 ministrum
3315 1119 3495 1187 fuisse
3506 1118 3804 1173 circumci-

2202 1207 2398 1272 sionis,
2449 1205 2503 1260 id
2553 1213 2636 1260 est
2678 1205 3014 1261 Iudaeorum.
3066 1205 3314 1261 Christus
3364 1205 3508 1261 enim
3557 1206 3805 1261 minister

2204 1293 2321 1361 fuit,
2352 1302 2406 1349 et
2435 1294 2591 1365 quasi
2641 1294 2919 1365 apostolus
2963 1294 3291 1359 Iudaeorum,
3347 1294 3544 1365 quibus
3590 1294 3647 1350 in
3676 1309 3803 1367 pro-

2203 1383 2322 1455 pria
2350 1398 2581 1454 persona
2612 1382 2944 1454 praedicavit.
2979 1384 3093 1438 Hoc
3122 1390 3305 1439 autem
3334 1381 3432 1437 fuit
3452 1398 3565 1439 non
3592 1400 3660 1439 ex
3690 1399 3806 1438 me-

2205 1471 2310 1527 rito
2357 1471 2692 1540 Iudaeorum,
2743 1471 2841 1527 sed
2883 1476 3123 1545 prapter
3156 1472 3453 1529 veritatem
3481 1473 3600 1539 Dei,
3635 1470 3693 1526 id
3724 1479 3808 1528 est

2205 1568 2431 1631 propter
2468 1560 2742 1630 promissa
2789 1560 2910 1615 Dei.
2963 1561 3094 1615 Ideo
3133 1567 3360 1632 propter
3418 1560 3688 1632 promissa
3736 1560 3809 1616 ad

2206 1649 2645 1718 conﬁrmandos,
2676 1648 2731 1703 id
2762 1656 2847 1704 est
2877 1657 2935 1704 ut
2966 1665 3066 1720 per
3093 1648 3271 1720 ipsum
3301 1656 3483 1705 actum
3517 1647 3812 1705 conﬁrma-

2206 1744 2391 1792 rentur
2406 1738 2807 1809 promissione:
2822 1742 3077 1810 patrum,
3100 1738 3156 1792 id
3178 1746 3262 1793 est
3283 1736 3437 1793 facta:
3457 1738 3702 1809 patribus
3725 1754 3812 1793 eo-

535 1823 775 1891 :redens,
807 1822 896 1878 hic
925 1830 1102 1877 autem
1132 1820 1437 1877 inﬁrmatur
1465 1822 1521 1876 in
1559 1820 1688 1888 ﬁde,
1715 1820 1916 1890 justior
1943 1835 2107 1875 causa
2128 1858 2181 1919 Β
2208 1842 2351 1881 rum.
2400 1826 2500 1881 Vel
2544 1826 2616 1880 ita
2649 1845 2662 1880 :
2697 1826 2941 1882 Christus
2986 1827 3237 1882 minister
3278 1825 3377 1881 fuit
3412 1834 3636 1898 propter
3666 1826 3813 1882 veri-

508 1911 736 1978 yidetur,
771 1918 831 1965 ut
874 1908 1122 1965 inﬁrmus
1171 1908 1385 1965 ﬁrmum
1426 1917 1766 1981 sequeretur,
1811 1925 1972 1981 quam
2002 1924 2106 1980 ego

510 1999 700 2055 ﬁrmus
738 2014 1004 2071 sequerer
1045 1997 1415 2054 inﬁrmitatem
1444 1998 1607 2053 illius.
1637 1998 1757 2053 Non
1794 1997 1871 2053 sic
1900 2006 2000 2064 est,
2034 1997 2106 2051 ait

504 2088 729 2145 Paulus.
762 2088 891 2154 Sed,
940 2087 1066 2144 licet
1115 2094 1174 2141 tu
1224 2102 1374 2143 sana:
1412 2086 1539 2142 ﬁdei
1569 2087 1663 2153 sis,
1696 2086 1785 2142 hic
1815 2095 1995 2141 autem
2025 2085 2108 2140 in-

508 2176 701 2244 ﬁrmae,
736 2180 932 2233 tamen
960 2194 1062 2233 nos
1101 2177 1383 2247 ﬁrmiores
1430 2177 1692 2232 debemus
1714 2176 2022 2242 sustinere,
2055 2183 2108 2231 et

509 2266 742 2339 quadam
772 2265 1189 2338 participatione
1209 2266 1627 2322 imbecillitate:
1647 2266 2011 2334 inﬁrmorum
2038 2265 2109 2319 ad

507 2356 705 2412 melius
727 2354 987 2422 enutrire,
1013 2360 1071 2411 et
1090 2372 1206 2411 non
1226 2354 1490 2409 debemus
1511 2356 1665 2410 nobis
1675 2356 1901 2426 placere
1916 2354 1971 2408 in
1990 2370 2107 2409 om-

507 2445 690 2500 nibus.
716 2444 890 2500 Nobis
910 2460 1019 2500 non
1040 2444 1224 2515 utique
1243 2443 1581 2515 placeamus,
1607 2443 1703 2498 sed
1725 2446 2108 2516 unusquisque

506 2535 736 2607 placeat
755 2534 1014 2604 proximo
1035 2549 1171 2600 suo;
1203 2540 1255 2588 et
1285 2533 1390 2588 hoc
1416 2533 1479 2587 in
1500 2533 1636 2589 bono
1655 2552 1674 2599 ,-
1707 2532 1835 2604 quia
1855 2532 1926 2587 ad
1945 2531 2110 2587 aediﬁ-

506 2623 780 2680 cationem
815 2622 1066 2694 proximi,
1116 2621 1209 2694 qui
1248 2622 1547 2677 secundum
1584 2621 1904 2677 charitatem
1933 2619 2108 2676 aediﬁ-

509 2711 719 2768 candus
768 2718 869 2766 est.
917 2710 1088 2767 Nobis
1130 2726 1241 2766 non
1285 2710 1472 2782 utique
1500 2710 1814 2781 placeamus
1847 2728 1861 2764 :
1894 2711 2110 2766 etenim

512 2800 769 2857 Christus
799 2800 984 2872 (quem
1012 2817 1115 2871 per
1135 2799 1317 2856 omnia
1347 2799 1501 2871 sequi
1529 2800 1814 2869 debemus)
1833 2815 1947 2855 non
1978 2800 2109 2871 pla-

506 2889 627 2946 cuit
646 2889 771 2957 sibi,
794 2888 851 2943 id
872 2897 956 2943 est
974 2903 1083 2944 non
1103 2888 1380 2945 consensit
1400 2887 1631 2943 inﬁrmae
1652 2888 1823 2953 carni,
1847 2887 1943 2942 sed
1959 2889 2113 2942 sicut

515 2976 672 3034 '79
702 2977 981 3049 scriptum
1010 2980 1096 3033 est
1125 2976 1181 3031 in
1210 2976 1423 3047 psalmo
1453 2978 1672 3047 (vam,
1720 2976 1809 3046 10)
1839 2975 1914 3030 ait
1943 2975 2107 3030 Chri-

510 3072 628 3121 stus
674 3064 744 3121 ad
774 3066 991 3122 Patrem
1021 3082 1036 3120 :
1066 3065 1411 3137 Improperia
1460 3065 1977 3137 improperantium
2009 3065 2110 3119 tibi

514 3156 754 3230 quadam
779 3155 923 3211 mole
951 3155 1281 3212 ceciderunt
1301 3170 1471 3228 super
1498 3169 1608 3221 me,
1642 3161 1695 3208 et
1722 3153 1779 3208 in
1807 3161 1978 3208 morte
2008 3153 2111 3207 de-

512 3221 834 3320 presserunt
861 3260 968 3300 me.
1003 3242 1173 3313 Quasi
1193 3221 1402 3300 diceret
1435 3262 1449 3299 :
1481 3243 1623 3313 Quia
1659 3243 1795 3313 ejeci
1817 3242 1885 3298 de
1909 3243 2111 3314 templo
2137 3221 2184 3281 δ

516 3336 819 3393 vendentes
840 3341 892 3390 et
909 3341 1173 3401 ementes,
1189 3334 1243 3388 in
1259 3349 1368 3406 quo
1388 3333 1485 3388 tibi
1503 3332 1966 3404 improperabant,
1985 3332 2110 3387 ideo

519 3424 967 3495 adjudicaverunt
996 3438 1083 3479 me
1103 3421 1280 3478 morti.
1307 3421 1451 3490 Quid
1488 3422 1635 3492 inde,
1667 3422 1873 3478 diceret
1892 3421 2110 3493 aliquis,

521 3515 569 3572 si
596 3515 667 3571 ita
695 3514 956 3586 scriptum
990 3512 1119 3568 est?
1167 3512 1391 3568 Multum
1434 3510 1640 3584 utique,
1693 3514 1827 3585 quia
1856 3528 2120 3585 quaecun-

524 3622 629 3681 que
662 3606 879 3676 scripta
905 3606 1043 3659 sunt
1062 3602 1132 3658 de
1158 3601 1393 3669 Christo,
1409 3602 1481 3657 ad
1510 3604 1767 3657 nostram
1799 3602 2121 3657 doctrinam

524 3696 740 3767 scripta
753 3696 911 3761 sunt,
926 3696 993 3749 ut
1008 3708 1112 3765 per
1123 3690 1430 3747 doctrinam
1445 3690 1738 3747 habeamus
1755 3693 2121 3763 patientiam,

530 3788 588 3841 et
620 3782 677 3838 in
705 3781 965 3855 patientia
995 3780 1291 3836 habeamus
1329 3781 1773 3838 consolationem
1800 3780 2124 3853 Scriptura-

527 3888 678 3943 rum,
693 3888 815 3944 quae
835 3869 1125 3942 plurimum
1141 3868 1290 3925 utilis
1311 3878 1392 3925 est
1411 3869 1756 3940 patientibus,
1774 3876 1828 3924 et
1847 3877 1903 3923 ut
1920 3885 2020 3940 per
2034 3884 2127 3940 pa-

534 3961 777 4017 tientiam
806 3967 859 4015 et
886 3960 1026 4027 hanc
1054 3958 1481 4015 consolationem
1495 3959 1795 4015 habeamus
1812 3975 1968 4031 spem
1990 3957 2128 4012 futu-

2210 1923 2377 1970 tatem
2409 1915 2529 1981 Dei,
2562 1915 2618 1970 id
2661 1924 2742 1970 est
2787 1923 3011 1986 propter
3057 1915 3476 1987 completionem
3502 1915 3812 1987 promisso-

2209 2020 2331 2059 rum
2372 2004 2474 2059 Dei
2507 2019 2520 2058 :
2564 2012 2617 2059 et
2651 2004 2720 2058 ad
2771 2003 3175 2059 conﬁrmandas
3219 2020 3321 2075 per
3359 2004 3647 2059 veritatem
3688 2003 3815 2060 facti

2211 2092 2608 2164 promissiones
2656 2101 2889 2164 patrum,
2941 2092 2997 2147 id
3037 2101 3120 2148 est
3163 2108 3301 2165 quas
3329 2092 3573 2149 fecerant
3600 2101 3812 2164 patres,

2215 2181 2273 2236 id
2304 2190 2386 2237 est
2412 2183 2716 2253 prophetae,
2744 2189 2926 2252 patres
2946 2182 3280 2237 Iudaeorum.
3300 2182 3449 2237 Deus
3466 2182 3609 2237 enim
3634 2190 3692 2237 et
3720 2198 3818 2253 per

2213 2271 2453 2341 seipsum
2499 2270 2839 2341 promiserat,
2888 2278 2946 2324 ut
2987 2270 3223 2325 Abrahae
3263 2278 3317 2326 et
3344 2269 3688 2342 frequentius
3718 2287 3817 2343 per

2211 2361 2531 2432 pr0phetas.
2573 2359 2832 2414 Probavit
2880 2360 3052 2414 Deum
3098 2359 3406 2431 suscepisse
3452 2360 3698 2428 Iudaeos,
3750 2360 3818 2415 ad

2215 2449 2363 2520 quod
2393 2447 2735 2519 probandum
2783 2448 2985 2502 nullam
3019 2448 3229 2503 induxit
3255 2448 3657 2515 auctoritatem,
3693 2448 3821 2522 quia

2214 2537 2371 2609 quasi
2401 2537 2654 2592 omnibus
2681 2544 2875 2607 patens
2901 2545 3042 2592 erat.
3073 2537 3275 2592 Probat
3301 2536 3447 2593 idem
3468 2537 3537 2593 de
3558 2538 3819 2610 gentibus

2212 2642 2315 2698 per
2342 2626 2711 2690 auctoritates,
2747 2625 2872 2697 quia
2901 2625 3149 2681 dubietas
3181 2626 3503 2697 quibusdam
3525 2626 3654 2681 inde
3677 2635 3816 2697 erat,

2213 2716 2401 2771 dicens
2426 2732 2439 2769 :
2465 2715 2545 2769 De
2564 2714 2767 2769 Iudaeis
2797 2715 2899 2770 hoc
2931 2714 3074 2771 dico.
3098 2714 3233 2771 Dico
3255 2715 3416 2769 etiam
3446 2716 3589 2787 quod
3618 2721 3818 2788 gentes

2212 2804 2414 2859 debent
2435 2803 2710 2859 honorare
2726 2804 2923 2869 Deum,
2947 2820 3133 2875 super,
3158 2803 3213 2858 id
3229 2811 3312 2859 est
3332 2803 3400 2859 de
3424 2804 3818 2861 misericordia

2213 2893 2317 2947 sibi
2348 2891 2513 2948 facta.
2544 2893 2612 2947 Et
2644 2893 2748 2947 hoc
2776 2892 2900 2947 dico
2928 2893 3077 2948 sicut
3108 2894 3387 2964 scriptum
3415 2897 3498 2948 est
3521 2892 3576 2947 in
3592 2893 3812 2964 psalmo

2214 2982 2388 3050 (Psal.
2430 2996 2570 3047 xvn,
2620 2984 2732 3050 50).
2786 2980 2925 3035 lllnd
2974 2990 3267 3051 propterea
3303 2980 3361 3035 in
3388 2981 3581 3037 ordine
3611 2982 3818 3053 psalmi

2213 3069 2322 3125 vim
2351 3070 2552 3136 habet;
2584 3085 2687 3125 vox
2736 3069 2854 3124 Filii
2880 3070 2949 3124 ad
2982 3070 3194 3125 Patrem
3228 3086 3239 3125 :
3272 3068 3318 3125 Ο
3349 3069 3580 3126 Domine
3626 3071 3815 3137 Pater,

2215 3175 2322 3231 ego
2352 3160 2654 3228 conﬁtebor
2674 3160 2776 3214 tibi
2801 3160 2863 3214 in
2887 3160 3166 3230 gentibus,
3192 3159 3246 3213 id
3276 3167 3358 3214 est
3385 3167 3581 3231 gentes
3611 3158 3817 3217 faciam

2220 3248 2467 3303 conﬁteri
2534 3247 2738 3303 nomini
2780 3254 2891 3302 tuo.
2946 3248 3061 3303 Nec
3108 3247 3285 3302 solum
3343 3246 3664 3315 conﬁtebor,
3722 3250 3823 3305 sed

2221 3338 2381 3393 etiam
2421 3338 2656 3393 cantabo
2707 3344 2761 3391 et
2807 3336 3087 3392 exsultabo
3116 3338 3337 3393 nomini
3368 3342 3484 3394 tuo.
3519 3338 3587 3393 Et
3618 3337 3820 3394 iterum

2221 3426 2350 3482 dicit
2397 3426 2675 3497 Scriptura
2711 3442 2809 3495 per
2838 3425 3031 3479 Isaiam
3064 3443 3077 3479 :
3113 3424 3159 3481 Ο
3190 3441 3289 3482 vos
3316 3430 3509 3497 gentes
3538 3428 3824 3483 lwtamini

2222 3532 2352 3571 cum
2378 3516 2537 3587 plebe
2567 3517 2689 3586 ejus
2720 3515 2851 3583 (Isa.
2880 3530 2961 3583 xx,
2997 3517 3106 3586 10,,
3139 3514 3194 3569 id
3216 3523 3298 3570 est
3318 3530 3441 3570 cum
3471 3515 3701 3582 Judaeis,
3732 3516 3826 3590 qui

2222 3604 2545 3660 dicebantur
2607 3602 2901 3674 peculiaris
2970 3603 3205 3675 populus
3259 3604 3379 3671 Dei,
3431 3619 3570 3676 quas
3624 3613 3827 3675 gentes

2224 3696 2429 3748 frustra
2459 3692 2629 3747 Isaias
2658 3692 2909 3749 invitaret
2939 3692 3008 3747 ad
3037 3692 3296 3759 laetitiam,
3318 3692 3423 3747 nisi
3444 3693 3829 3750 consideraret

2226 3798 2412 3838 earum
2443 3781 2866 3851 susceptionem.
2898 3782 2969 3836 Et
2997 3782 3226 3848 iterum,
3261 3781 3436 3837 David
3452 3781 3519 3836 de
3541 3783 3823 3853 gentibus.

2230 3872 2431 3927 Omnes
2458 3874 2671 3941 gentes,
2722 3870 2780 3924 id
2809 3877 2894 3925 est
2940 3869 3139 3941 singuli
3182 3869 3251 3926 de
3289 3870 3545 3943 gentibus
3592 3872 3829 3928 laudate

2228 3960 2529 4016 Dominum
2576 3960 2752 4029 (Psal.
2785 3973 2937 4026 cxvx,
2976 3961 3027 4029 1)
3062 3976 3075 4012 :
3110 3974 3213 4015 nec
3244 3959 3419 4014 solum
3449 3959 3683 4029 laudate,
3728 3962 3829 4016 sed

539 4067 618 4107 rae
638 4048 1024 4106 retributionis.
1055 4050 1125 4103 Et
1153 4048 1279 4120 quia
1304 4048 1500 4104 merita
1519 4056 1704 4104 vestra
1733 4055 1786 4103 et
1816 4048 2125 4103 doctrinam
2229 4049 2389 4104 etiam
2408 4065 2678 4120 magnum
2699 4048 2979 4103 ostendite
3001 4064 3129 4103 eum
3155 4048 3412 4118 operibus
3432 4048 3610 4115 bonis,
3630 4066 3830 4106 omnes

534 4155 714 4196 meam
741 4136 1120 4193 insufﬁcientia
1152 4137 1310 4194 video
1340 4138 1410 4193 ad
1430 4138 1545 4193 haec
1573 4136 1885 4205 obtinenda,
1909 4144 2037 4207 Opto
2071 4143 2130 4190 ut
2224 4138 2442 4210 populi,
2476 4138 2568 4209 qui
2614 4137 2669 4191 in
2699 4137 2930 4209 singulis
2958 4136 3212 4208 gentibus
3240 4137 3393 4193 estis.
3428 4140 3499 4193 Et
3528 4155 3736 4195 rursus
3760 4140 3831 4194 de

536 4230 703 4296 Deus,
737 4227 893 4282 dator
910 4227 1209 4299 patientia:
1229 4231 1285 4283 et
1305 4228 1517 4293 solatii,
1543 4227 1635 4283 det
1659 4224 1806 4281 vobis
1824 4242 2017 4286 sapere
2038 4226 2129 4280 id-
2231 4228 2425 4282 eodem
2441 4228 2525 4281 ait
2547 4226 2719 4281 Isaias
2754 4246 2772 4281 :
2803 4228 2973 4293 Iesse,
2996 4234 3149 4297 pater
3166 4226 3360 4293 David,
3385 4229 3496 4283 erit
3522 4228 3698 4283 radix
3717 4229 3835 4299 ejus

537 4319 747 4390 ipsum,
780 4323 838 4372 ut
857 4331 1047 4372 omnes
1067 4330 1252 4373 veram
1272 4316 1639 4387 cognitionem
1663 4314 1931 4381 habeatis,
1957 4322 2008 4369 et
2028 4314 2129 4369 hoc
2230 4314 2476 4388 originis,
2509 4315 2578 4371 de
2608 4331 2712 4387 qua
2740 4323 2995 4370 nascetur
3022 4314 3269 4369 Christus
3311 4318 3407 4389 qui
3436 4322 3708 4389 exsurget
3737 4335 3834 4374 re-

539 4408 604 4463 in
642 4407 1014 4474 alterutrum,
1067 4413 1126 4459 ut
1170 4405 1317 4477 quod
1345 4420 1478 4460 sane
1509 4404 1672 4461 sentit
1700 4404 1821 4470 iste,
1854 4403 2049 4458 sentiat
2080 4409 2132 4457 et

541 4495 635 4551 ille
663 4511 694 4551 e
714 4495 1219 4567 converso.Sapere
1248 4494 1371 4551 dico
1391 4494 1714 4559 secundum,
1744 4492 1799 4547 id
1816 4500 1897 4548 est
1915 4509 2018 4565 per
2044 4493 2133 4548 Je—

2229 4421 2356 4477 gere
2400 4409 2593 4476 gentes
2623 4423 2642 4459 :
2673 4409 2728 4460 et
2756 4407 2820 4461 in
2842 4421 2904 4461 eo
2934 4420 3065 4476 rege
3104 4404 3411 4476 sperabunt
3455 4408 3653 4477 gentes
3686 4407 3828 4476 (Isa.

2231 4508 2311 4559 x1,
2350 4494 2459 4564 10).
2509 4493 2826 4549 Exsurrexit
2870 4493 3137 4559 Christus,
3177 4492 3304 4564 quia
3333 4493 3483 4548 solus
3510 4493 3775 4551 immunis
3806 4513 3837 4551 a

538 4601 668 4641 sum
700 4583 986 4641 Christum
1015 4603 1034 4640 :
1064 4588 1131 4639 ut
1147 4599 1244 4640 vos
1260 4585 1563 4641 unanimes
1583 4599 1697 4639 uno
1714 4598 1806 4639 ore
1823 4590 1878 4638 et
1896 4597 2006 4636 una
2032 4596 2134 4637 vo-
2154 4587 2208 4648 1)
2234 4590 2460 4654 peccato
2488 4583 2629 4638 inter
2657 4598 2867 4637 omnes.
2902 4581 3143 4637 Surrexit
3171 4581 3333 4637 altius
3366 4581 3525 4639 80
3558 4584 3715 4639 tertia
3748 4586 3837 4641 die

540 4673 768 4741 luntate,
801 4680 854 4729 et
883 4673 1075 4729 eadem
1097 4672 1440 4729 confessione
1471 4671 1855 4741 honori/iactis
1878 4671 2053 4727 Deum
2082 4674 2139 4726 et

554 4765 789 4820 Patrem
815 4763 1044 4819 Domini
1062 4763 1249 4819 nostri
1276 4764 1405 4819 Jesu
1427 4761 1656 4817 Christi.
1678 4761 1803 4815 Non
1825 4759 1969 4831 quod
1989 4760 2138 4814 Deus

546 4860 603 4907 et
629 4852 791 4907 Pater
808 4849 1057 4906 diversos
1088 4848 1416 4924 signiﬁcent,
1451 4850 1549 4906 sed
1576 4850 1630 4904 in
1663 4848 1859 4904 eodem
1888 4847 2137 4903 diversas

537 4956 731 4997 causas
780 4940 1068 5013 assignat:
1103 4939 1292 4996 dicens
1339 4955 1464 4995 eum
1510 4936 1978 4994 honoriﬁcandum
2024 4943 2135 4991 tum

537 5029 663 5103 quia
692 5030 841 5085 Deus
871 5036 971 5099 est,
996 5036 1110 5085 tum
1138 5029 1267 5101 quia
1286 5030 1447 5084 Pater
1476 5035 1559 5083 est
1578 5026 1797 5082 Domini
1814 5027 1945 5081 Jesu
1975 5025 2137 5081 Chri-

537 5118 626 5186 sti,
658 5134 759 5190 per
790 5135 950 5191 quem
983 5133 1145 5175 omne
1164 5119 1367 5173 bonum
1397 5116 1645 5188 provenit
1672 5115 1850 5170 nobis.

610 5210 850 5281 Propter
895 5208 1057 5279 quod,
1107 5206 1163 5262 id
1212 5215 1313 5262 est.
1337 5214 1395 5261 ut
1424 5205 1657 5277 idipsum
1689 5203 1930 5275 sapiatis,
1965 5211 2016 5259 et
2045 5218 2137 5259 eo-

537 5298 664 5354 dem
695 5296 878 5353 animo
908 5312 1123 5368 unaque
1152 5294 1498 5352 confessione
1532 5295 1706 5349 Deum
1727 5291 2138 5361 honoriﬁcetis;

538 5386 813 5458 suscipite
842 5402 942 5442 vos
992 5385 1254 5453 invicem,
1287 5391 1345 5439 ut
1376 5382 1514 5438 alter
1543 5382 1772 5437 alterum
1799 5382 1946 5437 omni
1975 5381 2136 5437 beni-

538 5476 746 5548 gnitate
776 5473 1033 5545 suscipiat
1065 5491 1078 5527 :
1111 5472 1180 5527 ad
1218 5471 1596 5526 instruendum
1626 5479 2009 5542 supportantes
2038 5488 2137 5527 vos

540 5566 599 5620 in
624 5564 964 5619 alterutrum.
1020 5562 1300 5633 Suscipite
1350 5560 1491 5626 dico,
1520 5563 1670 5616 sicut
1700 5565 1753 5615 et
1787 5562 2043 5619 Christus
2072 5564 2137 5616 in

535 5669 737 5726 magna
780 5650 1063 5706 altitudine
1110 5651 1356 5721 suscepit
1406 5666 1516 5706 vos.
1569 5649 1817 5720 Suscepit
1862 5650 2046 5722 utique
2072 5651 2136 5705 in

539 5744 829 5801 honorem.
877 5739 1067 5795 Honor
1112 5737 1378 5794 maximus
1426 5737 1525 5796 fuit
1571 5737 1847 5796 remittere
1891 5746 2132 5813 peccata,

2236 4678 2511 4743 resumpta
2531 4671 2957 4741 incorruptione,
2990 4686 3115 4726 cum
3144 4671 3292 4726 Deus
3314 4672 3473 4727 Pater
3491 4672 3641 4727 dedit
3672 4689 3839 4730 omne

2230 4759 2492 4830 judicium
2542 4760 2667 4814 huic
2715 4759 2826 4815 ﬁlio
2874 4760 3015 4832 regi.
3067 4760 3263 4815 Moneo
3310 4768 3368 4814 ut
3395 4776 3494 4816 vos
3522 4760 3839 4833 suscipiatis

2236 4848 2491 4916 invicem,
2525 4848 2623 4904 sed
2653 4849 2775 4920 quia
2825 4864 2928 4904 nec
2970 4848 3175 4903 viribus
3202 4849 3422 4915 vestris,
3452 4866 3555 4904 nec
3584 4850 3839 4906 doctrina

2235 4953 2377 5004 mea,
2410 4938 2513 4994 hoc
2554 4936 2815 5009 perﬁcere
2845 4938 3094 5008 potestis,
3124 4953 3325 5009 precor
3368 4946 3425 4993 nt
3456 4940 3601 4995 Deus
3633 4944 3761 5011 spei
3794 4942 3850 4996 in

2236 5042 2397 5099 quem
2428 5043 2610 5097 spero,
2637 5034 2689 5081 et
2705 5043 2803 5083 vos
2826 5042 3052 5097 sperare
3070 5027 3303 5097 debetis,
3332 5029 3549 5101 repleat
3569 5044 3661 5084 vos
3684 5031 3845 5085 omni

2235 5116 2458 5186 gaudio,
2491 5116 2545 5170 id
2568 5124 2649 5171 est
2663 5114 2994 5187 perfectione
3025 5116 3332 5171 dilectionis
3366 5134 3379 5170 :
3412 5117 3559 5187 quod
3580 5119 3844 5189 gaudium

2234 5213 2291 5259 ut
2321 5204 2478 5277 digni
2508 5205 2626 5259 sitis
2675 5204 2896 5271 habere,
2931 5205 3139 5276 repleat
3167 5220 3265 5260 vos
3303 5222 3461 5277 pace,
3495 5204 3549 5260 id
3580 5214 3663 5260 est
3692 5207 3847 5262 omni

2236 5294 2554 5350 concordia.
2592 5295 2738 5349 Pace
2770 5294 2894 5349 dico
2926 5294 3217 5348 reformata
3253 5294 3317 5349 in
3346 5295 3641 5361 credendo,
3670 5295 3731 5351 id
3764 5306 3849 5352 est

2234 5384 2291 5439 in
2320 5399 2425 5438 una
2473 5383 2778 5454 eademque
2828 5382 3140 5456 integritate
3193 5381 3338 5449 ﬁdei,
3390 5388 3457 5438 ut
3481 5383 3673 5438 eadem
3706 5384 3848 5440 ﬁdes

2235 5472 2394 5528 faciat
2440 5487 2630 5544 pacem
2681 5471 2737 5525 in
2778 5472 2957 5526 vobis.
2992 5473 3105 5527 Pax
3137 5487 3269 5527 vero
3297 5472 3498 5526 nutriat
3529 5473 3799 5545 gaudium
3832 5493 3847 5529 :

2236 5563 2451 5634 repleat
2469 5562 2590 5616 dico
2608 5560 2738 5630 ﬁde,
2754 5576 2908 5632 pace,
2931 5569 2982 5614 et
2998 5562 3221 5633 gaudio,
3244 5565 3309 5616 ut
3320 5561 3617 5616 abundetis
3636 5563 3703 5617 in
3726 5581 3841 5636 spe,

2236 5651 2292 5705 id
2317 5658 2399 5705 est
2437 5657 2493 5705 ut
2526 5656 2726 5721 quanto
2774 5648 2970 5704 melius
3001 5651 3199 5723 agetis,
3232 5648 3436 5704 ﬁrmius
3466 5657 3520 5705 et
3550 5650 3850 5707 abundan-

2238 5739 2343 5795 tius
2363 5738 2595 5812 speretis
2618 5753 2631 5794 :
2648 5745 2700 5794 et
2719 5753 2789 5794 ne
2812 5753 2940 5810 spes
2960 5746 3146 5795 vestra
3163 5738 3530 5812 perturbetur,
3555 5739 3847 5799 abundetis
