3970 6434
183 318 287 374 117

838 318 1222 377 EXPOSITIO
1260 319 1335 377 IN
1368 319 1754 379 EPISTOLAS
1791 319 2017 377 PAULI.
2048 352 2119 364 —
2145 322 2220 381 IN
2256 323 2477 381 EPIST.
2517 325 2614 382 AD
2651 323 2824 382 ROM.

3391 327 3495 380 118

192 445 257 500 in
286 445 507 503 virtute
538 446 787 520 Spiritus
815 448 1023 515 sancti,
1055 446 1110 502 id
1136 454 1220 503 est
1276 446 1512 519 Spiritus
1568 455 1791 505 sanctus
1811 447 1868 509 Α
1894 448 2249 507 Hierusalem
2280 468 2460 525 usqua
2480 452 2552 508 ad
2573 452 2869 523 Illyricum
2886 467 3032 507 mare
3057 468 3070 509 :
3097 466 3200 508 nec
3212 457 3362 508 recta
3380 448 3491 518 via,

195 533 449 605 copiosas
479 535 629 592 vires
657 535 920 592 ministret
940 536 1095 592 vobis
1126 537 1515 608 perseverandi
1542 537 1598 593 in
1627 537 1793 593 bono.

267 623 470 679 Paulus
499 624 689 697 incipit
716 625 805 682 hic
834 626 1124 682 convenire
1176 626 1444 699 quosdam
1496 627 1793 694 Romanos,

194 711 425 768 laudans
457 730 554 769 eos
583 715 653 771 de
706 713 1013 787 integritate
1041 714 1169 770 ﬁdei
1200 715 1268 771 de
1298 715 1636 787 plenitudine
1667 716 1797 771 dile-

196 801 392 857 ctionis
422 811 475 858 et
505 804 684 859 omnis
714 803 980 861 scientia.
1023 804 1132 860 Sed
1191 812 1376 860 tamen
1403 803 1795 877 aliquantulum

201 891 376 964 tangit
422 907 519 948 eos
552 911 568 959 ;
603 892 728 965 quia
776 909 887 949 non
931 901 1280 950 correxerunt
1324 892 1796 966 imperfectionem

198 981 498 1036 errantium
530 981 778 1049 fratrum,
811 999 937 1039 cum
967 982 1107 1038 bene
1135 991 1381 1054 possent,
1414 983 1540 1056 quia
1570 983 1795 1055 sapien-

193 1077 276 1125 tes
311 1089 326 1137 ;
358 1086 485 1127 cum
518 1071 800 1141 deberent,
835 1072 963 1144 quia
991 1088 1086 1128 eos
1114 1072 1406 1145 diligerent
1435 1091 1450 1139 ;
1484 1088 1610 1129 cum
1636 1073 1797 1128 etiam

195 1176 429 1216 necesse
468 1162 574 1217 hoc
606 1169 770 1228 esset,
807 1161 933 1234 quia
973 1161 1187 1229 Paulus,
1243 1161 1482 1217 intentus
1512 1161 1652 1228 aliis,
1686 1179 1797 1218 non

193 1249 529 1306 sutiicienter
556 1266 756 1307 vacare
801 1258 990 1322 posset
1020 1251 1349 1307 correctioni
1378 1252 1746 1308 Romanorum
1778 1270 1794 1319 ;

195 1339 355 1411 quasi
384 1339 597 1396 diceret
631 1355 644 1394 :
677 1340 1023 1396 Conscientia
1055 1348 1240 1396 vestra
1273 1349 1420 1397 certa
1442 1349 1524 1397 est
1560 1341 1629 1397 de
1665 1341 1799 1397 inte-

194 1427 392 1501 gritate
424 1427 552 1484 fidei
581 1445 771 1485 eorum
807 1444 819 1483 :
852 1429 1103 1485 similiter
1132 1430 1295 1485 etiam
1323 1446 1420 1501 ego
1458 1430 1577 1502 ipse
1606 1435 1797 1487 certus

196 1534 345 1585 sum,
367 1521 585 1590 fratres
604 1520 737 1585 mei,
761 1518 829 1575 de
857 1520 1026 1585 vobis,
1059 1521 1325 1591 quoniam
1342 1520 1453 1592 ipsi
1468 1520 1631 1591 pleni
1661 1520 1797 1575 estis

193 1608 301 1677 ﬁde
332 1612 390 1663 et
414 1607 743 1664 dilectione.
767 1608 882 1664 Nec
896 1606 1121 1679 litigatis
1142 1624 1266 1664 cum
1286 1607 1545 1664 fratribus
1566 1608 1793 1664 vestris:

196 1697 401 1768 repleti
420 1699 579 1753 omni
608 1698 850 1753 scientia
879 1717 899 1765 ;
932 1699 1016 1753 ita
1038 1701 1101 1752 ut
1120 1698 1348 1769 possitis
1369 1712 1598 1754 monere
1619 1698 1798 1754 alter-

192 1790 417 1852 utrum,
451 1786 506 1840 id
537 1795 621 1842 est
647 1785 911 1842 instruere
943 1784 1216 1841 inﬁrmam
1250 1785 1416 1842 ﬁdem
1447 1786 1699 1842 aliorum.
1729 1788 1797 1843 Et

193 1874 320 1931 licet
349 1874 501 1946 pleni
531 1874 651 1930 sitis
680 1875 970 1931 dilectione
1018 1882 1072 1930 et
1122 1875 1367 1941 scientia,
1401 1883 1583 1932 tamen
1616 1876 1798 1932 auda-

196 1967 338 2032 cius,
371 1964 429 2019 id
460 1972 544 2021 est
574 1981 698 2021 cum
743 1964 1077 2037 aliquantula
1124 1964 1358 2021 audacia
1402 1966 1612 2039 scripsi
1652 1966 1800 2022 vobis

193 2056 409 2126 fratres
440 2058 724 2127 exparte,
756 2053 812 2109 id
842 2062 924 2109 est
953 2054 1254 2110 secundum
1286 2070 1409 2110 eam
1431 2062 1659 2125 partem,
1695 2071 1800 2126 qua

195 2143 587 2217 aliquantulum
618 2142 939 2214 imperfecte
967 2142 1201 2216 agendo,
1233 2142 1408 2217 litigia
1437 2142 1666 2199 fratrum
1691 2159 1801 2199 non

196 2231 634 2304 compescuistis.
670 2232 878 2305 Scripsi
907 2232 1129 2304 quidem
1159 2248 1268 2289 non
1289 2249 1388 2288 vos
1409 2233 1631 2299 docens,
1662 2249 1800 2305 quos

196 2322 474 2394 sapientes
489 2322 627 2393 scio,
660 2322 759 2378 sed
791 2325 1067 2385 tanquam
1100 2323 1373 2378 reducens
1394 2339 1483 2379 vos
1504 2322 1568 2378 in
1589 2339 1801 2379 memo-

195 2413 342 2468 riam
394 2427 587 2468 eorum
637 2428 760 2483 quae
807 2411 972 2467 credo
1018 2427 1116 2467 vos
1164 2411 1333 2481 scire,
1381 2428 1490 2467 non
1537 2410 1667 2466 satis
1699 2427 1799 2466 eo-

195 2518 314 2556 rum
336 2499 774 2557 reminiscimini.
800 2500 1059 2557 Dicerent
1086 2499 1162 2554 illi
1195 2515 1207 2554 :
1242 2499 1384 2570 Quia
1404 2499 1676 2572 perfectos
1697 2516 1800 2557 nos

193 2590 399 2658 fateris,
434 2605 607 2662 quare
655 2605 756 2645 nos
805 2589 1087 2661 redarguis
1117 2589 1144 2642 ?
1173 2589 1453 2645 Audacter
1499 2590 1575 2645 ait
1603 2589 1799 2645 Paulus

194 2684 425 2754 propter
444 2681 715 2752 gratiam,
749 2677 803 2733 id
833 2686 916 2734 est
937 2686 1165 2750 propter
1184 2678 1505 2750 dignitatem
1527 2678 1800 2750 apostola-

197 2777 301 2836 tus,
334 2786 463 2843 quas
504 2768 642 2824 data
670 2771 757 2824 est
799 2768 942 2824 mihi
972 2786 1007 2823 a
1044 2770 1175 2838 Deo,
1210 2776 1262 2823 et
1289 2768 1393 2824 hoc
1422 2768 1800 2841 magisterium

194 2875 375 2916 meum
404 2858 556 2932 cogit
584 2874 672 2913 me
703 2864 762 2912 ut
791 2872 890 2913 vos
916 2857 997 2913 sic
1026 2857 1374 2913 admoneam.
1401 2858 1536 2912 Data
1554 2864 1636 2912 est
1666 2856 1799 2912 mihi

196 2947 366 3020 gratia
396 2946 547 3016 ideo,
571 2946 754 3002 utsim
776 2946 1041 3003 minister
1056 2947 1189 3002 Iesu
1208 2945 1418 3003 Christi
1439 2949 1501 3002 in
1517 2947 1797 3017 gentibus,

194 3038 249 3092 id
279 3044 359 3092 est
391 3052 496 3108 per
526 3034 888 3090 ministerium
920 3051 1100 3090 meum
1122 3044 1315 3108 gentes
1338 3035 1621 3105 subjiciam
1643 3035 1800 3091 Chri-

197 3134 300 3196 sto,
331 3125 707 3194 sanctiﬁcans
741 3125 1108 3197 Euangelium
1140 3125 1240 3180 Dei
1272 3140 1290 3176 :
1323 3124 1471 3196 quod
1520 3122 1799 3180 sanctifico

202 3217 328 3271 dum
356 3216 509 3271 idem
540 3229 742 3285 operor
769 3214 915 3286 quod
944 3213 1203 3285 praedico.
1243 3214 1619 3283 Sancti/leam
1648 3213 1793 3283 ideo,

200 3310 262 3363 ut
275 3306 383 3376 ﬁat
402 3307 643 3376 accepta
666 3304 780 3359 Deo
809 3302 1016 3359 oblatio
1044 3305 1323 3378 gentium,
1358 3302 1412 3358 id
1442 3311 1525 3358 est
1546 3318 1651 3376 ego
1673 3301 1798 3358 offe-

200 3412 325 3451 rens
358 3402 559 3467 gentes
588 3400 845 3463 acceptus
877 3392 979 3446 sim
1009 3393 1144 3459 Deo,
1177 3392 1264 3448 vel
1303 3400 1360 3447 ut
1379 3400 1573 3466 gentes
1606 3392 1798 3448 oblatae

202 3492 440 3555 acceptas
462 3482 573 3537 sint
586 3482 721 3538 Deo.
738 3480 953 3538 Oblatio
974 3481 1095 3538 dico
1115 3488 1419 3554 accepta,et
1436 3482 1799 3551 sanctiﬁcata

202 3578 261 3632 in
296 3574 522 3648 Spiritu
552 3575 768 3637 sancto,
803 3571 928 3643 quia
957 3588 1059 3643 per
1085 3570 1493 3643 impositionem
1511 3587 1704 3626 manus
1727 3570 1798 3626 do

202 3663 455 3735 Spiritum
486 3668 757 3731 sanctum,
782 3661 929 3734 quod
958 3661 1427 3733 pseudodoctores
1468 3660 1653 3717 facere
1694 3676 1797 3716 ne-

206 3761 420 3825 queunt.
453 3753 528 3807 Et
555 3750 680 3822 quia
709 3748 987 3806 sanctifico
1016 3750 1398 3824 Evangelium,
1431 3750 1600 3823 igitur
1628 3750 1798 3806 habeo

204 3844 461 3913 gloriam,
514 3839 575 3894 id
603 3847 685 3895 est
712 3839 920 3912 glorior
948 3839 1179 3895 multum
1220 3840 1275 3894 in
1306 3840 1609 3912 apostolatu
1639 3855 1789 3895 meo.

208 3932 451 3989 Gloriam
482 3930 613 3986 dico
640 3928 987 3985 referendam
1019 3945 1129 3985 non
1150 3929 1218 3985 ad
1247 3946 1355 3999 me,
1380 3929 1477 3985 sed
1508 3929 1580 3985 ad
1599 3930 1796 3995 Deum,

207 4030 253 4076 et
282 4022 384 4077 hoc
412 4022 479 4077 in
506 4019 730 4076 Christo
750 4020 903 4087 Jesu,
937 4018 993 4073 id
1023 4027 1101 4075 est
1132 4035 1233 4091 per
1263 4019 1558 4086 Christum,
1591 4018 1684 4091 qui
1712 4035 1800 4075 me

205 4109 544 4167 consecravit
572 4108 880 4180 apostolum
914 4123 927 4162 :
958 4107 1083 4165 ideo
1139 4108 1313 4164 habeo
1370 4108 1621 4182 gloriam,
1668 4109 1801 4182 quia

204 4216 313 4256 non
352 4202 492 4257 adeo
546 4198 695 4271 loqui
726 4197 943 4271 aliquid
973 4213 1166 4255 eorum
1210 4215 1333 4270 qua:
1382 4197 1638 4254 Christus
1684 4212 1801 4253 non

206 4291 376 4361 efﬁcit
406 4306 510 4362 per
534 4304 623 4344 me
654 4286 986 4355 ministrum,
1021 4297 1078 4343 ut
1105 4287 1313 4343 faciunt
1341 4288 1572 4360 pseudo,
1606 4286 1698 4359 qui
1726 4286 1803 4342 di-

208 4387 329 4436 cunt
358 4396 419 4436 se
452 4377 655 4435 fecisse
687 4394 809 4450 quae
837 4393 1116 4450 nunquam
1161 4377 1427 4434 fecerunt.
1458 4377 1538 4433 Ea
1568 4392 1678 4433 non
1713 4377 1801 4432 lo-

210 4486 340 4542 quor
367 4485 492 4542 quae
522 4484 627 4539 per
672 4483 760 4523 me
807 4483 918 4522 non
965 4466 1128 4523 efﬁcit
1157 4468 1325 4534 Deus,
1377 4467 1475 4523 sed
1513 4467 1712 4539 loquor
1741 4482 1802 4522 ea

1898 537 1995 592 sed
2022 555 2127 610 per
2144 541 2474 607 circuitum,
2499 540 2553 595 id
2577 548 2660 596 est
2689 541 2909 614 singula
2936 540 3061 598 loca
3077 541 3492 599 circumeundo.

1900 625 2052 684 Si
2087 629 2178 685 Sic
2208 634 2403 686 autem
2428 630 3141 704 pradicaviEvangelium,
3183 647 3299 687 non
3321 629 3379 685 in
3393 632 3496 687 Ju-

1898 716 2018 772 daea
2038 716 2135 774 ubi
2148 716 2405 775 Christus
2425 721 2760 775 nominatus
2776 724 2957 787 est,ne
2968 720 3312 791 aediﬁcarent
3323 737 3499 793 super

1897 807 2155 863 alienum
2183 809 2653 879 fundamentum,
2705 808 2760 863 id
2788 816 2871 864 est
2902 826 3070 882 super
3115 808 3281 867 ﬁdem
3330 825 3496 884 quam

1898 893 1990 949 alii
2017 896 2252 967 apostoli
2283 897 2737 969 praedicaverunt.

1967 984 2084 1040 Nec
2109 993 2291 1041 tamen
2321 987 2439 1043 haec
2467 1002 2635 1043 causa
2664 986 2764 1043 fuit
2790 1004 2960 1061 quare
2988 988 3065 1044 ibi
3093 1006 3202 1045 non
3232 989 3499 1061 praedica-

1896 1073 2050 1143 verit,
2082 1075 2180 1129 sed
2208 1075 2334 1147 quia
2365 1077 2511 1131 Deus
2528 1076 2811 1150 adfgentes
2833 1094 2957 1134 eum
2978 1078 3192 1134 direxit.
3225 1080 3303 1136 Ne
3322 1080 3497 1148 aediﬁ-

1897 1180 2086 1219 carem
2102 1164 2225 1221 dico
2245 1164 2324 1220 sic
2351 1183 2364 1230 ;
2387 1166 2484 1222 sed
2512 1168 2665 1223 sicut
2684 1169 2964 1241 scriptum
2982 1173 3066 1225 est
3091 1169 3147 1223 in
3164 1168 3328 1227 Isaia:
3360 1170 3495 1226 Gen-

1901 1255 1985 1308 tes
2035 1254 2233 1326 quibus
2262 1271 2379 1310 non
2424 1259 2509 1311 est
2544 1259 2964 1314 annuntiatum
3002 1256 3069 1314 de
3099 1274 3181 1325 eo,
3231 1259 3501 1315 videbunt

1898 1342 2053 1411 (Isai.
2087 1358 2182 1411 LII,
2214 1346 2302 1413 15)
2335 1344 2533 1412 Deum,
2550 1350 2604 1401 et
2627 1348 2723 1419 qui
2742 1364 2846 1403 nec
2869 1347 3028 1402 etiam
3052 1347 3383 1415 audierunt,
3412 1349 3499 1404 in-

1901 1432 2185 1502 telligent.
2226 1434 2464 1506 Propter
2492 1434 2638 1507 quod
2667 1435 2791 1507 quia
2820 1436 3044 1491 rudibus
3082 1443 3133 1492 et
3163 1436 3320 1509 quasi
3350 1437 3495 1510 lapi—

1898 1519 2016 1575 deis
2045 1522 2431 1592 praedicabam,
2478 1525 2799 1596 plurimum
2826 1526 3171 1599 impediebar
3202 1527 3394 1583 venire
3422 1528 3495 1583 ad

1898 1624 2011 1675 vas,
2044 1624 2076 1665 ο
2108 1611 2355 1677 Romani,
2388 1628 2553 1683 quare
2603 1629 2832 1670 necesse
2863 1622 3009 1670 esset
3038 1622 3095 1670 ut
3122 1631 3221 1672 vos
3252 1615 3346 1687 qui
3379 1615 3501 1672 sani

1899 1698 2084 1767 eratis,
2116 1698 2358 1755 infirmos
2403 1700 2762 1758 aedificaretis.
2808 1702 2953 1760 Olim
2984 1704 3324 1776 impediebar
3356 1723 3371 1771 ;
3403 1706 3500 1761 sed

1827 1814 1879 1875 Β
1901 1804 2057 1844 nunc
2087 1789 2331 1846 ulterius
2353 1804 2469 1846 non
2501 1792 2709 1848 habens
2741 1794 2924 1849 locum
2954 1795 3017 1849 in
3049 1794 3137 1849 his
3158 1796 3499 1867 regionibus,

1903 1876 2027 1948 quia
2056 1893 2249 1932 omnes
2279 1880 2532 1935 conversi
2562 1888 2720 1935 sunt:
2745 1882 2954 1937 habens
2994 1886 3189 1939 autem
3214 1885 3500 1956 cupidita-

1905 1970 2020 2022 tem
2049 1967 2313 2023 veniendi
2342 1968 2415 2023 ad
2437 1986 2549 2035 vos,
2581 1986 2656 2025 ea:
2677 1971 2880 2026 multis
2890 1971 3017 2042 jam
3051 1972 3502 2045 praecedentibus

1901 2056 2089 2121 annis,
2124 2055 2180 2109 in
2210 2072 2318 2129 quo
2349 2065 2539 2113 notare
2587 2059 2815 2130 potestis
2860 2068 3118 2131 quantam
3162 2060 3503 2134 diligentiam

1901 2144 2134 2200 habeam
2161 2145 2231 2200 ad
2261 2161 2379 2201 vos.
2432 2148 2570 2203 Cum
2619 2164 2725 2221 ego
2772 2150 3055 2220 proﬁcisci
3083 2167 3296 2223 cwpero
3326 2153 3389 2208 in
3416 2152 3508 2208 Hi-

1900 2235 2187 2306 spaniam,
2218 2252 2375 2308 spero
2395 2237 2543 2308 quod
2558 2238 2779 2293 videam
2800 2255 2913 2305 vos,
2936 2239 3258 2309 praeteriens
3274 2257 3372 2312 per
3384 2257 3502 2310 vos,

1901 2339 2011 2379 non
2042 2323 2187 2379 enim
2219 2340 2387 2379 causa
2415 2334 2499 2381 est
2528 2343 2697 2399 quare
2728 2343 2975 2383 remorer
3004 2328 3286 2385 vobiscum
3316 2330 3410 2403 qui
3440 2329 3506 2385 ﬁ-

1900 2413 2053 2469 deles
2084 2412 2236 2469 estis.
2277 2415 2500 2471 Videam
2532 2432 2625 2472 vos
2662 2415 2805 2483 dico,
2830 2421 2889 2472 et
2915 2416 3165 2474 deducar
3192 2420 3383 2476 illuca
3404 2437 3496 2477 vo-

1901 2503 2002 2569 bis,
2038 2504 2088 2558 si
2118 2511 2296 2559 tamen
2344 2505 2565 2575 fruitus
2591 2508 2754 2578 prius
2773 2509 2939 2577 fuero
2966 2508 3111 2563 vobis
3128 2524 3203 2565 ea:
3220 2513 3409 2579 parte,
3442 2510 3498 2565 id

1902 2599 1984 2646 est
2012 2591 2310 2665 aliquando
2341 2594 2666 2649 remorando
2717 2594 3002 2650 vobiscum
3035 2614 3049 2664 ;
3085 2596 3212 2669 quia
3239 2597 3326 2653 hic
3355 2598 3500 2654 ulte-

1904 2680 2015 2735 rius
2042 2680 2223 2737 locum
2252 2696 2363 2737 non
2392 2681 2569 2738 habeo
2600 2690 2653 2738 et
2680 2683 2748 2738 ad
2779 2699 2877 2739 vos
2922 2685 3157 2741 transire
3184 2686 3365 2758 cupio.
3400 2688 3507 2762 Igi-

1903 2777 1991 2824 tur
2022 2770 2169 2843 quod
2213 2771 2367 2842 prius
2397 2770 2704 2827 faciendum
2736 2781 2819 2828 est
2849 2774 3138 2845 operabor,
3172 2776 3383 2832 scilicet
3410 2776 3502 2834 ibo

1902 2859 2249 2915 Hierusalem
2292 2860 2602 2917 ministrare
2652 2863 2873 2918 sanctis.
2918 2862 3170 2932 'Quando
3213 2866 3407 2921 Petrus
3450 2874 3506 2922 et

1903 2949 1995 3021 qui
2026 2964 2153 3005 cum
2182 2966 2248 3005 eo
2278 2957 2429 3006 erant
2486 2950 2652 3007 Paulo
2684 2959 2737 3006 et
2765 2951 3030 3008 Barnabas
3058 2953 3275 3009 dextras
3297 2954 3502 3012 dedere

1903 3038 2179 3094 societatis
2210 3040 2418 3106 (Calat.
2456 3055 2515 3107 ιι,
2550 3042 2627 3110 9),
2660 3040 3005 3110 injunxerunt
3047 3043 3147 3113 eis,
3196 3051 3255 3098 ut
3295 3043 3350 3098 in
3394 3045 3504 3101 Ec-

1903 3127 2085 3183 clesiis
2128 3129 2375 3201 gentium
2433 3129 2786 3185 collectiones
2844 3130 3104 3200 facerent,
3153 3132 3297 3189 unde
3344 3133 3505 3189 mini-

1903 3225 2139 3273 strarent
2188 3218 2396 3274 sanctis
2442 3218 2498 3273 in
2554 3218 2894 3275 Hierusalem
2926 3262 2941 3288 ,
3000 3221 3196 3294 quibus
3251 3221 3503 3279 intideles

1900 3307 2085 3363 omnia
2112 3307 2469 3364 abstulerant.
2514 3308 2718 3364 Vadam
2748 3310 3084 3367 ministrare
3112 3313 3348 3380 sanctis,
3369 3314 3503 3386 quid

1900 3396 2220 3452 Macedonia
2251 3400 2307 3452 et
2336 3397 2566 3463 Achaia,
2600 3397 2657 3452 id
2678 3405 2761 3452 est
2777 3398 3040 3455 Ecclesiae
3061 3414 3245 3455 eorum
3265 3401 3501 3473 probum

1897 3484 2284 3554 judicaverunt
2297 3489 2486 3557 facere
2507 3487 2760 3560 aliquam
2775 3489 3171 3545 collectionem
3199 3490 3263 3546 in
3277 3506 3499 3563 paupe-

1902 3591 1993 3630 res
2018 3580 2348 3631 sanctorum
2370 3575 2745 3643 deferendam,
2766 3576 2820 3631 id
2842 3586 2944 3644 est,
2961 3578 3016 3632 in
3039 3595 3311 3650 pauperes
3332 3595 3499 3637 sanc-

1902 3671 2008 3732 tos,
2033 3666 2129 3737 qui
2174 3668 2311 3721 sunt
2358 3666 2692 3721 Jerusalem.
2745 3667 3117 3723 Probaverunt
3147 3668 3367 3740 quidem
3393 3671 3499 3727 hoc

1901 3768 2012 3810 non
2029 3769 2061 3809 a
2083 3753 2241 3810 nobis
2264 3753 2455 3821 coacti,
2483 3755 2598 3817 sed.
2625 3756 2758 3829 quia
2776 3757 2861 3811 ita
2878 3758 3100 3829 placuit
3120 3758 3200 3814 eis
3222 3767 3311 3827 ;et
3328 3758 3374 3814 si
3390 3776 3499 3816 non

1901 3843 2161 3914 placeret,
2195 3844 2470 3901 debitores
2500 3853 2682 3901 tamen
2728 3851 2867 3903 sunt
2895 3863 3091 3904 eorum
3120 3855 3174 3903 et
3216 3864 3282 3904 ex
3312 3848 3499 3905 debito

1903 3932 2090 3989 facere
2118 3942 2413 4005 oporteret.
2448 3936 2591 3991 Vere
2621 3936 2903 3993 debitores
2933 3944 3058 3992 sunt
3088 3954 3299 3994 eorum.
3334 3939 3498 4004 Nam,

1902 4023 1952 4079 si
1973 4024 2217 4095 gentiles
2234 4025 2382 4095 facti
2392 4028 2530 4081 sunt
2550 4025 2863 4098 participes
2896 4028 3293 4098 spiritualium
3322 4027 3501 4085 bono-

1907 4128 2028 4166 rum
2042 4129 2235 4168 eorum
2249 4114 2718 4186 sanctorum,quia
2732 4114 2903 4171 sancti
2920 4115 2998 4170 illi
3019 4115 3321 4187 spiritualia
3332 4116 3506 4190 genti-

1908 4200 2014 4256 bus
2044 4200 2509 4273 ministraverunt,
2540 4203 2743 4259 debent
2764 4206 2937 4260 etiam
2958 4212 3150 4276 gentes
3170 4206 3503 4263 ministrare

1907 4293 2129 4347 sanctis
2150 4292 2213 4346 in
2235 4293 2581 4349 carnalibus.
2607 4291 3063 4366 Quandoquidem
3086 4295 3190 4351 hoc
3208 4295 3340 4351 mihi
3356 4295 3509 4368 prius

1904 4377 2217 4435 faciendum
2246 4388 2434 4447 restat,
2469 4382 2652 4452 igitur
2679 4398 2811 4438 cum
2833 4382 2933 4439 hoc
2945 4376 3513 4454 consummavero,'et

1906 4485 2029 4524 cum
2060 4469 2442 4541 assignavero,
2500 4470 2555 4524 id
2586 4479 2687 4540 est,
2722 4472 2825 4525 sub
2854 4471 3036 4544 sigillo
3084 4474 3166 4529 eis
3220 4474 3514 4531 reddidero

210 4575 323 4630 quae
351 4574 450 4631 per
468 4573 560 4613 me
579 4556 828 4613 Christus
843 4554 1023 4623 efficit,
1048 4558 1111 4613 in
1132 4557 1506 4613 obedientiam
1519 4557 1799 4628 gentium,
1822 4550 1876 4610 D
1908 4561 2167 4631 fructum
2183 4559 2689 4631 hunc,proﬁciscar
2701 4561 2761 4615 in
2774 4561 3107 4633 Hispaniam
3123 4562 3394 4618 transiens
3407 4581 3515 4637 per

207 4647 259 4703 id
281 4656 361 4704 est
390 4656 449 4703 ut
480 4646 568 4703 vel
598 4662 705 4719 ego
732 4646 988 4702 obediam
1018 4645 1122 4718 ipsi
1148 4646 1203 4701 in
1235 4646 1508 4719 gentibus,
1542 4645 1629 4702 vel
1658 4662 1800 4718 gen-

212 4745 287 4793 tes
312 4754 408 4810 per
436 4753 528 4792 me
558 4735 817 4792 obediant
848 4735 917 4792 ei.
947 4736 1129 4807 Efficit
1167 4735 1288 4792 dico
1349 4753 1453 4809 per
1481 4752 1571 4792 me
1618 4737 1798 4803 verbo,

215 4827 450 4883 Christus
481 4825 630 4883 enim
660 4824 898 4897 loquitur
926 4825 982 4881 in
1008 4842 1115 4881 me.
1167 4823 1347 4882 Efficit
1393 4827 1571 4882 etiam
1607 4827 1799 4898 factis,

213 4915 263 4971 id
291 4924 371 4972 est
412 4916 469 4971 in
527 4914 791 4986 operibus
847 4913 1003 4982 meis,
1053 4913 1181 4987 quia
1226 4915 1370 4987 quod
1426 4914 1566 4971 bene
1612 4914 1806 4987 loquor

215 5020 418 5077 operor.
452 5005 653 5077 Efﬁcit
683 5003 880 5060 dicoin
905 5005 1116 5060 virtute
1138 5006 1435 5076 signorum
1450 5008 1509 5060 et
1524 5004 1806 5077 prodigio-

215 5111 351 5163 rum,
384 5095 455 5150 ad
488 5110 615 5167 qua:
647 5091 899 5149 facienda
926 5092 1019 5148 dat
1046 5093 1176 5148 mihi
1206 5094 1477 5150 virtutem.
1513 5093 1679 5164 Signa
1708 5108 1809 5148 vo-

219 5192 314 5251 cat,
343 5192 399 5240 ut
427 5182 787 5255 depulsiones
833 5182 1155 5239 morborum
1176 5225 1189 5249 ,
1209 5177 1509 5256 prodigia,
1542 5182 1807 5239 suscitare

218 5280 475 5329 mortuos.
518 5271 903 5344 Prodigiorum
934 5270 1059 5327 dico
1090 5271 1355 5327 factorum
1387 5271 1441 5326 in
1465 5270 1661 5327 virtute
1684 5272 1809 5344 Spi-

223 5364 360 5419 ritus
389 5364 603 5421 sancti.
640 5361 737 5418 Ve!
770 5360 935 5417 efficit
983 5360 1231 5417 Christus
1258 5377 1360 5432 per
1405 5377 1494 5417 me
1524 5361 1579 5416 in
1609 5359 1810 5417 virtute

228 5451 446 5523 Spiritus
478 5450 674 5519 sancti,
710 5467 873 5523 quem
916 5467 1015 5522 per
1065 5466 1261 5507 manus
1302 5466 1457 5506 meas
1501 5449 1800 5505 distribuit.

234 5541 332 5609 Sic,
348 5539 789 5616 inquam,eliicit,
805 5544 869 5597 ut
886 5556 993 5613 ego
1010 5541 1365 5613 repleverim,
1390 5539 1445 5595 id
1467 5547 1547 5595 est
1569 5539 1811 5611 plenarie

234 5631 636 5705 pmdicaverim
684 5631 1058 5703 Evangelium
1100 5629 1329 5699 Christi,
1378 5628 1690 5703 incipiendo
1745 5628 1813 5686 ab

1909 4664 2026 4704 vos.
2070 4648 2194 4705 Scio
2224 4652 2420 4704 autem
2457 4650 2726 4721 quoniam
2771 4650 3003 4707 veniens
3032 4650 3202 4725 longo
3232 4651 3508 4711 desiderio

1908 4745 2085 4804 actus,
2122 4736 2335 4793 veniam
2367 4738 2439 4794 ad
2469 4755 2560 4795 vos
2601 4739 2666 4794 in
2707 4737 3063 4796 abundantia
3098 4741 3510 4801 benedictionis

1913 4825 2145 4894 Christi,
2170 4826 2225 4882 id
2258 4836 2359 4894 est,
2394 4827 2829 4885 benedictionem
2862 4829 3059 4885 Christi
3099 4829 3298 4887 faciam
3327 4831 3508 4887 abun-

1907 4915 2035 4972 dare
2082 4916 2138 4971 in
2192 4917 2369 4984 vobis,
2422 4917 2737 4989 impertiens
2801 4918 2935 4974 illud
2976 4919 3167 4993 gratiae
3217 4921 3317 4976 Dei
3360 4922 3509 4993 quod

1908 5007 2086 5062 deest.
2118 5007 2187 5061 Et
2218 5007 2348 5078 quia
2377 5023 2521 5064 nunc
2563 5008 2735 5063 iturus
2783 5025 2904 5063 sum
2950 5009 3273 5078 Jerusalem,
3321 5010 3510 5085 igitur,

1910 5098 2133 5153 obsecro
2192 5113 2286 5153 vos
2313 5100 2552 5169 fratres,
2582 5115 2686 5171 per
2712 5098 3015 5155 Dominum
3037 5104 3300 5156 nostrum
3328 5103 3520 5158 Jesum

1918 5185 2226 5253 Christum,
2261 5190 2327 5242 ut
2357 5186 2640 5257 adjuvetis
2680 5203 2771 5243 me
2801 5190 2863 5244 in
2895 5191 3249 5246 orationibus
3275 5188 3410 5245 fusis
3422 5207 3525 5262 pro

1911 5292 2002 5330 me
2034 5276 2107 5331 ad
2125 5277 2320 5341 Deum,
2356 5279 2423 5331 ut
2446 5275 2551 5332 hoc
2580 5276 2851 5346 adjutorio
2883 5278 3085 5335 liberer
3103 5279 3170 5335 ab
3190 5279 3516 5348 inﬁdelibus

1912 5366 2009 5439 qui
2041 5369 2179 5421 sunt
2211 5367 2274 5421 in
2306 5365 2519 5433 Judaza,
2545 5370 2687 5423 etut
2715 5366 2791 5421 ita
2816 5368 3023 5423 oblatio
3040 5368 3290 5441 obsequii
3312 5370 3442 5436 mei,
3464 5369 3520 5425 id

1913 5461 1997 5508 est
2028 5452 2085 5508 in
2114 5469 2223 5526 qua
2237 5454 2535 5527 obsequor,
2548 5456 2655 5525 ﬁat
2676 5461 2911 5528 accepta
2940 5459 3158 5514 sanctis
3194 5458 3255 5513 in
3274 5458 3522 5516 Jersoso-

1919 5543 2091 5615 lyma,
2141 5543 2260 5599 sine
2316 5543 2675 5600 diminutione
2731 5543 2839 5601 illis
2893 5553 3217 5617 praesentati:
3251 5566 3266 5614 ;
3300 5552 3366 5604 ut
3419 5549 3527 5605 hoc

1913 5648 2153 5706 propere
2184 5634 2476 5708 completo,
2511 5636 2740 5693 veniam
2759 5635 2831 5693 ad
2860 5652 2954 5693 vos
2982 5638 3046 5693 in
3064 5636 3267 5711 gaudio
3295 5654 3397 5710 per
3426 5653 3524 5694 vo-
