3970 6438
425 340 524 392 H9

980 341 1037 396 S.
1078 337 1431 395 BRUNONIS
1470 333 2115 394 CARTHUSIANORUM
2150 333 2635 392 INSTITUTORIS
2673 332 2826 389 OPP.
2867 332 3044 387 PARS
3082 332 3150 386 Il.

3611 323 3721 381 120

429 463 714 519 luntatem
736 464 853 529 Dei,
874 463 1187 527 idest,sicut
1209 464 1356 518 Deus
1376 461 1741 533 disposuerit;
1767 465 1823 517 et
1843 460 2089 532 refri-A
2128 480 2149 509 α
2185 458 2330 526 tacti,
2374 458 2541 531 (quod
2580 474 2722 513 nunc
2774 457 3105 529 patefactum
3143 463 3223 511 est
3264 470 3366 526 per
3414 453 3721 524 scripturas

416 566 546 623 gere
576 552 859 608 vobiscum
886 551 1182 624 perﬁciens
1214 551 1269 607 in
1300 551 1455 607 vobis
1478 551 1623 622 quod
1643 550 2017 621 imperfectum

427 639 704 696 invenero.
738 640 845 696 Sed
876 640 997 713 quia
1027 640 1098 695 ad
1126 641 1232 696 hoc
1250 656 1430 711 neque
1451 656 1551 710 per
1579 654 1697 708 vos,
1722 654 1901 709 neque
1922 654 2020 709 per

428 744 519 783 me
548 727 791 785 sufficitis
824 746 837 783 :
871 730 1016 785 Deus
1032 730 1192 803 pacis
1217 729 1285 799 ﬁt
1314 728 1521 784 faciens
1541 743 1731 799 pacem
1754 743 1884 784 cum
1904 743 2020 783 om-

427 817 591 874 nibus
609 818 755 874 vobis
773 818 975 874 Amen.

1002 968 1227 1025 CAPUT
1266 968 1394 1025 XVI
1407 1009 1421 1023 .

494 1116 515 1140 αι
551 1090 888 1149 Commendo
919 1099 1102 1147 autem
1146 1091 1303 1148 vobis
1352 1090 1593 1147 Phceben
1630 1105 1881 1146 sororem
1910 1104 2017 1145 no-

425 1203 447 1233 ι
483 1189 670 1247 stram,
704 1198 824 1253 qua:
852 1189 935 1237 est
964 1180 1019 1236 in
1064 1180 1367 1236 ministerio
1398 1179 1662 1236 Ecclesiae
1693 1196 1815 1251 qua:
1847 1186 1929 1234 est
1960 1177 2018 1232 in

423 1291 446 1321 α
483 1270 746 1326 Cenchris
778 1286 791 1327 :
826 1276 884 1325 ut
913 1286 1029 1325 eam
1053 1269 1359 1341 suscipiatis
1379 1268 1435 1323 in
1455 1268 1687 1325 Domino
1709 1268 1874 1339 digne
1897 1282 2014 1322 san-

420 1381 445 1407 «ί
478 1358 579 1415 ctis
607 1358 730 1432 [al.,
751 1357 925 1430 satis],
965 1365 1018 1413 et
1056 1357 1321 1412 assistatis
1342 1364 1394 1413 et
1414 1357 1470 1412 in
1491 1372 1815 1429 quocunque
1837 1371 2016 1427 nego-

429 1468 452 1499 ι
485 1446 558 1504 tio
588 1447 756 1502 vestri
797 1446 1109 1520 indiguerit.
1160 1446 1377 1502 Etenim
1421 1446 1541 1518 ipsa
1590 1461 1807 1518 quoque
1850 1443 2019 1499 astitit

425 1559 447 1586 α
481 1535 684 1601 multis,
718 1543 771 1591 et
802 1535 930 1590 mihi
961 1535 1085 1607 ipsi.
1120 1534 1357 1591 Salutate
1388 1534 1627 1590 Priscam
1659 1541 1710 1589 et
1741 1533 2016 1606 Aquilam,

426 1646 447 1676 ι
478 1625 757 1694 adjutores
805 1640 958 1679 meos
1005 1624 1061 1679 in
1113 1624 1329 1679 Christo
1382 1624 1511 1678 Jesu
1552 1623 1667 1695 (qui
1704 1638 1805 1693 pro
1835 1622 2018 1677 anima

423 1735 447 1766 ι
479 1730 599 1769 mea
631 1728 759 1769 suas
787 1712 1033 1769 cervices
1066 1720 1472 1783 supposuerunt
1506 1729 1516 1768 :
1554 1711 1748 1784 quibus
1779 1727 1890 1766 non
1920 1726 2015 1765 so-

2125 569 2146 597 ι
2182 548 2571 618 prophetarum
2598 547 2896 601 secundum
2926 553 3261 617 praeceptum
3286 542 3476 599 aeterni
3496 541 3616 607 Dei,
3641 540 3721 595 ad

2124 657 2147 687 ι
2182 636 2550 691 obeditionem
2598 635 2747 707 fidei)
2804 636 2858 689 in
2905 634 3113 689 cunctis
3156 632 3409 704 gentibus
3459 628 3717 702 cogniti,

2123 748 2144 773 α
2182 725 2285 780 soli
2312 724 2540 795 sapienti
2567 725 2681 780 Deo
2711 740 2812 794 per
2840 724 3026 778 Jesum
3069 722 3360 787 Christum,
3404 720 3492 776 cui
3537 720 3720 773 honor

2126 836 2147 862 α
2183 822 2233 870 et
2262 814 2438 885 gloria
2468 813 2522 868 in
2556 813 2754 870 sazcula
2785 812 3131 868 saeculorum.
3167 818 3362 865 Amen.
3401 829 3424 861 ι

2744 995 3039 1036 EXPOSITIO
3053 1021 3066 1035 .

2192 1095 2364 1151 Finita
2394 1095 2656 1167 Epistola,
2690 1094 2878 1150 inserit
2908 1093 3257 1149 salutationes
3291 1109 3436 1159 suas,
3469 1093 3660 1148 dicens
3697 1109 3713 1147 :

2121 1184 2256 1239 Cum
2282 1185 2367 1239 his
2389 1201 2509 1256 quae
2531 1184 2783 1255 superius
2806 1184 3181 1239 commendavi
3202 1182 3530 1239 commendo
3551 1182 3721 1236 etiam

2122 1276 2266 1330 vobis
2290 1273 2528 1329 Phasben
2546 1290 2797 1329 sororem
2821 1277 3094 1339 nostram,
3113 1289 3233 1345 qua:
3257 1274 3424 1328 estin
3444 1273 3720 1326 ministe-

2120 1364 2205 1419 rio
2237 1363 2516 1428 Ecclesiae,
2548 1361 2603 1416 id
2633 1369 2714 1417 est
2731 1377 2851 1433 quae
2872 1360 3140 1415 ministrat
3161 1360 3474 1416 necessaria
3496 1359 3719 1415 cuidam

2120 1452 2400 1517 Ecclesite,
2434 1466 2595 1522 quam
2626 1450 2902 1506 constituit
2933 1449 3219 1505 Cenchris.
3246 1450 3361 1505 Hoc
3390 1448 3609 1519 inquam
3643 1447 3718 1503 de

2121 1558 2187 1596 ea
2220 1540 2564 1603 commendo,
2598 1543 2661 1595 ut
2683 1539 3009 1612 suscipiatis
3032 1555 3157 1595 eam
3184 1540 3248 1592 in
3280 1539 3514 1595 Domino
3546 1538 3720 1609 digne

2122 1630 2419 1694 sanctis,id
2436 1637 2517 1683 est
2534 1628 2620 1683 vel
2633 1628 2907 1700 quomodo
2922 1644 3019 1682 vos
3043 1635 3259 1682 sanctos
3277 1627 3434 1681 decet
3453 1642 3571 1681 eam
3596 1642 3724 1680 sus-

2122 1718 2303 1789 cipere
2337 1736 2351 1784 ;
2384 1717 2468 1772 vel
2500 1718 2773 1788 quomodo
2803 1732 2868 1771 ea
2897 1724 3078 1771 sancta
3118 1715 3468 1786 suscipienda
3496 1721 3578 1769 est
3612 1729 3625 1768 :
3662 1719 3725 1770 et

427 1823 450 1853 ι
485 1802 597 1857 lum
629 1818 734 1873 ego
754 1802 957 1875 gratias
987 1816 1114 1873 ago,
1142 1801 1239 1856 sed
1269 1809 1323 1856 et
1350 1807 1556 1856 cunctae
1586 1799 1847 1855 Ecclesiae
1877 1815 2018 1871 gen-

2131 1807 2750 1877 eisusceptasassistatis
2772 1808 2833 1860 in
2859 1820 3185 1878 quocunque
3212 1805 3431 1874 negotio
3458 1804 3721 1874 indigue-

428 1912 452 1942 ι
486 1890 641 1961 tium)
682 1898 735 1945 et
791 1890 1146 1945 domesticam
1203 1889 1507 1945 Ecclesiam
1538 1904 1743 1944 eorum.
1776 1887 2015 1943 Salutate

432 2003 454 2027 α
488 1980 806 2050 Ερωηθιυπι
835 1977 1090 2033 dilectum
1116 1978 1266 2043 mihi,
1304 1977 1397 2050 qui
1446 1986 1528 2032 est
1554 1977 1857 2049 primitivus
1906 1976 2019 2032 Ec-

430 2091 453 2116 u
489 2067 671 2123 clesize
700 2067 844 2123 Asia:
873 2067 929 2122 in
959 2067 1174 2122 Christo
1203 2067 1352 2122 Jesu.
1375 2066 1610 2121 Salutate
1629 2065 1871 2129 Mariam,
1899 2081 2021 2137 quae

432 2178 455 2208 ε
490 2156 719 2211 multum
749 2155 1014 2211 laboravit
1034 2154 1089 2209 in
1104 2155 1280 2211 vobis.
1299 2154 1541 2211 Salutate
1569 2153 1727 2210 82
1752 2152 2023 2209 Androni-

431 2268 454 2293 «
490 2261 616 2302 cum
637 2253 690 2301 et
716 2244 952 2313 Juniam,
988 2252 1254 2318 cognatos
1276 2252 1328 2299 et
1345 2244 1695 2315 concaptivos
1724 2258 1896 2307 meos,
1933 2241 2024 2313 qui

427 2357 448 2382 α
485 2342 612 2389 sunt
639 2332 850 2391 nobiles
873 2334 929 2389 in
952 2333 1239 2405 apostolis,
1274 2333 1367 2405 qui
1388 2340 1440 2388 et
1459 2340 1581 2388 ante
1614 2348 1702 2387 me
1725 2330 1940 2386 fuerunt
1970 2330 2024 2384 in

435 2446 458 2472 ιι
493 2423 707 2479 Christo
744 2424 896 2479 Jesu.
949 2422 1187 2478 Salutate
1234 2421 1563 2492 Ampliatum
1607 2420 2023 2476 dilectissimum

431 2534 455 2564 ι
489 2513 621 2569 mihi
651 2512 708 2567 in
737 2512 990 2569 Domino.
1024 2511 1263 2567 Salutate
1294 2511 1573 2566 Urbanum
1592 2510 1898 2579 adjutorem
1919 2524 2023 2563 no-

428 2623 451 2654 ι
487 2610 660 2658 strum
689 2600 745 2657 in
774 2601 988 2657 Christo
1016 2600 1172 2669 Jesu,
1196 2608 1247 2655 et
1272 2600 1510 2671 Stachyn
1534 2599 1794 2655 dilectum
1816 2614 2021 2654 meum.

431 2712 454 2742 ι
490 2691 729 2747 Salutate
756 2690 1021 2762 Appellen
1053 2690 1287 2761 probum
1319 2689 1374 2743 in
1403 2688 1636 2744 Christo.
1661 2687 1901 2744 Salutate
1930 2703 2026 2743 eos

432 2802 455 2831 α
490 2780 581 2853 qui
610 2787 736 2835 sunt
781 2795 847 2834 ex
896 2777 1196 2834 Aristoboli
1247 2778 1429 2834 domo.
1481 2778 1716 2833 Salutate
1749 2777 2025 2832 Herodia-

434 2891 456 2921 α
490 2885 622 2925 num
651 2875 945 2940 cognatum
974 2883 1176 2923 meum.
1227 2866 1467 2922 Salutate
1517 2881 1613 2921 eos
1669 2866 1762 2937 qui
1808 2872 1931 2920 sunt
1961 2881 2027 2920 ex

438 2979 460 3009 α
494 2956 740 3013 Narcissi
769 2956 951 3022 domo,
981 2956 1072 3028 qui
1099 2963 1222 3010 sunt
1250 2954 1305 3009 in
1338 2954 1591 3010 Domino.
1625 2954 1858 3009 Salutate
1887 2954 2025 3025 Try-

435 3067 459 3098 ι
492 3047 741 3118 ριιωῐιδηι
772 3051 826 3100 et
854 3045 1209 3116 Tryphosam,
1244 3060 1366 3115 quae
1410 3043 1661 3098 laborant
1688 3042 1743 3097 in
1772 3042 2024 3098 Domino.

439 3158 462 3187 ι
501 3134 742 3191 Salutate
791 3132 1070 3189 Persidem
1113 3132 1505 3198 charissimam,
1537 3148 1657 3204 quae
1685 3131 1912 3186 multum
1941 3131 2026 3186 la-

437 3248 460 3274 α
497 3223 713 3280 boravit
748 3222 805 3277 in
851 3221 1103 3277 Domino.
1166 3221 1399 3277 Salutate
1447 3219 1645 3276 Rufum
1693 3219 1924 3277 electum
1974 3221 2027 3275 in

439 3336 463 3367 α
497 3312 751 3379 Domino,
782 3319 833 3367 et
861 3318 1095 3367 matrem
1125 3310 1261 3380 ejus,
1295 3318 1345 3365 et
1367 3325 1568 3365 meam.
1589 3309 1825 3366 Salutate
1848 3313 2031 3382 Asyn-

441 3424 465 3456 ι
500 3409 711 3474 crytum
742 3409 796 3456 et
821 3400 1215 3473 Philegontem,
1260 3399 1517 3465 Herman,
1552 3399 1861 3464 Patrobam,
1897 3400 2033 3455 Her-

442 3514 466 3544 α
501 3507 648 3557 men,
675 3497 727 3547 et
749 3489 840 3562 qui
870 3504 993 3545 cum
1024 3488 1104 3544 eis
1133 3494 1275 3557 sunt,
1308 3486 1523 3544 fratres.
1558 3487 1797 3543 Salutate
1845 3487 2032 3543 Philo-

442 3602 465 3632 ε
499 3581 685 3652 logum
715 3587 767 3635 et
793 3578 1011 3645 Juliam,
1064 3585 1117 3632 et
1164 3578 1405 3633 Nereum
1456 3584 1508 3632 et
1536 3591 1777 3632 sororem
1810 3576 1946 3646 ejus,
1981 3584 2033 3631 et

443 3692 465 3721 ι
505 3667 903 3741 Olympiadem,
937 3674 989 3722 et
1016 3681 1209 3722 omnes
1240 3665 1328 3737 qui
1360 3680 1482 3722 cum
1514 3666 1594 3721 eis
1638 3673 1759 3721 sunt
1790 3673 2027 3721 sanctos.

442 3781 465 3809 ι
501 3758 743 3815 Salutate
789 3756 1024 3812 invicem
1052 3755 1109 3810 in
1153 3755 1344 3811 osculo
1387 3763 1601 3810 sancto.
1662 3754 1906 3809 Salutant
1933 3770 2033 3810 vos

443 3869 467 3899 α
503 3862 695 3903 omnes
725 3844 991 3901 Ecclesiae
1021 3838 1239 3899 Christi.
1274 3845 1428 3917 Rogo
1450 3851 1631 3899 autem
1661 3859 1778 3909 vos,
1812 3842 2030 3910 fratres,

440 3957 464 3989 ι
498 3943 556 3992 ut
584 3934 888 3990 observetis
918 3948 1014 3988 eos
1068 3932 1161 4006 qui
1198 3932 1570 3988 dissensiones
1619 3940 1672 3988 et
1709 3931 2036 3988 offendicula

445 4048 467 4077 ς
503 4032 705 4097 praeter
751 4022 1054 4078 doctrinam
1102 4038 1263 4095 quam
1291 4038 1389 4077 vos
1416 4021 1681 4078 didicistis
1728 4021 1951 4088 faciunt,
1984 4029 2037 4076 et

447 4138 469 4163 ι(
505 4113 774 4169 declinate
804 4111 874 4167 ab
902 4110 1028 4165 illis.
1084 4110 1406 4180 Hujusmodi
1456 4110 1601 4166 enim
1657 4110 1872 4166 Christo
1921 4111 2035 4166 Do-

445 4228 467 4252 «ι
503 4202 654 4258 mino
682 4209 871 4256 nostro
898 4216 1008 4256 non
1058 4200 1321 4270 serviunt,
1355 4200 1451 4256 sed
1497 4215 1595 4255 suo
1627 4199 1808 4265 vestri,
1856 4207 1908 4255 et
1937 4215 2038 4271 per

403 2861 429 2885 δ

450 4314 472 4345 ι
507 4291 697 4348 dulces
728 4304 1009 4346 sermones
1041 4297 1093 4345 et
1142 4289 1550 4346 henedictiones
1578 4288 1839 4344 seducunt
1869 4288 2037 4345 corda

449 4404 471 4435 ι
506 4380 900 4437 innocentium.
939 4380 1131 4436 Vestra
1162 4378 1307 4433 enim
1337 4377 1645 4434 obedientia
1664 4377 1719 4431 in
1740 4377 1887 4432 omni
1917 4377 2037 4433 loco

446 4492 468 4522 ι
504 4470 780 4544 divulgata
811 4477 911 4524 est.
945 4467 1171 4524 Gaudeo
1201 4467 1369 4540 igitur
1393 4466 1448 4520 in
1466 4466 1655 4532 vobis;
1677 4466 1772 4520 sed
1795 4464 1919 4521 volo
1939 4480 2038 4521 vos

2122 1897 2199 1952 rit
2220 1896 2409 1951 vestri.
2440 1896 2544 1950 Per
2574 1896 2715 1950 hanc
2746 1894 2987 1949 thben
3007 1901 3223 1949 euntem
3245 1894 3493 1960 Romam,
3524 1892 3729 1947 dicitur

2121 1984 2415 2056 Apostolus
2444 1984 2660 2038 misisse
2691 1998 2843 2039 suam
2876 1982 3195 2053 Epistolam,
3228 1998 3387 2055 quam
3417 1982 3542 2036 ideo
3567 1997 3727 2037 com-

2121 2073 2361 2140 mendat,
2398 2081 2455 2127 ut
2485 2071 2734 2139 Romani,
2754 2072 2934 2127 audita
2965 2070 3285 2127 auctoritate
3316 2070 3451 2139 ejus,
3487 2070 3723 2143 acquie—

2124 2170 2279 2218 scant
2307 2162 2357 2217 ei
2389 2162 2442 2215 in
2474 2161 2742 2226 omnibus,
2778 2177 2899 2232 quae
2944 2161 3085 2215 bene
3134 2159 3403 2214 suadebit.
3438 2158 3722 2214 Assisten-

2123 2252 2253 2306 dum
2283 2258 2364 2305 est
2395 2251 2444 2305 ei
2476 2268 2487 2306 :
2521 2251 2735 2305 etenim
2767 2252 2889 2321 ipsa
2923 2250 3113 2304 astitit
3154 2249 3357 2304 multis
3386 2250 3623 2315 sanctis,
3660 2252 3722 2304 et

2123 2341 2265 2395 mihi
2294 2340 2403 2412 ipsi
2456 2338 2837 2393 ministrando.
2867 2338 3129 2393 Salutate
3170 2336 3333 2392 etiam
3367 2338 3622 2393 Priscam
3664 2341 3728 2393 et

2126 2430 2324 2502 Aquila
2336 2428 2700 2499 m,adjutores
2714 2443 2863 2483 meos
2876 2428 2938 2481 in
2957 2426 3177 2482 Christo
3196 2428 3346 2483 Iesu.
3371 2426 3466 2481 Vel
3490 2426 3726 2481 salutate

2124 2517 2179 2572 in
2210 2518 2445 2582 Christo,
2471 2517 2566 2588 qui
2594 2523 2824 2588 uterque
2844 2518 3263 2588 supposuerunt
3298 2530 3432 2570 suas
3476 2516 3726 2570 cervices

2122 2622 2225 2678 pro
2246 2607 2444 2661 anima
2474 2621 2619 2660 mea.
2648 2605 2714 2658 Hi
2744 2604 2909 2659 Paulo
2938 2604 2994 2658 in
3022 2603 3204 2658 multis
3233 2602 3491 2674 periculis
3514 2610 3568 2658 et
3587 2618 3726 2658 car-

2127 2694 2343 2750 ceribus
2374 2695 2761 2749 subvenerunt.
2800 2694 3005 2762 Quibus
3026 2708 3143 2749 non
3173 2707 3267 2763 ego
3316 2694 3465 2748 solus
3498 2692 3727 2762 gratias

2127 2798 2261 2854 ago;
2283 2783 2380 2839 sed
2409 2784 2583 2839 etiam
2612 2786 2833 2839 cunctae
2861 2782 3120 2837 Ecclesia:
3134 2782 3413 2853 gentium,
3442 2781 3531 2852 qui
3553 2781 3727 2837 modo

2127 2887 2236 2927 non
2262 2872 2527 2927 haberent
2556 2870 2864 2942 apostolum
2912 2886 3089 2937 suum,
3134 2870 3238 2924 nisi
3267 2886 3367 2941 per
3394 2868 3725 2937 adjutorium

2128 2961 2379 3016 istorum.
2421 2962 2681 3017 Salutate
2716 2964 2772 3015 et
2802 2960 3164 3015 domesticam
3187 2959 3516 3023 Ecclesium,
3552 2958 3606 3012 id
3639 2965 3729 3013 est

2128 3049 2388 3104 familiam
2418 3065 2624 3104 eorum.
2644 3050 2904 3105 Salutate
2924 3048 3253 3120 Epametum
3267 3048 3539 3104 dilectum
3552 3048 3725 3114 mihi,

2128 3140 2223 3212 qui
2252 3143 2336 3194 est
2362 3138 2691 3212 primitivus
2740 3137 2881 3191 Asia:
2913 3139 2976 3191 in
3021 3136 3364 3192 Christo.Hic
3412 3136 3621 3207 primus
3656 3138 3729 3193 de

2130 3227 2258 3283 Asia
2288 3225 2449 3283 fidem
2469 3226 2676 3297 accepit
2697 3241 2729 3280 a
2750 3225 2932 3280 Paulo.
2959 3226 3216 3281 Salutate
3239 3230 3295 3280 et
3321 3225 3574 3291 Mariam,
3599 3242 3731 3298 qua:

2130 3317 2379 3372 multum
2411 3315 2682 3371 laboravit
2702 3315 2765 3369 in
2788 3314 2954 3380 vobis,
2978 3313 3046 3368 ab
3067 3329 3253 3369 errore
3273 3313 3581 3369 revocando
3597 3330 3728 3369 vos.

2132 3406 2260 3461 Haec
2288 3404 2453 3459 Maria
2482 3403 2681 3459 dicitur
2708 3401 2987 3458 nuntiasse
3027 3401 3289 3473 Apostolo
3324 3402 3732 3458 dissensionem

2130 3494 2501 3550 Romanorum
2535 3510 2548 3547 :
2584 3508 2688 3564 qua
2730 3491 3018 3548 occasione
3049 3490 3265 3562 scripsit
3296 3491 3374 3545 eis
3414 3491 3555 3546 hanc
3587 3492 3732 3563 Epi-

2133 3582 2348 3638 stolam.
2381 3582 2448 3636 Et
2482 3582 2600 3636 haac
2630 3582 2860 3636 Romam
2891 3579 3149 3645 redierat,
3183 3586 3235 3633 et
3283 3579 3405 3633 ideo
3437 3579 3567 3635 dicit
3599 3596 3731 3635 eam

2133 3671 2434 3726 laborasse.
2469 3670 2729 3727 Salutate
2767 3669 3152 3724 Andronicum
3182 3672 3240 3723 et
3260 3669 3493 3735 Iuliam,
3528 3685 3735 3740 cogna-

2137 3764 2218 3816 tos
2254 3774 2423 3826 meos,
2480 3758 2537 3813 in
2584 3773 2786 3830 genere
2838 3757 3149 3813 Iudaeorum
3193 3772 3207 3812 :
3252 3761 3308 3813 et
3365 3760 3732 3830 concaptivos

2133 3864 2324 3915 meos,-
2355 3847 2447 3919 qui
2503 3864 2647 3918 saepe
2697 3861 2913 3902 mecum
2971 3846 3111 3917 capti
3158 3844 3395 3911 fuerunt,
3443 3848 3537 3918 qui
3584 3850 3737 3901 sunt

2136 3938 2347 3993 nobiles
2389 3938 2450 3991 in
2487 3937 2778 4009 apostolis.
2860 3935 2926 3989 Hi
2981 3935 3048 3989 de
3107 3934 3455 4006 septuaginta
3508 3933 3734 3989 duobus

2135 4025 2303 4081 fuisse
2333 4025 2627 4080 creduntur
2659 4042 2673 4077 :
2705 4026 2800 4096 qut
2829 4027 2887 4079 et
2918 4027 3052 4078 ante
3088 4039 3174 4078 me
3216 4026 3456 4095 fuerunt
3474 4025 3534 4078 in
3559 4022 3733 4079 Chri-

2135 4118 2243 4179 sto,
2302 4113 2394 4185 qui
2463 4113 2615 4184 prius
2672 4112 2841 4167 Paulo
2899 4111 2969 4166 ad
3024 4110 3187 4166 fidem
3260 4111 3511 4167 conversi
3568 4120 3724 4167 sunt.

2136 4203 2395 4258 Salutate
2425 4203 2659 4274 Apellen
2699 4201 2933 4271 probum
2972 4202 3034 4255 in
3066 4200 3304 4255 Christo.
3343 4201 3605 4255 Salutate
3635 4217 3733 4256 eos

2138 4293 2234 4364 qui
2275 4294 2414 4347 sunt
2478 4306 2553 4345 ex
2618 4290 2780 4345 domo
2834 4289 3152 4355 Aristoboli,
3212 4288 3266 4343 id
3327 4296 3410 4343 est
3468 4288 3734 4353 familiam

2138 4379 2264 4451 quia
2291 4378 2467 4434 fidelis
2514 4386 2615 4433 est.
2666 4378 2953 4432 Dominum
2985 4392 3351 4449 nequaquam,
3413 4376 3536 4448 quia
3568 4377 3728 4436 S3

2138 4466 2472 4523 infidelitatis
2502 4475 2585 4522 est
2615 4483 2759 4521 reus.
2795 4467 3053 4523 Salutate
3074 4482 3165 4522 eos
3185 4467 3282 4539 qui
3305 4469 3441 4521 sunt
3464 4482 3537 4521 ex
3566 4466 3733 4523 domo

448 4583 470 4608 α
507 4559 782 4631 sapientes
813 4574 936 4613 esse
965 4557 1021 4611 in
1050 4557 1283 4625 bono,et
1307 4554 1582 4627 simplices
1613 4554 1669 4608 in
1697 4553 1863 4610 malo.
1889 4556 2037 4610 Deus
2057 4544 2109 4603 D
2138 4558 2409 4623 Narcissi,
2461 4571 2562 4612 nec
2603 4571 2815 4621 omnes,
2869 4556 2968 4610 sed
3023 4570 3119 4611 eos
3148 4556 3243 4628 qui
3278 4559 3415 4610 sunt
3445 4554 3500 4608 in
3529 4552 3635 4610 fide
3665 4558 3732 4611 in

444 4671 467 4697 α
504 4657 683 4704 autem
714 4646 868 4720 pacis
905 4653 1152 4704 conterat
1197 4645 1453 4702 Satanam
1507 4644 1630 4717 [al.,
1691 4642 1879 4715 Satan]
1933 4643 2037 4698 sub

447 4758 471 4789 α
506 4737 737 4809 pedibus
769 4736 966 4792 vestris
1011 4735 1292 4791 velociter.
1345 4733 1533 4789 Gratia
1590 4732 1808 4787 Domini
1864 4732 2037 4787 nostri

450 4849 473 4876 α
504 4828 633 4882 Jesu
664 4825 866 4882 Christi
884 4824 1184 4881 vobiscum.
1217 4822 1424 4878 Salutat
1465 4838 1564 4878 vos
1599 4820 1914 4877 Timotheus
1948 4821 2039 4875 ad-

448 4936 471 4962 ι
502 4914 646 4984 jutor
674 4914 798 4987 [al.,
829 4913 990 4968 habet
1011 4910 1199 4983 frater]
1232 4926 1408 4979 meus,
1451 4917 1504 4964 et
1532 4911 1701 4965 Lucas
1747 4908 1869 4982 [al.,
1926 4909 2037 4963 Lu-

448 5024 471 5054 ι
507 5002 646 5075 eius]
677 5010 730 5058 et
768 5003 955 5069 Jason,
989 5009 1042 5057 et
1070 5000 1353 5070 Sosipater
1382 4997 1608 5071 cognati
1661 4998 1788 5052 mei.
1851 4998 2037 5053 Saluto

443 5112 467 5143 ι
502 5107 601 5148 vos
632 5107 737 5165 ego
766 5092 999 5157 Tertius,
1025 5090 1115 5162 qui
1136 5087 1332 5159 scripsi
1353 5086 1651 5158 Epistolam
1671 5087 1832 5155 hanc,
1857 5087 1912 5142 in
1930 5088 2041 5142 Do-

437 5202 461 5233 α
495 5180 662 5236 mino.
699 5179 908 5237 Salutat
964 5193 1064 5235 vos
1090 5176 1281 5244 Gaius,
1332 5177 1535 5246 hospes
1588 5191 1764 5242 meus,
1819 5184 1871 5232 et
1918 5176 2038 5230 uni-

444 5291 468 5321 ι
502 5284 664 5325 versa
694 5268 960 5324 Ecclesia.
996 5266 1201 5322 Salutat
1246 5279 1343 5319 vos
1388 5264 1616 5318 Erastus
1660 5265 1905 5320 arcarius
1954 5264 2038 5320 ci-

445 5380 466 5409 κ
502 5358 702 5423 vitatis,
735 5365 789 5411 et
817 5355 1072 5424 Quartus,
1116 5352 1307 5410 frater.
1364 5352 1550 5408 Gratia
1597 5353 1815 5409 Domini
1863 5353 2038 5409 nostri

446 5468 468 5497 ι
502 5447 633 5502 Jesu
661 5443 863 5501 Christi
911 5458 1035 5499 cum
1084 5441 1340 5497 omnibus
1383 5441 1556 5508 vobis,
1610 5445 1802 5498 Amen.
1848 5443 1911 5497 Ei
1941 5458 2038 5497 au-

443 5560 463 5583 α
501 5544 611 5590 tem
631 5534 724 5606 qui
752 5540 951 5604 potens
982 5539 1065 5586 est
1092 5546 1192 5586 vos
1225 5529 1571 5601 confirmare,
1598 5532 1757 5601 juxta
1782 5534 2037 5603 Evange-

444 5648 465 5672 α
503 5624 634 5678 lium
662 5637 866 5687 meum,
893 5628 946 5675 et
966 5620 1411 5691 praedicationem
1449 5620 1579 5675 Jesu
1612 5621 1810 5676 Christi
1843 5637 2038 5677 secun-

442 5734 464 5764 α
500 5712 630 5768 dum
676 5708 1069 5767 revelationem
1133 5710 1382 5781 mysterii
1439 5710 1774 5782 temporibus
1823 5711 2041 5768 aeternis

2138 4646 2393 4703 Domino.
2453 4645 2631 4716 Aliqui
2687 4644 2833 4699 enim
2888 4659 2954 4699 ex
3012 4643 3127 4713 ejus
3190 4643 3395 4698 familia
3449 4643 3733 4700 adhaerent

2138 4734 2359 4790 domino
2389 4749 2487 4788 suo
2517 4734 2570 4788 in
2600 4732 2935 4788 infidelitate.
2969 4733 3226 4789 Salutate
3253 4735 3461 4803 Rufum
3482 4734 3730 4789 electum

2139 4827 2201 4879 in
2220 4825 2469 4888 Domino,
2486 4826 2541 4879 et
2563 4826 2807 4877 matrem
2820 4825 3031 4893 ejus,ac
3050 4837 3254 4876 meam.
3278 4822 3410 4893 Ejus
3432 4822 3732 4877 secundum

2139 4928 2380 4978 carnem,
2412 4929 2599 4967 meam
2647 4911 2944 4966 secundum
2978 4909 3323 4965 beneficium.
3356 4911 3446 4975 Et,
3480 4919 3538 4963 ut
3564 4908 3732 4966 linem

2139 5000 2353 5067 faciam,
2387 5002 2639 5057 salutate
2669 5017 2757 5055 vos
2788 5000 3029 5055 invicem
3062 5015 3126 5054 ex
3156 5007 3308 5069 parte
3328 5015 3446 5053 mea
3468 4999 3528 5053 in
3542 5001 3736 5055 osculo

2140 5094 2354 5160 sancto,
2388 5090 2442 5144 id
2473 5097 2551 5144 est
2582 5090 2717 5143 alter
2747 5088 2904 5143 alteri
2930 5088 3074 5143 dicat
3108 5106 3122 5154 ;
3157 5096 3249 5141 aut
3281 5104 3345 5142 ex
3376 5095 3526 5159 parte
3557 5088 3731 5155 Pauli,

2139 5179 2448 5235 osculantes
2479 5194 2537 5233 se
2567 5178 2621 5231 in
2651 5178 2839 5233 osculo
2868 5176 3021 5247 pacis
3056 5177 3109 5230 in
3132 5176 3252 5231 loco
3272 5176 3411 5245 ejus.
3438 5176 3584 5232 Sicut
3606 5193 3733 5250 ego,

2142 5268 2217 5323 sic
2230 5284 2421 5324 omnes
2438 5268 2698 5323 Ecclesia:
2722 5267 2934 5323 Christi
2949 5268 3210 5321 salutant
3234 5280 3342 5319 vos.
3379 5265 3508 5319 ldeo
3532 5266 3735 5320 Paulus

2141 5374 2204 5413 ex
2233 5357 2452 5413 nomine
2492 5356 2747 5427 probatas
2805 5354 3059 5409 salutavit
3116 5370 3394 5425 personas,
3457 5369 3546 5419 ne,
3609 5370 3735 5410 cum

2138 5447 2303 5501 modo
2360 5445 2551 5500 suadet
2606 5443 2865 5499 Romanis
2917 5459 2946 5496 a
3001 5443 3213 5513 pseudo
3269 5442 3561 5510 declinare,
3596 5442 3735 5498 forte

2139 5541 2364 5607 possent
2393 5534 2461 5589 de
2493 5533 2673 5604 aliquo
2723 5533 2915 5586 horum
2964 5531 3215 5585 dubitare
3264 5546 3400 5602 quas
3446 5531 3725 5586 salutavit.

2148 5626 2239 5679 l'os
2261 5627 2454 5679 autem
2484 5625 2697 5694 fratres
2726 5621 2987 5675 salutatos
3010 5624 3214 5690 rogout
3231 5620 3549 5683 observetis,
3574 5619 3625 5673 id
3652 5630 3733 5674 est

2141 5720 2197 5768 ut
2228 5711 2421 5769 callide
2450 5710 2782 5767 custodiatus
2814 5725 2912 5765 vos
2940 5709 3008 5763 ab
3038 5708 3117 5764 eis
3146 5710 3243 5781 qui
3260 5709 3487 5779 faciunt
3508 5707 3732 5764 dissen-
