3970 6470
141 382 218 437 ﬁt

748 374 1130 437 EXPOSITIO
1167 376 1242 433 IN
1278 374 1660 433 EPISTOLAS
1698 373 1926 433 PAULI.
1953 404 2023 420 -—
2051 374 2127 433 IN
2163 374 2384 432 EPIST.
2427 376 2451 432 Ι
2486 375 2582 433 ΑΙ)
2621 374 2788 433 COR.

3327 379 3430 435 122

142 507 328 576 siones,
361 507 420 561 et
451 503 619 561 etiam
645 504 1007 578 offendicula,
1039 502 1432 575 precipitando
1463 501 1518 558 in
1540 503 1795 575 pecca-A
1829 501 1886 558 id
1915 510 1998 559 est
2024 500 2231 557 familia
2259 502 2395 572 ejus,
2441 502 2669 561 Salutat
2699 516 2789 560 vos
2838 503 3094 571 Erastus,
3144 503 3426 573 arcarius,

139 603 262 651 tum.
283 595 564 651 Docentes
586 594 730 667 quod
748 597 965 666 prwter
983 593 1303 649 doctrinam
1320 601 1422 662 est,
1439 609 1609 665 quam
1628 608 1728 649 vos

141 702 167 741 a
190 701 269 741 me
320 684 648 753 didicistis;
678 691 749 751 et,
797 692 857 738 ut
886 698 985 738 vos
1013 682 1341 749 observetis,
1391 681 1729 738 declinando

143 774 360 847 penitus,
393 771 734 846 separamini
762 773 829 829 ab
860 773 1000 839 illis,
1034 773 1167 846 quia
1182 773 1276 845 qui
1294 772 1571 844 ejusmodi
1588 775 1725 828 sunt

144 882 244 923 non
272 864 534 921 serviunt
570 862 791 919 Christo
820 862 1060 919 Domino
1091 865 1304 929 nostro,
1337 861 1434 918 sed
1460 877 1558 917 suo
1589 878 1727 917 ven-

152 955 236 1010 tri.
272 951 535 1022 Qumrunt
563 951 709 1008 enim
740 967 862 1023 quae
885 958 1029 1018 sunt,
1060 965 1171 1007 non
1199 966 1321 1022 quae
1347 949 1479 1006 Jesu
1508 949 1727 1006 Christi.

142 1046 203 1101 Et
228 1042 282 1097 hi
311 1042 450 1099 tales
476 1040 759 1099 seducunt
777 1040 948 1098 corda
978 1042 1391 1109 innocentium,
1415 1038 1472 1094 id
1501 1048 1584 1095 est
1606 1039 1724 1095 sim~

142 1132 355 1206 plicium
381 1148 485 1205 per
513 1131 707 1188 dulces
744 1146 1051 1200 sermones,
1083 1128 1140 1184 id
1171 1137 1252 1184 est
1280 1128 1640 1196 seductorios,
1673 1134 1731 1185 et

143 1239 230 1295 per
254 1222 560 1278 simulatas
609 1220 1041 1277 benedictiones.
1084 1218 1308 1274 Debetis
1361 1218 1641 1275 declinare
1659 1218 1730 1273 ab

143 1312 220 1367 his
250 1326 263 1365 :
295 1326 425 1366 nam
446 1309 761 1367 obedientia
781 1313 966 1366 vestra
987 1316 1039 1365 et
1060 1308 1263 1364 bonum
1288 1308 1405 1378 ejus
1436 1308 1729 1380 divulgata

145 1402 298 1458 estin
323 1417 549 1457 omnem
579 1400 782 1466 locum,
806 1406 860 1454 et
913 1402 1211 1471 propterea
1232 1398 1445 1469 gaudeo
1475 1397 1529 1451 in
1556 1398 1727 1453 vobis.

146 1490 238 1549 Sed
266 1497 451 1545 tamen
480 1490 599 1546 volo
623 1506 714 1545 vos
730 1489 1017 1561 sapientes
1029 1494 1081 1543 et
1102 1495 1310 1542 astutos
1341 1503 1458 1543 esse
1476 1488 1539 1542 in
1568 1487 1726 1553 bono,

147 1584 194 1636 et
225 1580 281 1635 in
331 1579 484 1635 malo
534 1578 841 1650 simplices,
891 1583 948 1631 ut
994 1575 1195 1631 malitia
1225 1575 1379 1647 pueri
1411 1575 1547 1631 sitis.
1581 1575 1731 1632 Licet

146 1668 364 1724 dixerim
393 1682 490 1724 vos
529 1667 823 1738 sapientes,
877 1674 1059 1722 tamen
1087 1666 1212 1738 quia
1250 1664 1517 1737 sapientia
1546 1672 1732 1721 vestra

144 1773 323 1829 parum
380 1772 446 1812 ex
493 1772 554 1812 se
610 1755 726 1811 sola
771 1762 967 1827 potest,
1011 1770 1211 1825 precor
1260 1761 1318 1809 ut
1378 1755 1525 1810 Deus
1571 1755 1731 1827 pacis

1827 590 1884 647 id
1931 598 2015 647 est
2075 591 2448 648 thesaurarius
2508 590 2763 662 civitatis,
2814 597 2873 649 et
2937 592 3184 661 Quartus
3223 596 3428 660 frater.

1831 680 2039 737 Omnes
2069 680 2156 735 isti
2187 681 2265 738 sic
2279 681 2552 737 dicentes:
2582 681 2779 739 Gratia
2800 683 3028 739 Domini
3054 684 3188 739 Iesu
3219 681 3435 739 Christi

1828 787 1958 827 cum
1983 772 2240 827 omnibus
2263 772 2429 827 vobis.
2463 772 2544 827 De
2567 771 2822 827 omnibus
2841 779 3018 827 autem
3041 771 3200 827 bonis
3231 770 3433 827 vestris

1830 860 1900 915 sit
1929 861 2045 916 Deo
2073 860 2250 916 honor
2277 868 2331 916 et
2368 859 2563 932 gloria.
2596 859 2663 917 Ei
2691 861 2815 917 dico
2848 863 2945 936 qui
2970 865 3172 934 potem
3198 864 3285 918 est
3302 876 3436 918 con-

1828 950 2062 1020 ﬁrmare
2084 965 2196 1020 vos,
2228 951 2403 1017 iuxta
2439 951 2808 1023 Evangelium
2850 967 3061 1018 meum,
3094 950 3149 1005 id
3181 957 3265 1006 est
3294 949 3436 1007 sicut

1829 1056 1935 1113 ego
1980 1039 2224 1111 praedico
2262 1038 2439 1108 vobis,
2487 1047 2539 1095 et
2577 1039 2733 1109 juxta
2777 1039 3249 1113 praedicationem
3298 1041 3435 1097 Iesu

1834 1128 2061 1196 Christi,
2095 1129 2250 1199 cujus
2278 1128 2591 1201 praedicatio
2613 1129 2807 1185 eadem
2831 1137 2913 1186 est
2943 1144 3066 1187 cum
3097 1145 3221 1185 meo
3249 1129 3434 1185 Evan-

1831 1218 1996 1292 gelio.
2026 1218 2313 1291 Evangelii
2342 1217 2465 1275 dico
2495 1227 2547 1273 et
2595 1217 2998 1290 praedicationis
3026 1218 3195 1274 habiti
3223 1234 3434 1276 secun-

1831 1308 1968 1364 dum
2000 1309 2403 1365 reuelationem
2421 1310 2700 1382 mysterii.
2724 1309 3041 1380 Mysterium
3069 1315 3230 1365 vocat
3259 1308 3437 1365 salva-

1833 1397 2032 1454 tionem
2062 1397 2340 1453 hominum
2374 1416 2386 1452 :
2420 1414 2541 1471 qua:
2560 1397 2775 1454 occulta
2804 1397 2901 1453 fuit
2930 1414 3150 1471 semper
3179 1404 3306 1453 ante
3339 1397 3438 1453 ad-

1831 1495 2053 1543 ventum
2084 1487 2305 1555 Christi,
2339 1488 2437 1543 sed
2466 1504 2567 1560 per
2597 1504 2722 1544 eum
2750 1486 3012 1544 revelata.
3039 1488 3289 1560 Mysterii
3312 1486 3437 1544 dico

1836 1578 2001 1633 taciti
2024 1578 2365 1650 temporibus
2386 1580 2622 1634 reternis
2678 1584 2803 1633 ante
2828 1576 3103 1632 Christum
3125 1577 3299 1650 :quod
3318 1592 3441 1648 my-

1833 1666 2061 1722 sterium
2091 1683 2246 1722 nunc
2269 1667 2323 1721 in
2355 1674 2598 1738 tempore
2627 1668 2819 1739 gratiae
2841 1668 3201 1739 patefactum
3223 1669 3311 1722 est
3335 1681 3441 1739 per

1829 1757 2145 1828 scripturas
2164 1755 2593 1829 prophetarum,
2612 1770 2758 1811 nunc
2778 1755 2998 1811 tandem
3018 1754 3319 1811 intellectas
3336 1770 3439 1827 per

145 1852 393 1905 conterat
410 1848 706 1915 Satanam,
740 1854 791 1901 et
820 1846 1066 1901 membra
1096 1845 1214 1914 ejus
1244 1846 1344 1901 sub
1359 1846 1591 1918 pedibus
1614 1862 1732 1902 ves-
1757 1874 1807 1934 B
1837 1846 2132 1901 Christum.
2176 1848 2539 1917 Patefactum
2559 1844 2683 1901 dico
2724 1845 3040 1934 secundum
3086 1848 3440 1918 praeceptum

145 1940 241 1994 tris
259 1944 551 2009 prostrata,
585 1944 639 1991 et
666 1936 769 1993 hoc
798 1937 1082 1992 velociter.
1115 1933 1212 1990 llis
1241 1934 1401 1991 dictis
1418 1935 1614 1990 salutat
1631 1950 1729 1991 eos

148 2026 360 2095 Paulus,
396 2026 588 2082 dicens
622 2041 634 2079 :
662 2026 853 2082 Gratia
879 2025 1107 2081 Domini
1136 2028 1320 2081 nostri
1355 2026 1489 2081 Iesu
1519 2024 1731 2081 Christi

146 2118 216 2173 sit
242 2117 542 2182 vobiscum,
564 2116 793 2173 Salutat
824 2130 913 2171 vos
947 2113 1264 2170 Timotheus
1292 2114 1521 2186 adjutor
1549 2131 1727 2180 meus,

144 2210 195 2262 et
220 2208 413 2273 Lucas,
438 2209 495 2261 et
513 2207 706 2270 Iason,
730 2207 787 2260 et
820 2204 1126 2277 Sosipater,
1160 2201 1249 2259 vel
1278 2210 1432 2274 pater
1462 2203 1736 2277 Sosii,qui

144 2300 272 2351 sunt
290 2295 524 2368 cognati
552 2295 684 2350 mei.
709 2294 906 2352 Saluto
929 2310 1020 2349 vos
1040 2309 1134 2365 ego
1161 2294 1397 2360 Tertius,
1423 2293 1518 2366 qui
1533 2294 1736 2367 scripsi

148 2385 452 2457 Epistolam
507 2384 572 2440 in
628 2383 882 2441 Domino.
944 2382 1044 2438 Hic
1108 2382 1320 2437 Tertius
1351 2389 1463 2437 erat
1494 2381 1735 2437 notarius

146 2473 403 2545 Apostoli,
435 2472 527 2546 qui
574 2472 986 2528 salutationibus
1023 2471 1257 2528 aliorum
1289 2487 1444 2527 suam
1477 2471 1727 2527 inseruit.

143 2563 219 2617 Ad
247 2562 603 2619 salutationes
632 2577 758 2618 suas
788 2562 1077 2618 revertitur
1096 2561 1315 2631 Paulus,
1350 2568 1402 2617 et
1422 2561 1495 2616 ait
1526 2579 1539 2616 :
1580 2562 1738 2619 Salu-

145 2656 227 2708 tat
254 2669 344 2709 vos
403 2653 575 2710 Caius
625 2652 818 2726 hospes
840 2668 1019 2722 meus,
1071 2655 1127 2707 et
1157 2652 1423 2709 universa
1464 2651 1734 2718 Ecclesia,

1839 1936 2043 1992 aeterni
2070 1935 2189 2003 Dei,
2222 1934 2310 1990 cui
2338 1934 2406 1989 ab
2434 1941 2640 1991 aeterno
2662 1934 2768 1991 hoc
2798 1934 2855 1989 in
2883 1933 3070 2006 patulo
3098 1941 3217 1990 erat
3241 1952 3255 1989 :
3280 1934 3440 1990 Pate-

1839 2025 2044 2080 factum
2076 2024 2199 2081 ideo
2227 2024 2301 2081 ad
2329 2024 2700 2082 obeditionem
2742 2024 2876 2095 ﬁdei
2907 2025 2971 2080 in
2999 2025 3228 2081 cunctis
3257 2024 3438 2096 genti-

1837 2116 1957 2181 bus,
1982 2114 2037 2169 id
2067 2121 2150 2170 est
2179 2122 2237 2169 ut
2261 2121 2472 2171 cunctae
2501 2122 2696 2186 gentes
2743 2112 3000 2170 obediant
3028 2111 3176 2168 fidei.
3221 2112 3364 2184 Quia
3395 2112 3443 2168 si

1838 2220 2086 2275 quaerere
2136 2202 2272 2259 velis
2321 2219 2490 2276 quare
2539 2203 2669 2259 olim
2698 2203 2919 2260 tacitum
2948 2218 3093 2258 nunc
3118 2201 3438 2271 revelatum,

1838 2293 2041 2348 frustra
2069 2294 2174 2349 hoc
2203 2292 2430 2365 inquiris
2465 2309 2477 2347 :
2513 2293 2638 2365 quia
2681 2292 2927 2365 mysterii
2955 2291 3080 2349 dico
3110 2290 3316 2366 cogniti
3334 2292 3445 2348 soli

1839 2384 2090 2456 sapienti
2112 2384 2221 2439 Deo
2254 2401 2267 2437 :
2302 2383 2395 2456 qui
2416 2382 2567 2439 solus
2597 2399 2819 2454 semper
2846 2398 3067 2439 causam
3096 2381 3213 2452 ejus
3242 2380 3439 2453 sapuit.

1837 2474 2203 2543 Patefactum
2233 2472 2356 2529 dico
2390 2488 2494 2546 per
2551 2474 2739 2531 Iesum
2764 2471 3070 2528 Christum.
3106 2471 3211 2528 Cui
3227 2470 3442 2528 Christo

1842 2561 2049 2618 scilicet
2080 2562 2174 2634 qui
2201 2570 2394 2633 potens
2426 2569 2528 2629 est,
2561 2561 2630 2617 sit
2656 2562 2837 2618 honor
2862 2565 2918 2619 et
2933 2562 3113 2635 gloria
3139 2562 3201 2617 in
3231 2562 3441 2618 saecula

1840 2653 2199 2708 swculorum.
2234 2652 2433 2707 Amen.

702 2883 1149 2949 PROLOGUS
1190 2884 1275 2946 IN
1316 2885 1636 2945 PRIMAM
1680 2883 2147 2948 EPISTOLAM
2187 2885 2299 2945 AD
2344 2883 2875 2948 CORINTHIOS.

209 2992 458 3066 Epistola
532 2992 713 3065 prima
784 2992 852 3047 ad
927 2990 1234 3047 Corinthios
1290 2990 1491 3046 multas
1548 3006 1741 3047 causas
1770 2994 2092 3057 Cnoverca.
2128 2989 2289 3060 Quod
2317 2989 2528 3046 facinus
2570 2990 2698 3046 licet
2743 2988 3160 3047 fornicationem
3202 2990 3448 3064 appella-

145 3082 502 3157 diversasque
532 3080 933 3153 complectitur.
960 3079 1205 3150 Quarum
1235 3088 1448 3153 partem
1479 3080 1741 3136 relatione

143 3171 366 3228 fratrum
411 3171 679 3245 cognovit
732 3170 1047 3242 Apostolus.
1110 3170 1311 3225 Partim
1359 3169 1601 3241 ipsorum
1633 3170 1745 3226 Co-

143 3261 464 3318 rinthiorum
519 3267 643 3317 sunt
704 3259 895 3315 litteris
943 3258 1215 3316 indicatae.
1264 3259 1568 3315 Nonnullas
1610 3275 1744 3316 vero

145 3367 240 3422 pro
270 3351 438 3408 oﬁicii
477 3350 561 3405 sui
579 3365 708 3407 cura
729 3357 819 3405 aut
840 3349 1054 3405 ordinat
1082 3356 1174 3404 aut
1194 3348 1468 3416 emendat,
1500 3356 1553 3404 et
1581 3349 1747 3406 variis

142 3441 519 3497 curationibus
561 3440 812 3495 medetur
851 3438 1070 3495 diversa
1097 3437 1411 3495 infirmitate
1440 3438 1749 3512 languenti-

144 3530 255 3587 bus.
306 3532 453 3587 Nam
512 3530 654 3602 apud
706 3544 799 3585 eos
841 3528 1077 3600 primum
1127 3535 1347 3584 curatur
1386 3527 1747 3584 dissensionis

141 3620 342 3688 vitium,
395 3619 553 3693 quod
602 3618 755 3673 multi
797 3617 1381 3690 pseudoapostolorum
1427 3617 1744 3685 intulerunt,

142 3710 395 3766 unitatem
448 3709 773 3765 scindentes
804 3707 1100 3777 Ecclesiae,
1152 3715 1210 3762 ut
1256 3707 1465 3780 proprii
1512 3708 1749 3763 nominis

138 3798 368 3856 facerent
398 3807 727 3865 sectatores,
761 3798 905 3871 quod
934 3796 1019 3852 his
1047 3797 1340 3869 exprobrat
1374 3796 1535 3854 84
1564 3797 1749 3853 verbis

141 3890 450 3961 Apostolus.
508 3890 621 3945 Hoc
665 3892 859 3943 autem
889 3888 1011 3944 dico
1042 3888 1185 3961 quod
1234 3889 1622 3960 unusquisque
1655 3904 1750 3944 ve-

146 3982 319 4035 strum
354 3979 505 4037 dicit
532 3999 553 4035 :
586 3977 694 4049 Ego
724 3976 945 4051 quidem
973 3993 1099 4032 sum
1141 3978 1352 4033 Pauli:
1391 3992 1485 4049 ego
1532 3981 1754 4033 autem-

146 4069 330 4139 Apollo
354 4090 373 4125 :
407 4085 513 4140 ego
538 4084 667 4124 vero
700 4066 907 4140 Cephe:
941 4083 1037 4141 ego
1080 4070 1277 4122 autem
1301 4066 1511 4123 Christi
1544 4065 1595 4139 (I
1614 4065 1742 4122 Cor.

144 4171 179 4223 ι,
212 4160 316 4231 12).
339 4159 409 4214 Et
440 4159 518 4214 ob
548 4158 657 4213 hoc
687 4157 904 4229 quidem
925 4158 1123 4212 horum
1143 4172 1203 4212 se
1224 4155 1352 4212 dicit
1374 4154 1558 4212 facere
1577 4155 1755 4211 nomi-

144 4263 260 4301 num
308 4248 679 4312 mentionem,
741 4254 798 4301 ut
841 4246 1011 4302 multo
1040 4246 1219 4319 magis
1250 4245 1579 4301 erubescant
1607 4245 1663 4301 id
1694 4260 1753 4300 se

1845 3081 1982 3138 verit
2051 3080 2376 3153 Apostolus,
2448 3088 2635 3137 tamen
2708 3080 2782 3135 ita
2840 3080 3239 3147 condemnavit,
3287 3088 3345 3136 ut
3393 3080 3450 3136 in

1844 3171 2105 3227 ultionem
2140 3170 2265 3227 facti
2292 3178 2574 3227 auctorem
2613 3168 2733 3225 talis
2781 3169 2964 3242 operis
2992 3169 3210 3226 diabolo
3231 3170 3448 3240 judica-

1847 3261 1985 3317 verit
2044 3259 2413 3333 deputandum
2461 3279 2474 3315 :
2532 3260 2789 3332 imposita
2811 3259 3145 3329 judiciorum
3194 3268 3249 3315 et
3275 3259 3450 3316 litium

1847 3350 2009 3406 tertia
2056 3350 2375 3424 quaestione.
2414 3351 2623 3420 Quarto
2656 3349 2779 3405 loco
2826 3349 3300 3406 matrimoniorum
3323 3350 3452 3420 jura

1848 3447 2146 3497 tractantur
2200 3439 2305 3495 his.
2370 3439 2578 3507 Quinto
2619 3437 2741 3495 loco
2778 3438 3109 3512 virginitatis
3162 3438 3451 3496 consilium

1849 3530 1997 3587 velut
2026 3546 2056 3585 e
2090 3529 2267 3586 vicino
2307 3528 2673 3601 conjungitur.
2732 3528 2905 3585 Sexto
2951 3528 3074 3587 loco
3102 3528 3172 3584 de
3200 3544 3453 3586 escarum

1849 3619 2068 3676 licentia
2108 3618 2433 3691 disputatur.
2486 3620 2735 3692 Septimo
2782 3626 2947 3691 atque
3000 3626 3197 3675 octavo
3226 3618 3350 3675 loco
3379 3619 3450 3677 de

1851 3709 2183 3765 attundendo
2236 3708 2388 3776 viris,
2415 3716 2468 3764 et
2526 3709 2841 3765 mulieribus
2871 3708 3104 3766 velando
3159 3708 3358 3780 capite,
3389 3724 3454 3767 ac

1853 3806 2326 3856 sacramentorum
2365 3798 2749 3855 communione
2778 3798 3114 3872 praecipitur.
3151 3799 3302 3854 Nono
3332 3798 3456 3855 loco

1852 3888 2125 3945 aemulatio
2201 3905 2322 3962 quae
2378 3888 2694 3944 diversitate
2766 3888 3035 3945 donorum
3092 3887 3454 3961 spiritualium

1851 3979 2204 4049 noscebatur,
2257 3978 2359 4033 sub
2407 3978 2660 4050 exemplo
2707 3978 3086 4035 membrorum
3126 3985 3181 4035 et
3208 3977 3455 4050 corporis

1854 4068 2172 4143 castigatur.
2248 4069 2471 4125 Decimo
2543 4068 2953 4125 resurrectionis
3001 4085 3128 4141 spes
3173 4067 3356 4123 multis
3404 4075 3457 4124 et

1854 4158 2190 4233 argumentis
2221 4166 2273 4214 et
2302 4158 2603 4214 rationibus
2632 4159 2989 4231 approbatur.
3027 4159 3231 4218 Ultimo
3261 4157 3330 4214 de
3347 4157 3459 4214 col-

1852 4248 2091 4323 ligendis
2122 4248 2193 4304 ad
2209 4248 2591 4305 necessitatem
2622 4256 2936 4305 sanctorum
2965 4247 3187 4304 nomine
3218 4246 3458 4304 charita-

147 4334 316 4393 facere
346 4338 452 4393 sub
486 4336 763 4392 falsorum
808 4335 1182 4407 apostolorum
1212 4335 1524 4391 nominibus
1559 4352 1571 4391 :
1607 4333 1752 4407 quod
1773 4366 1825 4426 Β
1856 4334 1924 4390 tis
1954 4349 2086 4391 cura
2114 4333 2203 4390 vel
2231 4332 2518 4390 aedificatio
2549 4333 2715 4390 cultui
2744 4333 3063 4406 imponitur.
3096 4334 3452 4388 Interserun-

146 4426 295 4481 etiam
327 4427 373 4482 si
405 4427 514 4482 sub
547 4424 705 4480 Pauli
737 4432 789 4480 et
811 4425 955 4480 Petri
972 4423 1121 4480 fieret
1136 4425 1375 4491 nomine,
1415 4424 1751 4496 displiceret.

156 4514 403 4573 Secunda
459 4531 639 4573 causa
679 4514 794 4584 ejus
836 4514 1131 4582 inducitur,
1165 4514 1256 4587 qui
1284 4521 1525 4587 paternte
1553 4513 1754 4570 oblitus

147 4606 483 4674 reverentiae,
555 4620 789 4661 uxorem
852 4604 955 4660 sibi
1009 4620 1120 4661 non
1186 4604 1399 4661 erubuit
1444 4603 1629 4661 facere
1679 4602 1750 4658 de

1857 4431 1943 4479 tur
1997 4423 2082 4478 his
2137 4438 2308 4495 pauca
2356 4438 2479 4494 quae
2532 4430 2626 4478 aut
2681 4423 2761 4495 (ut
2833 4421 3159 4496 quibusdam
3212 4420 3458 4509 ridetur)

1854 4512 2097 4584 pendent
2126 4528 2192 4567 ex
2225 4510 2623 4583 superioribus,
2659 4520 2750 4568 aut
2772 4511 2996 4579 habent,
3028 4509 3156 4568 licet
3184 4508 3455 4582 proprias,

1855 4610 2035 4658 tamen
2057 4600 2311 4674 parvulas
2331 4600 2595 4658 actiones.

1541 4810 2059 4867 ARGUMENTUM.
2122 4840 2125 4851 ι

208 4936 471 4993 Corinthii
504 4942 642 4992 sunt
671 4934 895 4992 Achaici
928 4950 940 4989 :
975 4943 1027 4991 et
1055 4936 1110 4991 hi
1133 4935 1382 4992 similiter
1411 4935 1480 4992 ab
1510 4934 1773 5008 Apostolo
1810 4935 2099 4991 audierunt
2127 4933 2358 4990 verbum
2404 4932 2672 5001 veritatis,
2698 4941 2752 4989 et
2778 4932 3030 4989 subversi
3060 4939 3186 4988 sunt
3214 4930 3464 4987 multifa-

151 5031 218 5086 rie
245 5050 273 5087 a
301 5034 458 5090 falsis
485 5033 780 5105 apostolis.
805 5032 1040 5102 Quidam
1068 5049 1099 5088 a
1128 5033 1489 5106 philosophiae
1518 5034 1754 5091 verbosa
1775 5033 2085 5107 eloquentia
2117 5052 2132 5101 ;
2164 5032 2254 5088 alii
2282 5039 2433 5088 secta
2463 5031 2604 5103 legis
2632 5031 2871 5087 Iudaicae
2919 5030 3125 5086 inducti
3170 5037 3315 5085 sunt.
3350 5031 3467 5088 Hos

152 5143 351 5189 revocat
378 5132 692 5207 Apostolus
721 5131 791 5187 ad
821 5148 1005 5188 veram
1036 5131 1201 5189 tidem
1230 5141 1283 5189 et
1313 5132 1705 5206 Evangelicam
1750 5132 2077 5206 sapientiam
2111 5148 2124 5188 :
2158 5131 2412 5189 scribens
2456 5130 2535 5187 eis
2564 5130 2634 5185 ab
2681 5130 2903 5203 Epheso
2949 5146 3051 5203 per
3096 5128 3464 5201 Timotheum,

151 5227 459 5304 discipulum
491 5248 681 5289 suum.

930 5411 1520 5476 ARGUMENTUM
1564 5415 1641 5475 B.
1688 5412 2111 5476 BRUNONIS
2154 5412 2240 5475 IN
2283 5411 2655 5473 EAMDEM.

214 5551 402 5607 Paulus
446 5549 855 5623 praedicaverat
900 5546 1213 5612 Corinthiis,
1266 5555 1323 5603 et
1366 5563 1462 5603 eos
1491 5549 1560 5603 ad
1588 5547 1751 5604 fidem

158 5649 484 5697 converterat
519 5658 534 5695 :
603 5638 756 5709 apud
811 5653 948 5708 quos
1003 5654 1102 5708 per
1132 5653 1334 5692 annum
1374 5645 1427 5693 et
1469 5637 1753 5693 dimidium

158 5728 298 5794 (sicut
323 5732 609 5787 credimus
640 5726 1034 5797 commoratus)
1082 5735 1167 5783 est
1206 5742 1218 5782 :
1261 5726 1455 5783 videns
1484 5727 1629 5799 quod
1658 5727 1753 5782 diu

159 5824 203 5871 et
254 5817 305 5875 in
345 5820 534 5878 multis
584 5815 992 5876 consulendum
1041 5823 1186 5873 esset
1242 5815 1564 5884 Corinthiis,
1623 5815 1753 5889 quia

1855 5548 2019 5603 nimis
2048 5548 2404 5605 adhaerebant
2449 5546 2778 5604 carnalitati.
2825 5546 3077 5616 Quandiu
3107 5557 3286 5605 autem
3316 5550 3468 5607 Pau-

1854 5638 1943 5692 lus
1971 5653 2220 5708 prtesens
2248 5636 2365 5705 fuit,
2401 5638 2761 5692 adhaeserunt
2786 5652 2910 5691 cum
2941 5636 3289 5709 simplicitate
3318 5656 3466 5711 prai-

1856 5727 2028 5798 ceptis
2050 5728 2167 5797 ejus
2202 5744 2215 5782 :
2249 5726 2447 5798 quibus
2470 5727 2589 5798 ipse
2605 5725 2763 5798 quasi
2783 5725 3126 5797 simplicibus
3147 5727 3471 5798 simpliciter

1854 5816 2272 5889 praedicat/erat,
2308 5815 2490 5874 sciens
2518 5814 2823 5873 carnalitati
2845 5829 3036 5871 eorum
3057 5815 3240 5889 potius
3266 5814 3468 5876 obesse
