3970 6484
463 379 563 433 123

1017 379 1073 434 S.
1114 377 1468 436 BRUNONIS
1505 378 2155 437 CARTHUSIANORUM
2191 380 2673 438 INSTITUTORIS
2713 381 2866 438 OPP.
2908 381 3083 437 PARS
3121 381 3188 436 ΙΙ.

3650 382 3758 436 124

462 501 724 574 mysteria
771 502 920 570 ﬁdei,
955 504 1000 558 si
1026 503 1106 559 eis
1144 505 1522 560 revelarentur
1552 521 1711 576 quam
1744 505 2005 576 prodesse
2041 508 2132 567 :A
2163 522 2220 560 se
2251 507 2475 578 dignam
2507 523 2631 561 eum
2661 506 2752 578 qui
2775 522 2807 560 a
2838 506 3015 560 minus
3041 505 3209 578 digno
3241 503 3537 576 baptizatus
3568 512 3719 560 esset
3745 521 3759 558 :

465 599 519 646 et
558 591 682 646 ideo
703 593 903 647 bonum
945 593 1203 662 judicavit
1235 594 1636 664 simplicitatem
1665 609 1851 649 eorum
1883 594 2058 664 magis

461 679 518 735 in
563 680 898 752 simplicibus
950 681 1241 737 fovendam
1290 699 1432 751 esse,
1486 699 1645 754 quam
1675 683 1730 737 in
1777 683 2054 737 altitudine

461 770 841 841 mysteriorum
862 771 960 826 Dei
983 772 1073 840 (de
1118 772 1313 842 quibus
1343 771 1520 842 potius
1553 772 1862 826 haesitarent
1893 787 2056 843 quam

461 859 762 926 crederent)
819 862 1298 930 corrumpendam.
1341 861 1448 915 Sed
1498 861 1661 915 Paulo
1699 877 1729 914 a
1767 861 2058 914 Corinthiis

463 964 703 1016 reverso,
772 948 1091 1005 introierunt
1146 949 1199 1004 in
1262 966 1357 1004 eos
1417 950 1902 1020 pseudodoctores,
1967 949 2058 1020 qui

463 1037 657 1092 bonam
703 1038 1102 1108 simplicitatem
1147 1038 1337 1109 prioris
1384 1039 1645 1094 doctrina:
1686 1040 2052 1094 inverterent:

463 1143 695 1197 quorum
725 1127 974 1182 doctrina
1005 1128 1132 1199 quia
1160 1128 1213 1181 in
1236 1127 1524 1182 mundanis
1552 1127 1845 1182 rationibus
1869 1143 2057 1181 versa-

463 1214 640 1282 batur,
668 1233 788 1286 quaa
817 1217 1032 1287 penitus
1060 1217 1325 1287 spirituali
1353 1217 1614 1272 doctrina:
1635 1215 2052 1282 contradiceret,

465 1305 630 1374 coepit
659 1305 840 1377 magis
891 1305 1126 1371 allicere,
1162 1314 1215 1360 et
1245 1306 1313 1360 ad
1344 1305 1782 1376 persuadendum
1821 1305 1924 1358 sibi
1955 1305 2056 1358 ad-

463 1394 666 1448 ducere
714 1393 1041 1461 Corinthios,
1095 1394 1220 1466 quia
1270 1395 1444 1466 magis
1474 1395 1676 1448 mundo
1705 1394 2055 1448 adhmrebant

468 1497 625 1553 quam
675 1482 811 1549 Deo,
862 1491 916 1537 et
959 1483 1241 1538 destruere
1268 1483 1321 1537 in
1353 1483 1453 1548 eis,
1486 1483 1776 1538 calliditate
1805 1484 2056 1537 humanm

465 1570 706 1639 rationis,
745 1572 890 1643 quod
940 1572 1134 1627 Paulus
1182 1571 1567 1637 tediticaverat,
1611 1572 1890 1642 sequendo
1920 1572 2055 1625 sim-

467 1659 758 1730 plicitatem
835 1659 981 1716 ﬁdei.
1043 1661 1303 1715 Corinthii
1360 1670 1539 1715 autem
1593 1661 1927 1716 declinantes
1985 1661 2055 1714 ab

468 1747 819 1804 instructione
839 1750 1008 1816 Pauli,
1028 1750 1346 1820 praecipitati
1365 1759 1489 1804 sunt
1509 1751 1562 1803 in
1591 1750 1791 1804 multos
1821 1765 2051 1816 errores,

2162 596 2214 650 in
2245 596 2347 650 hoc
2377 595 2559 666 utique
2589 596 2905 667 derogando
2938 597 3052 649 Deo
3082 595 3351 660 errabant,
3384 593 3547 648 etiam
3576 598 3634 647 in
3665 609 3757 659 eo,

2159 684 2280 754 quia
2329 700 2528 754 corpus
2569 684 2784 738 Domini
2815 683 3090 754 paululum
3122 683 3510 738 discernebant
3539 682 3608 736 ab
3631 681 3760 735 aliis

2158 773 2314 828 cibis.
2352 775 2548 827 lterum
2577 773 2630 827 in
2662 789 2728 827 eo
2757 773 2879 844 quia
2909 773 3008 825 viri
3047 772 3225 826 velato
3273 771 3470 842 capite,
3499 771 3762 825 mulieres

2157 862 2500 932 disc00perto
2556 869 2792 916 orarent.
2850 862 2976 915 Erat
3031 860 3190 915 etiam
3239 860 3374 914 alius
3419 875 3595 925 error,
3632 860 3762 930 quia

2161 951 2391 1004 futuram
2426 951 2885 1005 resurrectionem
2916 965 3022 1004 non
3053 949 3218 1016 (sicut
3258 949 3451 1002 Paulus
3481 948 3762 1018 pradica-

2159 1040 2332 1106 verat)
2350 1039 2503 1094 85
2531 1040 2846 1093 credebant.
2865 1039 3275 1092 Accusabantur
3293 1037 3434 1092 etian
3456 1037 3600 1101 inde,
3630 1036 3764 1107 quia.

2160 1129 2487 1182 audiebatur
2515 1128 2654 1181 inter
2673 1144 2766 1181 eos
2791 1127 3096 1191 fornicatio,
3119 1143 3278 1197 quam
3306 1141 3408 1180 nec
3438 1132 3760 1196 paterentur

2157 1217 2407 1289 gentiles.
2483 1216 2714 1284 Quidam
2790 1216 2933 1271 enim
2993 1231 3180 1270 eorum
3240 1229 3536 1270 novercam
3593 1229 3752 1268 suam

2155 1306 2382 1359 duxerat
2414 1305 2466 1358 in
2503 1321 2725 1359 uxorem
2761 1322 2772 1360 :
2809 1320 2969 1375 quem
3000 1319 3102 1359 nec
3133 1303 3461 1376 corrigendo
3483 1303 3754 1358 emenda-

2157 1403 2368 1461 verant,
2401 1410 2502 1449 nec
2534 1393 3001 1464 participationem
3027 1393 3286 1448 Ecclesiae
3320 1392 3446 1447 huic
3473 1399 3579 1444 tam
3612 1390 3758 1446 faci-

2153 1499 2350 1538 noroso
2372 1483 2777 1547 interdixerant;
2795 1483 2888 1536 sed
2907 1499 3006 1552 per
3035 1481 3274 1536 illicitam
3298 1480 3610 1551 patientiam
3630 1480 3764 1536 huic

2156 1572 2382 1627 incestui
2429 1572 2734 1626 consentire
2802 1571 3148 1625 videbantur.
3216 1569 3424 1637 Quibus
3480 1568 3763 1624 erroribus

2157 1661 2408 1730 cognitis,
2469 1660 2664 1714 Paulus
2710 1676 2809 1730 per
2853 1646 3174 1713 Sostheném
3223 1659 3448 1712 missum
3494 1656 3596 1711 sibi
3628 1673 3760 1712 cum

2155 1750 2394 1819 Epistola
2423 1765 2455 1802 a
2501 1748 2770 1814 fratribus,
2824 1749 2915 1819 qui
2965 1756 3116 1802 erant
3162 1747 3341 1810 Cloes,
3378 1747 3469 1818 qui
3515 1745 3668 1801 locus
3701 1745 3761 1799 in

464 1846 520 1892 ut
565 1839 898 1893 aestimarent
946 1841 1133 1893 merita
1166 1839 1551 1910 baptizantium
1579 1839 1842 1909 prodesse
1875 1837 2055 1908 bapti-
2087 1867 2138 1928 Β
2163 1838 2632 1907 archiepiscopatu
2691 1837 3094 1891 Corinthiorum
3125 1835 3502 1899 claudebatur,
3537 1833 3760 1904 scripsit

468 1927 600 1981 satis
632 1936 832 1999 quanto
861 1928 1068 1996 majora
1097 1936 1298 1996 essent,
1323 1937 1374 1983 et
1392 1944 1589 1983 nocere
1621 1929 1664 1982 si
1696 1927 1901 1981 minora
1933 1927 2058 1980 luis-

470 2025 606 2071 sent.
642 2019 707 2071 Et
753 2018 855 2072 hoc
902 2018 1066 2072 modo
1115 2017 1318 2072 homini
1358 2018 1680 2080 tribuebant,
1709 2017 1856 2087 quod
1888 2015 2058 2069 solius

467 2106 568 2161 Dei
598 2114 728 2172 erat,
763 2107 969 2162 scilicet
989 2107 1259 2162 dimittere
1280 2115 1522 2177 peccata.
1549 2106 1667 2174 Qua
1688 2106 1757 2159 de
1790 2122 1843 2159 re
1877 2103 2055 2173 ﬁebat,

466 2203 523 2250 ut
553 2196 644 2268 qui
681 2213 711 2250 a
755 2197 1005 2270 digniore
1045 2197 1344 2268 baptizatus
1391 2205 1524 2263 erat,
1569 2196 1833 2264 judicaret
1882 2194 2059 2248 minus

2159 1927 2226 1980 ad
2259 1943 2353 1980 eos
2404 1927 2543 1980 hanc
2589 1925 2902 1994 Epistolam,
2953 1924 3008 1977 in
3057 1939 3161 1995 qua
3210 1924 3318 1994 agit
3366 1923 3434 1977 de
3463 1922 3760 1978 Corinthiis

2159 2015 2492 2070 errantibus:
2527 2031 2735 2068 errores
2764 2030 2950 2068 eorum
2989 2012 3382 2074 enumerando,
3418 2011 3757 2080 eosdemque

2158 2105 2412 2175 congruis
2434 2103 2728 2158 rationibus
2751 2101 3123 2172 improbando,
3145 2117 3210 2156 ea
3239 2101 3428 2172 utique
3451 2099 3758 2158 intentione

2161 2201 2217 2247 ut
2246 2193 2313 2246 ab
2343 2193 2425 2246 his
2457 2192 2598 2246 vitiis
2625 2208 2718 2246 eos
2750 2191 3012 2247 retrahat.

1009 2501 1636 2588 EPISTOLA
1702 2501 1856 2585 AD
1931 2497 2708 2585 CORINTHIOS
2789 2496 3214 2590 PRIMA.

991 2688 1217 2743 CAPUT
1248 2688 1535 2744 PRIMUM.

533 2834 556 2864 «
599 2813 797 2868 Paulus
842 2820 1063 2869 vocatus
1109 2813 1386 2884 apostolus
1407 2811 1605 2867 Christi
1650 2813 1780 2866 Jesu
1823 2827 1920 2881 per
1963 2827 2058 2866 vo-

463 2926 484 2949 «
531 2902 788 2958 luntatem
837 2903 956 2968 Dei,
1009 2910 1061 2957 et
1091 2903 1386 2957 Sosthenes
1442 2901 1610 2956 frater
1639 2900 1899 2955 Ecclesia:
1937 2900 2056 2965 Dei,

465 3013 488 3042 ι
534 3008 653 3064 quae
676 3000 756 3046 est
803 2991 1066 3056 Corinthi,
1101 2990 1445 3046 sanctificatis
1476 2990 1529 3043 in
1559 2989 1775 3044 Christo
1805 2989 1932 3042 Jesu
1965 3005 2060 3044 vo-

469 3101 491 3131 ι
534 3079 668 3136 catis
723 3080 941 3145 sanctis,
995 3095 1114 3135 cum
1164 3080 1414 3135 omnibus
1459 3079 1548 3151 qui
1577 3077 1832 3133 invocant
1859 3094 2057 3132 nomen

468 3193 488 3216 ιι
536 3169 751 3224 Domini
781 3168 953 3223 nostri
980 3170 1110 3223 Jesu
1142 3167 1370 3235 Christi,
1404 3167 1455 3221 in
1485 3167 1631 3223 omni
1661 3167 1781 3222 loco
1813 3167 2055 3238 ipsorum
2079 3185 2124 3245 ο

468 3281 490 3307 ιι
535 3267 586 3314 et
616 3265 824 3313 nostro.
859 3258 1048 3312 Gratia
1077 3257 1229 3312 vobis
1259 3265 1310 3312 et
1341 3274 1443 3328 pax
1465 3273 1494 3311 a
1526 3257 1639 3312 Deo
1670 3265 1820 3327 patre
1842 3265 2050 3324 nostro,

467 3369 488 3396 ι
533 3355 586 3403 et
615 3347 846 3403 Domino
864 3348 993 3402 Jesu
1015 3347 1244 3402 Christo.
1272 3346 1490 3402 Gratias
1511 3363 1618 3418 ago
1639 3347 1755 3400 Deo
1772 3363 1893 3401 meo
1912 3363 2055 3400 sem-

470 3458 493 3488 ι
536 3454 636 3508 per
663 3453 762 3508 pro
789 3437 941 3492 vobis
973 3437 1027 3490 in
1051 3437 1226 3509 gratia
1255 3436 1373 3502 Dei,
1407 3453 1527 3508 qua:
1549 3437 1669 3490 data
1697 3445 1780 3490 est
1817 3437 1972 3491 vobis
1998 3437 2053 3490 in

468 3549 490 3573 ει
535 3526 751 3581 Christo
795 3527 922 3580 Jesu
951 3541 962 3580 :
997 3527 1143 3597 quod
1183 3525 1237 3579 in
1263 3525 1514 3580 omnibus
1543 3525 1736 3581 divites
1768 3524 1892 3580 facti
1923 3525 2054 3580 estis

467 3638 489 3663 ε
535 3615 589 3670 in
642 3615 754 3681 illo,
791 3615 846 3670 in
876 3615 1024 3670 omni
1054 3615 1240 3681 verbo,
1291 3623 1346 3668 et
1374 3614 1427 3668 in
1459 3615 1606 3669 omni
1637 3615 1883 3678 scientia,
1918 3615 2055 3669 sicut

468 3726 489 3754 α
531 3703 896 3759 testimonium
925 3704 1122 3759 Christi
1164 3703 1534 3759 confirmatum
1567 3711 1649 3758 est
1678 3703 1733 3757 in
1761 3704 1914 3758 vobis
1941 3723 1953 3768 ;
1979 3703 2054 3758 ita

465 3817 487 3840 «
532 3800 588 3847 ut
617 3793 751 3847 nihil
803 3793 958 3848 vobis
1005 3793 1144 3847 desit
1174 3793 1229 3847 in
1249 3793 1356 3847 ulla
1385 3793 1583 3865 gratia,
1619 3792 2053 3863 exspectantibus

466 3904 489 3933 α
530 3882 914 3938 revelationem
945 3881 1161 3937 Domini
1189 3884 1355 3936 nostri
1385 3883 1513 3938 Jesu
1545 3883 1760 3952 Christi,
1795 3882 1886 3954 qui
1917 3898 2053 3936 con-

468 3995 490 4019 ιι
536 3971 766 4026 firmabit
813 3987 911 4027 vos
954 3988 1128 4042 usque
1174 3971 1227 4025 in
1258 3970 1419 4027 ﬁnem
1451 3972 1568 4026 sine
1600 3972 1848 4037 crimine,
1882 3972 1935 4025 in
1965 3971 2053 4026 die

469 4083 492 4112 α
537 4061 804 4117 adventus
860 4061 1076 4116 Domini
1125 4061 1290 4116 nostri
1337 4062 1464 4116 Jesu
1503 4061 1722 4117 Christi.
1789 4083 1809 4111 ι
1853 4061 2054 4116 Fidelis

469 4172 491 4202 ι
536 4151 702 4215 Deus,
735 4167 831 4221 per
859 4167 1020 4222 quem
1064 4150 1241 4206 vocati
1273 4151 1402 4205 estis
1434 4153 1484 4220 (I
1517 4151 1699 4205 Thess.
1735 4166 1788 4216 v,
1821 4151 1912 4218 24)
1951 4175 1971 4198 »ι
1999 4150 2052 4204 in

469 4262 490 4286 «
537 4239 850 4297 societatem
893 4239 1013 4294 Filii
1051 4239 1167 4308 ejus
1212 4241 1341 4294 Jesu
1373 4239 1568 4294 Christi
1600 4239 1814 4294 Domini
1845 4239 2043 4293 nostri.

467 4354 488 4377 «ι
536 4329 781 4385 Obsecro
830 4338 1009 4384 autem
1044 4345 1143 4385 vos
1188 4328 1405 4393 fratres,
1454 4345 1552 4399 per
1599 4345 1796 4384 nomen
1839 4328 2053 4382 Domini

468 4443 490 4467 α
535 4419 707 4475 nostri
747 4421 878 4474 Jesu
927 4419 1148 4484 Christi,
1193 4426 1249 4472 ut
1279 4419 1511 4489 idipsum
1541 4418 1732 4472 dicatis
1763 4433 1970 4482 omnes,
2003 4426 2055 4472 et

468 4533 488 4556 α
535 4525 644 4564 non
674 4508 780 4563 sint
810 4508 864 4562 in
893 4507 1049 4564 vobis
1099 4507 1393 4563 schismata
1427 4522 1438 4560 :
1464 4507 1580 4561 sitis
1611 4516 1794 4561 autem
1824 4506 2051 4577 perfecti

467 4621 488 4646 ιι
533 4597 589 4652 in
619 4597 812 4652 eodem
834 4614 1017 4662 sensu,
1049 4605 1101 4652 et
1130 4597 1182 4650 in
1204 4597 1396 4652 eadem
1418 4596 1659 4652 scientia.
1686 4595 2054 4666 Significatum

467 4708 490 4737 «
535 4695 616 4742 est
641 4687 785 4742 enim
807 4687 936 4740 mihi
958 4686 1026 4740 de
1050 4686 1222 4754 vobis,
1247 4685 1443 4740 fratres
1465 4685 1588 4751 mei,
1613 4685 1680 4739 ab
1711 4685 1794 4738 his
1816 4684 1908 4756 qui
1929 4692 2058 4739 sunt

469 4797 490 4827 ι
536 4776 714 4843 Cloes,
749 4776 876 4846 quia
897 4774 1273 4831 contentiones
1295 4783 1416 4829 sunt
1435 4775 1576 4829 inter
1597 4791 1713 4830 vos.
1739 4775 1852 4829 Hoc
1871 4782 2052 4828 autem

468 4886 490 4917 ε
536 4866 658 4921 dico
683 4865 829 4938 quod
875 4865 1250 4936 unusquisque
1288 4873 1524 4919 vestrum
1561 4863 1732 4918 dicit:
1765 4865 1883 4932 Ego
1929 4863 2052 4934 qui-

470 4979 491 5002 α
535 4955 657 5009 dem
688 4971 806 5008 sum
838 4954 1008 5020 Pauli;
1040 4970 1144 5026 ego
1165 4962 1343 5008 autem
1365 4953 1557 5023 Apollo
1580 4953 1726 5020 (Act.
1751 4967 1911 5017 xvui,
1938 4952 2052 5020 25);

469 5066 490 5095 α
536 5060 638 5116 ego
667 5059 799 5099 vero
850 5045 1075 5114 Cephaa;
1110 5059 1214 5114 ego
1255 5050 1433 5097 autem
1474 5041 1688 5095 Christi.
1726 5041 1944 5095 Divisus
1975 5048 2056 5095 est

469 5158 490 5181 α
537 5134 830 5204 Christus?
859 5132 1117 5204 Nunquid
1147 5131 1344 5186 Paulus
1394 5129 1683 5186 crucifixus
1715 5138 1798 5183 est
1828 5146 1924 5200 pro
1955 5145 2055 5184 vo-

469 5245 491 5273 α
536 5223 666 5277 bis?
723 5225 828 5277 Aut
893 5222 946 5275 in
1023 5220 1239 5274 nomine
1313 5218 1465 5272 Pauli
1538 5218 1792 5288 baptizati
1869 5219 1999 5273 estis
2030 5220 2057 5272 ?

468 5336 490 5360 α
547 5311 764 5367 Gratias
822 5325 928 5382 ago
986 5310 1101 5364 Deo
1157 5323 1279 5362 meo
1311 5307 1458 5378 quod
1497 5306 1769 5362 neminem
1819 5316 2059 5362 vestrum

469 5425 490 5448 α
536 5399 825 5471 baptizavi,
878 5397 984 5451 nisi
1040 5395 1290 5474 Crispum
1338 5402 1391 5449 et
1422 5395 1630 5463 Caium,
1664 5412 1731 5450 ne
1765 5396 1885 5466 quis
1915 5397 2059 5451 dicat

467 5511 492 5542 ι
536 5477 684 5562 quod
714 5489 767 5542 in
799 5486 1019 5541 nomine
1051 5500 1172 5538 meo
1203 5483 1452 5556 baptizati
1483 5485 1633 5539 estis.
1664 5485 1936 5555 Baptizavi
1966 5502 2061 5540 au-

472 5603 494 5629 ε
540 5587 648 5633 tem
680 5586 733 5633 et
751 5576 1036 5645 Stephants
1058 5573 1277 5627 domum
1313 5587 1324 5626 :
1355 5581 1605 5628 caeterum
1630 5573 1816 5629 nescio
1833 5574 1879 5628 si
1899 5591 2062 5646 quem

470 5689 493 5727 ε
537 5666 705 5730 alium
782 5670 1027 5727 vestrum
1089 5661 1493 5733 baptizaverim.
1563 5663 1686 5718 Non
1755 5662 1900 5721 enim
1954 5663 2059 5717 mi-

1290 5932 1316 5946 ς

2167 2706 2189 2734 ι
2239 2683 2306 2737 sit
2341 2699 2426 2738 me
2461 2682 2704 2736 Christus
2735 2681 3028 2752 baptizare,
3064 2680 3158 2734 sed
3189 2679 3601 2752 evangelizare:
3646 2695 3764 2735 non

2165 2795 2185 2822 ι
2233 2773 2287 2826 in
2319 2772 2581 2843 sapientia
2616 2771 2788 2834 verbi,
2822 2779 2877 2824 ut
2911 2786 3018 2824 non
3048 2777 3337 2824 evacuetur
3366 2785 3495 2823 crux
3535 2769 3759 2823 Christi.

2167 2884 2188 2912 ιι
2233 2862 2474 2917 Verbum
2504 2861 2648 2915 enim
2679 2859 2855 2914 crucis
2886 2858 3236 2928 pereuntibus
3281 2857 3501 2928 quidem
3531 2857 3763 2913 stultitia

2166 2975 2186 2997 α
2234 2959 2333 3015 est,
2365 2951 2450 3003 his
2481 2956 2662 3003 autem
2695 2947 2785 3019 qui
2820 2947 2956 3002 salvi
2988 2945 3138 3013 fiunt,
3175 2946 3228 2999 id
3257 2953 3336 3000 est
3369 2945 3548 3012 nobis,
3582 2945 3761 3001 virtus

2164 3063 2184 3086 «ι
2230 3038 2331 3094 Dei
2360 3047 2460 3092 est.
2497 3037 2763 3107 Scriptum
2795 3044 2873 3090 est
2906 3035 3078 3089 enim:
3107 3059 3128 3081 α
3168 3035 3397 3089 Perdam
3428 3035 3762 3104 sapientiam

2162 3152 2183 3175 ιι
2228 3127 2569 3198 sapientium,
2641 3134 2694 3180 et
2747 3124 3089 3195 prudentiam
3144 3123 3495 3194 prudentium
3552 3139 3758 3194 repro-

2161 3239 2184 3268 ι
2228 3217 2368 3271 babo
2397 3218 2549 3270 (Isai.
2585 3229 2748 3279 xxrx,
2783 3215 2890 3282 14).
2926 3234 2946 3262 ιι
2985 3213 3085 3268 Ubi
3109 3212 3372 3282 sapiens?
3407 3211 3497 3266 ubi
3529 3212 3762 3268 scriba?

2160 3330 2179 3352 «
2226 3306 2314 3359 ubi
2363 3304 2650 3376 inquisitor
2699 3303 2854 3370 hujus
2883 3301 3110 3356 saeculi?
3139 3302 3331 3355 Nonne
3379 3300 3597 3354 stultam
3631 3299 3762 3356 fecit

2158 3417 2180 3445 α
2225 3395 2371 3448 Deus
2403 3393 2731 3464 sapientiam
2781 3391 2939 3459 hujus
2970 3390 3206 3444 mundi?
3239 3391 3378 3444 Nam
3411 3389 3536 3459 quia
3565 3388 3620 3442 in
3655 3390 3765 3445 Dei

2160 3508 2180 3531 α
2227 3483 2489 3554 sapientia
2545 3497 2651 3536 non
2712 3479 2967 3552 cognovit
3022 3479 3258 3533 mundus
3315 3478 3764 3548 persapientiam

2159 3597 2179 3618 ιι
2228 3573 2440 3627 Deum:
2490 3569 2692 3642 placuit
2741 3571 2855 3623 Deo
2903 3585 3003 3639 per
3034 3567 3312 3622 stultitiam
3345 3567 3762 3637 prazdicationis

2159 3684 2181 3712 α
2225 3662 2406 3716 salvos
2439 3659 2621 3715 facere
2651 3659 2964 3714 credentes.
2999 3657 3267 3726 Quoniam
3311 3665 3364 3710 et
3390 3656 3563 3710 Judaei
3593 3656 3765 3728 signa.

2159 3775 2179 3797 «
2225 3758 2434 3822 petunt,
2469 3757 2521 3803 et
2551 3747 2726 3803 Graeci
2761 3746 3080 3816 sapientiam
3113 3753 3388 3816 quaerunt.
3428 3745 3542 3798 Nos
3571 3753 3764 3799 autem

2158 3855 2185 3886 α
2222 3834 2584 3905 praedicamus
2615 3832 2884 3887 Christum
2917 3829 3234 3886 crucifixum
3258 3845 3268 3884 :
3293 3829 3495 3884 Judzeis
3528 3829 3761 3900 quidem

2159 3948 2179 3970 α
2225 3922 2560 3986 scandalum,
2611 3921 2866 3994 gentibus
2913 3929 3092 3974 autem
3124 3919 3404 3973 stultitiam
3441 3933 3452 3972 :
3487 3917 3620 3989 ipsis
3651 3933 3764 3973 au-

2159 4033 2181 4063 «
2226 4021 2333 4066 tem
2375 4010 2580 4066 vocatis
2626 4009 2827 4064 Iudaeis
2873 4016 3035 4079 atque
3079 4007 3286 4062 Grzecis
3337 4006 3606 4061 Christum
3656 4006 3766 4062 Dei

2158 4124 2179 4153 α
2224 4102 2476 4157 virtutem
2506 4108 2559 4154 et
2588 4099 2687 4153 Dei
2716 4098 3071 4169 sapientiam;
3104 4097 3232 4168 quia
3253 4096 3400 4167 quod
3431 4095 3651 4149 stultum
3672 4104 3764 4150 est

2160 4215 2179 4238 «
2226 4191 2324 4245 Dei
2373 4188 2670 4260 sapientius
2727 4196 2808 4241 est
2855 4186 3183 4249 horninibus,
3218 4193 3269 4238 et
3302 4185 3446 4256 quod
3475 4183 3762 4240 infirmum

2159 4303 2180 4326 ι(
2225 4288 2308 4335 est
2353 4278 2451 4332 Dei
2501 4277 2690 4331 fortius
2740 4284 2820 4330 est
2865 4274 3195 4330 hominibus.
3243 4273 3434 4328 Videte
3479 4273 3623 4327 enim
3653 4289 3765 4328 vo-

2159 4391 2179 4418 ι
2223 4368 2490 4424 cationem
2548 4374 2801 4429 vestram,
2860 4363 3076 4428 fratres,
3136 4363 3264 4434 quia
3323 4379 3430 4417 non
3477 4361 3632 4416 multi
3663 4379 3766 4416 sa-

2163 4479 2183 4512 ι
2223 4458 2435 4528 pientes
2457 4456 2757 4511 secundum
2777 4469 3017 4520 carnem,
3041 4468 3149 4506 non
3172 4451 3324 4505 multi
3353 4459 3624 4522 potentes,
3649 4467 3767 4506 non

2072 4553 2124 4612 D
2157 4571 2178 4594 ιι
2222 4546 2375 4600 multi
2420 4545 2650 4607 nobiles,
2694 4543 2791 4598 sed
2836 4560 2955 4613 qum
3003 4540 3166 4595 stulta
3219 4547 3342 4594 sunt
3387 4539 3571 4593 mundi
3591 4539 3769 4612 elegit

2158 4660 2177 4682 «
2224 4637 2390 4699 Deus,
2431 4642 2489 4688 ut
2535 4631 2829 4688 confundat
2872 4630 3176 4700 sapientes;
3223 4637 3275 4684 et
3322 4627 3538 4682 infirma
3569 4629 3767 4684 mundi

2159 4746 2180 4774 ε
2225 4724 2393 4795 elegit
2448 4724 2614 4787 Deus,
2675 4728 2733 4774 ut
2793 4718 3084 4774 confundat
3143 4717 3346 4772 fortia:
3397 4725 3446 4771 et
3495 4717 3769 4788 ignobilia

2159 4837 2179 4858 α
2225 4811 2432 4876 mundi,
2482 4819 2536 4865 et
2590 4807 3020 4878 contemptibilia
3063 4805 3227 4878 elegit
3256 4807 3423 4874 Deus,
3457 4813 3509 4859 et
3539 4821 3604 4859 ea
3634 4822 3765 4876 quae

2160 4924 2181 4949 α
2225 4917 2335 4955 non
2365 4908 2524 4964 sunt;
2561 4907 2616 4952 ut
2647 4914 2708 4953 ea
2739 4914 2858 4969 quae
2881 4905 3002 4950 sunt
3031 4897 3333 4950 destrueret
3369 4910 3380 4948 :
3413 4902 3471 4949 ut
3498 4910 3607 4949 non
3635 4894 3768 4966 glo-

2160 5012 2181 5036 ιι
2227 4989 2395 5044 rietur
2451 4987 2629 5042 omnis
2687 5002 2816 5042 caro
2873 4986 2927 5039 in
2985 4991 3281 5054 conspectu
3328 4984 3462 5051 ejus.
3510 4984 3590 5037 Ex
3637 4983 3764 5053 ipso

2160 5101 2182 5126 ιι
2228 5086 2410 5133 autem
2439 5093 2536 5132 vos
2560 5075 2691 5130 estis
2721 5075 2775 5128 in
2805 5075 3020 5128 Christo
3051 5074 3197 5139 Jesu,
3231 5073 3324 5144 qui
3354 5071 3525 5126 factus
3555 5081 3639 5126 est
3664 5087 3769 5129 no-

2162 5192 2182 5215 ιι
2230 5167 2312 5220 bis
2345 5166 2614 5237 sapientia
2642 5181 2673 5219 a
2703 5166 2836 5228 Deo,
2879 5172 2931 5217 et
2953 5161 3179 5231 justitia,
3219 5170 3271 5216 et
3301 5159 3672 5226 sanctificatio,
3712 5171 3768 5217 et

2164 5278 2185 5306 ι
2230 5255 2547 5325 redemptio,
2581 5262 2657 5320 ut,
2679 5251 3140 5324 quemadmodum
3164 5249 3322 5306 86
3356 5249 3619 5319 scriptum
3651 5259 3768 5318 est,

2163 5367 2185 5395 α
2230 5345 2333 5412 Qui
2379 5343 2661 5415 gloriatur,
2698 5342 2752 5396 in
2793 5340 3025 5396 Domino
3048 5339 3313 5410 glorietur
3341 5339 3414 5408 (II
3443 5337 3562 5394 Cor.
3589 5341 3768 5406 x,l7;

2163 5457 2184 5481 «
2231 5435 2342 5489 Jer.
2378 5448 2459 5499 ix,
2493 5435 2640 5502 ’22).»

2789 5551 3108 5592 EXPOSITIO.

2233 5667 2310 5720 Pr.
2324 5666 2470 5732 ulus,
2517 5670 2626 5720 etc.
2685 5662 2826 5736 Quia
2867 5661 3186 5718 auctoritate
3216 5676 3352 5734 Opus
3383 5667 3498 5716 erat
3531 5659 3603 5715 ad
3632 5677 3773 5733 pre-
