3970 6456
263 407 363 461 125

893 401 1277 461 EXPOSITIO
1323 401 1400 459 IN
1443 399 1826 459 EPISTOLAS
1871 398 2100 458 PAULI.
2141 433 2211 446 —
2250 403 2327 461 IN
2361 403 2578 462 EPIST.
2616 405 2640 461 Ι
2675 405 2771 462 ΑΙ)
2809 405 2970 463 COR.

3486 403 3590 458 126

260 528 523 584 mendam
570 528 980 586 Corinthiorum
1027 529 1356 602 superbiam,
1389 544 1591 585 nomen
1638 524 1880 584 auctori-
1910 525 2074 594 Atia,
2107 529 2162 584 id
2193 538 2274 586 est
2303 538 2540 603 acceptae
2565 530 2970 601 justiﬁcationis
3007 544 3370 604 perseverans
3399 536 3589 586 custo-

263 618 391 674 tatis
421 619 577 690 ponit
607 619 796 675 dicens
827 637 842 675 :
874 620 1107 684 Paulus,
1139 618 1285 690 quod
1315 618 1501 691 utique
1530 633 1732 673 nomen
1759 614 1879 670 ubi-

268 724 372 780 que
403 716 594 762 notum
625 716 726 762 est.
783 707 979 763 Paulus
1008 707 1152 773 dico,
1203 711 1432 764 vocatus
1479 723 1513 762 a
1543 708 1679 771 Deo,
1715 705 1772 759 id
1799 711 1883 760 est

272 798 566 870 apostolus
596 797 781 852 divina
811 796 1095 852 vocatione
1146 797 1494 852 constitutus.
1527 795 1629 850 Vel
1658 801 1881 851 vocatus

270 886 338 940 ab
366 886 658 952 omnibus;
695 886 822 958 quia
845 886 961 954 jam
990 902 1183 941 omnes
1199 893 1432 941 noscunt
1453 901 1575 941 eum
1606 900 1729 938 esse
1759 897 1886 953 apo-

271 974 492 1030 stolum.
525 976 829 1048 Apostolus
859 975 1004 1043 dico,
1037 975 1094 1029 id
1126 983 1208 1030 est
1237 975 1452 1047 legatus
1486 973 1699 1030 Christi
1729 975 1879 1038 Iesu,

273 1062 329 1118 id
373 1073 457 1119 est
503 1080 617 1119 non
657 1081 717 1119 se
761 1071 1196 1135 praesumptuose
1244 1064 1503 1136 ingerens
1549 1070 1606 1117 ut
1653 1062 1882 1133 pseudo,

276 1153 375 1209 sed
406 1154 620 1226 legatus
664 1153 864 1209 Christi
894 1155 1060 1219 Jesu;
1092 1169 1194 1209 nec
1224 1168 1257 1208 a
1287 1153 1501 1210 Christo
1544 1152 1744 1206 missus
1786 1166 1888 1222 per

275 1243 600 1298 exercenda:
647 1242 744 1298 iraa
794 1243 1275 1314 Opportunitatem,
1329 1250 1387 1297 ut
1435 1241 1608 1298 Saul:
1649 1240 1746 1296 sed
1785 1257 1890 1313 per

277 1335 657 1398 voluntatem,
693 1332 749 1387 id
796 1341 879 1387 est
927 1349 1026 1404 per
1072 1331 1476 1403 beneplacitum
1520 1332 1638 1386 Dei.
1693 1329 1888 1384 Paulus

277 1422 466 1493 utique
488 1426 544 1477 et
568 1437 689 1476 cum
712 1438 778 1477 eo
810 1423 1108 1478 Sosthenes
1135 1424 1361 1493 frater;
1389 1436 1501 1476 non
1522 1419 1645 1492 quia
1664 1419 1890 1474 Sosthe-

276 1527 379 1565 nes
437 1511 495 1565 in
551 1511 651 1567 hac
707 1510 952 1582 Epistola
997 1510 1296 1584 quidquam
1352 1509 1648 1581 scripserit,
1697 1508 1795 1563 sed
1835 1515 1891 1562 ut

275 1600 480 1654 Paulus
519 1616 620 1671 per
649 1601 753 1656 hoc
800 1601 1052 1656 ostendat
1098 1616 1291 1656 omnes
1337 1615 1555 1655 errores
1583 1614 1646 1654 se
1678 1612 1893 1670 cogno-

277 1707 456 1757 scere,
489 1690 617 1762 quia
646 1690 738 1762 qui
768 1689 838 1746 de
869 1690 1078 1746 eisdem
1109 1698 1241 1756 erat,
1275 1698 1328 1746 et
1357 1689 1498 1744 inter
1527 1703 1624 1744 eos
1656 1703 1893 1744 conver-

279 1780 523 1846 sabatur,
583 1780 634 1835 ei
689 1779 1082 1845 nuntiaverat;
1134 1779 1259 1834 ideo
1307 1778 1471 1834 etiam
1521 1785 1580 1832 ut
1642 1776 1896 1832 ostendat

1983 617 2093 672 dia.
2129 619 2218 676 Sic
2249 620 2316 676 de
2348 636 2482 691 pace
2518 636 2530 675 :
2564 621 2946 677 Peccatoribus
2994 621 3063 676 sit
3091 637 3196 692 pax
3227 619 3394 676 animi
3423 616 3590 674 resti-

1982 714 2097 762 tuta
2122 726 2136 773 ;
2168 725 2280 764 non
2300 709 2656 780 peccantibus
2680 711 3040 782 tranquillitas
3060 710 3224 765 animi
3245 715 3584 782 perseveret.

1985 795 2194 866 Gratia,
2231 798 2474 870 inquam,
2510 807 2563 853 et
2590 815 2697 870 pax
2719 799 2787 854 sit
2809 800 2965 855 vobis
2986 818 3020 855 a
3041 801 3148 856 Deo
3180 803 3352 856 Patre
3372 802 3590 865 nostro,

1984 890 2039 940 et
2095 889 2331 943 Domino
2364 890 2499 943 Iesu
2559 888 2799 952 Christo,
2832 903 2866 942 a
2894 904 3001 960 quo
3050 887 3168 944 solo
3214 887 3422 944 credite
3470 902 3593 943 esse

1986 990 2205 1030 omnem
2230 975 2671 1046 justiﬁcationem
2706 993 2718 1032 :
2752 978 2973 1033 excluso
3003 977 3150 1033 omni
3178 977 3371 1034 merito
3413 975 3594 1048 bapti-

1987 1064 2207 1120 zatoris.
2244 1064 2384 1134 Quia
2414 1067 2482 1121 de
2514 1065 2810 1122 Corinthiis
2859 1066 3082 1139 quidam
3131 1074 3288 1122 erant
3334 1081 3599 1137 perseve-

1988 1161 2171 1208 rantes
2196 1153 2253 1208 in
2283 1154 2532 1210 doctrina
2564 1155 2737 1225 Pauli,
2770 1171 2880 1210 non
2926 1155 3393 1211 communicantes
3422 1153 3601 1210 errori

1989 1242 2242 1310 aliorum,
2276 1243 2514 1314 primum
2561 1244 2854 1315 separatim
2887 1244 3124 1317 loquitur
3151 1245 3288 1312 istis,
3322 1253 3379 1298 ut
3408 1242 3597 1299 audito

1991 1333 2138 1403 quod
2170 1333 2373 1388 bonum
2405 1349 2565 1388 suum
2607 1341 2768 1389 tantae
2799 1333 3132 1390 auctoritatis
3177 1333 3248 1388 sit
3275 1333 3422 1404 apud
3453 1335 3602 1404 Apo-

1993 1421 2210 1491 stolum,
2243 1422 2420 1496 magis
2451 1422 2764 1478 animentur
2792 1423 2864 1478 ad
2895 1423 3096 1478 bonum
3133 1438 3145 1477 :
3173 1423 3299 1478 ideo
3331 1429 3383 1478 et
3412 1429 3470 1477 ut
3498 1437 3602 1493 per

1992 1512 2098 1567 hoc
2125 1511 2306 1584 magis
2337 1511 2654 1568 incumbant
2685 1511 3011 1568 correctioni
3042 1512 3342 1568 errantium
3372 1510 3606 1566 fratrum

1995 1607 2047 1655 et
2075 1608 2135 1654 ut
2177 1608 2426 1656 errantes
2473 1601 2682 1672 absque
2726 1600 3111 1657 reclamatione
3157 1600 3418 1656 obediant
3461 1599 3601 1669 istis,

1995 1705 2118 1744 cum
2163 1689 2434 1745 audierint
2481 1689 2874 1761 perfectionem
2905 1706 3096 1746 eorum
3143 1690 3276 1745 tanti
3305 1705 3428 1745 esse
3458 1688 3607 1760 apud

1996 1778 2336 1848 Apostolum.

284 1870 610 1924 Sosthenem
658 1884 871 1925 errores
919 1885 1107 1924 eorum
1138 1868 1415 1923 nuntiasse
1457 1867 1578 1933 sibi,
1613 1882 1722 1922 non
1750 1865 1892 1921 malo
1921 1895 1974 1954 Β
2069 1868 2224 1923 Unde
2255 1868 2332 1924 sic
2363 1868 2438 1923 ait
2471 1884 2484 1923 :
2524 1870 2749 1926 Gratias
2781 1885 2881 1941 ago
2914 1871 3024 1925 Deo
3073 1885 3216 1936 meo,
3249 1867 3304 1923 id
3333 1875 3418 1924 est
3447 1883 3612 1940 quem

280 1959 464 2014 animo
497 1967 688 2014 contra
715 1974 812 2014 eos
842 1958 1047 2025 habito,
1083 1959 1182 2013 sed
1213 1956 1488 2013 desiderio
1535 1954 1893 2012 correctionis

282 2064 496 2104 eorum.
548 2047 766 2115 Paulus,
806 2047 1048 2119 inquam,
1083 2055 1136 2102 et
1185 2047 1485 2102 Sosthenes
1532 2045 1722 2112 frater,
1755 2043 1894 2099 scri-

285 2140 421 2193 bunt
443 2139 706 2194 Ecclesia:
741 2138 860 2203 Dei,
883 2154 1006 2210 quae
1044 2140 1131 2192 est
1175 2135 1452 2193 Corinthi.
1486 2135 1750 2191 Ecclesia:
1773 2133 1896 2189 dico

286 2228 686 2296 sanctiﬁcatis,
720 2226 774 2280 id
805 2234 890 2281 est
917 2243 947 2280 a
980 2226 1214 2297 peccatis
1243 2226 1301 2280 in
1330 2224 1600 2296 baptismo
1624 2222 1896 2294 justiﬁca—

289 2317 378 2372 tis.
414 2317 482 2371 Et
510 2317 614 2371 hoc
643 2323 814 2370 totum
844 2316 906 2371 in
943 2316 1166 2371 Christo
1193 2317 1346 2380 Iesu,
1380 2329 1490 2369 non
1519 2330 1616 2384 per
1644 2313 1898 2368 meritum

287 2404 688 2476 haptizantium.
722 2403 864 2472 Quia
907 2403 1140 2459 ecclesia
1170 2403 1515 2459 collectivum
1562 2417 1762 2457 nomen
1793 2409 1896 2467 est,

291 2495 424 2550 satis
453 2510 697 2568 congrue
725 2492 966 2566 jungitur
1006 2492 1225 2563 plurali,
1259 2500 1317 2548 ut
1346 2492 1592 2548 dicamus
1637 2490 1900 2546 Ecclesiae

291 2583 675 2649 sanctiﬁcatis;
708 2599 809 2638 nec
856 2582 1035 2637 solum
1077 2599 1178 2654 per
1209 2581 1479 2637 Christum
1526 2579 1896 2646 sanctificatis,

291 2674 389 2729 sed
417 2690 516 2744 per
565 2672 798 2746 gratiam
827 2672 1074 2741 ejusdem
1108 2673 1318 2727 vocatis
1360 2672 1601 2736 sanctis,
1634 2671 1688 2724 id
1720 2677 1801 2724 est
1830 2669 1902 2724 ad

290 2764 415 2831 hoc,
451 2771 507 2817 ut
532 2760 1007 2818 sanctiﬁcarentur
1049 2769 1107 2816 ut
1138 2768 1330 2825 totum,
1364 2768 1418 2815 et
1448 2759 1803 2816 sanctificatio
1831 2759 1902 2813 ad

292 2852 650 2917 vocationem,
681 2851 910 2922 ipsaque
953 2849 1310 2906 sanctificatio
1362 2865 1436 2905 ex
1484 2851 1600 2904 Deo
1649 2865 1772 2904 esse
1803 2863 1902 2903 co-

292 2950 606 3015 gnoscatur,
639 2949 692 2996 et
721 2956 882 2995 omne
911 2939 1162 2994 meritum
1179 2939 1437 3009 baptizati
1467 2947 1519 2994 et
1550 2936 1904 3010 baptizatoris

295 3031 640 3088 excludatur.
691 3029 890 3084 Paulus
944 3029 1134 3085 scribit
1186 3029 1449 3084 Ecclesiae
1499 3028 1902 3083 Corinthiorum

295 3139 427 3179 cum
457 3120 737 3187 omnibus,
758 3119 812 3173 id
844 3127 927 3173 est
956 3126 1009 3174 et
1026 3119 1280 3174 omnibus
1299 3117 1584 3186 Ecclesiis,
1607 3117 1662 3172 in
1694 3117 1904 3172 eisdem

296 3210 574 3266 erroribus
605 3209 858 3264 detentis.
895 3209 1183 3274 Omnibus,
1204 3208 1349 3274 dico,
1381 3209 1477 3280 qui
1504 3210 1772 3263 invocant
1803 3222 1904 3262 no-

296 3317 430 3356 men
461 3299 688 3355 Domini
719 3301 904 3354 nostri
933 3299 1064 3354 Iesu
1098 3297 1328 3363 Christi,
1370 3313 1531 3369 quem
1559 3296 1614 3350 in
1645 3312 1711 3352 eo
1743 3312 1906 3368 quem

297 3390 575 3454 invocant,
611 3385 936 3444 confitentur
983 3387 1161 3443 solum
1193 3403 1317 3443 esse
1341 3385 1752 3455 justiﬁcantem.
1793 3386 1908 3440 Nec

296 3478 553 3533 omnibus
587 3477 851 3534 Ecclesiis
898 3477 1021 3533 dico
1067 3493 1164 3547 per
1210 3476 1496 3545 mundum,
1529 3475 1626 3531 sed
1670 3475 1756 3529 his
1787 3491 1909 3546 quae

299 3575 427 3622 sunt
447 3569 507 3623 in
538 3567 695 3622 omni
730 3568 843 3623 loco
867 3568 1118 3639 ipsorum
1134 3565 1558 3632 Corinthiorum,
1579 3565 1636 3620 id
1658 3572 1740 3619 est
1761 3562 1910 3620 omni

216 3717 228 3727 ,
298 3657 562 3713 Ecclesiae
607 3655 896 3727 metropoli
946 3655 1350 3711 Corinthiorum
1393 3654 1710 3726 suppositae,
1753 3662 1807 3709 et
1855 3653 1911 3707 in

300 3748 558 3802 eumdem
605 3761 852 3802 errorem
900 3745 1091 3817 lapsae,
1125 3761 1246 3817 quae
1291 3744 1557 3801 Ecclesiae
1586 3744 1710 3800 etsi
1759 3744 1912 3800 locus

301 3838 546 3908 ipsorum
596 3835 1000 3891 Corinthiorum
1051 3843 1194 3902 sunt,
1239 3835 1367 3907 quia
1423 3835 1502 3891 eis
1547 3833 1914 3906 praeferuntur

303 3931 499 3982 nostro
528 3925 693 3982 etiam
725 3925 868 3993 loco,
903 3925 1026 3997 quia
1059 3925 1138 3981 sic
1168 3941 1260 3980 eas
1291 3923 1584 3980 Corinthiis
1615 3939 1863 3995 suppono
1898 3939 1910 3978 :

303 4025 362 4071 ut
403 4024 582 4070 tamen
625 4015 1020 4086 providentiam
1070 4031 1245 4070 meam
1314 4013 1420 4069 illis
1489 4030 1707 4085 semper
1755 4012 1914 4068 adhi-

306 4106 484 4174 beam,
533 4104 990 4176 quemadmodum
1037 4102 1348 4158 Corinthiis.
1403 4103 1518 4159 Hoc
1562 4103 1686 4158 ideo
1715 4102 1915 4156 Paulus

306 4195 420 4261 ait,
479 4211 548 4250 ne
577 4193 843 4249 Corinthii
870 4193 1117 4249 dicerent
1152 4209 1164 4248 :
1197 4194 1277 4248 De
1306 4192 1466 4248 nobis
1509 4200 1714 4246 tantum
1745 4192 1916 4246 habes

300 4284 571 4354 judicare,
607 4299 716 4339 non
749 4299 876 4339 vero
907 4283 974 4338 de
1005 4282 1256 4337 subditis.
1306 4283 1471 4351 Cujus
1521 4281 1688 4336 moris
1737 4282 1918 4338 adhuc

311 4383 526 4429 tenetur
578 4373 790 4444 regula,
826 4372 950 4444 quia
982 4389 1226 4426 summus
1274 4371 1535 4442 pontifex,
1570 4379 1622 4426 et
1652 4371 1696 4426 si
1728 4370 1919 4426 Eccle-

312 4463 424 4517 sias
454 4462 714 4520 Ecclesiis
744 4461 1068 4531 subjecerit,
1101 4461 1170 4516 de
1203 4461 1445 4516 omnium
1495 4468 1681 4516 tamen
1728 4476 1920 4516 errore

313 4552 568 4619 discutit,
623 4553 721 4608 sed
769 4568 835 4607 ex
879 4551 1004 4621 jure
1054 4551 1418 4606 mediantibus
1465 4550 1916 4622 metropolitanis.

1997 1973 2180 2011 meum
2239 1957 2398 2022 facio,
2459 1973 2569 2013 non
2633 1958 2973 2014 detrahendo
3019 1957 3087 2024 ei,
3151 1957 3612 2030 quemadmodum

1997 2047 2226 2117 pseudo,
2254 2047 2346 2118 qui
2367 2046 2553 2102 dicunt
2572 2048 2770 2103 merita
2793 2047 3113 2118 baptizantis
3142 2063 3346 2104 nocere
3368 2047 3458 2103 vel
3485 2061 3611 2118 pro-

1998 2136 2160 2191 desse
2205 2136 2505 2207 baptizatis.
2557 2136 2772 2192 Gratias
2822 2137 3008 2209 utique
3037 2153 3145 2210 ago
3192 2138 3307 2193 Deo
3351 2152 3474 2192 meo
3511 2153 3614 2208 pro

2002 2225 2156 2280 8’7
2181 2227 2327 2281 vobis
2351 2242 2589 2299 semper,
2623 2225 2677 2280 id
2696 2235 2780 2281 est
2800 2226 2854 2281 in
2875 2226 3023 2281 omni
3045 2226 3284 2282 oratione
3305 2241 3445 2281 mea.
3469 2227 3611 2297 Ago,

1999 2313 2219 2385 inquam
2250 2314 2459 2387 gratias
2507 2317 2570 2370 in
2615 2317 2828 2386 gratia,
2881 2315 2936 2370 id
2967 2324 3050 2370 est
3079 2315 3135 2370 in
3173 2315 3614 2372 consideratione

2001 2402 2191 2474 gratiae
2212 2403 2332 2469 Dei,
2359 2405 2774 2474 perseverantis
2794 2404 2849 2459 in
2879 2404 3034 2460 vobis
3068 2420 3080 2459 :
3116 2422 3237 2477 quae
3267 2404 3447 2475 gratia
3476 2405 3614 2461 data

2001 2497 2087 2548 est
2116 2493 2263 2549 vobis
2293 2493 2356 2548 in
2390 2493 2610 2549 Christo
2640 2495 2791 2561 Iesu,
2818 2494 2869 2548 id
2894 2502 2976 2549 est
2996 2510 3094 2565 per
3115 2493 3384 2548 Christum
3403 2494 3612 2562 Iesum,

2002 2582 2094 2654 qui
2123 2581 2329 2637 homini
2358 2583 2708 2639 reconciliato
2741 2585 2856 2639 Deo
2887 2583 3156 2639 ministrat
3185 2584 3328 2639 hanc
3357 2583 3613 2656 gratiam.

2003 2673 2084 2727 De
2114 2672 2218 2728 hoc
2246 2671 2430 2744 utique
2460 2673 2668 2745 gratias
2713 2688 2820 2745 ago
2845 2692 2858 2738 ;
2892 2675 3043 2745 quia,
3077 2673 3133 2727 id
3163 2680 3248 2728 est
3293 2672 3441 2744 quod
3469 2673 3616 2743 facti

2003 2761 2141 2816 estis
2171 2761 2372 2816 divites
2402 2763 2463 2816 in
2494 2762 2771 2827 omnibus,
2798 2762 2924 2833 quia
2954 2769 3006 2817 et
3029 2761 3276 2834 singulas
3306 2761 3533 2833 gratias,
3561 2768 3614 2816 et

2004 2867 2196 2906 omnes
2227 2851 2449 2921 copiose
2477 2850 2708 2905 habetis.
2742 2852 2901 2907 Facti
2933 2851 3056 2906 dico
3085 2853 3147 2906 in
3178 2853 3301 2916 illo,
3329 2851 3382 2906 id
3413 2858 3495 2905 est
3518 2867 3617 2921 per

2005 2940 2300 3005 Christum,
2347 2940 2501 3009 cujus
2550 2939 2668 2994 sola
2715 2939 3097 2996 misericordia
3141 2940 3232 2994 dat
3278 2939 3529 3013 gratiam.
3551 2941 3617 2995 In

2006 3030 2264 3085 omnibus
2295 3029 2436 3094 dico,
2472 3029 2678 3085 scilicet
2708 3029 2762 3084 in
2797 3032 2955 3085 omni
2985 3031 3164 3099 verbo,
3198 3029 3254 3084 id
3282 3029 3441 3084 estin
3463 3028 3611 3086 omni

2006 3118 2256 3175 doctrina
2301 3119 2682 3189 spiritualium,
2727 3118 3108 3186 mediocrium,
3143 3127 3196 3174 et
3247 3117 3616 3190 simplicium;

2007 3208 2203 3263 divites
2249 3209 2425 3264 etiam
2455 3209 2518 3263 in
2549 3209 2705 3263 omni
2752 3209 2996 3264 scientia
3042 3207 3278 3278 litterali,
3310 3207 3525 3274 morali,
3561 3214 3615 3262 et

2009 3297 2304 3371 allegorica
2330 3316 2343 3352 :
2368 3297 2442 3352 ita
2462 3297 2658 3352 divites
2679 3297 2734 3351 in
2755 3297 3026 3362 omnibus,
3049 3300 3198 3353 sicut
3225 3298 3617 3355 testimonium

2013 3387 2242 3452 Christi,
2278 3387 2333 3442 id
2373 3395 2456 3442 est
2503 3387 2755 3443 doctrina
2784 3388 2852 3442 de
2900 3386 3114 3442 Christo
3162 3394 3413 3442 attestata
3462 3387 3619 3443 vobis

2011 3493 2111 3547 per
2143 3477 2466 3547 Scripturas,
2491 3477 2649 3543 sicut,
2684 3477 2909 3548 inquam
2939 3477 3059 3542 hoc,
3086 3477 3454 3532 testimonium
3485 3493 3621 3533 con-

2010 3567 2306 3636 ﬁrmatum
2331 3571 2436 3633 est,
2462 3566 2515 3620 id
2548 3574 2630 3620 est
2652 3564 2879 3621 firmiter
2894 3574 3212 3637 perseverat
3241 3567 3305 3621 in
3337 3567 3504 3622 vobis.
3536 3566 3623 3622 Ad

2014 3673 2175 3728 quem
2206 3656 2428 3711 modum
2461 3656 2605 3710 enim
2635 3654 2848 3710 firmam
2897 3655 3146 3710 tenuistis
3189 3654 3354 3710 tidem
3396 3654 3619 3725 Christi,

2013 3745 2080 3800 ad
2111 3762 2234 3801 eum
2265 3746 2488 3800 modum
2517 3745 2706 3800 ditavit
2735 3761 2834 3801 vos
2863 3746 3012 3800 Deus
3052 3744 3165 3799 suis
3194 3744 3390 3817 gratiis
3422 3761 3435 3798 :
3470 3745 3626 3813 cujus

2015 3835 2093 3890 rei
2135 3833 2475 3892 confirmatio
2522 3843 2706 3890 vestra
2755 3851 2926 3890 causa
2951 3842 3007 3891 et
3041 3834 3339 3890 similitudo
3389 3832 3504 3888 fuit.
3547 3835 3628 3890 Ita

2015 3925 2201 3996 utique
2244 3925 2615 3980 testimonium
2665 3925 2866 3980 Christi
2914 3922 3294 3981 confirmatum
3339 3923 3396 3978 in
3447 3922 3624 3993 vobis,

2015 4020 2080 4072 ut
2113 4014 2262 4070 nihil
2292 4015 2436 4070 desit
2469 4015 2617 4070 vobis
2647 4016 2710 4070 in
2740 4017 2863 4070 ulla
2893 4015 3105 4086 gratia,
3125 4014 3179 4069 id
3209 4022 3291 4069 est
3321 4021 3379 4068 ut
3408 4029 3628 4069 omnem

2018 4104 2253 4176 gratiam
2282 4113 2391 4159 tam
2426 4103 2652 4160 firmiter
2681 4104 2929 4170 teneatis,
2956 4111 3159 4176 quanta
3187 4102 3442 4159 firmitate
3471 4102 3629 4159 vobis

2019 4193 2214 4248 tradita
2246 4202 2346 4248 est.
2381 4194 2548 4249 Vobis
2579 4194 2701 4250 dico
2727 4193 3188 4265 exspectantibus
3217 4193 3625 4249 revelationem

2020 4284 2248 4339 Domini
2277 4285 2462 4340 nostri
2491 4286 2623 4340 Iesu
2655 4284 2884 4352 Christi,
2905 4283 2960 4338 id
2989 4291 3072 4338 est
3101 4291 3329 4354 propter
3359 4283 3627 4340 securita-

2021 4380 2131 4426 tem
2175 4389 2340 4444 quam
2369 4390 2436 4428 ex
2483 4381 2808 4430 conservata
2849 4372 3234 4442 justiﬁcatione
3277 4372 3510 4439 habetis,
3536 4389 3631 4428 se-

2021 4478 2148 4519 cure
2193 4462 2582 4533 praestolamini
2620 4462 2765 4517 diem
2796 4470 2990 4518 vestrae
3038 4461 3410 4517 dissolutionis
3438 4461 3494 4516 in
3524 4478 3636 4534 qua

2023 4551 2357 4608 revelabitur
2390 4552 2564 4608 vobis.
2602 4553 2742 4607 Dum
2770 4551 2913 4606 enim
2953 4551 3206 4617 vivimus,
3238 4551 3416 4606 anima
3445 4559 3637 4606 nostra

314 4642 513 4698 Paulus
543 4651 596 4697 et
626 4643 926 4697 Sosthenes
943 4641 1185 4697 scribunt
1210 4642 1314 4696 hoc
1345 4641 1640 4696 Corinthiis
1674 4658 1686 4694 :
1723 4641 1921 4696 Gratia
1947 4631 2001 4693 D
2023 4642 2387 4712 circumsepta
2445 4657 2609 4697 carne
2666 4641 2854 4712 nequit
2909 4640 3106 4696 intueri
3152 4639 3389 4695 divinam
3438 4657 3634 4696 essen-

315 4732 383 4786 sit
414 4733 558 4788 vobis
587 4737 642 4787 et
691 4749 827 4804 pax.
863 4731 997 4786 Cum
1030 4731 1172 4786 inter
1216 4729 1527 4785 Corinthios
1579 4728 1798 4801 quidam
1828 4746 1923 4784 es-

315 4829 456 4886 sent,
487 4821 577 4893 qui
608 4821 843 4893 gratiam
874 4820 976 4874 sibi
1021 4820 1202 4874 datam
1233 4819 1289 4874 in
1319 4820 1592 4890 baptismo
1646 4819 1924 4876 custodis-

315 4919 435 4967 sent
465 4911 757 4982 integram,
790 4911 930 4965 bene
974 4911 1189 4981 agendo
1225 4925 1236 4964 :
1272 4910 1468 4981 quibus
1507 4909 1692 4981 utique
1723 4909 1924 4964 remis-

317 5002 400 5057 sio
431 5017 538 5056 non
576 5008 697 5056 erat
724 5000 984 5071 optanda,
1018 5015 1179 5071 quam
1223 4999 1334 5068 jam
1365 5007 1713 5070 acceperant,
1748 5006 1799 5054 et
1827 5015 1925 5056 ac-

315 5100 529 5162 ceptam
561 5089 712 5145 firme
744 5097 1046 5144 tenuerant.
1082 5090 1215 5143 Cum
1251 5105 1378 5144 vero
1407 5090 1548 5144 inter
1580 5089 1803 5144 eosdem
1833 5089 1926 5145 alii

317 5190 516 5248 essent,
570 5180 665 5252 qui
714 5179 948 5252 gratiam
987 5187 1269 5249 acceptam
1315 5179 1547 5234 errando
1594 5179 1928 5234 annihilave-

319 5279 450 5341 rant,
485 5280 536 5326 et
566 5271 654 5326 his
684 5269 874 5324 iterata
906 5269 1154 5324 remissio
1175 5277 1320 5324 esset
1345 5269 1678 5335 necessaria,
1701 5284 1803 5339 pro
1823 5269 1927 5324 hac

317 5361 632 5416 diversitate
685 5357 1055 5430 perfectorum
1086 5366 1139 5414 et
1189 5358 1652 5430 impcrfectorum,
1704 5358 1924 5413 diverso

320 5452 479 5507 modo
523 5450 763 5521 optanda
813 5457 894 5503 est
938 5449 1054 5504 haec
1106 5449 1304 5520 gratia,
1356 5456 1415 5503 ut
1458 5449 1699 5504 dicamus
1746 5447 1923 5514 vobis,

319 5541 404 5611 qui
433 5541 631 5596 iterum
661 5537 927 5610 peccatis,
953 5537 1021 5591 sit
1050 5538 1289 5592 secunda
1320 5537 1519 5610 gratia,
1539 5538 1595 5593 id
1625 5545 1707 5592 est
1736 5536 1926 5591 iterato

319 5631 655 5686 remittantur
695 5636 963 5700 peccata;
995 5626 1149 5682 vobis
1179 5635 1360 5682 autem
1403 5627 1494 5698 qui
1523 5634 1807 5698 acceptam
1832 5625 1928 5694 ju-

315 5719 695 5778 stiticationem
726 5733 840 5774 non
869 5717 1074 5773 irritam
1125 5715 1331 5774 fecistis
1362 5717 1660 5790 peccando,
1696 5716 1764 5772 sit
1794 5730 1926 5789 gra-

2024 4732 2174 4797 tiam,
2227 4747 2389 4803 quam
2432 4731 2648 4802 plenius
2689 4729 3000 4800 intuebitur,
3044 4730 3174 4785 dum
3199 4746 3230 4785 a
3258 4730 3405 4787 mole
3449 4730 3635 4787 carnis

2023 4821 2366 4877 liberabitur.
2393 4820 2567 4890 Quam
2587 4819 2975 4876 revelationem
2999 4820 3089 4892 qui
3118 4820 3259 4876 bene
3281 4820 3412 4892 agit,
3438 4835 3636 4876 secure

2025 4919 2342 4982 exspectat;
2379 4911 2470 4982 qui
2501 4926 2632 4967 vero
2663 4910 2826 4978 male,
2862 4909 3044 4982 potius
3085 4911 3276 4984 fugere
3307 4911 3448 4966 hanc
3476 4909 3635 4966 vide-

2026 5009 2114 5056 tur
2141 5017 2302 5073 quam
2325 5009 2665 5073 exspectare.
2701 5001 2812 5056 Vos
2841 5000 3028 5072 utique
3050 5001 3323 5056 Christum
3349 5007 3636 5072 exspecta-

2027 5091 2113 5160 tis,
2147 5093 2244 5163 qui
2273 5091 2733 5162 quemadmodum
2764 5106 2854 5146 vos
2886 5088 3224 5146 conﬁrmavit
3243 5090 3300 5145 in
3327 5089 3627 5162 praeterito,

2027 5180 2107 5236 sic
2128 5181 2291 5235 etiam
2314 5181 2673 5250 conﬁrmabit
2694 5180 2950 5236 continue
2972 5197 3145 5254 usque
3175 5182 3238 5235 in
3268 5182 3464 5250 finem,
3481 5179 3536 5234 id
3557 5188 3640 5234 est

2025 5286 2198 5340 usque
2221 5270 2275 5324 in
2297 5271 2442 5326 diem
2467 5269 2840 5326 dissolutionis
2860 5277 3073 5326 vestrae.
3107 5271 3224 5326 Nec
3253 5270 3328 5325 ita
3356 5270 3479 5326 dico
3507 5285 3642 5325 con-

2026 5360 2297 5429 ﬁrmabit,
2332 5369 2389 5416 ut
2417 5377 2449 5415 a
2480 5359 2784 5416 venialibus
2832 5376 2932 5414 vos
2961 5360 3221 5415 cohibere
3264 5359 3505 5432 possitis,
3539 5359 3640 5414 sed

2026 5449 2367 5506 conﬁrmabit
2409 5452 2532 5507 sine
2561 5452 2823 5514 crimine,
2860 5448 2914 5503 id
2945 5457 3028 5504 est
3073 5449 3344 5506 immunes
3400 5449 3577 5505 factos
3605 5465 3638 5503 a

2028 5539 2374 5610 capitalibus.
2409 5541 2473 5596 In
2500 5541 2670 5610 ﬁnem
2705 5539 2850 5604 dico,
2883 5537 3091 5594 scilicet
3123 5556 3298 5612 usque
3328 5541 3391 5595 in
3423 5539 3511 5594 die
3539 5537 3642 5593 ad-

2029 5634 2232 5685 ventus
2263 5631 2490 5686 Domini
2536 5630 2722 5685 nostri
2752 5630 2882 5684 Iesu
2932 5627 3163 5695 Christi,
3200 5628 3292 5700 qui
3341 5626 3635 5698 unicuique

2023 5717 2169 5787 justo
2220 5720 2457 5789 advenit,
2515 5719 2573 5778 in
2619 5716 2978 5776 dissolutione
3037 5717 3346 5794 suscipiens
3399 5715 3638 5781 animum
