3970 6454
407 392 509 448 127

940 392 997 449 S.
1037 391 1391 451 BRUNONIS
1438 393 2085 456 CARTHUSIANORUM
2124 397 2609 460 INSTITUTORIS
2647 402 2799 461 OPP.
2858 406 3033 465 PARS
3090 410 3157 465 ll.

3594 415 3703 469 128

403 533 521 603 ejus
550 532 1008 590 transferendam.
1043 535 1171 591 ldeo
1203 535 1281 592 sic
1321 537 1699 594 determinavit
1728 541 1850 596 sine
1878 542 1985 597 cri-

2097 525 2263 581 nollet
2303 543 2397 582 eos
2444 528 2683 599 gloriari.
2718 529 2875 600 Quod
2906 532 2951 587 si
2997 550 3105 589 non
3135 534 3203 590 de
3251 534 3470 591 nomine
3518 536 3699 604 Pauli,

399 624 576 688 mine,
609 638 678 678 ne
708 622 753 677 si
782 622 921 679 forte
950 624 1198 680 viderent
1229 641 1325 681 eos
1356 626 1410 681 in
1440 627 1744 683 venialibus
1773 629 1993 696 cadere,

400 709 722 765 insultarent
751 719 803 766 et
831 711 1075 767 dicerent
1108 728 1120 766 :
1154 714 1298 769 Ecce
1346 731 1491 771 nunc
1529 725 1754 787 apparet
1793 718 1999 785 justitia

402 814 590 853 eorum
618 814 755 871 quos
803 800 1003 855 Paulus
1034 802 1169 857 tanti
1218 802 1471 859 faciebat.
1526 806 1665 860 Vere
1691 806 1760 860 de
1800 815 1998 863 caetero

402 886 776 955 conﬁrmabit;
808 905 933 944 nam
967 891 1071 947 hoc
1094 891 1363 961 promisit,
1387 892 1577 948 dicens
1611 909 1623 948 :
1660 917 1682 941 α
1720 896 1864 950 Ecce
1892 912 1998 968 ego

401 976 682 1033 vobiscum
712 994 832 1032 sum
860 979 1112 1034 omnibus
1141 980 1333 1035 diebus
1356 998 1526 1053 usque
1556 983 1623 1036 ad
1651 998 1997 1039 consumma-

400 1064 602 1120 tionem
638 1067 824 1122 saeculi
852 1068 1072 1137 (Matth.
1097 1084 1298 1136 xxviii,
1322 1073 1435 1140 20).
1466 1095 1487 1118 ιο
1512 1074 1655 1127 Deus
1677 1072 1879 1143 utique,
1904 1073 1997 1145 qui

399 1154 666 1224 promisit,
698 1156 882 1224 ﬁdelis
915 1164 995 1211 est
1021 1165 1074 1212 et
1103 1158 1320 1213 mentiri
1343 1175 1450 1214 non
1480 1168 1655 1230 potest
1680 1176 1692 1215 :
1713 1162 1856 1216 unde
1873 1177 1997 1217 con-

400 1241 529 1311 ﬁdo,
565 1243 695 1315 quia
722 1244 1098 1313 conﬁrmabit;
1131 1246 1347 1303 conﬁdo
1378 1249 1538 1303 etiam
1567 1249 1708 1314 ideo,
1740 1251 1867 1322 quia
1895 1268 1998 1323 per

402 1348 565 1403 quem
587 1335 765 1389 Deum
785 1336 964 1390 vocati
994 1337 1148 1391 estis.
1180 1335 1284 1404 Qui
1315 1337 1361 1390 si
1390 1354 1487 1392 vos
1516 1338 1645 1392 dum
1676 1339 1731 1392 in
1766 1348 1995 1409 peccato

401 1421 615 1486 essetis,
649 1439 750 1492 per
793 1423 1219 1479 misericordiam
1267 1427 1500 1495 vocavit,
1533 1428 1868 1483 credendum
1913 1437 1996 1483 est

398 1508 580 1581 utique
610 1511 755 1581 quod
770 1511 883 1579 jam
906 1511 1227 1581 justiﬁcatos
1258 1522 1310 1569 et
1334 1516 1446 1583 jam
1468 1525 1841 1586 promerentes
1871 1533 1996 1572 con-

396 1595 573 1653 ﬁrmet
604 1599 672 1654 de
716 1609 933 1656 caetero.
982 1602 1085 1657 Per
1127 1619 1289 1675 quem
1335 1604 1519 1675 utique
1560 1606 1736 1659 vocati
1779 1606 1910 1659 estis
1939 1606 1994 1659 in

394 1686 699 1742 habendam
728 1690 1043 1745 societatem
1074 1693 1205 1747 Filii
1243 1694 1383 1763 ejus,
1419 1692 1474 1746 id
1502 1702 1585 1747 est
1616 1703 1671 1747 ut
1703 1710 1799 1764 pro
1831 1695 1993 1750 modo

395 1784 578 1831 vestro
619 1776 674 1830 in
698 1778 901 1845 justitia
947 1796 1073 1833 cum
1117 1780 1251 1835 Filio
1301 1782 1418 1849 ejus
1465 1784 1846 1852 permaneatis.
1879 1785 1993 1840 Nec

2096 615 2267 670 multo
2311 616 2485 671 minus
2532 618 2876 690 gloriandum
2915 629 2997 677 est
3027 623 3096 678 de
3139 625 3695 695 pseudodoctoribus.

2099 702 2351 759 inﬁdeles
2392 707 2493 761 hoc
2538 707 2723 762 dicunt
2755 725 2768 763 :
2800 710 2921 782 Ego
2963 712 3126 778 Pauli,
3159 730 3265 785 ego
3314 714 3533 785 Cephm.
3583 715 3700 771 Sed

2097 790 2271 847 ﬁdelis
2300 794 2427 849 dicit
2452 812 2465 848 :
2491 796 2597 866 Ego
2629 813 2753 851 sum
2787 800 2997 855 Christi
3025 802 3177 870 cujus
3199 803 3371 874 gratia
3401 804 3518 858 sola
3533 803 3703 873 justi-

2096 879 2241 937 ﬁcat.
2276 883 2341 936 Et
2383 882 2510 953 quia
2540 884 2626 939 hic
2674 884 2801 940 dicit
2831 903 2889 941 se
2938 904 3060 943 esse
3111 890 3280 954 Pauli,
3316 891 3402 947 hic
3448 891 3697 957 alterius,

2096 985 2224 1039 ergo
2259 971 2511 1027 Christus
2542 973 2753 1030 divisus
2784 980 2888 1044 est,
2923 984 2975 1031 et
2992 978 3105 1046 jam
3126 994 3235 1033 non
3265 994 3404 1034 unus
3427 980 3521 1034 sed
3543 980 3703 1035 multi

2096 1056 2293 1111 Christi
2324 1068 2465 1114 sunt.
2501 1060 2746 1132 Quisque
2776 1064 2917 1118 enim
2951 1065 3343 1136 baptizatorem
3373 1085 3529 1123 suum
3559 1068 3696 1125 facit

2096 1146 2389 1216 Christum,
2424 1149 2551 1203 dum
2583 1150 2851 1207 dimittere
2894 1163 3134 1223 peccata,
3168 1157 3315 1227 quod
3359 1157 3560 1212 Christi
3592 1173 3693 1213 so-

2095 1232 2205 1287 lum
2237 1244 2336 1302 est,
2370 1238 2609 1292 attribuit
2639 1239 2735 1294 illi.
2771 1241 2866 1295 Vel
2898 1241 2971 1297 ita
3007 1261 3020 1297 :
3053 1244 3294 1299 Christus
3337 1245 3545 1300 divisus
3581 1255 3692 1313 est,

2094 1323 2219 1392 quia
2249 1324 2461 1379 divisim
2510 1327 2603 1381 dat
2649 1345 2875 1384 munera
2924 1332 3112 1403 gratia:
3158 1350 3288 1399 suae,
3335 1333 3460 1388 dum
3510 1334 3698 1389 minus

2093 1428 2192 1482 per
2222 1412 2402 1479 istum,
2436 1416 2611 1484 magis
2642 1433 2739 1486 per
2780 1418 2929 1473 illum
2971 1419 3245 1489 justiﬁcat.
3302 1422 3396 1476 Vel
3448 1422 3569 1494 quia
3617 1424 3700 1479 sic

2093 1500 2234 1555 male
2281 1501 2511 1557 dicendo
2572 1506 2781 1574 erratis,
2846 1517 3136 1579 propterea
3189 1510 3434 1565 Christus
3481 1511 3699 1567 divisus

2093 1598 2370 1659 separatus
2399 1600 2480 1646 est
2511 1609 2539 1646 a
2570 1594 2744 1650 vobis.
2802 1597 2909 1650 Vos
2966 1597 3241 1652 Christum
3299 1598 3560 1665 dividitis,
3605 1599 3692 1654 fa-

2092 1676 2287 1733 ciendo
2333 1680 2563 1752 quisque
2607 1700 2764 1737 suum
2813 1685 3103 1741 Christum.
3152 1687 3249 1742 Vel
3281 1688 3498 1743 creditis
3531 1688 3695 1743 Chri-

2093 1772 2236 1820 stum
2294 1768 2507 1823 divisim
2551 1772 2678 1826 dare
2726 1774 2969 1845 gratiam,
3013 1776 3110 1829 sed
3174 1776 3416 1847 nunquid
3468 1777 3694 1844 Paulus,

399 1864 639 1935 adoptivi
668 1864 762 1920 ﬁlii
790 1867 933 1934 dico,
968 1868 1064 1923 sed
1094 1870 1225 1925 Jesu
1256 1869 1465 1925 Christi
1507 1871 1677 1926 nostri
1705 1872 1909 1943 proprii
1939 1881 1990 1927 et
2018 1872 2254 1944 Bquem
2313 1857 2479 1929 aliqui
2522 1859 2574 1913 in
2623 1861 2777 1915 vobis
2823 1862 3094 1917 Christum
3140 1881 3298 1918 suum
3346 1864 3568 1932 faciunt.
3604 1867 3695 1922 vel

398 1954 894 2011 consubstantialis.

471 2042 763 2114 Postquam
818 2043 1091 2114 perfectos
1144 2045 1200 2100 in
1258 2047 1402 2103 bono
1459 2064 1555 2103 suo
1600 2049 1988 2115 corroboravit,

397 2132 665 2186 convertit
693 2148 1001 2188 sermonem
1031 2134 1100 2189 ad
1128 2150 1222 2190 eos
1253 2136 1341 2207 qui
1372 2146 1731 2207 peccaverant
1760 2139 1813 2192 in
1846 2156 1990 2209 prae-

397 2218 574 2288 dictis,
607 2220 796 2275 dicens
830 2238 843 2276 :
882 2224 975 2278 Vos
998 2223 1267 2294 perfectos
1295 2225 1362 2279 de
1393 2224 1796 2281 conﬁrmatione
1826 2227 1991 2282 vestri

394 2307 558 2363 laudo
582 2328 595 2375 ;
620 2310 717 2365 sed
744 2326 843 2365 vos
874 2312 965 2383 qui
987 2312 1177 2367 erratis
1205 2315 1444 2380 obsecro,
1470 2314 1524 2369 id
1546 2324 1625 2369 est
1640 2315 1783 2369 omni
1800 2315 1990 2369 distri-

395 2396 573 2453 ctione
593 2400 818 2468 conjuro
839 2416 941 2472 per
970 2418 1176 2456 nomen
1204 2403 1427 2458 Domini
1457 2404 1641 2459 nostri
1671 2406 1802 2460 Jesu
1835 2405 1992 2460 Chri-

395 2488 493 2554 sti,
534 2503 672 2557 quos
720 2496 899 2544 tamen
940 2493 1157 2560 fratres
1200 2491 1432 2562 appello,
1482 2491 1609 2547 licet
1657 2493 1984 2548 erraveritis.

304 2628 316 2641 ,
397 2574 527 2629 Ideo
558 2575 758 2632 fratres
791 2593 885 2634 eos
914 2587 1093 2645 vocat,
1126 2596 1194 2635 ne
1225 2580 1290 2646 si,
1324 2597 1432 2635 non
1454 2580 1648 2635 fratres
1679 2598 1772 2637 eos
1801 2582 1990 2653 appel-

395 2661 554 2731 laret,
588 2681 704 2736 prae
749 2666 1024 2722 nimietate
1054 2669 1263 2738 peccati
1312 2670 1684 2740 desperarent.
1718 2670 1984 2741 Obsecro,

392 2751 629 2823 inquam,
647 2770 745 2809 vos
765 2761 829 2810 ut
848 2772 1041 2812 omnes
1062 2757 1266 2813 dicatis
1288 2758 1553 2830 idipsum,
1569 2759 1623 2813 id
1637 2767 1784 2814 estut
1798 2775 1989 2815 omnes

393 2840 757 2897 conﬁteamini
804 2844 981 2899 solum
1020 2846 1195 2901 Deum
1224 2863 1386 2917 posse
1413 2855 1629 2918 peccata
1678 2849 1986 2907 dimittere:

392 2936 444 2983 et
472 2930 574 2986 hoc
601 2931 835 2987 dicendo
864 2951 981 2991 non
1018 2935 1139 2989 sint
1179 2936 1243 2989 in
1275 2936 1418 2991 vobis
1461 2935 1787 2999 schismata,
1823 2937 1876 2990 id
1907 2945 1989 2992 est

398 3017 594 3090 aliqua;
649 3019 902 3076 scissura;
945 3021 1297 3077 inﬁdelitatis.
1344 3023 1652 3078 Schismata
1699 3040 1806 3080 non
1851 3026 1985 3093 sint;

391 3106 488 3161 sed
528 3108 658 3163 sitis
698 3110 939 3179 perfecti
967 3111 1031 3164 in
1058 3110 1249 3167 eodem
1290 3128 1478 3176 sensu,
1513 3112 1568 3167 id
1598 3120 1680 3167 est
1709 3113 1764 3167 in
1796 3115 1987 3169 eadem

389 3194 687 3260 voluntate,
721 3200 777 3252 et
804 3199 867 3252 in
897 3198 1089 3254 eadem
1120 3200 1381 3265 scientia,
1406 3208 1462 3254 ut
1490 3200 1634 3256 idem
1657 3209 1708 3256 et
1738 3202 1913 3257 velitis
1935 3212 1988 3259 et

388 3282 569 3339 sciatis
597 3299 609 3338 :
643 3293 767 3339 sunt
796 3286 940 3340 enim
961 3286 1053 3358 qui
1082 3286 1227 3343 idem
1249 3288 1452 3355 volunt,
1477 3305 1579 3345 nec
1615 3297 1799 3345 tamen
1838 3292 1981 3347 idem

389 3372 587 3428 sciunt.
635 3374 770 3429 Sunt
813 3374 907 3429 alii
953 3392 1186 3447 quorum
1230 3377 1450 3432 diversa
1497 3387 1580 3433 est
1628 3378 1895 3445 voluntas,
1930 3390 1984 3436 et

386 3468 566 3517 tamen
597 3471 679 3517 est
705 3463 896 3519 eadem
927 3464 1169 3521 scientia.
1217 3467 1511 3537 Pr0pterea
1536 3468 1612 3522 sic
1662 3485 1759 3523 vos
1812 3470 1980 3524 obse-

387 3565 501 3617 cro,
527 3553 659 3624 quia
687 3554 1075 3624 signiﬁcatum
1104 3560 1189 3610 est
1218 3557 1360 3611 mihi
1388 3573 1486 3627 per
1506 3556 1709 3612 litteras
1738 3558 1805 3613 de
1836 3560 1981 3615 vobis

384 3640 598 3710 fratres
628 3640 756 3707 mei,
791 3642 935 3713 quod
958 3658 1055 3712 per
1084 3658 1205 3697 eam
1236 3644 1493 3714 praedicta
1513 3646 1726 3715 repetit.
1760 3644 1981 3717 Signiﬁ-

384 3735 565 3783 catum
593 3737 675 3784 est
705 3730 891 3801 utique
921 3731 988 3785 ab
1018 3732 1103 3787 his
1132 3734 1226 3803 qui
1254 3738 1389 3787 sunt
1421 3734 1594 3802 Cloes,
1628 3735 1778 3806 quia,
1812 3734 1867 3789 id
1899 3744 1981 3789 est

383 3816 529 3887 quod
558 3819 952 3874 contentiones
980 3824 1118 3875 sunt
1145 3821 1299 3876 inter
1327 3838 1439 3887 vos,
1473 3822 1528 3876 id
1556 3830 1638 3877 est
1667 3823 1811 3893 quod
1842 3824 1981 3878 alter

384 3905 677 3960 contendat
702 3905 757 3960 in
788 3906 1040 3962 alterum.
1084 3908 1241 3964 Cloes
1288 3926 1488 3965 nomen
1536 3919 1620 3966 est
1664 3910 1769 3967 loci
1794 3912 1850 3966 in
1882 3927 1979 3966 ar-

391 3992 803 4065 chiepiscopatu
847 3995 1248 4053 Corinthiorum
1272 4041 1284 4064 ,
1335 3999 1480 4053 unde
1527 3999 1643 4055 haec
1704 4001 1978 4055 contentio

382 4082 643 4137 mandata
679 4082 856 4139 fuerat
900 4084 1004 4156 ipsi
1044 4103 1145 4157 per
1190 4087 1531 4143 Sosthenem.
1581 4087 1738 4157 Quod
1780 4104 1979 4143 nomen

382 4170 473 4226 hic
502 4170 626 4226 ideo
654 4172 824 4243 ponit,
856 4190 924 4229 ne
956 4190 1196 4231 errorem
1244 4193 1401 4231 suum
1430 4176 1774 4233 dissimulare
1812 4177 1979 4232 velint

385 4258 667 4314 Corinthii.
693 4261 939 4318 Scientes
968 4264 1116 4334 quod
1162 4264 1358 4320 Paulus
1387 4265 1457 4319 ab
1485 4265 1692 4319 eisdem
1717 4265 1807 4337 qui
1836 4265 1979 4320 inter

382 4363 479 4403 eos
509 4360 923 4421 conversantur,
956 4353 1060 4409 hoc
1108 4354 1414 4426 agnoverit.
1465 4354 1581 4410 Nec
1612 4354 1787 4409 solum
1829 4354 1977 4426 quod

388 4435 547 4493 88
579 4440 917 4495 contendatis
946 4442 1093 4509 novi,
1126 4442 1223 4497 sed
1262 4442 1424 4497 etiam
1456 4442 1620 4497 verba
1649 4442 1818 4513 ipsius
1847 4457 1977 4498 con-

385 4526 661 4581 tentionis.
712 4529 821 4584 Hoc
854 4534 1047 4586 autem
1078 4531 1218 4597 dico,
1249 4532 1392 4605 quod
1422 4532 1563 4587 dicit
1592 4532 1976 4604 unusquisque

2092 1954 2316 2016 propter
2363 1948 2519 2015 cujus
2577 1950 2826 2004 meritum
2873 1952 3092 2007 creditis
3159 1953 3428 2008 Christum
3497 1955 3697 2010 melius

2091 2034 2225 2089 dare
2247 2035 2336 2088 uni
2361 2053 2520 2107 quam
2542 2037 2676 2093 alii?
2705 2039 2812 2093 Sed
2844 2041 3101 2111 nunquid
3130 2042 3344 2097 Paulus
3373 2045 3695 2113 cruciﬁxus

2090 2127 2177 2177 est
2204 2141 2301 2195 pro
2334 2126 2477 2180 vobis
2504 2130 2529 2180 .’
2559 2127 2672 2182 Hoc
2702 2127 2883 2199 utique
2905 2145 3106 2199 negare
3137 2146 3244 2185 non
3275 2132 3521 2201 potestis,
3557 2149 3698 2204 quo-

2090 2211 2234 2265 niam
2284 2230 2383 2284 per
2432 2214 2701 2269 Christum
2759 2217 3024 2288 redempti
3072 2219 3207 2287 sitis,
3262 2237 3424 2291 quem
3494 2222 3694 2276 Paulus

2090 2316 2198 2355 non
2220 2301 2415 2373 attigit.
2440 2304 2551 2358 Aut
2582 2306 2841 2378 nunquid
2868 2308 2930 2361 in
2962 2309 3191 2363 nomine
3216 2310 3381 2364 Pauli
3410 2310 3698 2382 baptizati

2090 2392 2227 2445 estis
2253 2396 2275 2446 ?

2162 2479 2219 2534 Si
2239 2480 2422 2552 utique
2451 2482 2619 2537 verba
2638 2484 2893 2555 baptismi
2924 2486 3151 2542 solerter
3169 2487 3528 2555 attenderitis,
3564 2489 3690 2562 qui-

2091 2567 2190 2622 bus
2220 2570 2334 2625 Deo
2366 2571 2465 2625 soli
2496 2571 2847 2643 confitemini,
2880 2575 3258 2647 intelligeretis
3288 2594 3503 2633 omnem
3531 2579 3696 2648 justi-

2088 2654 2395 2715 ﬁcationem
2427 2677 2548 2715 esse
2578 2678 2641 2717 ex
2674 2664 2788 2718 Deo
2820 2682 2834 2731 ;
2868 2672 2921 2718 et
2968 2666 3409 2737 quandoquidem
3441 2669 3546 2724 hoc
3575 2668 3685 2724 bo-

2088 2766 2215 2804 num
2261 2750 2514 2820 baptismi
2564 2752 2717 2806 vobis
2765 2754 3072 2808 errantibus
3103 2754 3159 2809 ﬁt
3188 2756 3243 2809 in
3292 2757 3513 2820 malum,
3561 2757 3690 2814 ideo

2089 2839 2217 2910 quia
2250 2840 2352 2893 hoc
2374 2840 2576 2894 bonum
2606 2857 2713 2895 non
2734 2840 2856 2907 feci,
2884 2846 3101 2912 gratias
3122 2861 3221 2915 ago
3250 2846 3357 2901 Deo
3387 2862 3508 2901 meo
3539 2847 3689 2918 quod

2087 2929 2376 2983 neminem
2441 2933 2691 2985 vestrum
2752 2932 3031 3003 baptizavi
3090 2934 3205 2989 nisi
3273 2934 3561 2990 Christum
3629 2940 3688 2991 et

2090 3017 2287 3071 Gai-um
2321 3035 2336 3083 ;
2367 3026 2662 3088 pr0pterea
2691 3019 2818 3073 nolo
2848 3020 3060 3091 aliquos
3090 3021 3416 3092 baptizasse,
3441 3040 3510 3078 ne
3540 3023 3689 3080 dicat

2085 3104 2278 3176 aliquis
2295 3106 2438 3177 quod
2450 3105 2504 3159 in
2521 3106 2739 3161 nomine
2752 3123 2875 3162 meo
2893 3109 3143 3179 baptizati
3165 3110 3317 3165 estis.
3338 3111 3470 3166 Cum
3488 3111 3687 3182 Crispo

2087 3200 2136 3248 et
2150 3194 2288 3248 Gaio
2303 3194 2568 3264 baptizavi
2581 3200 2638 3250 et
2656 3197 2777 3250 dom
2786 3213 2903 3261 um,
2918 3198 2971 3251 id
2984 3207 3066 3252 est
3083 3197 3343 3254 familiam
3361 3202 3685 3272 Stephanum

2083 3284 2163 3339 De
2177 3283 2259 3336 his
2272 3284 2531 3360 recordor
2554 3302 2567 3349 ;
2584 3284 2681 3338 sed
2696 3286 2882 3340 nescio
2906 3286 2949 3339 si
2972 3286 3109 3341 forte
3131 3289 3375 3360 aliquem
3394 3290 3577 3344 alium
3599 3291 3693 3345 ba-

2080 3374 2434 3444 ptizaverim.
2456 3372 2583 3427 Ideo
2603 3381 2708 3427 tam
2731 3388 2936 3444 paucos
2957 3376 3240 3445 baptizavi,
3265 3378 3395 3449 quia
3426 3378 3688 3433 Christus

2084 3477 2198 3515 non
2228 3463 2385 3515 misit
2416 3476 2503 3516 me
2527 3463 2838 3533 baptizare.
2866 3464 2923 3517 In
2941 3464 3045 3519 hoc
3064 3464 3291 3519 multum
3313 3466 3559 3520 humiliat
3580 3467 3688 3521 mi-

2083 3548 2364 3603 nisterium
2395 3549 2722 3620 baptizandi,
2755 3551 2845 3605 ubi
2877 3552 3006 3607 dicit
3037 3569 3095 3607 se
3144 3569 3251 3608 non
3282 3570 3405 3608 esse
3452 3555 3684 3610 missum

2082 3637 2152 3692 ad
2183 3638 2305 3702 hoc,
2329 3639 2474 3709 quod
2504 3639 2668 3693 etiam
2699 3639 2882 3695 facere
2903 3650 3131 3711 possunt
3163 3642 3389 3713 quilibet
3409 3642 3683 3710 inﬁdeles,

2082 3725 2129 3779 si
2159 3727 2457 3781 necessitas
2485 3729 2816 3798 poposcerit.
2852 3731 2910 3783 ln
2940 3746 3049 3801 quo
3091 3739 3271 3785 tamen
3303 3731 3566 3786 Corinthii
3594 3733 3686 3787 vi-

2081 3814 2263 3869 cissim
2297 3832 2355 3870 se
2384 3816 2746 3886 praeferebant
2798 3817 2935 3873 alter
2980 3819 3151 3873 alteri.
3186 3820 3327 3875 Dicit
3354 3820 3443 3876 hic
3487 3836 3684 3876 sacra-

2079 3912 2321 3958 mentum
2351 3904 2612 3960 Ecclesia:
2641 3905 2765 3961 ideo
2803 3914 3049 3977 tempore
3078 3908 3418 3964 necessitatis
3446 3924 3684 3965 conces-

2080 4008 2199 4045 sum
2242 4009 2385 4059 esse,
2435 3994 2594 4048 etiam
2637 3993 2876 4060 inﬁdeli;
2912 3996 3037 4067 quia
3075 4005 3155 4051 est
3200 3997 3352 4063 illud,
3401 3998 3518 4053 sine
3567 4015 3680 4071 quo

2078 4097 2239 4136 nemo
2269 4090 2445 4152 potest
2475 4082 2696 4137 salvari.
2728 4084 2835 4139 Sed
2865 4084 2968 4138 alia
3018 4094 3364 4141 sacramenta
3408 4087 3682 4158 promissa

2079 4178 2200 4226 sunt
2230 4170 2353 4226 ideo
2383 4171 2513 4225 solis
2543 4172 2823 4240 ministris,
2852 4174 2980 4245 quia
3010 4174 3056 4227 si
3086 4175 3157 4229 ad
3189 4175 3415 4230 salutem
3439 4177 3675 4247 prosint,

2077 4275 2186 4314 non
2218 4268 2343 4313 sunt
2372 4268 2552 4314 tamen
2600 4276 2666 4316 ea
2697 4261 2812 4316 sine
2843 4262 3040 4333 quibus
3090 4264 3253 4319 homo
3298 4273 3531 4336 nequeat
3563 4266 3680 4320 sal-

2077 4348 2230 4413 vari;
2263 4349 2391 4420 quia
2421 4349 2536 4404 sola
2583 4350 2720 4404 fides
2752 4350 3091 4421 baptismatis
3122 4352 3190 4420 (si
3212 4352 3424 4422 integre
3459 4363 3684 4409 servata

2076 4437 2168 4508 sit)
2198 4438 2269 4492 ad
2299 4438 2530 4492 salutem
2560 4438 2753 4494 suﬂicit
2779 4454 2791 4493 :
2817 4438 2914 4495 Hic
2930 4440 2999 4494 de
3030 4440 3302 4510 baptismo
3333 4441 3494 4497 ﬁnem
3525 4441 3680 4509 facit,

2077 4534 2130 4581 et
2160 4527 2228 4582 de
2260 4527 2646 4597 praedicatione
2696 4543 2795 4583 sua
2839 4544 3147 4584 sermonem
3197 4530 3403 4601 incipit,
3438 4531 3630 4587 dicens
3669 4548 3682 4587 :

381 4618 635 4671 vestrum
663 4616 961 4687 praeferens
981 4635 1041 4674 se
1070 4619 1139 4676 de
1170 4619 1502 4691 baptizatore
1529 4635 1630 4675 suo
1654 4619 1790 4675 alter
1819 4620 1873 4673 in
1903 4619 1979 4674 al-
2002 4607 2053 4666 D
2083 4615 2327 4671 Christus
2359 4632 2466 4671 non
2496 4616 2642 4670 misit
2670 4633 2757 4672 me
2786 4617 3085 4689 baptizare,
3121 4619 3219 4674 sed
3263 4622 3677 4691 evangelizare.

382 4709 577 4758 terum.
611 4705 728 4761 Hoc
774 4706 959 4779 utique
989 4707 1118 4763 dicit
1149 4726 1163 4762 :
1196 4709 1315 4780 Ego
1346 4708 1563 4780 quidem
1595 4708 1757 4780 longe
1788 4707 1980 4777 majori

375 4791 587 4860 justitia
616 4793 887 4851 discretus
914 4797 983 4851 ab
1009 4796 1121 4863 illo,
1158 4797 1248 4869 qui
1294 4796 1607 4852 inferiorem
1636 4797 1845 4863 habuit,
1876 4797 1978 4851 ba-

382 4880 724 4951 ptizatorem.
773 4885 885 4955 Ego
938 4886 1163 4957 quidem
1209 4903 1331 4942 sum
1375 4886 1564 4941 Pauli.
1623 4886 1730 4957 Ego
1785 4889 1979 4941 autem

380 4969 594 5041 Apollo,
627 4971 718 5043 qui
748 4982 861 5029 erat
903 4973 1350 5045 archiepiscopus
1399 4974 1821 5029 Corinthiorum.
1870 4975 1979 5045 Ego

380 5077 506 5123 vero
540 5058 752 5135 Cephea,
785 5062 840 5117 id
868 5070 951 5118 est
972 5062 1135 5118 Petri.
1162 5063 1284 5118 Non
1306 5062 1431 5117 ideo
1452 5064 1567 5117 haec
1588 5063 1808 5118 nomina
1829 5062 1978 5134 ponit

381 5155 529 5227 quod
557 5154 626 5210 de
655 5152 739 5207 his
760 5152 1140 5224 gloriarentur,
1174 5166 1296 5206 cum
1321 5167 1423 5206 nec
1453 5152 1668 5205 Petrum
1681 5151 1977 5216 vidissent;

383 5244 481 5299 sed
510 5244 654 5311 ideo,
688 5241 815 5314 quia
846 5240 892 5295 si
921 5239 1142 5296 nomina
1171 5239 1387 5293 illorum
1424 5239 1652 5310 pseudo,
1686 5240 1755 5294 de
1786 5239 1979 5311 quibus

380 5332 774 5405 gloriabantur,
797 5336 1109 5400 reponeret,
1133 5327 1373 5381 dicerent
1408 5327 1606 5382 Paulus
1628 5328 1755 5399 quia
1773 5328 1979 5383 invidet

376 5416 516 5483 istis,
548 5414 716 5471 nollet
757 5430 859 5470 nos
906 5412 1132 5487 gloriari
1171 5411 1240 5466 de
1287 5412 1596 5467 nominibus
1640 5429 1847 5479 eorum,
1881 5414 1979 5467 sed

377 5506 582 5561 bonum
635 5503 921 5573 judicaret,
974 5502 1019 5557 si
1061 5501 1129 5556 de
1178 5499 1398 5556 nomine
1446 5516 1546 5556 suo
1594 5502 1979 5574 sociorumque

380 5593 768 5667 gloriaremur.
828 5592 912 5647 Ad
965 5592 1071 5647 hoc
1124 5590 1514 5645 removendum
1568 5592 1747 5662 posuit
1787 5592 1977 5647 Paulus

379 5696 582 5740 nomen
614 5695 773 5735 suum
803 5689 854 5746 et
885 5680 1030 5737 Petri
1076 5677 1374 5739 ostendens
1421 5678 1565 5753 quod
1616 5696 1715 5736 suo
1760 5680 1979 5743 nomine

2083 4704 2388 4760 Praedicare
2411 4705 2627 4776 quidem
2657 4706 2803 4760 misit
2822 4721 2930 4771 me,
2957 4723 3072 4762 non
3093 4709 3156 4762 in
3176 4709 3465 4780 sapientia
3500 4711 3671 4777 verbi,

2079 4792 2135 4847 id
2165 4802 2246 4848 est
2272 4809 2382 4849 non
2410 4795 2464 4847 in
2494 4795 2724 4849 verbosa
2756 4795 3024 4865 sapientia
3051 4797 3237 4851 mundi
3262 4815 3275 4863 ;
3310 4805 3363 4851 et
3391 4798 3493 4853 hoc
3523 4798 3672 4869 ideo,

2079 4886 2146 4937 ut
2173 4898 2288 4937 non
2318 4887 2624 4939 evacuetur
2653 4900 2801 4939 crux
2821 4884 3048 4940 Christi.
3074 4885 3128 4939 Si
3147 4885 3291 4940 enim
3312 4886 3554 4943 rationes
3574 4888 3680 4943 hu-

2079 4985 2254 5027 manae
2310 4972 2591 5042 sapientiae
2632 4988 2907 5043 sequerer,
2958 4989 3079 5044 quae
3120 4974 3338 5044 penitus
3390 4976 3681 5032 destruunt

2078 5058 2438 5115 immortalem
2489 5060 2623 5115 mori
2669 5077 2854 5131 posse,
2902 5069 3176 5116 mortuum
3222 5063 3419 5119 iterum
3464 5065 3676 5135 vivere,

2073 5149 2187 5217 jam
2217 5149 2431 5219 penitus
2460 5151 2906 5221 comprobaretur
2944 5150 3220 5206 Christum
3266 5168 3377 5207 non
3422 5162 3677 5227 gustasse

2078 5245 2312 5292 mortem
2357 5238 2557 5306 crucis,
2589 5247 2642 5293 et
2685 5239 2762 5293 sic
2811 5239 3185 5295 destrueretur
3230 5241 3461 5311 pretium
3504 5243 3676 5299 totius

2078 5326 2266 5381 salutis
2299 5343 2311 5381 :
2346 5342 2515 5399 quare
2542 5343 2648 5382 non
2679 5331 2734 5382 in
2762 5328 2992 5383 verbosa
3030 5329 3292 5399 sapientia
3321 5331 3508 5386 mundi
3536 5332 3677 5413 mis:-

2079 5431 2171 5470 sus
2219 5432 2359 5481 sum,
2392 5416 2694 5471 secundum
2742 5432 2877 5488 quas
2924 5416 3162 5472 rationes
3210 5417 3366 5475 facile
3415 5422 3676 5477 evacuari

2076 5512 2254 5575 potest
2300 5519 2435 5559 crux
2478 5504 2695 5559 Christi.
2739 5506 2881 5560 Vere
2929 5505 2975 5559 si
3021 5523 3288 5578 sequerer
3346 5509 3676 5580 sapientiam

2077 5592 2283 5657 mundi,
2316 5601 2672 5649 evacuaretur
2718 5610 2852 5649 crux
2890 5594 3110 5648 Christi.
3165 5597 3305 5652 Nam
3334 5598 3583 5665 verbum,
3618 5599 3674 5654 id

2078 5689 2161 5737 est
2186 5681 2504 5753 praedicatio
2531 5684 2717 5746 crucis
2739 5684 3130 5755 pereuntibus,
3156 5684 3212 5739 id
3230 5695 3315 5743 est
3335 5687 3677 5760 sapientibus
