3970 6456
279 398 375 452 129

904 389 1283 451 EXPOSITIO
1323 391 1397 448 IN
1439 389 1818 448 EPISTOLAS
1865 389 2092 448 PAULI.
2127 423 2196 432 —
2227 392 2302 448 IN
2333 393 2552 450 EPIST.
2607 394 2629 450 Ι
2669 395 2764 451 ΑΙ)
2812 393 2972 452 COR.

3498 403 3600 455 130

283 519 488 586 mundi,
526 520 619 592 qui
653 520 778 576 ideo
807 528 1100 592 pereuntes
1130 520 1403 584 dicuntur,
1457 518 1580 592 quia
1630 517 1891 590 sapientia
1910 519 1964 579 Α
1992 517 2080 584 ita,
2115 519 2263 590 quod
2292 519 2526 575 mundus
2553 536 2662 576 non
2693 521 2951 592 cognovit
2990 522 3163 577 Deum
3192 538 3293 594 per
3320 539 3474 579 suam
3504 541 3596 579 sa-

287 626 471 666 corum
505 609 616 665 cito
646 611 842 682 peribit
872 619 924 666 et
953 610 1289 665 destruetur.
1338 608 1437 664 Vel
1489 609 1613 680 quia
1660 616 1887 679 propter

288 699 426 755 hanc
459 699 782 771 sapientiam
812 699 1067 771 peribunt
1097 708 1148 755 et
1175 699 1594 754 damnabuntur.
1647 700 1884 754 Verbum

288 789 468 860 utique
498 789 677 844 crucis
709 789 1038 860 sapientibus
1082 789 1303 863 quidem
1335 789 1495 859 hujus
1526 787 1712 843 mundi
1734 789 1885 843 stul-

289 877 418 932 titia
448 882 572 946 est;
606 879 730 950 quia
760 879 988 933 humana
1010 879 1145 934 ratio
1167 877 1439 934 neminem
1471 878 1616 949 cogit
1647 885 1701 932 ut
1733 877 1886 932 Chri-

291 975 424 1034 stus,
458 967 549 1038 qui
570 967 892 1023 immortalis
909 968 1100 1024 eratin
1123 976 1336 1036 natura,
1356 967 1493 1022 mori
1516 966 1768 1038 potuerit,
1795 966 1887 1038 qui

287 1064 533 1110 mortuus
564 1056 755 1112 iterum
778 1058 986 1113 vixerit.
1009 1058 1382 1113 Pereuntibus
1405 1056 1622 1129 quidem
1641 1064 1722 1111 est
1754 1055 1886 1110 stul-

287 1144 431 1210 titia;
464 1146 559 1200 sed
589 1145 677 1201 his
707 1149 805 1219 qui
820 1148 962 1203 salvi
977 1147 1147 1216 ﬁunt,
1173 1147 1225 1201 id
1249 1155 1350 1210 est,
1384 1145 1561 1208 nobis,
1587 1146 1728 1217 quia
1767 1163 1885 1200 ver-

285 1231 416 1287 bosa
436 1235 704 1305 sapientia
724 1235 1078 1302 declinamus,
1097 1235 1255 1291 nobis
1275 1235 1461 1307 utique
1480 1235 1703 1289 verbum
1725 1234 1884 1291 S9

287 1323 462 1377 crucis
511 1332 592 1378 est
633 1325 811 1380 virtus
839 1327 956 1382 Dei.
983 1325 1406 1382 Considerantes
1453 1325 1597 1380 enim
1633 1341 1732 1396 per
1767 1333 1885 1379 tan-

284 1419 392 1465 tam
423 1412 754 1468 debilitatem
785 1415 883 1485 (uti
915 1431 1016 1485 per
1046 1415 1299 1484 mortem)
1330 1415 1575 1485 superari
1605 1413 1884 1485 antiquum

287 1501 519 1570 hostem,
570 1503 724 1571 cujus
754 1502 1013 1558 fortitudo
1061 1503 1115 1557 in
1171 1519 1331 1558 omne
1380 1520 1556 1576 genus
1606 1503 1885 1558 hominum

284 1589 663 1659 praevaluerat,
697 1592 958 1646 miramur
984 1593 1037 1646 in
1097 1593 1202 1648 hoc
1241 1593 1419 1665 magis
1452 1593 1704 1648 virtutem
1761 1593 1881 1657 Dei,

283 1678 373 1732 ubi
405 1695 504 1750 per
533 1680 866 1736 debilitatem
913 1681 1179 1736 destruxit
1229 1681 1620 1737 fortitudinem.
1674 1680 1810 1750 Quia
1841 1682 1886 1736 si

283 1783 380 1837 per
407 1776 648 1839 apertam
681 1769 1047 1825 fortitudinem
1079 1771 1347 1826 minorem
1381 1759 1758 1842 exstingueret
1788 1787 1886 1842 po-

1984 607 2262 678 pientiam.
2297 609 2411 665 Hoc
2442 608 2541 664 fuit
2569 609 2623 664 in
2647 611 2910 682 sapientia
2952 611 3071 681 Dei,
3102 612 3153 667 id
3178 621 3260 668 est
3289 613 3364 669 ita
3391 614 3595 686 placuit

1986 697 2265 767 sapientia:
2297 698 2414 765 Dei,
2448 708 2506 754 ut
2553 699 2842 755 mundana:
2888 716 2998 756 non
3045 702 3370 758 admisceret
3417 720 3593 758 suam.

1985 787 2122 842 Vere
2154 804 2253 858 per
2283 787 2564 843 stultitiam
2611 789 2843 845 salvavit
2885 791 3169 846 credentes
3207 807 3218 846 :
3251 807 3378 847 nam
3408 801 3464 848 et
3510 809 3601 849 res

1985 875 2282 946 praedicata
2330 877 2488 931 stulta
2531 877 2648 947 fuit,
2701 886 2754 933 et
2815 879 3202 950 praedicatores
3252 882 3414 938 stulti.
3464 884 3604 939 Vere

1984 981 2084 1036 per
2114 981 2226 1021 rem
2255 965 2469 1020 stultam
2517 967 2912 1038 praedicatam;
2960 987 3098 1024 nam
3137 971 3394 1042 quoniam
3422 972 3603 1028 ,Ιαάωὶ

1988 1055 2078 1126 qui
2101 1056 2215 1124 jam
2244 1072 2344 1127 per
2375 1055 2533 1127 signa
2565 1057 2736 1111 Deum
2768 1065 2824 1112 ut
2853 1057 2908 1111 in
2930 1059 3163 1130 1Egypto
3196 1069 3596 1132 cognoverant,

1991 1149 2200 1215 petunt
2231 1145 2410 1200 adhuc
2446 1146 2634 1216 signa,
2669 1146 2736 1218 ad
2767 1147 3233 1218 comprobandum
3263 1165 3386 1205 esse
3416 1166 3603 1206 verum

1999 1232 2066 1288 de
2098 1232 2311 1288 Christo
2341 1233 2488 1306 quod
2516 1235 2881 1305 praedicatur;
2916 1241 2972 1291 et
3007 1237 3201 1302 Graeci,
3235 1238 3290 1292 id
3319 1247 3401 1294 est
3431 1239 3604 1312 genti-

1993 1320 2073 1376 les
2106 1323 2197 1394 qui
2228 1323 2402 1377 Deum
2435 1323 2712 1394 ignorant,
2747 1330 3011 1397 quierunt
3047 1328 3411 1397 sapientiam,
3437 1328 3492 1383 id
3523 1337 3606 1384 est

1993 1411 2180 1466 volunt
2225 1411 2328 1465 sibi
2369 1428 2470 1482 per
2511 1412 2820 1467 mundanas
2864 1413 3107 1469 rationes
3136 1417 3431 1486 approbari
3459 1417 3605 1489 quod

1986 1498 2055 1554 de
2085 1499 2302 1554 Christo
2334 1499 2528 1554 dicitur
2561 1519 2573 1554 :
2605 1501 2714 1556 Nos
2745 1506 2957 1569 autem,
2989 1511 3046 1557 ut
3077 1503 3476 1560 satisfaciamus
3505 1507 3605 1561 Ju-

1987 1588 2140 1657 dznis,
2155 1589 2532 1660 praedicamus
2549 1588 2838 1646 Christum
2869 1592 3142 1647 virtutem
3154 1595 3273 1660 Dei,
3291 1594 3602 1665 quialudaei

1987 1676 2240 1732 virtutem
2272 1678 2663 1734 miraculorum
2691 1680 2975 1751 requirunt
3007 1696 3019 1735 :
3059 1680 3266 1737 Graecis
3295 1699 3428 1738 vero
3457 1701 3604 1755 quae-

1990 1767 2235 1821 rentibus
2268 1767 2587 1838 sapientiam
2637 1768 2994 1838 praedicamus
3045 1770 3332 1826 Christum
3360 1788 3478 1829 esse
3509 1791 3604 1829 sa-

281 1856 520 1926 tentiam,
567 1874 696 1913 vere
743 1875 853 1914 non
899 1859 954 1914 in
1003 1860 1269 1931 sapientia
1317 1859 1470 1915 verbi
1513 1860 1751 1914 misisset
1798 1876 1885 1914 me
1914 1887 1967 1947 B
1993 1857 2272 1928 pientiam
2301 1858 2418 1921 Dei,
2454 1857 2598 1927 quod
2622 1865 2911 1929 utrumque
2943 1857 3130 1914 electis
3153 1861 3372 1931 quidem
3401 1862 3605 1917 Judaeis

285 1945 429 2000 Deus
463 1965 476 1999 :
511 1946 591 2002 sic
619 1949 774 2003 enim
801 1949 1080 2022 scriptum
1112 1958 1194 2004 est
1240 1949 1296 2004 in
1343 1949 1519 2004 Abdia
1555 1968 1567 2002 :
1601 1949 1722 2020 Ego
1752 1966 1885 2022 per-

285 2033 411 2090 dam
429 2035 1179 2110 (aitDominus)sapientiam
1203 2040 1547 2112 sapientium
1565 2039 1744 2108 (Abdi.
1764 2043 1782 2092 1
1801 2083 1812 2103 ,
1832 2043 1883 2104 8;

285 2123 411 2179 Isai.
447 2140 612 2192 xxxx,
651 2128 778 2196 li);
812 2127 924 2182 sive
959 2128 1085 2199 quia
1106 2128 1385 2183 destruam
1409 2128 1575 2193 illam,
1612 2128 1727 2183 sive
1759 2128 1886 2200 quia

283 2213 554 2270 damnabo
583 2215 706 2271 illos
730 2259 744 2282 ,
777 2225 1070 2288 propterea
1115 2218 1464 2273 adhaeserunt
1511 2219 1761 2273 humanae
1791 2233 1885 2272 sa-

283 2302 517 2373 pientiae.
549 2304 667 2361 Nec
699 2305 874 2360 solum
925 2306 1245 2377 sapientiam
1296 2307 1542 2378 perdam,
1593 2307 1690 2362 sed
1722 2307 1883 2362 etiam

278 2392 667 2463 prudentiam,
699 2395 751 2449 id
782 2404 865 2450 est
893 2395 1291 2467 providentiam
1335 2413 1439 2468 qua
1491 2395 1688 2451 callide
1731 2397 1885 2452 sciun

278 2482 600 2550 pra'munire
631 2484 929 2539 sententias
959 2501 1086 2539 suas
1105 2527 1118 2550 ,
1152 2501 1221 2540 ne
1269 2484 1450 2557 aliqua
1478 2485 1884 2558 impugnatione

280 2568 619 2643 frangantur.
665 2571 898 2641 Quidam
931 2573 1075 2628 enim
1123 2574 1324 2629 habent
1372 2574 1696 2645 sapientiam
1751 2574 1884 2629 artis

285 2659 376 2730 qui
405 2668 588 2715 tamen
619 2663 867 2717 nesciunt
901 2679 961 2718 se
992 2664 1124 2718 satis
1169 2663 1500 2735 prtemuuire
1551 2671 1740 2719 contra
1783 2679 1882 2720 ca-

283 2747 590 2804 villationes
620 2751 946 2820 objicientis.
980 2752 1128 2807 Illam
1174 2753 1360 2824 utique
1409 2753 1758 2824 prudentiam
1788 2770 1882 2809 re-

275 2837 548 2908 probabo;
578 2840 706 2912 quia
735 2841 1010 2897 neminem
1039 2842 1106 2897 de
1154 2843 1314 2911 hujus
1360 2842 1548 2897 mundi
1596 2842 1882 2915 prudenti-

279 2925 382 2981 bus
409 2927 462 2982 in
494 2929 796 2985 ministerio
828 2947 964 2986 meae
991 2931 1396 3003 predicationis
1446 2947 1720 2987 essumam
1747 2952 1760 3000 ;
1795 2932 1883 2987 vel

268 3014 513 3089 jungitur
540 3017 612 3071 ibi
645 3019 735 3073 ubi
784 3020 892 3075 ait:
941 3021 1317 3092 pereuntibus.
1369 3022 1508 3077 Vere
1538 3030 1832 3092 pereuntes
1866 3039 1878 3075 :

274 3119 399 3158 nam
457 3107 718 3178 scriptum
774 3119 856 3164 est
899 3128 912 3164 :
951 3133 971 3160 ι
1013 3111 1242 3166 Perdam
1287 3111 1610 3182 sapientiam
1660 3111 1881 3181 sapien-

276 3194 426 3260 tium,
470 3217 492 3244 ι
555 3205 609 3251 et
665 3214 794 3253 vere
875 3199 1189 3268 hujusmodi
1241 3201 1540 3271 prudentes
1599 3200 1879 3271 reprobati

277 3292 419 3338 sunt.
453 3285 582 3341 Haec
613 3295 736 3340 sunt
768 3289 927 3343 verba
948 3289 1210 3360 Apostoli.
1237 3291 1377 3344 Nam
1401 3291 1494 3345 ubi
1517 3296 1600 3345 est
1629 3291 1873 3361 sapiens,

273 3373 329 3427 id
360 3382 440 3429 est
468 3373 680 3448 logicus
710 3376 800 3432 ille
850 3378 942 3450 qui
986 3379 1039 3433 in
1090 3379 1560 3452 argumentatione
1609 3395 1706 3433 sua
1739 3394 1875 3434 con-

271 3462 387 3516 fidit
423 3481 436 3516 :
471 3471 522 3518 et
553 3465 647 3520 ubi
675 3474 757 3520 est
786 3469 986 3534 scriba,
1020 3467 1075 3521 id
1108 3476 1190 3523 est
1220 3468 1430 3524 ethicus
1474 3468 1567 3540 qui
1595 3468 1664 3523 de
1706 3467 1876 3522 mori-

271 3551 376 3606 bus
405 3553 554 3626 agit;
588 3563 638 3608 et
684 3556 779 3610 ubi
825 3559 1174 3629 eonquisitor
1207 3558 1375 3630 hujus
1430 3560 1645 3623 saeculi,
1691 3557 1746 3612 id
1795 3564 1878 3613 est

271 3637 551 3708 physicus,
587 3639 676 3710 qui
707 3647 928 3696 naturas
955 3641 1197 3696 omnium
1229 3658 1414 3697 rerum
1461 3641 1728 3713 conquirit
1755 3641 1784 3695 ‘l
1822 3640 1877 3696 Si

272 3725 488 3798 logicus
520 3727 610 3783 ille
643 3728 806 3795 dicat,
845 3729 890 3784 si
936 3731 1169 3801 peperit,
1221 3747 1343 3786 cum
1392 3731 1516 3786 viro
1564 3730 1874 3799 concubuit,

251 3815 568 3883 'mentitur;
615 3817 741 3889 quia
787 3819 956 3874 Maria
1006 3819 1122 3874 sine
1172 3820 1318 3877 coitu
1366 3819 1508 3876 virili
1556 3820 1626 3875 de
1674 3820 1876 3890 Spiritu

271 3913 464 3960 sancto
497 3907 772 3977 concepit.
814 3907 870 3963 Si
903 3907 1115 3965 ethicus
1144 3909 1213 3964 de
1259 3909 1520 3972 moribus,
1553 3909 1622 3965 de
1669 3908 1878 3964 cultura

267 3993 538 4048 idolorum
571 3995 782 4066 doceat,
814 3997 1130 4068 repellitur;
1165 3999 1292 4070 quia
1311 3999 1437 4054 novi
1466 4013 1670 4065 mores,
1702 4014 1878 4054 novus

267 4082 447 4137 cultus
493 4084 742 4141 inductus
791 4094 892 4141 est.
945 4087 1002 4143 Si
1050 4087 1244 4143 iterum
1301 4087 1560 4160 physicus
1605 4087 1748 4144 dicat
1796 4103 1879 4142 re-

268 4187 521 4242 pugnare
568 4183 793 4241 naturae,
842 4185 899 4230 ut
958 4176 1113 4247 virgo
1159 4177 1355 4248 pariat,
1423 4184 1673 4233 mortuus
1709 4177 1874 4244 vivat,

267 4261 543 4318 mendacii
574 4279 702 4319 reus
749 4273 850 4320 est.
910 4263 1365 4337 Quandoquidem
1423 4275 1477 4321 et
1525 4266 1765 4338 sapiens,
1826 4273 1879 4321 et

270 4351 476 4417 scriba,
509 4361 562 4407 et
589 4354 849 4426 physicus
880 4354 1239 4426 repelluntur,
1292 4371 1474 4411 nonne
1523 4373 1622 4426 per
1651 4355 1754 4411 hoc
1783 4372 1878 4426 pa-

270 4438 384 4494 lam
415 4448 516 4507 est,
551 4443 696 4513 quod
728 4444 874 4500 Deus
904 4445 1070 4515 fecit,
1121 4444 1176 4498 id
1231 4453 1314 4500 est
1342 4444 1716 4516 comprobavit
1755 4460 1877 4500 esse

270 4531 518 4585 stultam
540 4533 888 4604 sapientiam
913 4533 1084 4604 hujus
1105 4535 1328 4601 mundi;
1352 4533 1477 4590 ideo
1500 4535 1646 4589 Deus
1668 4533 1881 4604 sapien-

1989 1953 2041 2000 et
2071 1943 2280 2000 Graecis
2296 1945 2468 2000 virtus
2499 1954 2581 2000 est
2611 1954 2663 2001 et
2684 1947 2967 2017 sapientia,
2995 1948 3092 2003 sed
3114 1951 3425 2021 reprobatis
3441 1968 3604 2007 scan-

1987 2033 2183 2088 dalum
2213 2041 2296 2088 est
2329 2037 2384 2090 et
2403 2036 2683 2090 stultitia.
2709 2035 2778 2089 Et
2810 2035 2932 2091 ideo
2979 2036 3213 2092 diximus
3243 2055 3345 2109 per
3384 2039 3604 2095 stultam

1989 2139 2099 2177 rem
2134 2123 2316 2178 salvos
2345 2121 2463 2178 fieri
2513 2124 2818 2179 credentes.
2871 2125 3030 2182 Nunc
3079 2125 3317 2182 litteram
3368 2145 3606 2200 expona-

1987 2227 2128 2266 mus.
2181 2214 2324 2267 Vere
2374 2229 2475 2283 per
2523 2212 2802 2267 stultitiam
2851 2214 2999 2269 Deus
3046 2216 3219 2271 salvat
3275 2218 3601 2287 credentes;

1988 2300 2246 2371 quoniam
2275 2301 2452 2356 Judzei
2483 2302 2703 2372 quidem
2747 2310 2938 2373 petunt
2969 2303 3146 2375 signa,
3195 2305 3288 2377 qui
3320 2323 3419 2377 per
3445 2309 3606 2362 mira-

1985 2389 2106 2444 cula
2173 2391 2346 2444 Deum
2410 2405 2749 2461 cognoscere
2824 2402 3240 2448 consueverunt.
3299 2394 3368 2449 Et
3427 2395 3606 2454 Graeci

1984 2479 2316 2534 mundanam
2362 2487 2610 2550 quaarunt
2654 2480 2998 2551 sapientiam,
3049 2482 3174 2554 quia
3203 2483 3349 2538 aliud
3379 2501 3488 2540 non
3519 2488 3608 2542 in-

1985 2567 2250 2639 telligunt.
2284 2568 2400 2623 Nos
2429 2577 2605 2624 autem
2629 2569 2772 2624 stulti
2803 2571 3162 2640 praedicamus
3213 2589 3330 2627 rem
3361 2575 3598 2646 stultam,

1985 2657 2192 2713 scilicet
2224 2657 2500 2712 Christum
2531 2658 2850 2714 cruciﬁxum
2891 2675 2902 2712 :
2937 2661 3146 2716 Iudaeis
3175 2663 3399 2733 quidem
3437 2681 3603 2721 scan-

1985 2747 2202 2812 dalum,
2251 2746 2375 2818 quia
2422 2746 2830 2818 improperatur
2879 2748 2962 2803 eis
3013 2750 3158 2821 quod
3211 2768 3401 2825 regem
3448 2771 3608 2810 suum

1985 2835 2369 2891 crucifixerunt
2393 2854 2407 2902 ;
2437 2837 2546 2892 Gen
2558 2837 2706 2892 tibus
2729 2841 2923 2893 autem
2948 2839 3285 2908 stultitiam,
3308 2841 3430 2913 quia
3452 2843 3604 2900 intel-

1982 2925 2155 2996 ligere
2205 2925 2453 2980 nesciunt
2501 2941 2608 2998 qua
2649 2926 2861 2982 ratione
2911 2943 3071 2998 quem
3120 2928 3295 2984 Deum
3342 2931 3595 3005 dicimus,

1983 3015 2235 3070 eumdem
2285 3022 2555 3070 mortuum
2600 3013 2768 3070 fuisse
2811 3015 3081 3072 dicamus.
3132 3017 3336 3074 Judaeis
3381 3021 3600 3092 quidem

1983 3112 2034 3158 et
2064 3104 2272 3160 Graecis
2311 3104 2618 3176 reprobatis
2666 3105 2984 3160 scandalum
3014 3115 3098 3161 est
3130 3115 3182 3162 et
3212 3108 3468 3177 stultitia;
3502 3113 3601 3168 sed

1980 3194 2117 3266 ipsis
2129 3193 2341 3250 Judteis
2360 3198 2531 3266 atque
2558 3195 2763 3251 Graecis
2777 3196 3008 3262 vocatis,
3035 3195 3090 3250 id
3105 3204 3187 3251 est
3208 3213 3240 3252 a
3253 3198 3368 3254 Deo
3387 3199 3595 3272 electis,

1981 3283 2352 3354 praedicamus
2405 3283 2693 3338 Christum
2760 3284 3033 3340 virtutem
3078 3287 3194 3352 Dei,
3265 3289 3409 3358 quod
3447 3289 3597 3346 Deus

1978 3372 2156 3440 majus
2179 3372 2496 3427 miraculum
2529 3371 2691 3427 90
2738 3373 2956 3443 operari
2979 3389 3088 3429 non
3108 3375 3280 3445 potuit
3310 3394 3470 3449 quam
3503 3396 3602 3451 per

1978 3470 2209 3517 mortem
2241 3461 2524 3516 destruere
2555 3469 2815 3516 mortem.
2857 3461 3224 3518 Praedicamus
3253 3465 3411 3520 etiam
3445 3468 3597 3523 Chri-

1980 3559 2120 3606 stum
2151 3550 2469 3622 sapientiam
2519 3550 2656 3615 Dei;
2700 3550 2824 3621 quia
2870 3551 3048 3620 major
3093 3553 3358 3624 sapientia
3407 3557 3596 3630 nequit

1978 3639 2212 3695 inveniri
2241 3655 2402 3712 quam
2432 3655 2531 3710 per
2558 3639 2912 3694 humilitatem
2943 3641 3255 3712 superbiam
3287 3652 3340 3698 et
3368 3661 3467 3716 per
3494 3647 3592 3703 de-

1979 3728 2240 3784 bilitatem
2285 3729 2565 3784 destruere
2607 3727 3003 3784 fortitudinem.
3040 3730 3183 3787 Vere
3231 3733 3479 3789 Christus
3509 3743 3592 3791 est

1981 3817 2243 3888 sapientia
2273 3817 2393 3872 Dei.
2426 3819 2567 3873 Nam
2598 3817 2732 3872 illud
2764 3819 2864 3874 Dei
2893 3820 3036 3891 quod
3084 3825 3169 3875 est
3214 3823 3458 3879 stultum
3497 3841 3591 3881 se-

1980 3907 2216 3964 cundum
2249 3906 2666 3962 aestimationem
2699 3906 3003 3973 hominum,
3035 3911 3352 3982 sapientius
3389 3918 3472 3969 est
3494 3915 3590 3972 ho-

1979 3997 2247 4052 minibus.
2292 3995 2390 4051 Vel
2431 3996 2554 4067 quia
2599 3997 2848 4052 homines
2897 4006 3099 4053 tantam
3143 4000 3464 4070 sapientiam
3497 4019 3594 4060 ca-

1978 4100 2132 4156 pere,
2167 4085 2253 4140 vel
2281 4093 2388 4140 tam
2438 4084 2716 4156 sapienter
2762 4087 2983 4158 operari
3035 4098 3331 4159 nequeunt.
3365 4092 3432 4145 Et
3462 4109 3591 4150 vere

1981 4175 2229 4230 Christus
2259 4183 2342 4230 est
2372 4175 2542 4229 virtus
2570 4175 2690 4230 Dei.
2724 4177 2862 4230 Nam
2894 4176 3026 4232 illud
3059 4177 3178 4242 Dei,
3213 4181 3356 4252 quod
3386 4186 3473 4236 est
3491 4183 3588 4237 in-

1980 4266 2232 4334 ﬁrmum,
2265 4263 2352 4319 vel
2383 4263 2604 4318 stultum
2636 4265 2936 4319 secundum
2965 4265 3382 4322 aestimationem
3413 4270 3590 4326 homi-

1981 4370 2132 4419 num,
2164 4353 2484 4425 sapientius
2533 4357 2618 4408 est
2669 4355 3007 4410 hominibus.
3055 4355 3152 4410 Vel
3185 4357 3312 4428 quia
3340 4359 3591 4416 homines

1981 4450 2185 4497 tantam
2213 4442 2532 4513 sapientiam
2555 4457 2773 4512 capere,
2811 4443 2897 4498 vel
2927 4451 3038 4498 tam
3070 4445 3347 4516 sapienter
3375 4450 3593 4518 operari

1981 4540 2277 4603 nequeunt.
2325 4532 2394 4585 Et
2461 4547 2592 4586 vere
2640 4531 2890 4586 Christus
2943 4541 3024 4588 est
3071 4533 3243 4589 virtus
3282 4535 3402 4590 Dei.
3448 4537 3590 4594 Nam

269 4617 407 4672 tiam
429 4620 584 4688 hujus
614 4621 801 4676 mundi
832 4623 1039 4694 repellit
1074 4638 1085 4676 :
1119 4640 1258 4678 nam
1287 4623 1365 4678 sic
1395 4625 1616 4695 placuit
1645 4624 1790 4691 Deo;
1821 4632 1873 4678 et
1901 4613 2109 4676 Dillud
2153 4620 2272 4688 Dei,
2320 4620 2466 4691 quod
2515 4628 2598 4674 est
2641 4619 2915 4675 infirmum
2963 4622 3266 4678 secundum
3313 4625 3584 4695 carnales,

268 4722 397 4762 cum
428 4709 620 4764 audias
649 4711 755 4767 hoc
784 4712 998 4784 placere
1029 4713 1166 4782 Deo,
1189 4728 1416 4768 causam
1443 4713 1600 4782 hujus
1630 4729 1699 4767 ne
1731 4729 1877 4784 qua:-

269 4797 456 4852 sieris.
477 4798 678 4854 Placuit
710 4801 897 4873 utique
910 4801 1026 4856 Deo
1055 4819 1156 4874 per
1183 4802 1876 4875 stultitiamprazdieatio-

268 4888 398 4950 nis,
431 4886 484 4941 id
516 4897 596 4943 est
627 4897 678 4944 et
705 4905 804 4960 per
851 4890 1067 4945 stultam
1125 4907 1238 4946 rem
1296 4891 1645 4962 prtedicatam
1686 4899 1737 4945 et
1778 4907 1878 4962 per

268 4976 463 5030 stultos
495 4977 885 5048 praedicatores
916 4981 1095 5036 salvos
1125 4983 1314 5050 facere
1351 4981 1648 5036 credentes
1687 4979 1742 5034 in
1765 4996 1824 5034 se
1859 4998 1872 5035 :

267 5063 394 5120 ideo
416 5083 515 5136 per
542 5067 823 5122 stultitiam
853 5068 1056 5139 placuit
1086 5069 1137 5124 ei
1167 5069 1380 5124 salvare
1413 5068 1720 5134 credentes,
1743 5070 1875 5141 quia

266 5155 537 5222 mundus,
571 5156 624 5210 id
656 5164 739 5212 est
795 5157 1044 5212 homines
1092 5158 1282 5213 mundi
1331 5175 1447 5215 non
1495 5161 1874 5230 cognoverunt

266 5244 448 5299 Deum
477 5261 577 5317 per
604 5246 880 5301 carnalem
911 5249 1272 5320 sapientiam.

341 5334 498 5402 Quod
530 5335 575 5389 si
606 5335 775 5406 aliqui
807 5335 1114 5408 philosophi
1136 5336 1522 5392 intellexerunt
1554 5352 1676 5391 esse
1709 5351 1874 5390 unum

265 5422 461 5493 Deum,
486 5425 614 5497 quia
644 5425 826 5480 omnia
857 5435 1119 5491 creasset,
1153 5442 1264 5482 non
1311 5411 1636 5480 tamen'hoc
1667 5441 1873 5498 cogno-

261 5523 455 5569 verunt
484 5515 538 5569 in
571 5515 840 5586 sapientia
870 5515 988 5582 Dei,
1021 5515 1075 5569 id
1124 5524 1207 5570 est
1237 5524 1294 5570 ut
1321 5515 1689 5587 intelligerent
1736 5531 1873 5569 con-

258 5602 442 5659 silium
473 5605 595 5676 Dei,
625 5621 736 5676 quo
765 5603 954 5658 Ordine
987 5604 1310 5676 disponebat
1357 5604 1568 5659 salvare
1600 5604 1874 5674 perditum

253 5693 537 5753 hominem
568 5711 674 5768 per
705 5693 1140 5750 incarnationem
1189 5693 1372 5762 Verbi,
1406 5701 1459 5750 et
1505 5701 1721 5750 caetera.
1777 5692 1872 5749 Vel

1980 4711 2083 4766 hoc
2112 4718 2195 4765 est
2224 4709 2418 4766 fortius
2448 4709 2779 4764 hominibus.
2815 4710 2912 4766 Vel
2959 4711 3086 4783 quia
3133 4712 3438 4786 intelligere
3469 4715 3587 4770 vir-

1978 4809 2144 4855 tutem
2172 4801 2314 4856 hanc
2343 4799 2613 4855 nesciunt.
2649 4799 2747 4855 Vel
2767 4800 2895 4872 quia
2924 4808 3074 4856 tanta
3106 4800 3418 4859 fortitudine
3449 4804 3586 4861 nihil

1979 4889 2161 4944 facere
2193 4897 2414 4961 queunt.
2470 4888 2567 4944 Vel
2615 4889 2770 4944 aliter
2818 4890 3068 4961 superior
3113 4891 3290 4947 littera
3333 4893 3584 4966 jungitur

1977 4979 2048 5033 ita
2083 4997 2095 5032 :
2128 4979 2252 5034 ideo
2280 4979 2516 5034 mundus
2563 4994 2672 5034 non
2721 4979 2979 5050 cognovit
3022 4981 3196 5036 Deum
3227 4998 3326 5053 per
3359 4983 3584 5054 sapien-

1976 5069 2128 5133 tiam;
2188 5069 2445 5140 quoniam
2473 5068 2647 5122 Judaei
2676 5077 2864 5139 petunt
2893 5068 3071 5142 signa,
3105 5079 3157 5125 et
3178 5071 3355 5128 Graeci
3372 5074 3588 5144 sapien-

1977 5158 2144 5222 tiam;
2179 5173 2278 5212 nos
2324 5173 2454 5212 vero
2504 5157 2868 5228 praedicamus
2915 5158 3188 5214 Christum
3228 5161 3587 5232 crucifixum;

1973 5247 2177 5301 Iudaeis
2208 5246 2426 5318 quidem
2455 5262 2565 5300 non
2596 5246 2812 5320 signum
2846 5247 2945 5302 sed
2989 5248 3343 5316 scandalum;
3377 5250 3588 5308 Graecis

1975 5345 2154 5390 autem
2180 5336 2270 5390 vel
2324 5335 2582 5408 gentibus
2627 5351 2734 5391 non
2783 5335 3105 5406 sapientiam
3133 5338 3232 5394 sed
3279 5339 3582 5397 stultitiam.

1974 5425 2043 5478 Et
2073 5424 2198 5496 quia
2229 5425 2282 5478 in
2313 5440 2476 5480 cruce
2525 5424 2727 5479 Christi
2758 5440 2860 5480 nec
2907 5425 3159 5481 virtutem
3210 5443 3314 5483 nec
3363 5429 3588 5500 sapien-

1975 5514 2106 5568 tiam
2139 5514 2372 5568 mundus
2403 5513 2698 5586 intelligit:
2753 5513 2877 5568 ideo
2929 5513 3105 5569 Deum
3151 5532 3260 5571 non
3305 5519 3584 5589 cognovit.

1972 5604 2041 5656 Et
2071 5612 2152 5658 est
2183 5603 2257 5657 ibi
2288 5602 2411 5658 finis
2461 5602 2761 5658 sententiae.
2817 5602 2925 5658 Sed
2955 5602 3078 5659 licet
3108 5605 3355 5676 reprobis
3381 5605 3587 5663 Judaeis

1975 5701 2136 5764 atque
2167 5692 2376 5749 Graecis
2407 5691 2606 5747 Christi
2635 5709 2768 5748 crux
2814 5692 3134 5749 scandalum
3164 5693 3233 5748 sit
3257 5702 3310 5749 et
3338 5695 3583 5764 stultitia,
