3948 6416
388 344 483 400 isi
934 342 992 398 s.
1031 337 1387 399 BRUNONIS
1426 328 2077 394 curuusuuonuu
2114 332 2597 392 INSTITUTORIS
2636 332 2789 389 ore.
2831 331 3027 388 ritas.
3069 330 3138 386 ιι.
3577 291 3707 381 'm

389 475 574 525 tamen
593 467 725 539 ipsis
744 466 945 522 Iudaeis
964 465 1172 522 vocatis
1199 473 1361 537 atque
1391 462 1599 519 Graecis
1630 460 1875 517 Christus
1898 465 1978 514 est
2005 458 2061 519 Δ
2081 474 2178 529 per
2199 461 2300 515 hoc
2329 467 2501 515 totum
2531 475 2653 515 esse
2683 475 2747 514 ex
2778 458 2898 530 ipso
2940 457 3055 511 Deo
3074 496 3090 523 ,
3124 462 3180 511 et
3225 452 3361 510 nihil
3398 468 3467 508 ex
3497 448 3706 505 merito

387 557 492 614 Dei
520 556 689 613 virtus
719 565 771 613 et
802 556 901 612 Dei
932 555 1217 627 sapientia.
1251 554 1499 625 Sequens
1529 551 1706 606 littera
1734 565 1842 605 non
1873 565 1991 602 mu-
2093 549 2395 605 doctorum.

390 653 573 713 tatur;
603 646 854 718 probavit
882 662 947 701 ex
976 624 1125 716 parte
1173 643 1317 715 quod
1348 624 1465 713 per
1494 640 1771 695 stultitiam
1803 656 1817 693 :
1867 653 1995 692 nam
2166 639 2263 695 llic
2292 638 2490 709 optime
2520 637 2894 694 consideratur
2925 634 3149 691 effectus
3182 629 3419 687 stultitim
3449 636 3501 685 et
3536 624 3703 682 inﬁr-

2094 728 2311 781 mitalis.
2383 727 2509 795 Vos,
2559 727 2796 797 inquam,
2860 724 2992 778 estis
3038 723 3092 777 in
3141 720 3357 777 Christo
3397 719 3552 782 Jesu,
3605 715 3710 788 qui

2096 816 2341 871 Christus
2362 819 2549 886 factus
2579 820 2663 871 est
2703 814 2857 869 nobis
2888 813 3223 884 sapientiaa
3244 810 3370 873 Deo,
3393 806 3518 879 quia
3548 806 3707 860 Deus

2094 921 2195 976 per
2242 905 2516 959 Christum
2565 903 2839 957 instruens
2884 916 3004 968 nos,
3056 897 3233 956 effecit
3272 913 3373 952 nos
3420 894 3707 966 sapientes

2095 993 2516 1049 ministeriorum
2548 991 2685 1057 Dei;
2718 999 2771 1046 et
2801 998 2856 1045 ut
2887 989 3159 1060 sapientes
3209 986 3468 1049 efficeret,
3522 982 3707 1038 factus

2097 1092 2178 1138 est
2209 1083 2365 1138 nobis
2388 1082 2644 1153 justitia,
2673 1079 2875 1135 faciens
2907 1094 3008 1133 nos
3052 1078 3235 1133 vivere
3263 1075 3319 1129 in
3350 1071 3560 1145 justitia
3588 1070 3707 1126 vir-

2098 1180 2295 1228 tutum.
2334 1172 2401 1227 Ut
2441 1179 2619 1224 autem
2671 1168 2725 1223 in
2764 1167 2973 1237 justitia
3022 1165 3347 1229 viveremus,
3400 1161 3577 1217 factus
3624 1166 3714 1214 est

2098 1261 2255 1315 nobis
2302 1259 2702 1327 sanctiﬁcatio.
2757 1254 3124 1311 Sanctiﬁcavit
3170 1252 3318 1308 enim
3366 1266 3467 1305 nos
3512 1247 3711 1303 remit-

2098 1349 2263 1404 tendo
2306 1357 2575 1419 peccata;
2622 1354 2674 1401 et
2710 1354 2766 1400 ut
2838 1341 3224 1409 sanctiﬁcaret,
3272 1340 3443 1395 factus
3488 1344 3573 1392 est
3622 1352 3715 1392 re-

388 750 492 807 per
520 735 737 790 stultam
766 751 882 790 rem
912 733 1262 805 praedicatam
1312 731 1651 785 salvarentur
1680 728 1993 791 credentes;

387 824 585 896 probat
614 839 759 880 nunc
786 823 953 879 aliam
983 830 1195 893 partem
1226 819 1452 885 scilicet,
1502 818 1646 891 quod
1676 834 1775 888 per
1806 815 1995 870 stultos

387 913 779 985 praedicatores
801 910 1092 967 salvaverit
1111 911 1257 966 Deus
1286 908 1592 973 credentes,
1617 906 1837 963 dicens:
1858 905 1997 960 Vere

391 1018 490 1074 per
518 1001 798 1057 stultitiam
829 999 1060 1056 salvavit
1099 999 1249 1055 Deus
1295 998 1605 1054 credentes.

480 1091 667 1148 Videte
695 1092 851 1147 enim
880 1090 1248 1155 vocationem,
1279 1086 1333 1141 id
1364 1094 1446 1142 est
1472 1092 1754 1141 vocatores
1784 1089 1998 1139 vestros

391 1196 494 1251 per
521 1195 660 1251 quos
692 1178 762 1234 ad
794 1176 966 1232 ﬁdem
994 1176 1170 1232 vocati
1199 1176 1349 1230 estis.
1382 1175 1516 1240 Hoc,
1551 1173 1790 1245 inquam,
1820 1171 1999 1225 videte

396 1269 465 1323 de
486 1268 601 1335 eis;
624 1270 755 1340 quia
784 1284 897 1322 non
919 1266 1097 1321 multi
1116 1266 1423 1337 sapientes,
1447 1270 1497 1317 et
1510 1271 1725 1318 cratera.
1758 1261 1862 1316 Sed
1879 1276 1999 1331 qua:

397 1358 583 1413 stulta
610 1360 749 1411 sunt
776 1356 945 1425 elegit
972 1356 1117 1410 Deus
1149 1353 1204 1407 in
1232 1351 1532 1406 ministerio
1573 1350 1876 1406 vocationis
1906 1364 2000 1402 ve-

400 1454 549 1501 atrae.
580 1444 679 1500 Vel
709 1444 780 1498 ita
802 1443 1050 1515 jungitur
1078 1442 1149 1497 ad
1192 1440 1517 1513 proximum.
1566 1440 1704 1495 Vere
1732 1437 1865 1491 illud
1903 1436 2001 1492 Dei
2102 1438 2365 1510 demptio,
2417 1437 2467 1490 id
2521 1444 2602 1491 est
2653 1434 2801 1489 dedit
2846 1433 3077 1504 pretium
3124 1428 3406 1502 sanguinis
3454 1426 3559 1487 sui,
3600 1440 3718 1497 quo

402 1534 803 1609 quodstultum
834 1540 889 1587 et
910 1512 1208 1600 infirmum
1238 1534 1341 1595 est,
1370 1529 1687 1601 sapientius
1713 1531 1768 1582 et
1791 1526 2000 1597 fortius
2099 1543 2200 1581 nos
2233 1526 2544 1588 redimeret,
2594 1530 2651 1578 ut
2696 1522 3009 1593 redemptos
3057 1516 3461 1583 sanctiﬁcaret;
3496 1512 3714 1570 sancti-

394 1602 478 1678 est
495 1621 988 1678 hominibus.Nam
1005 1619 1169 1675 modo
1182 1618 1361 1673 videte
1377 1621 1907 1680 vocatoresvestros,
1927 1614 2003 1667 in-
2102 1614 2285 1670 licatos
2315 1614 2368 1668 in
2394 1612 2601 1682 justitia
2631 1611 2886 1667 virtutum
2935 1607 3296 1673 conﬁrmaret,
3327 1614 3380 1661 et
3409 1604 3466 1660 in
3503 1602 3718 1673 justitia

392 1710 622 1767 venietis
653 1726 748 1765 eos
778 1709 972 1764 stultos
1003 1716 1055 1763 et
1099 1706 1365 1762 inﬁrmos.
1419 1707 1486 1761 Et
1518 1704 1820 1760 secundum
1860 1704 2003 1757 hanc
2102 1704 2442 1758 manentibus
2493 1700 2811 1772 sapientiam
2868 1699 3041 1753 daret.
3116 1697 3248 1752 Hinc
3294 1693 3479 1750 omnia
3536 1691 3719 1747 factus

396 1799 853 1855 continuationem
882 1796 1015 1852 illud
1037 1794 1361 1867 procedens,
1383 1794 1438 1848 id
1466 1801 1545 1848 est
1578 1793 1719 1866 quod
1750 1792 2002 1847 stultum
2022 1817 2075 1878 Β
2103 1802 2185 1849 est
2213 1792 2389 1857 nobis,
2425 1799 2481 1846 ut
2519 1790 2824 1861 quicunque
2869 1787 3153 1860 gloriatur,
3205 1783 3470 1856 glorietur
3516 1796 3629 1836 non
3664 1779 3721 1833 in

399 1892 456 1945 et
476 1886 1000 1957 infirmumestDei,
1023 1885 1343 1957 sapientius
1364 1887 1419 1938 et
1442 1883 1651 1953 fortius
1666 1884 1748 1936 est
1774 1869 2071 1935 homini-7
2119 1900 2197 1949 se,
2230 1881 2315 1936 vel
2344 1881 2400 1934 in
2428 1878 2761 1941 doctoribus,
2796 1876 2891 1931 sed
2921 1876 2975 1930 in
3007 1876 3122 1930 Deo
3156 1874 3253 1928 :ad
3283 1888 3445 1946 quem
3485 1869 3723 1926 modum

399 1977 519 2037 bus,
564 1975 785 2047 respicit
833 1974 904 2029 ad
953 1972 1421 2044 comprobandum
1469 1970 1850 2041 praedicatores
1880 1968 2017 2022 stul-
2118 1972 2396 2043 scriptum
2427 1968 2592 2023 estin
2618 1964 2849 2022 Ieremia
2897 1964 2977 2019 sic
3013 1978 3025 2017 :
3059 1963 3122 2019 In
3171 1962 3269 2018 hoc
3300 1961 3576 2033 glorietur
3624 1957 3732 2029 qui

399 2072 487 2121 tos
516 2063 683 2119 fuisse
709 2082 724 2131 ;
755 2063 893 2119 sicut
920 2062 976 2117 in
1006 2060 1337 2133 praecedenti
1387 2059 1556 2114 voluit
1587 2058 1657 2114 ad
1696 2059 1798 2113 hoc
1828 2064 2017 2112 osten-
2117 2060 2398 2132 gloriatur
2433 2057 2576 2112 scire
2598 2060 2652 2111 et
2681 2070 2841 2112 nosse
2877 2069 2985 2119 me,
3012 2053 3144 2125 quia
3170 2066 3265 2123 ego
3297 2067 3425 2106 sum
3445 2048 3729 2103 Dominus

409 2153 670 2219 dendum,
708 2151 855 2223 quod
902 2167 991 2206 res
1037 2150 1333 2222 prmdicata
1379 2147 1539 2203 fuerit
1588 2146 1766 2202 stulta.
1818 2147 1877 2199 In
1926 2162 2018 2200 se-

405 2242 591 2316 quenti
651 2240 816 2297 etiam
873 2247 1091 2296 notatur
1152 2237 1376 2293 effectus
1438 2237 1597 2305 hujus
1662 2235 1901 2289 stultitia:
1967 2242 2022 2289 et

412 2330 757 2402 insipientia.
804 2328 1011 2394 Videte,
1037 2327 1279 2399 inquam,
1303 2327 1647 2381 vocationem
1678 2328 1942 2391 vestram,
1968 2323 2023 2376 id

410 2428 493 2476 est
522 2436 619 2491 per
668 2433 809 2491 quos
854 2416 1027 2473 vocati
1078 2416 1211 2471 estis
1257 2417 1507 2486 fratres;
1539 2414 1667 2485 quia
1714 2412 1769 2466 in
1800 2413 1878 2467 eis
1907 2428 2023 2469 non

409 2514 548 2566 sunt
568 2510 742 2564 multi
761 2507 1049 2578 sapientes
1067 2504 1378 2561 secundum
1401 2519 1652 2568 carnem,
1669 2501 1723 2555 id
1740 2508 1822 2555 est
1840 2516 2026 2556 carna-

407 2600 517 2655 lem
546 2595 867 2668 sapientiam
902 2613 917 2661 ;
955 2610 1069 2649 non
1095 2601 1219 2647 sunt
1242 2593 1415 2648 multi
1436 2595 1696 2664 potentes
1726 2589 2024 2645 secundum

413 2702 635 2745 carnem
659 2704 674 2752 ;
706 2701 824 2740 non
870 2683 1044 2738 multi
1063 2683 1296 2751 nobiles,
1321 2680 1619 2736 secundum
1648 2678 1827 2735 carnis
1851 2693 2025 2749 gene-

411 2777 710 2833 rositatem.
745 2773 944 2828 Dicunt
1004 2770 1174 2826 sancti
1204 2770 1327 2824 ideo
1374 2768 1598 2824 Paulum
1647 2767 1870 2833 dixisse,
1916 2782 2027 2820 non

415 2865 586 2931 multi,
634 2861 760 2935 quia
806 2860 911 2932 ipsi
958 2858 1056 2914 fuit
1106 2857 1448 2914 saecularium
1496 2857 1798 2911 litterarum
1842 2854 2028 2926 perfe-

419 2962 561 3021 ctus,
610 2960 957 3006 terrenarum
1022 2962 1188 3018 opum
1240 2946 1413 3011 dives,
1464 2946 1704 3000 Romana
1752 2943 2030 3016 parentela

425 3040 773 3111 conspicuus.
830 3038 1125 3092 Vocatores
1170 3034 1355 3106 utique
1398 3032 1583 3099 vestri,
1616 3048 1719 3088 nec
1758 3032 2031 3102 sapientes

415 3147 520 3188 nec
531 3127 762 3193 nobiles,
778 3124 874 3181 sed
889 3126 1033 3180 Deus
1050 3124 1297 3193 elegitea
1317 3121 1778 3196 quastultasunt
1809 3120 2029 3186 mundi,

420 3223 477 3278 id
506 3228 590 3276 est
618 3234 739 3292 quae
769 3216 1004 3272 mundus
1035 3215 1199 3269 stulta
1225 3221 1466 3286 peputat,
1500 3217 1566 3269 ut
1605 3230 1701 3284 per
1730 3214 1849 3269 haec
1879 3214 2027 3268 Deus

424 3309 589 3367 stulta
621 3305 960 3379 confundat,
995 3303 1051 3359 id
1084 3312 1168 3358 est
1198 3303 1525 3358 erubescere
1556 3301 1714 3357 faciat
1744 3304 2029 3375 sapientes

427 3397 634 3463 mundi,
667 3395 914 3452 videntes
940 3409 1000 3448 se
1029 3408 1139 3448 non
1185 3408 1350 3463 posse
1394 3391 1650 3446 resistere
1697 3390 2031 3463 argumentis

432 3487 543 3544 suis
571 3484 748 3541 stultis
774 3480 1215 3555 praedicatoribus
1261 3480 1380 3535 Dei.
1442 3482 1624 3551 Elegit
1672 3482 1849 3535 etiam
1888 3480 2033 3534 Deus

428 3578 664 3647 inﬁrma
709 3572 946 3628 mundi:
990 3586 1085 3626 eos
1133 3568 1340 3625 scilicet
1397 3568 1489 3640 qui
1536 3568 1736 3622 nullius
1782 3567 2035 3640 potentia:

430 3673 578 3723 erant
593 3663 651 3719 in
669 3662 895 3728 mundo,
918 3664 984 3716 ut
1004 3675 1105 3730 per
1121 3659 1237 3715 haec
1259 3658 1472 3711 inﬁrma
1491 3659 1808 3729 confundat
1836 3658 2032 3729 fortia,

432 3755 489 3811 id
518 3760 602 3809 est
624 3757 877 3823 potentes
907 3748 1095 3803 mundi
1118 3747 1444 3803 erubescere
1476 3745 1654 3802 faciat.
1676 3748 1746 3802 Et
1767 3747 2039 3818 ignobilia

433 3841 655 3905 mundi,
691 3838 747 3893 id
776 3846 860 3893 est
905 3852 1001 3892 eos
1045 3836 1139 3908 qui
1168 3836 1236 3891 de
1267 3850 1470 3908 genere
1515 3850 1615 3890 suo
1660 3850 1769 3891 non
1814 3837 2044 3906 possent

434 3928 695 4007 gloriari;
728 3930 785 3983 et
808 3925 1273 3998 contemptibilia,
1299 3923 1354 3978 id
1374 3930 1458 3980 est
1487 3939 1602 3990 eos,
1636 3923 1692 3978 in
1724 3923 1918 3995 quibus
1939 3939 2043 3979 nec

435 4020 615 4091 aliqua
643 4029 1000 4087 personarum
1031 4012 1370 4079 reverentia;
1420 4013 1538 4068 ὴωο
1569 4012 1739 4082 elegit
1774 4013 1940 4079 Deus,
1991 4020 2047 4068 et

447 4107 527 4177 (ut
555 4103 774 4178 singula
805 4102 1142 4172 enumerem)
1192 4105 1250 4157 et
1275 4118 1341 4158 ea
1378 4118 1500 4174 qua:
1537 4117 1652 4157 non
1682 4106 1836 4167 sunt,
1878 4101 1933 4156 id
1964 4108 2048 4158 est

437 4211 558 4269 quae
586 4192 739 4249 nulla
768 4207 892 4248 esse
919 4190 1123 4246 mundo
1155 4190 1498 4256 videbantur,
1531 4190 1647 4245 haec
1679 4190 1843 4260 elegit
1873 4191 2043 4254 Deus,

440 4289 510 4343 ut
535 4299 633 4356 per
661 4298 727 4339 ea
747 4298 868 4355 quae
895 4296 1006 4336 non
1036 4287 1160 4334 sunt
1188 4280 1507 4336 destrueret
1555 4294 1621 4334 ea
1651 4296 1773 4351 qua:
1801 4284 1957 4349 sunt,
1993 4278 2049 4333 id

443 4381 527 4429 est
555 4387 677 4445 quae
706 4371 852 4427 bona
878 4369 1067 4425 mundi
1114 4385 1238 4425 esse
1286 4368 1559 4424 videntur.
1611 4368 1680 4423 Et
1727 4367 1831 4424 hoc
1878 4375 2049 4424 totum

448 4464 527 4520 sic
555 4461 680 4517 ideo
709 4459 837 4516 fecit
864 4460 1029 4525 Deus,
1062 4461 1129 4513 ut
1160 4460 1344 4514 omnis
1375 4473 1505 4513 caro
1535 4471 1651 4512 non
1676 4457 1973 4529 glorietur,
1995 4456 2051 4511 id

2052 3171 2101 3235 Ο

2121 2150 2255 2223 (Jer.
2288 2163 2361 2217 lx,
2393 2148 2506 2217 24).

2784 2283 3008 2340 CAPUT
3048 2282 3115 2337 II.

2199 2456 2221 2480 α
2255 2433 2323 2487 Ει
2355 2446 2460 2500 ego
2487 2444 2611 2485 cum
2647 2425 2920 2482 venissem
2946 2424 3017 2480 ad
3038 2439 3159 2490 vos,
3208 2421 3423 2487 fratres,
3456 2419 3583 2476 veni
3615 2435 3732 2475 non

2128 2546 2149 2569 α
2186 2521 2241 2575 in
2272 2518 2600 2574 sublimitate
2631 2514 2899 2570 sermonis
2929 2521 3019 2567 aut
3066 2511 3359 2582 sapientiae,
3403 2509 3739 2565 annuntians

2130 2634 2152 2658 α
2189 2609 2346 2665 vobis
2414 2604 2782 2661 testimonium
2843 2600 3064 2657 Christi.
3133 2601 3256 2655 Non
3303 2598 3447 2654 enim
3488 2596 3739 2667 judicavi

2132 2724 2153 2747 α
2193 2714 2282 2753 me
2311 2695 2452 2751 scire
2484 2692 2687 2765 aliquid
2719 2693 2857 2746 inter
2885 2706 3004 2755 vos,
3039 2688 3142 2744 nisi
3186 2690 3371 2743 Jesum
3432 2687 3736 2755 Christum,

2134 2812 2154 2836 α
2207 2794 2260 2842 et
2324 2786 2467 2839 hunc
2535 2779 2875 2837 cruciﬁxum.
2926 2780 2995 2833 Et
3058 2793 3163 2849 ego
3223 2777 3277 2831 in
3322 2774 3635 2830 inﬁrmitate
3681 2781 3739 2829 et

2134 2900 2155 2925 ιι
2192 2876 2384 2929 timore
2413 2879 2467 2927 et
2495 2879 2730 2926 tremore
2779 2868 2949 2923 multo
2978 2867 3055 2922 fui
3098 2866 3242 2937 apud
3273 2881 3370 2921 vos
3404 2879 3416 2919 :
3447 2872 3503 2919 et
3549 2878 3742 2918 sermo

2135 2989 2156 3011 ις
2192 2978 2347 3018 meus
2398 2969 2451 3016 et
2496 2958 2806 3031 praedicatio
2851 2973 2976 3012 mea
3021 2972 3131 3011 non
3178 2955 3232 3009 in
3280 2951 3736 3024 persuasibilibus

2136 3071 2157 3096 α
2194 3049 2441 3102 humanae
2472 3044 2749 3115 sapientiae
2781 3042 2980 3107 verbis,
3015 3040 3113 3095 sed
3140 3039 3195 3094 in
3225 3038 3536 3094 ostensione
3566 3036 3741 3107 spiri-

2136 3160 2157 3185 «
2195 3144 2281 3191 tus
2311 3144 2363 3191 et
2392 3132 2605 3189 virtutis
2640 3147 2652 3186 :
2683 3139 2741 3186 ut
2771 3129 2907 3185 ﬁdes
2936 3137 3114 3185 vestra
3150 3144 3260 3183 non
3287 3128 3356 3183 sit
3384 3126 3439 3181 in
3471 3124 3745 3196 sapientia

2134 3247 2157 3278 ι
2191 3224 2489 3287 hominum,
2538 3220 2635 3276 sed
2682 3219 2737 3274 in
2774 3219 2971 3273 virtute
3011 3217 3129 3273 Dei.
3182 3215 3507 3287 Sapientiam
3555 3222 3742 3269 autem

2136 3337 2158 3365 α
2193 3312 2465 3384 loquimur
2510 3310 2650 3365 inter
2710 3306 3004 3379 perfectos.
3075 3305 3405 3376 Sapientiam
3452 3318 3581 3359 vero
3628 3318 3747 3358 non

2144 3426 2167 3455 ι
2201 3402 2360 3471 hujus
2389 3397 2592 3465 saeculi,
2643 3413 2820 3467 neque
2863 3395 3172 3467 principum
3218 3394 3377 3462 hujus
3407 3392 3609 3458 saeculi,
3645 3391 3746 3463 qui

2143 3516 2164 3539 α
2200 3492 2563 3554 destruuntur,
2638 3485 2735 3541 sed
2795 3484 3067 3556 loquimur
3122 3482 3222 3537 Dei
3280 3481 3602 3552 sapientiam
3691 3480 3751 3535 in

2141 3605 2163 3631 ι
2199 3578 2479 3649 mysterio,
2520 3591 2639 3647 qua:
2682 3573 3002 3629 abscondita
3028 3580 3129 3637 est,
3179 3587 3339 3643 quam
3383 3568 3747 3641 praedestina-

2141 3694 2163 3718 ι(
2202 3669 2278 3725 vit
2306 3667 2454 3722 Deus
2483 3673 2607 3720 ante
2654 3662 2851 3718 saecula
2894 3661 2951 3716 in
2995 3660 3224 3734 gloriam
3270 3667 3530 3726 nostram,
3578 3673 3750 3730 quam

2145 3780 2168 3809 ι
2202 3772 2363 3812 nemo
2393 3753 2697 3825 principum
2726 3751 2887 3819 hujus
2933 3750 3117 3806 seculi
3162 3748 3454 3818 cognovit;
3501 3747 3547 3801 si
3594 3747 3751 3802 enim

2146 3870 2167 3895 ιι
2207 3844 2592 3917 cognovissent
2633 3856 2908 3911 nunquam
2955 3839 3247 3894 Dominum
3292 3837 3484 3911 gloria;
3557 3836 3751 3893 cruci-

2150 3959 2171 3983 ι(
2208 3933 2469 3989 ﬁxissent.
2505 3930 2612 3987 Sed
2642 3930 2781 3985 sicut
2836 3927 3098 3999 scriptum
3122 3934 3205 3982 est
3239 3945 3252 3981 :
3289 3948 3312 3978 ι
3361 3925 3522 3994 Quod
3550 3924 3752 3983 oculus

2151 4049 2173 4074 ιι
2208 4039 2319 4078 non
2347 4021 2499 4087 vidit,
2531 4034 2634 4075 nec
2665 4016 2812 4073 auris
2857 4016 3083 4081 audivit,
3135 4031 3237 4071 nec
3283 4015 3340 4070 in
3367 4030 3464 4071 cor
3508 4014 3753 4071 hominis

2153 4135 2176 4164 ι
2212 4109 2476 4173 ascendit,
2525 4124 2646 4180 quae
2690 4106 3021 4178 praeparavit
3063 4105 3210 4160 Deus
3238 4103 3324 4159 his
3373 4103 3467 4176 qui
3512 4103 3756 4176 diligunt

2156 4223 2179 4253 α
2213 4200 2365 4255 illum
2414 4198 2571 4267 (Isai.
2628 4210 2780 4262 mm,
2835 4194 2909 4265 ι).
2968 4218 2990 4242 ››
3024 4193 3195 4249 Nobis
3252 4200 3435 4248 autem
3484 4192 3753 4248 revelavit

2157 4311 2181 4342 ι
2213 4290 2361 4345 Deus
2410 4302 2507 4358 per
2548 4284 2807 4355 Spiritum
2853 4299 3032 4338 suum.
3102 4280 3330 4352 Spiritus
3376 4280 3520 4337 enim
3564 4281 3754 4337 omnia

2158 4399 2182 4431 ι
2217 4383 2504 4442 scrutatur,
2573 4373 2733 4429 etiam
2779 4370 3051 4443 profunda
3095 4369 3215 4426 Dei.
3271 4370 3406 4440 Quis
3454 4369 3599 4425 enim
3647 4370 3759 4427 scit

2160 4490 2183 4520 ι
2214 4464 2511 4531 hominum,
2550 4478 2671 4535 qum
2702 4468 2828 4516 sunt
2874 4459 3127 4529 hominis,
3176 4459 3281 4514 nisi
3329 4459 3548 4530 spiritus
3574 4460 3759 4516 homi-

448 4558 533 4607 est
561 4558 620 4605 ut
646 4548 793 4606 omni
820 4548 970 4604 carni
999 4545 1286 4603 conveniat
1322 4560 1433 4601 non
1462 4544 1687 4616 gloriari
1728 4545 1791 4600 in
1812 4562 2049 4619 conspe-
2079 4529 2133 4592 Ῑ)
2158 4578 2181 4609 ι
2216 4555 2321 4623 nis,
2354 4553 2447 4626 qui
2477 4529 2532 4607 in
2561 4529 2681 4622 ipso
2728 4549 2857 4605 est?
2903 4551 2982 4604 ιιει
3007 4557 3061 4605 ει
3107 4565 3228 4620 qua;
3271 4529 3374 4603 Dei
3415 4557 3540 4603 sum
3584 4565 3754 4606 nemo

450 4644 552 4697 ctu
578 4640 719 4709 eius,
753 4636 960 4693 scilicet
989 4635 1118 4709 quia
1173 4634 1220 4690 si
1262 4633 1653 4705 praedicatores
1690 4633 2049 4702 abjectionem

450 4728 534 4784 sui
562 4727 977 4784 considerarent
1008 4742 1022 4779 :
1054 4723 1141 4779 vel
1169 4730 1361 4796 gentes
1402 4737 1498 4776 eos
1545 4736 1825 4776 conversae
1854 4722 2048 4778 intelli-

451 4823 664 4891 gerent,
696 4814 832 4870 nihil
861 4812 983 4876 sibi,
1018 4811 1116 4866 sed
1137 4818 1308 4865 totum
1330 4808 1680 4865 referendum
1710 4826 1832 4866 esse
1860 4811 2051 4884 gratim

450 4905 572 4961 Dei.
606 4903 705 4959 Vel
733 4902 809 4957 ita
844 4919 858 4955 :
889 4902 961 4957 Ut
990 4899 1107 4969 ejus
1134 4914 1245 4953 non
1287 4897 1369 4955 sic
1417 4897 1743 4969 obliquetur,
1777 4915 1887 4955 non
1936 4901 2054 4972 glo-

450 4994 614 5049 rietur
646 4989 825 5045 omnis
853 5003 985 5044 caro
1013 4987 1068 5041 in
1099 4995 1394 5059 conspectu
1425 4987 1542 5056 ejus
1565 4987 1685 5055 Dei,
1716 4987 1772 5043 id
1802 4997 1884 5043 est
1913 5005 2050 5046 con-

453 5080 702 5136 siderans
740 5077 993 5134 virtutem
1036 5075 1138 5131 Dei
1183 5084 1237 5130 et
1298 5073 1664 5131 inﬁrmitatem
1708 5092 1900 5145 suam;
1950 5095 2053 5136 nec

448 5168 774 5241 praedicator
803 5164 906 5221 sibi
934 5179 1037 5221 nec
1079 5163 1278 5220 subditi
1307 5164 1581 5221 ascribant
1626 5165 1826 5239 aliquid
1871 5168 2053 5239 magi-

454 5256 598 5325 stris,
624 5254 777 5313 91
808 5254 906 5309 sed
935 5262 1103 5310 totum
1132 5253 1326 5327 gratiae
1353 5254 1473 5310 Dei.
1495 5254 1604 5311 Sed
1630 5254 1757 5311 licet
1782 5256 2053 5327 praedica-

453 5354 598 5402 tores
625 5343 771 5399 stulti
800 5351 983 5398 essent
1012 5350 1062 5398 et
1091 5341 1312 5411 inﬁrmi,
1346 5360 1437 5399 vos
1462 5349 1646 5399 tamen
1694 5344 1828 5399 nihil
1874 5346 2055 5401 minus

451 5441 677 5505 propter
704 5434 810 5488 hoc
830 5431 1093 5487 habuistis
1126 5450 1139 5487 :
1165 5434 1300 5489 estis
1322 5431 1466 5488 enim
1496 5436 1559 5489 in
1592 5432 1809 5490 Christo
1830 5437 1963 5492 Iesu
1982 5435 2055 5491 ﬁ-

448 5522 598 5577 deles
645 5521 789 5580 facti.
836 5523 906 5577 Et
950 5538 1072 5579 cum
1117 5529 1264 5577 tanta
1309 5520 1598 5578 inﬁrmitas
1643 5522 2056 5593 praedicatorum

448 5619 721 5684 appareat,
767 5626 867 5669 vos
912 5619 1096 5668 tamen
1143 5611 1277 5667 nihil
1323 5612 1504 5668 minus
1549 5610 1795 5679 habetis;
1844 5622 2058 5671 constat

2154 4670 2175 4695 ιι
2212 4641 2489 4717 cognovit,
2521 4640 2625 4696 nisi
2654 4639 2885 4710 Spiritus
2930 4638 3049 4693 Dei.
3087 4639 3202 4693 Nos
3228 4645 3406 4693 autem
3445 4653 3556 4693 non
3584 4638 3755 4709 spiri-

2156 4758 2177 4782 «
2212 4742 2326 4789 tum
2368 4730 2527 4799 hujus
2590 4728 2779 4783 mundi
2825 4728 3155 4799 accepimus,
3206 4726 3306 4781 sed
3369 4726 3628 4797 Spiritum
3659 4729 3759 4799 qui

2156 4843 2179 4873 ι
2217 4838 2283 4877 ex
2309 4821 2425 4875 Deo
2456 4826 2559 4885 est,
2592 4825 2650 4873 ut
2700 4816 2934 4873 sciamus
2985 4833 3106 4889 qua:
3133 4830 3167 4871 a
3215 4816 3332 4871 Deo
3377 4814 3579 4871 donata
3627 4825 3759 4872 sunt

2158 4933 2181 4963 ι
2214 4909 2395 4976 nobis,
2429 4924 2550 4980 quae
2598 4915 2650 4963 et
2697 4906 2987 4978 loquimur,
3031 4922 3141 4960 non
3184 4904 3240 4959 in
3287 4904 3462 4960 doctis
3503 4905 3760 4962 humanae

2159 5021 2182 5051 α
2218 4997 2495 5070 sapientiae
2526 4996 2730 5062 verbis,
2766 4995 2863 5051 sed
2894 4995 2952 5050 in
2997 4994 3239 5050 doctrina
3282 4993 3535 5065 Spiritus,
3584 4992 3760 5065 spiri-

2159 5111 2183 5141 ι
2215 5087 2450 5143 tualibus
2470 5084 2773 5157 spiritualia
2818 5091 3216 5155 comparantes.
3266 5082 3528 5138 Animalis
3574 5091 3763 5139 autem

2160 5201 2182 5225 α
2220 5178 2383 5232 homo
2439 5191 2547 5230 non
2599 5173 2826 5245 percipit
2869 5188 2935 5229 ea
2974 5190 3094 5244 quae
3142 5180 3269 5227 sunt
3325 5172 3558 5243 Spiritus
3606 5172 3760 5228 Dei:

2160 5291 2185 5316 ι
2219 5263 2442 5320 stultitia
2489 5262 2632 5318 enim
2680 5270 2762 5318 est
2816 5261 2915 5326 illi,
2962 5269 3015 5317 et
3060 5277 3170 5317 non
3213 5268 3390 5333 potest
3420 5259 3756 5333 intelligere,

2163 5378 2186 5403 α
2222 5352 2351 5426 quia
2398 5351 2749 5423 spiritualiter
2793 5350 3147 5406 examinatur.
3222 5349 3531 5421 Spiritualis
3578 5357 3763 5405 autem

2165 5466 2187 5490 α
2216 5442 2423 5512 judicat
2469 5440 2650 5496 omnia
2671 5448 2724 5496 et
2777 5440 2895 5511 ipse
2926 5455 2959 5494 a
3005 5439 3222 5495 nemine
3272 5439 3568 5509 judicatur,
3621 5438 3767 5494 sicut

2166 5553 2190 5583 ‹
2227 5530 2489 5601 scriptum
2517 5537 2600 5585 est
2630 5547 2644 5583 :
2684 5551 2706 5579 ι
2740 5528 2874 5598 Quis
2923 5529 3069 5585 enim
3111 5527 3368 5599 cognovit
3399 5543 3623 5583 sensum
3649 5527 3766 5583 Do-

2166 5642 2192 5672 ι
2225 5618 2377 5687 mini,
2437 5626 2530 5675 aut
2604 5618 2727 5690 quis
2779 5619 3010 5675 instruat
3056 5618 3223 5674 eum?
3279 5617 3435 5688 (lsai.
3493 5631 3590 5684 XL,
3654 5620 3765 5688 l3;
