3948 6456
169 418 268 470 133

798 408 1178 468 EXPOSITIO
1219 409 1293 466 IN
1329 405 1708 465 EPISTOLAS
1747 401 1980 460 PAULI.
2028 431 2097 441 —
2140 399 2214 457 IN
2251 399 2470 458 EPIST.
2514 401 2536 456 Ι
2573 401 2668 457 AD
2709 399 2870 458 COR.

3395 398 3497 456 134

180 563 201 591 ‹
245 541 376 612 Sap.
413 555 497 609 ix,
535 543 601 595 13
629 557 644 608 ;
675 541 826 595 Rom.
861 554 942 605 χι,
976 539 1087 609 34.)
1126 561 1145 587 η
1178 537 1292 592 Nos
1322 543 1503 592 autem
1558 548 1781 592 sensum
1800 535 1856 594 Α
1884 527 2140 600 baptismi
2163 535 2214 582 et
2251 526 2500 599 quadam
2517 526 2641 596 alia,
2680 527 2777 583 sed
2808 543 2929 600 qua
2959 526 3288 583 abscondita
3309 529 3415 593 est,
3451 531 3507 580 et

183 652 206 682 ι
249 628 454 685 Christi
479 629 768 685 habemus.
819 652 840 677 η

819 843 1138 897 mposmo.

264 983 382 1040 Dixi
407 983 556 1056 quod
599 991 882 1039 vocatores
916 982 1086 1038 vestri
1129 981 1278 1037 stulti
1307 989 1361 1037 et.
1398 978 1787 1052 contemptibi-

194 1073 272 1129 les
301 1073 557 1128 fuerunt:
592 1081 645 1127 et
673 1071 1129 1144 quemadmodum
1159 1071 1257 1137 illi,
1301 1071 1381 1126 sic
1397 1087 1489 1142 ego
1522 1072 1638 1143 ipse
1660 1087 1790 1126 cum

195 1164 470 1219 venissem
491 1161 564 1216 ad
588 1178 700 1227 vos,
721 1178 750 1216 0
771 1165 1003 1231 fratres,
1031 1176 1144 1216 non
1179 1162 1307 1216 veni
1337 1177 1440 1232 per
1470 1160 1791 1215 sublimita-

197 1257 306 1308 tem
327 1252 629 1314 sermonis,
665 1250 718 1304 id
739 1258 838 1316 est,
889 1249 1143 1304 laborans
1173 1248 1466 1304 artificiose
1507 1248 1656 1320 loqui
1701 1255 1794 1304 :et

195 1341 268 1395 uti
297 1340 557 1413 gloriosis
583 1339 784 1406 verbis,
811 1355 932 1395 cum
965 1339 1150 1410 utique
1170 1346 1393 1410 propter
1423 1337 1791 1409 insipientiam

196 1445 300 1484 non
331 1429 514 1483 dimisi
539 1447 554 1492 ;
575 1437 668 1483 aut
683 1445 791 1484 non
809 1429 931 1484 veni
955 1445 1052 1499 per
1073 1428 1455 1483 sublimitatem
1473 1429 1789 1500 sapientia,

199 1527 255 1572 ut
296 1534 392 1589 per
434 1517 769 1572 mundanam
821 1518 1144 1589 sapientiam
1199 1518 1355 1573 vobis
1402 1517 1784 1588 praedicarem.

200 1607 330 1662 Sunt
361 1607 506 1662 enim
558 1607 780 1678 quidam
819 1607 910 1679 qui
959 1607 1219 1662 sublimes
1258 1607 1478 1679 quidem
1509 1623 1794 1662 sermones

190 1696 408 1761 habent,
443 1711 544 1750 nec
567 1704 753 1750 tamen
783 1703 987 1750 tantam
1031 1695 1356 1768 sapientiam
1392 1697 1544 1751 artis.
1593 1697 1796 1750 Iterum

195 1785 413 1856 quidam
446 1785 625 1840 sciunt
644 1794 918 1856 pracepta
958 1785 1107 1855 artis,
1155 1801 1266 1840 non
1313 1793 1494 1840 tamen
1534 1787 1662 1839 satis
1692 1787 1795 1839 ha-

1888 617 2094 674 nemini
2121 617 2228 672 nisi
2273 616 2462 688 paucis
2491 633 2594 688 per
2643 616 2903 687 Spiritum
2935 623 3186 672 sanctum
3232 616 3494 682 revelata,

1897 709 2073 778 Quam
2107 706 2430 778 sapientiam
2463 707 2609 761 Deus
2629 706 3063 778 pradestinavit
3097 710 3235 762 ante
3264 706 3494 776 sacula,

1890 797 1945 852 id
1979 805 2061 852 est
2091 798 2239 852 Deus
2260 805 2327 851 ab
2356 803 2561 851 aterno
2585 795 2665 852 sic
2716 794 2949 850 futuram
2989 794 3396 866 praordinavit,
3429 795 3495 850 in

1891 888 2134 958 gloriam
2155 890 2436 954 nostram,
2469 884 2524 940 id
2559 892 2642 940 est
2671 885 2913 940 omnium
2929 883 3191 949 fidelium,
3213 893 3272 940 ut
3301 900 3494 940 omnes

1892 992 1994 1047 per
2032 976 2174 1032 hanc
2229 975 2530 1031 habeamus
2577 983 2842 1032 aternam
2890 976 3143 1047 gloriam.
3199 974 3295 1032 Vel
3339 976 3413 1030 ita
3440 975 3498 1030 in

1891 1065 2128 1138 gloriam
2160 1073 2424 1132 nostram,
2457 1065 2511 1120 id
2542 1073 2624 1120 est
2655 1066 3093 1136 pradicatorum,
3119 1065 3211 1138 qui
3230 1065 3497 1121 ministra-

1891 1171 2013 1208 mus
2061 1155 2206 1210 hanc
2252 1155 2592 1226 sapientiam.
2629 1155 2975 1212 Conveniens
3029 1155 3250 1228 quidem
3282 1154 3400 1222 fuit,
3441 1163 3500 1210 ut

1891 1259 1995 1298 nos
2015 1243 2107 1315 qui
2136 1243 2510 1299 ministramus
2541 1245 2682 1310 aliis,
2715 1245 2989 1316 copiosius
3038 1245 3158 1300 aliis
3187 1244 3255 1300 de
3276 1246 3380 1301 hac
3411 1261 3500 1300 sa-

1893 1332 2092 1404 pientia
2114 1333 2546 1406 intelligeremus
2567 1353 2581 1403 ;
2602 1335 2727 1406 quia
2747 1336 3092 1406 sapientiam
3116 1351 3279 1391 nemo
3288 1337 3502 1407 princi-

1890 1439 2030 1494 pum
2060 1422 2229 1495 hujus
2259 1425 2472 1489 saculi,
2495 1423 2549 1478 id
2579 1431 2662 1478 est
2691 1424 3140 1496 philosophorum
3169 1425 3256 1481 vel
3301 1425 3500 1482 damo-

1894 1528 2024 1566 num
2055 1514 2330 1584 cognovit.
2380 1515 2520 1570 Vere
2577 1513 2856 1586 principes
2913 1531 3022 1570 non
3067 1523 3494 1586 cognoverunt:

1895 1619 2032 1656 nam
2062 1604 2114 1658 si
2142 1605 2550 1674 cognovissent,
2577 1620 2872 1676 nunquam
2889 1605 3338 1673 cruciﬁaissent,
3373 1605 3499 1660 dia-

1895 1690 2006 1744 boli
2038 1691 2128 1762 qui
2152 1692 2256 1746 hoc
2311 1701 2611 1762 posuerunt
2666 1692 2721 1745 in
2775 1708 2868 1748 cor
2909 1693 3083 1759 Iuda,
3143 1701 3202 1748 ut
3258 1693 3498 1749 traderet

1897 1795 2041 1845 eum,
2079 1779 2164 1835 vel
2195 1779 2248 1833 in
2280 1781 2451 1836 corda
2495 1780 2826 1846 Judaorum,
2857 1789 2916 1836 ut
2969 1781 3353 1856 crucifigerent
3401 1783 3498 1839 Je-

193 1874 381 1928 bentes
413 1872 628 1929 artificii
680 1874 984 1930 locutionis.
1039 1875 1178 1948 Ego,
1225 1875 1464 1947 inquam,
1513 1891 1610 1946 per
1631 1874 1871 1964 subli-B
1900 1885 2040 1924 sum.
2075 1869 2366 1941 Nunquam
2399 1869 2584 1941 utique
2599 1868 3013 1938 cruciﬁxissent,
3047 1887 3207 1943 quem
3238 1889 3339 1944 per
3361 1873 3500 1928 hanc

196 1963 435 2018 mitatem
458 1963 734 2017 sermonis
780 1971 872 2018 aut
911 1964 1192 2035 sapientia
1241 1980 1351 2020 non
1391 1964 1514 2020 veni
1559 1981 1796 2020 annun-

201 2054 351 2108 tians
382 2053 526 2107 vobis
559 2053 849 2108 Christum
868 2073 885 2107 :
908 2061 961 2108 et
990 2054 1094 2108 hoc
1125 2069 1222 2124 per
1248 2053 1636 2118 testimonium,
1671 2052 1799 2124 quia

201 2141 349 2213 quod
377 2140 444 2195 de
495 2141 710 2196 Christo
750 2142 1020 2206 dicebam,
1071 2141 1150 2198 sic
1198 2141 1548 2198 testificatum
1577 2141 1632 2196 in
1677 2157 1800 2213 pro-

201 2230 378 2301 phetis
411 2229 793 2286 ostendebam.
814 2231 953 2286 Vere
974 2247 1083 2286 non
1101 2233 1154 2285 in
1176 2232 1506 2287 sublimitate
1529 2231 1798 2287 sermonis

201 2326 295 2372 aut
325 2319 602 2390 sapientia
633 2319 930 2390 pradicavi
972 2337 984 2374 :
1021 2320 1180 2376 92
1222 2337 1339 2376 non
1369 2323 1524 2377 enim
1544 2320 1800 2391 judicavi

200 2424 290 2463 me
319 2410 462 2463 scire
493 2409 710 2479 aliquid
725 2411 870 2465 inter
899 2426 1011 2475 vos,
1035 2427 1155 2465 cum
1177 2411 1364 2482 utique
1393 2410 1563 2464 multa
1581 2410 1794 2478 scirem,

204 2498 319 2552 nisi
351 2497 639 2553 Christum
661 2499 868 2565 Iesum,
903 2503 959 2555 et
982 2499 1133 2555 hunc
1173 2500 1474 2556 secundum
1519 2498 1800 2554 stultitiam

205 2585 451 2658 gentium
482 2595 535 2640 et
565 2585 933 2642 infirmitatem
953 2589 1265 2644 Judaorum
1287 2590 1652 2658 cruciﬁxum.
1677 2588 1801 2642 Non

201 2675 347 2730 enim
366 2675 581 2746 pratuli
609 2692 696 2731 me
718 2676 838 2731 aliis
854 2669 1338 2748 'pradicatoribus
1384 2695 1484 2749 pro
1532 2676 1803 2749 sapientia

201 2765 390 2819 mundi
412 2780 578 2836 quam
635 2765 972 2832 habueram;
1005 2768 1105 2822 sed
1135 2769 1384 2823 eamdem
1414 2767 1711 2832 stultitiam,
1747 2766 1802 2821 id

200 2862 283 2909 est
312 2869 530 2909 crucem
580 2854 778 2909 Christi
810 2857 1138 2926 pradicavi,
1177 2858 1636 2930 quemadmodum
1682 2856 1798 2911 illi:

201 2959 303 3014 per
348 2943 736 2999 sublimitatem
798 2945 1068 3001 sermonis
1097 2954 1150 3001 et
1181 2948 1459 3018 sapientia
1514 2963 1624 3002 non
1654 2945 1798 3012 veni,

200 3047 304 3087 nec
333 3031 497 3086 etiam
542 3049 640 3104 per
682 3035 1046 3089 reverentiam
1116 3051 1400 3107 persona;
1433 3036 1530 3090 sed
1585 3051 1681 3107 ego
1717 3033 1808 3106 fui

207 3121 360 3192 apud
380 3138 472 3176 vos
491 3122 552 3176 in
581 3123 941 3189 inﬁrmitate,
973 3124 1026 3178 id
1050 3133 1132 3179 est
1161 3125 1215 3179 in
1234 3125 1402 3180 multa
1433 3124 1801 3189 tribulatione,

205 3218 259 3264 et
288 3218 512 3281 propter
540 3212 681 3266 hanc
724 3211 1089 3269 inﬁrmitatem
1145 3213 1220 3268 fui
1253 3217 1314 3270 in
1373 3216 1574 3270 timore
1622 3214 1721 3269 Dei
1751 3221 1804 3269 et

205 3303 448 3355 tremore
497 3300 764 3371 corporis.
821 3303 889 3356 Et
965 3303 1089 3358 licet
1135 3304 1253 3359 haec
1331 3305 1515 3359 omnia
1561 3311 1800 3375 paterer,

203 3395 390 3443 tamen
417 3405 596 3446 sermo
634 3406 794 3446 meus
842 3408 1003 3463 quem
1061 3393 1330 3447 habebam
1374 3394 1430 3447 in
1459 3393 1706 3464 privatis,
1749 3397 1805 3449 et

198 3478 532 3551 pradicatio
561 3495 687 3534 mea
708 3479 763 3533 in
791 3480 1012 3550 publico
1042 3482 1229 3536 habita
1255 3500 1372 3538 non
1418 3485 1537 3554 fuit
1591 3485 1654 3537 in
1685 3499 1807 3555 per-

201 3568 563 3623 suasibilibus
590 3569 768 3623 verbis
799 3569 1066 3626 humana
1109 3573 1442 3644 sapientia,
1486 3572 1541 3626 id
1567 3580 1648 3627 est
1697 3587 1807 3627 non

203 3663 416 3710 tantum
446 3657 628 3711 studui
656 3659 902 3728 apposite
931 3658 1078 3730 loqui
1107 3661 1173 3715 ad
1205 3661 1644 3731 persuadendum
1670 3680 1686 3728 ;
1709 3659 1807 3716 sed

205 3743 305 3799 fuit
333 3746 649 3816 pradicatio
676 3763 800 3802 mea
827 3749 890 3803 in
920 3751 1237 3806 ostensione
1269 3751 1526 3822 spiritus,
1561 3751 1616 3805 id
1648 3758 1730 3805 est
1749 3757 1808 3804 ut

207 3834 441 3904 Spiritus
470 3843 691 3890 sanctus
723 3838 1175 3908 comprobaretur
1204 3839 1352 3911 loqui
1381 3857 1482 3911 per
1510 3856 1615 3895 me.
1651 3843 1720 3896 Et
1751 3839 1806 3893 in

204 3924 517 3978 ostensione
549 3926 802 3992 virtutis,
836 3926 985 3981 idest
1006 3927 1388 3983 miraculorum
1434 3928 1534 3984 Dei
1567 3947 1580 3983 :
1609 3937 1662 3984 et
1683 3928 1808 3983 ideo

206 4011 264 4065 in
296 4012 486 4082 spiritu
508 4021 561 4068 et
586 4013 782 4069 virtute
807 4015 905 4070 Dei
927 4015 1124 4082 solum,
1149 4022 1214 4073 ut
1243 4018 1378 4086 ﬁdes
1401 4022 1608 4084 vestra,
1642 4033 1806 4090 quam

207 4101 366 4156 vobis
395 4101 710 4168 ministravi,
737 4121 852 4160 non
884 4107 957 4160 sit
989 4106 1052 4160 in
1073 4107 1358 4179 sapientia
1380 4107 1692 4174 hominum,
1710 4107 1808 4162 sed

205 4198 419 4246 constet
439 4193 501 4246 in
522 4193 732 4248 virtute
763 4194 878 4249 Dei.
913 4194 980 4249 Et
1008 4193 1134 4251 licet
1161 4196 1296 4250 nihil
1337 4213 1425 4252 me
1449 4197 1808 4267 judicaverim

208 4280 355 4336 scire
388 4280 530 4351 apud
553 4296 672 4348 vos,
706 4289 885 4338 tamen
905 4299 1006 4338 nos
1022 4285 1368 4357 sapientiam
1389 4287 1690 4359 loquimur,
1709 4286 1808 4341 sed

208 4370 368 4424 inter
393 4373 690 4442 perfectos,
716 4371 870 4427 vobis
901 4382 1081 4428 autem
1113 4374 1241 4445 quia
1269 4375 1574 4446 imperfecti
1620 4376 1804 4443 eratis,

204 4457 361 4529 loqui
390 4475 497 4514 non
519 4459 685 4530 potui.
710 4460 819 4515 Sed
840 4460 963 4517 licet
980 4479 1088 4518 non
1118 4463 1469 4535 loqueremur
1487 4481 1606 4520 eam
1629 4465 1804 4532 vobis,

211 4555 399 4602 tamen
425 4547 686 4604 habemus
717 4551 1062 4621 sapientiam,
1093 4569 1195 4608 nec
1242 4554 1520 4610 carnalem
1561 4555 1658 4610 sed
1689 4554 1808 4626 Spi-

1901 1956 2308 2013 cruciﬁxionem
2342 1958 2546 2014 scirent
2576 1975 2699 2014 esse
2729 1961 3033 2016 Dominum
3075 1962 3286 2032 gloria.
3323 1961 3377 2018 Si
3401 1978 3500 2019 co-

1900 2047 2242 2119 gnovissent,
2289 2063 2399 2103 non
2439 2047 2854 2104 cruciﬁxissent.
2901 2049 3009 2105 Sed
3063 2066 3173 2106 non
3216 2067 3499 2124 cognove-

1899 2145 2044 2205 runt,
2096 2137 2234 2193 sicut
2281 2138 2546 2208 scriptum
2603 2147 2686 2193 est
2730 2139 2785 2192 in
2845 2139 3006 2196 Isaia.
3069 2141 3202 2208 Hoc,
3253 2141 3498 2214 inquam,

1902 2227 2169 2298 scriptum
2199 2235 2302 2294 est,
2340 2229 2481 2299 quod
2511 2229 2708 2285 oculus
2730 2246 2846 2284 non
2875 2229 3018 2285 vidit
3037 2230 3188 2301 (Isai.
3231 2245 3385 2299 LXIV,
3418 2234 3497 2303 4).

1901 2316 2034 2370 Illud
2095 2317 2240 2388 quod
2296 2317 2365 2372 de
2414 2317 2596 2372 littera
2653 2317 2802 2373 Pauli
2836 2326 2938 2386 est,
2974 2326 3028 2374 et
3057 2336 3166 2375 non
3216 2321 3369 2376 Isaia
3425 2321 3505 2377 sic

1902 2405 2133 2461 dicentis
2168 2424 2181 2460 :
2219 2407 2444 2475 Oculus,
2468 2406 2524 2461 id
2555 2414 2637 2462 est
2667 2409 2937 2463 sensualis
2957 2410 3141 2476 homo,
3175 2427 3283 2465 non
3313 2427 3413 2482 per
3442 2427 3502 2467 se

1902 2495 2074 2562 vidit;
2109 2499 2164 2551 et
2193 2497 2370 2562 auris,
2404 2495 2458 2550 id
2488 2503 2571 2551 est
2620 2495 2761 2551 idem
2795 2498 3063 2553 sensualis
3109 2499 3255 2571 quod
3295 2517 3393 2572 per
3440 2517 3501 2556 se

1900 2583 2207 2657 intelligere
2239 2600 2348 2639 non
2384 2585 2576 2656 potuit,
2612 2586 2682 2639 ab
2699 2585 2807 2641 alio
2837 2587 3066 2643 docente
3095 2605 3212 2644 non
3242 2590 3503 2658 audivit;

1903 2690 2007 2730 nec
2036 2674 2209 2728 etiam
2227 2674 2290 2728 in
2319 2690 2433 2738 cor,
2459 2673 2512 2727 id
2543 2681 2624 2729 est
2656 2675 2709 2728 in
2740 2675 2915 2746 ipsam
2947 2676 3212 2733 rationem
3243 2679 3498 2750 hominis,

1903 2762 1955 2816 id
1989 2770 2071 2816 est
2098 2762 2406 2817 humaniter
2459 2763 2737 2834 sapientis,
2771 2766 3028 2820 ascendit
3059 2786 3076 2827 :
3108 2767 3232 2838 quia
3253 2767 3299 2821 si
3338 2769 3502 2825 homo

1903 2851 2249 2922 intelligeret,
2284 2860 2412 2907 tunc
2468 2853 2651 2924 utique
2709 2854 2855 2925 quod
2901 2869 3010 2909 non
3039 2855 3351 2930 intelligens
3399 2858 3505 2914 vile

1904 2941 2097 3007 credit,
2133 2941 2458 2996 ascenderet
2501 2941 2556 2995 in
2587 2958 2672 3004 eo,
2697 2950 2748 2997 et
2776 2959 3039 3016 magnum
3071 2961 3193 3001 esse
3233 2947 3501 3004 crederet.

1905 3031 2054 3095 Hac,
2108 3030 2348 3101 inquam,
2412 3047 2514 3086 nec
2569 3031 2704 3086 vidit
2760 3048 2863 3088 nec
2884 3033 3087 3087 audivit
3145 3052 3285 3107 qua,
3312 3036 3368 3090 id
3424 3044 3506 3092 est

1906 3124 2122 3193 quanta
2149 3127 2202 3174 et
2232 3135 2395 3191 quam
2408 3120 2576 3192 digna
2593 3121 2736 3176 Deus
2755 3124 3099 3194 praeparavit
3133 3123 3220 3179 his
3250 3127 3348 3198 qui
3376 3126 3507 3182 dili-

1905 3212 2048 3281 gunt
2080 3225 2229 3264 eum.
2265 3209 2364 3264 Vel
2394 3209 2527 3264 illud
2560 3210 2706 3281 quod
2761 3227 2962 3266 nomen
2992 3228 3114 3268 esse
3170 3212 3381 3286 legatur
3402 3215 3500 3271 sic.

1911 3299 2180 3369 Scriptum
2209 3306 2291 3353 est
2330 3298 2437 3365 hic,
2474 3298 2602 3370 quia
2630 3299 2761 3354 illud
2791 3300 2935 3371 quod
2965 3304 3162 3358 oculus
3194 3320 3308 3360 non
3339 3305 3501 3372 vidit,

1909 3396 1960 3442 et
1989 3395 2186 3443 catera
2219 3405 2232 3442 :
2267 3395 2348 3442 est
2365 3387 2456 3442 illa
2486 3405 2608 3460 qua
2650 3391 2995 3461 prapara-vit
3025 3392 3173 3448 Deus
3207 3392 3509 3464 diligenti-

1907 3477 2007 3532 bus
2038 3494 2115 3533 se.
2151 3479 2217 3531 Et
2247 3485 2330 3532 est
2361 3477 2494 3531 satis
2534 3478 2674 3532 bona
2709 3478 2917 3534 relatio.

1981 3566 2197 3622 Diceret
2214 3566 2412 3638 aliquis
2433 3581 2444 3619 :
2468 3566 2524 3622 Si
2545 3567 2601 3620 in
2621 3583 2712 3622 cor
2733 3567 2968 3623 hominis
2985 3569 3090 3626 hoc
3109 3586 3220 3626 non
3235 3573 3504 3641 ascendit,

1910 3656 2186 3726 quomodo
2217 3671 2348 3726 ergo
2379 3663 2434 3710 tu
2465 3655 2644 3711 nosti?
2671 3657 2754 3711 Ad
2775 3657 2879 3713 hoc
2910 3658 3109 3713 Paulus
3136 3675 3147 3713 :
3181 3661 3357 3716 Nemo
3396 3663 3512 3734 qui-

1909 3745 2034 3800 dem
2048 3746 2208 3815 hujus
2226 3745 2410 3800 saculi
2431 3745 2705 3817 cognovit;
2720 3747 2816 3802 sed
2839 3747 2994 3803 nobis
3013 3749 3105 3820 qui
3120 3750 3233 3818 jam
3246 3752 3509 3806 mundum

1910 3835 2177 3901 exuimus,
2212 3836 2484 3891 revelavit
2522 3837 2627 3891 hoc
2673 3837 2818 3892 Deus
2857 3854 2959 3909 per
2998 3839 3280 3910 Spiritum
3315 3858 3506 3898 suum.

1911 3925 2143 3995 Spiritus
2174 3925 2319 3980 enim
2337 3925 2435 3980 Dei
2457 3924 2660 3995 docuit,
2681 3925 2737 3979 in
2753 3941 2861 3998 quo
2882 3927 3117 3982 humana
3129 3929 3392 4000 sapientia
3413 3949 3512 4004 pe-

1907 4013 2053 4068 nitus
2075 4012 2274 4069 deﬁcit.
2297 4015 2638 4069 Credendum
2660 4023 2742 4069 est
2761 4015 2948 4087 utique
2965 4017 3111 4088 quod
3130 4035 3229 4088 per
3250 4020 3514 4091 Spiritum

1912 4102 2070 4159 93
2089 4119 2246 4158 suum
2261 4103 2581 4159 revelaverit
2598 4103 2756 4160 nobis
2776 4105 2922 4160 Deus
2945 4121 2958 4159 :
2984 4107 3124 4161 Nam
3146 4108 3396 4181 Spiritus
3408 4113 3510 4168 Dei

1911 4197 2207 4249 scrutatur
2237 4194 2449 4259 omnia,
2483 4209 2593 4248 non
2640 4193 2785 4266 quod
2805 4193 2924 4264 ipse
2960 4195 3205 4267 ignotum
3255 4198 3384 4269 quid
3404 4201 3511 4256 ha-

1909 4282 2055 4348 beat,
2090 4298 2258 4354 quare
2287 4299 2413 4337 eum
2443 4283 2678 4338 scrutari
2725 4292 2990 4354 oporteat,
3025 4285 3123 4340 sed
3165 4287 3292 4358 quia
3340 4291 3516 4360 aperit

1910 4371 2071 4425 nobis
2100 4371 2283 4426 omnia
2311 4387 2432 4442 qua
2479 4371 2716 4427 maximo
2773 4373 3036 4429 scrutinio
3100 4384 3224 4430 sunt
3281 4377 3508 4435 investi-

1911 4460 2116 4531 ganda.
2147 4460 2338 4532 Aperit
2369 4460 2532 4515 etiam
2552 4460 2710 4515 nobis
2750 4463 3039 4533 pro/unda
3089 4465 3206 4531 Dei,
3229 4465 3293 4529 id
3323 4475 3402 4521 est
3432 4469 3516 4524 al-

1910 4549 2053 4606 tiora
2074 4558 2127 4604 et
2158 4549 2451 4606 occultiora
2495 4549 2749 4605 essentia
2793 4551 2914 4618 Dei,
2945 4559 3002 4606 ut
3048 4552 3181 4608 illud
3234 4557 3511 4626 quomodo

208 4636 482 4705 ritualem,
519 4655 638 4710 qua
667 4638 830 4712 longe
852 4640 1069 4712 dignior
1096 4650 1179 4697 est
1199 4643 1408 4698 carnali
1437 4644 1524 4699 cui
1555 4644 1808 4699 adbare-
1839 4638 1892 4697 D
1914 4638 2145 4694 Trinitas
2197 4639 2251 4693 in
2307 4639 2533 4706 unitate,
2593 4639 2774 4694 unitas
2801 4639 2857 4694 in
2921 4640 3180 4697 Trinitate
3237 4655 3458 4702 maneat
3492 4663 3504 4702 :

209 4725 309 4780 tis.
352 4725 511 4795 Quod
542 4727 620 4784 sic
642 4729 1117 4798 ait:Sapientiam
1149 4732 1372 4804 quidem
1403 4733 1689 4798 habemus,
1711 4733 1811 4788 sed

209 4832 330 4872 non
361 4831 482 4871 eam
531 4833 650 4888 qua
691 4817 758 4872 sit
792 4819 961 4888 hujus
990 4822 1205 4887 saculi,
1265 4820 1320 4876 id
1350 4829 1431 4876 est
1484 4822 1807 4878 carnalium.

210 4905 398 4978 Neque
428 4905 590 4960 etiam
623 4923 740 4962 eam
772 4924 895 4979 qua
925 4908 992 4963 sit
1019 4911 1346 4983 principum
1378 4911 1547 4983 hujus
1591 4913 1807 4977 saculi,

211 4993 271 5048 id
300 5003 382 5049 est
403 4995 489 5050 vel
509 4995 979 5067 philosophorum,
1005 4998 1090 5053 vel
1113 4999 1480 5072 malignorum
1502 5001 1808 5073 spirituum,

214 5085 309 5156 qui
352 5085 727 5156 principantur
778 5086 1088 5142 hominibus
1140 5089 1349 5157 mundi,
1392 5091 1487 5162 qui
1534 5091 1813 5162 principes

215 5173 614 5240 destruantur,
639 5182 693 5229 et
721 5176 1020 5230 secundum
1078 5177 1378 5233 doctrinam
1402 5187 1455 5234 et
1513 5181 1812 5236 secundum

214 5263 320 5319 hoc
351 5264 494 5335 quod
514 5272 738 5335 propter
769 5263 959 5320 falsam
980 5266 1284 5322 doctrinam
1341 5268 1687 5324 damnantur.
1710 5269 1813 5325 Sa-

214 5353 474 5424 pientiam
503 5354 664 5423 hujus
697 5353 882 5409 saculi
911 5371 1019 5410 non
1057 5355 1347 5429 loquimur,
1379 5358 1475 5413 sed
1532 5360 1818 5431 loquimur

217 5443 563 5515 sapientiam
586 5443 707 5508 Dei,
723 5443 1042 5499 existentem
1073 5446 1135 5500 in
1155 5449 1441 5518 mysterio.
1485 5447 1815 5518 Sapientiam

215 5532 316 5587 Dei
345 5534 430 5590 hic
463 5542 620 5591 vocat
641 5531 775 5587 illud
797 5533 1100 5601 consilium,
1125 5551 1234 5607 quo
1254 5536 1400 5591 Deus
1420 5552 1522 5608 per
1559 5537 1818 5593 incarna-

210 5622 407 5678 tionem
431 5624 546 5680 Filii
569 5625 868 5678 humanum
910 5640 1085 5695 genus
1133 5624 1346 5680 salvare
1393 5625 1679 5698 disposuit.
1729 5627 1823 5682 Sa-

211 5710 463 5783 pientiam
484 5715 626 5771 hanc
646 5710 1194 5782 loquimurlatentem
1215 5714 1505 5786 mysterio;
1525 5732 1625 5771 nec
1647 5715 1740 5785 ita,
1764 5724 1824 5770 ut

213 5803 514 5878 quicunque
540 5801 770 5879 possint
799 5816 919 5856 eam
941 5801 1396 5877 animadvertere,
1420 5813 1477 5860 ut
1505 5805 1824 5876 mysterium

1914 4728 2108 4800 probat
2136 4729 2282 4801 quod
2313 4728 2446 4783 dixit
2477 4745 2509 4782 a
2537 4728 2737 4784 minori
2761 4737 2814 4784 et
2842 4745 2872 4782 a
2903 4729 3064 4784 simili
3086 4731 3159 4786 ita
3183 4732 3355 4790 :Vere
3385 4736 3514 4808 Spi-

1916 4819 2052 4873 ritus
2081 4819 2180 4874 Dei
2211 4826 2414 4872 tantum
2437 4817 2668 4874 scrutari
2716 4826 2895 4890 potest
2924 4835 2986 4874 ea
3035 4837 3156 4892 qua
3199 4831 3322 4877 sunt
3379 4825 3504 4882 Dei.

1913 4909 2056 4963 Nam
2086 4909 2328 4980 spiritus
2358 4909 2604 4965 hominis
2624 4916 2832 4963 tantum
2863 4911 3019 4965 novit
3051 4927 3118 4966 ea
3147 4929 3268 4985 qua
3310 4914 3372 4969 in
3393 4915 3514 4988 ipso

1926 4999 2151 5054 homine
2179 5002 2356 5066 sunt;
2389 5006 2441 5052 et
2474 4998 2518 5052 si
2549 4998 2698 5053 solus
2754 4998 2978 5070 spiritus
3007 5001 3244 5056 hominis
3273 5004 3424 5060 novit
3451 5021 3520 5062 ea

1918 5104 2041 5158 qua
2070 5095 2191 5142 sunt
2221 5088 2337 5156 ejus
2358 5087 2612 5153 hominis,
2646 5103 2748 5160 per
2793 5088 2969 5144 simile
3013 5098 3066 5145 et
3093 5106 3124 5144 a
3152 5092 3348 5161 majori
3379 5109 3517 5150 con-

1918 5185 2039 5242 stat,
2076 5176 2224 5248 quod
2253 5177 2481 5248 Spiritus
2510 5177 2610 5232 Dei
2639 5177 2786 5232 solus
2822 5187 3095 5234 scrutetur
3123 5197 3185 5236 ea
3215 5198 3336 5254 qua
3392 5193 3519 5240 sunt

1918 5265 2039 5321 Dei.
2061 5265 2218 5334 Quod
2244 5267 2321 5321 sic
2350 5267 2424 5320 ait
2456 5284 2469 5320 :
2505 5266 2756 5338 Spiritus,
2806 5266 3050 5340 inquam,
3091 5278 3366 5326 scrutatur
3383 5289 3518 5344 pro-

1920 5355 2086 5410 funda
2116 5355 2234 5411 Dei.
2271 5356 2411 5410 Nam
2430 5355 2552 5428 quis
2580 5356 2861 5411 hominum
2891 5357 2994 5413 scit
3024 5373 3090 5413 ea
3118 5376 3240 5430 qua
3269 5368 3393 5415 sunt
3413 5363 3519 5418 ho-

1921 5444 2083 5498 minis
2110 5444 2350 5511 alterius,
2377 5444 2728 5515 nisiispiritus
2761 5445 3006 5515 ejusdem
3037 5447 3272 5503 hominis
3304 5450 3398 5522 qui
3436 5460 3519 5508 est

1921 5535 1977 5588 in
1995 5535 2113 5604 ipso
2141 5534 2168 5588 ?
2186 5534 2362 5589 Nemo
2382 5534 2584 5606 utique.
2602 5535 3117 5607 thuandoquidem
3135 5552 3298 5593 nemo
3308 5555 3522 5612 cogno-

1924 5624 2024 5680 scit
2043 5641 2164 5696 qua
2184 5633 2309 5679 sunt
2329 5623 2584 5689 hominis,
2609 5624 2712 5678 nisi
2733 5624 2954 5695 spiritus
2976 5625 3220 5695 ejusdem
3236 5646 3251 5694 ;
3266 5627 3340 5682 ita
3360 5629 3524 5684 simili

1926 5713 2154 5780 ratione,
2179 5721 2232 5770 et
2253 5730 2317 5770 ea
2339 5731 2460 5787 qua
2482 5715 2581 5769 Dei
2612 5717 2773 5779 sunt,
2798 5730 2961 5771 nemo
2988 5717 3243 5787 cognovit
3266 5719 3386 5772 nisi
3405 5719 3525 5790 Spip

1934 5803 2086 5858 ritus
2096 5803 2217 5871 Dei,
2232 5802 2323 5874 qui
2351 5801 2511 5858 nobis
2528 5801 2793 5858 revelavit
2818 5801 3144 5873 sapientiam
3156 5803 3276 5858 Dei.
3296 5803 3527 5861 Dixerat
