3948 6422
485 351 587 405 135

1038 352 1095 408 S.
1136 351 1488 410 BRUNONIS
1525 352 2176 413 CARTHUSIANORUM
2214 355 2703 420 INSTITUTORIS
2742 361 2894 420 OPP.
2937 364 3113 423 PARS
3152 366 3218 423 II.

3682 373 3795 426 136

484 473 889 567 quidemDeum
908 476 1184 534 revelasse
1202 478 1305 535 sibi
1317 497 1417 551 per
1435 480 1829 552 Spiritum;sed
1851 482 2087 538 nondum
2111 483 2161 544 Α
2198 503 2218 533 ι
2255 491 2367 540 tum
2411 486 2579 544 dedit.
2619 488 2807 561 Itaque
2848 507 3026 563 neque
3057 490 3149 563 qui
3178 492 3383 563 plantat
3430 500 3513 549 est
3545 493 3787 567 aliquid,

482 563 693 619 dixerat
720 581 816 620 eos
846 567 1127 638 accepisse
1152 568 1411 640 Spiritum
1434 570 1602 638 illum,
1638 570 1707 625 de
1730 588 1837 643 quo
1859 572 2086 641 subjun-

488 652 567 725 git
605 652 812 710 :Nobis
845 672 953 711 non
983 664 1190 712 tantum
1223 658 1485 714 revelavit
1518 676 1619 731 per
1658 660 1909 731 Spiritum
1934 678 2091 715 suum

486 741 658 808 Deus,
693 743 788 797 sed
820 744 979 799 etiam
1004 764 1104 803 nos
1133 749 1452 819 accepimus
1487 749 1749 820 spiritum
1772 768 1884 806 non
1917 749 2086 821 hujus

485 830 705 897 mundi,
729 832 826 888 sed
846 834 1125 907 Spiritum
1147 838 1241 908 qui
1262 841 1345 892 est
1368 854 1442 892 ex
1463 838 1590 903 Deo,
1616 842 1680 893 ut
1702 855 1799 909 per
1820 855 1943 893 eum
1965 838 2084 909 Spi-

483 921 645 976 ritum
675 923 922 979 sciamus
935 924 1197 995 mysteria
1211 925 1329 991 Dei,
1354 943 1475 999 quw
1509 943 1607 997 per
1624 927 1855 1000 gratiam
1876 927 2086 983 donata

482 1015 621 1067 sunt
646 1012 804 1067 nobis
836 1029 871 1067 a
901 1013 1031 1082 Deo,
1080 1030 1202 1086 qua:
1232 1014 1391 1069 etiam
1426 1016 1707 1087 loquimur
1736 1024 1788 1072 et
1818 1016 2085 1071 manifes-

481 1109 678 1169 tamus,
717 1117 835 1155 non
866 1101 928 1156 in
960 1102 1135 1158 doctis
1164 1104 1339 1159 verbis
1366 1104 1632 1159 humante
1662 1106 2083 1177 sapientirehaa-

482 1183 656 1240 rendo
682 1203 697 1250 ;
725 1182 824 1239 sed
841 1183 1116 1255 loquimur
1136 1186 1251 1241 haec
1274 1187 1334 1241 in
1353 1187 1611 1242 doctrina
1632 1188 1901 1260 Spiritus,
1926 1189 1981 1244 id
2002 1197 2082 1244 est

482 1272 789 1329 secundum
819 1272 965 1344 quod
987 1272 1153 1330 dictat
1174 1273 1399 1345 Spiritus
1432 1284 1667 1342 sanctus,
1686 1284 1737 1332 et
1767 1277 1928 1333 docet
1946 1294 2072 1332 nos.

480 1362 596 1418 Nec
627 1361 1041 1435 quibuscunque
1058 1363 1332 1434 loquimur
1361 1364 1478 1420 hec
1525 1365 1802 1436 mysteria,
1838 1366 1934 1421 sed
1955 1374 2080 1421 tan-

481 1452 595 1500 tum
615 1447 1028 1519 spiritualibus,
1053 1464 1153 1502 nos
1171 1447 1292 1504 dico
1310 1454 1719 1521 comparantes,
1746 1450 1800 1504 id
1822 1458 1904 1505 est
1923 1467 2080 1522 aequo

481 1534 730 1590 examine
752 1535 1076 1591 trutinantes
1100 1538 1426 1609 spiritualia
1445 1538 1817 1609 spiritualibus
1841 1558 1855 1606 ;
1889 1540 2014 1611 quia
2034 1541 2081 1595 si

482 1623 820 1696 spiritualem
848 1625 1150 1681 auditorem
1181 1626 1464 1692 habemus,
1516 1626 1816 1698 spiritualia
1845 1628 1947 1699 ipsi
1977 1630 2078 1683 da-

481 1730 641 1781 mus;
675 1714 721 1769 si
741 1713 1041 1781 carnalem,
1076 1714 1396 1771 reticemus.
1437 1716 1747 1787 Spiritualis
1777 1716 2079 1787 spiritualia

481 1801 744 1874 percipit;
778 1802 873 1857 sed
903 1803 1068 1858 homo
1122 1806 1392 1860 animalis
1446 1803 1538 1876 qui
1585 1805 1933 1861 sensualitate
1963 1806 2077 1861 sola

483 1891 649 1964 viget,
683 1899 741 1945 ut
770 1890 915 1946 aliud
946 1890 1164 1958 animal,
1222 1908 1330 1948 non
1378 1892 1609 1958 ratione,
1671 1894 1778 1963 hic,
1838 1893 2073 1965 inquam,

483 1996 597 2036 non
616 1981 860 2053 percipit
881 1997 947 2036 ea
964 1998 1085 2054 quae
1105 1985 1241 2036 sunt
1263 1982 1506 2054 Spiritus
1522 1983 1637 2038 Dei.
1658 1983 1949 2054 Propterea
1969 2000 2076 2038 non

481 2067 729 2140 percipit,
764 2070 894 2142 quia
917 2070 1171 2125 stultitia
1193 2074 1278 2125 est
1313 2071 1424 2136 illi,
1458 2070 1512 2124 id
1543 2078 1620 2124 est
1642 2071 1769 2142 quia
1800 2072 1944 2143 quod
1968 2072 2078 2143 spi-

482 2158 618 2214 ritus
647 2156 805 2214 docet
826 2157 1049 2213 stultum
1081 2166 1290 2229 reputat
1334 2158 1621 2214 adhaarens
1666 2160 1999 2226 carnalitati;
2024 2168 2077 2217 et

482 2247 609 2319 quia
640 2246 862 2301 stultitia
897 2255 980 2302 est
1009 2246 1102 2316 illi,
1127 2246 1250 2302 ideo
1268 2265 1381 2305 non
1394 2252 1584 2319 potest
1607 2250 1925 2321 intelligere
1955 2267 2077 2321 quae

479 2343 604 2391 sunt
634 2335 864 2407 Spiritus
892 2336 1018 2391 Dei.
1058 2336 1320 2391 Animalis
1358 2336 1541 2409 utique
1572 2353 1679 2393 non
1703 2346 1882 2409 potest
1911 2338 2074 2393 intel-

479 2424 674 2496 ligere,
699 2426 832 2497 quia
855 2427 1246 2493 examinatur,
1272 2425 1326 2480 id
1348 2434 1431 2480 est
1453 2426 1844 2497 comprobatur
1863 2427 2073 2481 anima-

477 2512 601 2568 litas
630 2513 765 2582 ejus,
799 2521 851 2568 et
880 2514 947 2569 de
979 2513 1256 2585 impietate
1287 2530 1382 2568 sua
1403 2514 1741 2569 convincitur
1756 2516 2075 2588 spirituali-

481 2605 587 2669 ter,
621 2601 673 2656 id
704 2610 784 2657 est
806 2618 905 2674 per
934 2601 1233 2673 spiritualia
1264 2602 1353 2656 illa
1385 2618 1505 2675 quae
1538 2602 1641 2674 ipsi
1663 2603 2063 2659 conceduntur.

475 2691 624 2746 Deus
654 2690 799 2746 enim
829 2690 1151 2762 quibusdam
1180 2690 1273 2745 dat
1323 2691 1587 2763 quasdam
1633 2692 1857 2765 gratias,
1893 2692 2073 2748 sciens

478 2796 573 2836 eos
603 2796 704 2852 pro
734 2787 881 2835 certo
903 2779 1091 2851 gratia:
1117 2796 1224 2835 non
1258 2789 1645 2851 cooperaturos
1679 2799 1692 2847 ;
1728 2781 1823 2836 sed
1853 2782 1957 2837 hoc
1988 2780 2072 2835 fa—

479 2868 551 2925 cit
578 2876 637 2924 ut
664 2867 954 2923 manifesta
983 2867 1051 2923 sit
1080 2868 1370 2939 impiorum
1411 2870 1557 2938 justa
1614 2869 1910 2924 damnatio.
1972 2868 2072 2926 Vel

475 2956 552 3012 ita
582 2964 641 3011 ut
677 2956 1044 3028 impersonale
1092 2957 1180 3025 sit,
1229 2957 1595 3013 examinatur.
1655 2957 1916 3013 Animalis
1947 2957 2071 3013 ideo

476 3046 640 3101 homo
671 3061 780 3101 non
810 3045 1039 3117 percipit
1069 3061 1136 3101 ea
1164 3062 1285 3118 quae
1314 3054 1437 3101 sunt
1486 3046 1737 3117 Spiritus;
1773 3046 1896 3118 quia
1943 3061 2074 3101 exa-

476 3133 731 3200 minatur,
763 3134 817 3189 id
848 3142 929 3189 est
959 3134 1018 3188 fit
1046 3134 1371 3190 examinatio
1420 3143 1472 3190 et
1500 3135 1797 3205 approbata
1829 3134 2068 3208 cognitio

460 3228 672 3279 eorum
702 3221 1055 3295 spiritualiter
1083 3224 1336 3280 vivendo.
1370 3224 1438 3279 Hi
1468 3232 1646 3279 autem
1664 3223 1755 3296 qui
1784 3223 2074 3279 carnaliter

477 3312 682 3379 vivunt,
719 3311 1025 3384 intelligere
1054 3320 1345 3385 nequeunt.
1378 3311 1641 3368 Animalis
1670 3327 1779 3368 non
1800 3312 2029 3383 percipit
2054 3330 2068 3377 ;

477 3401 575 3457 sed
602 3402 922 3473 spiritualis
942 3402 1171 3473 judicat
1220 3404 1430 3467 omnia,
1464 3401 1519 3456 id
1551 3410 1633 3456 est
1678 3400 1935 3457 discernit
1966 3400 2069 3456 eli-

473 3490 655 3563 gendo
687 3490 844 3558 bona,
878 3490 1227 3562 reprobando
1274 3489 1444 3545 mala.
1510 3492 1578 3545 Et
1603 3492 1721 3563 ipse
1777 3489 2070 3561 spiritualis

463 3580 764 3651 judicatur
806 3597 841 3635 a
872 3581 1100 3635 nemine
1149 3578 1387 3634 animali.
1422 3578 1669 3634 Carnalis
1700 3579 1846 3634 enim
1884 3579 2070 3650 nequit

472 3668 907 3724 animadvertere
938 3683 1179 3733 causam,
1213 3683 1384 3739 quare
1431 3667 1723 3739 spiritualis
1754 3668 1857 3723 hoc
1879 3667 2065 3739 eligat,

473 3756 703 3812 alterum
759 3756 982 3825 rejiciat.
1044 3758 1185 3812 Vere
1234 3756 1532 3827 spiritualis
1577 3772 1685 3811 non
1736 3756 2007 3825 judicatur
2035 3772 2069 3812 a

474 3844 701 3901 carnali.
756 3845 895 3899 Nam
967 3843 1263 3915 spiritualis
1337 3844 1497 3900 habet
1563 3861 1784 3899 sensum
1843 3844 2063 3911 Christi,

476 3950 637 4005 quem
686 3932 917 3988 carnalis
954 3948 1287 4005 cognoscere
1340 3933 1543 4005 nequit.
1607 3932 1766 4002 Quod
1815 3933 1890 3988 ita
1945 3933 2063 3988 ait:

480 4023 611 4090 Quis
633 4020 881 4076 animalis
928 4024 1183 4093 cognovit
1226 4039 1473 4089 sensum,
1509 4022 1562 4077 id
1602 4031 1682 4077 est
1742 4022 2066 4093 sapientiam

472 4111 715 4180 Domini,
763 4117 821 4165 ut
862 4110 1073 4166 noverit
1103 4110 1487 4182 dispositiones
1518 4111 1653 4181 ejus.
1696 4117 1796 4169 Aut
1830 4115 1954 4185 quis
1978 4115 2067 4168 in-

474 4203 664 4255 struat
684 4215 814 4255 eum
848 4199 977 4272 quid
1009 4198 1315 4255 faciendum
1336 4200 1437 4270 ipsi
1469 4200 1553 4267 sit,
1578 4200 1706 4271 quid
1728 4216 1835 4256 non
1857 4200 2065 4257 facien-

473 4287 643 4343 dum?
670 4286 932 4343 Animalis
962 4286 1146 4360 utique
1177 4304 1398 4343 sensum
1419 4289 1635 4343 Domini
1657 4306 1766 4345 non
1786 4290 2063 4361 cognovit,

473 4376 571 4432 sed
588 4393 687 4433 nos
699 4393 799 4448 per
820 4377 1063 4449 spiritum
1085 4393 1247 4449 quem
1284 4377 1613 4449 accepimus,
1636 4379 1901 4434 habemus
1940 4394 2068 4433 sen-

472 4482 599 4521 sum
628 4464 872 4535 Christi;
896 4473 948 4522 et
977 4465 1102 4522 ideo
1130 4482 1161 4521 a
1181 4465 1396 4522 nemine
1424 4466 1633 4523 carnali
1665 4482 1955 4538 possumus
1971 4467 2065 4536 ju-

469 4553 639 4610 dicari
652 4597 665 4611 .

1145 4626 1369 4682 CAPUT
1427 4628 1524 4682 III.

444 4730 451 4736 ’
545 4759 568 4790 ι
604 4739 673 4795 Et
703 4755 807 4811 ego
835 4738 1048 4810 fratres,
1072 4755 1181 4795 non
1212 4738 1359 4812 potui
1392 4739 1547 4795 vobis
1583 4738 1730 4811 loqui
1768 4738 1923 4811 quasi
1955 4738 2066 4810 spi-

471 4852 491 4877 α
528 4828 834 4897 ritualibus,
885 4829 984 4884 sed
1041 4828 1198 4901 quasi
1244 4828 1574 4884 carnalibus.
1609 4829 1888 4900 Tanquam
1929 4843 2063 4899 par-

476 4940 497 4964 α
534 4916 676 4973 vulis
708 4916 760 4970 in
786 4916 1021 4984 Christo,
1046 4917 1130 4973 lac
1153 4918 1309 4973 vobis
1328 4925 1516 4989 potum
1561 4916 1706 4984 dedi,
1749 4933 1857 4972 non
1882 4932 2064 4972 escam

477 5022 499 5046 κ
536 4998 790 5054 Nondum
823 5000 965 5055 enim
1009 5001 1306 5071 poteratis,
1361 5000 1458 5055 sed
1505 5015 1607 5056 nec
1652 5016 1795 5055 nunc
1844 5000 2065 5072 quidem

475 5109 497 5138 ι
534 5087 789 5159 potestis.
827 5089 1020 5146 Adhuc
1050 5090 1193 5145 enim
1242 5089 1486 5144 carnales
1534 5088 1689 5143 estis.
1729 5089 1862 5143 Cum
1918 5088 2064 5142 enim

478 5197 500 5227 ι
535 5176 604 5231 sit
663 5176 801 5232 inter
857 5194 955 5234 vos
1004 5178 1152 5234 zelus
1199 5187 1249 5233 et
1281 5176 1574 5243 contentio,
1608 5193 1787 5232 nonne
1818 5176 2063 5232 carnales

478 5290 500 5312 ι-
536 5265 687 5332 estis,
711 5272 763 5321 et
782 5268 1081 5323 secundum
1102 5266 1376 5321 hominem
1398 5265 1688 5321 ambulatis
1708 5266 1735 5319 ?
1763 5266 1896 5321 Cum
1920 5265 2061 5320 enim

442 5348 447 5355 ’
476 5377 497 5402 κ
537 5353 659 5425 quis
687 5354 847 5422 dicat,
877 5356 999 5429 Ego
1030 5355 1251 5426 quidem
1299 5370 1417 5408 sum
1474 5353 1663 5420 Pauli;
1696 5354 1836 5408 alius
1884 5362 2063 5409 autem

480 5463 501 5492 ι
537 5459 643 5515 ego
680 5444 895 5514 Apollo,
930 5459 1110 5498 nonne
1139 5441 1388 5498 homines
1419 5443 1549 5498 estis
1569 5442 1597 5496 εν
1620 5441 1759 5512 Quid
1789 5443 1954 5516 igitur
1982 5450 2065 5497 est

476 5555 497 5579 α
536 5532 732 5603 Apollo
759 5533 787 5589 ?
817 5531 960 5601 Quid
989 5546 1121 5586 vero
1152 5530 1351 5586 Paulus
1372 5533 1401 5587 ?
1421 5530 1645 5586 Ministri
1677 5532 1792 5602 ejus
1821 5532 1909 5588 cui
1939 5548 2063 5588 cre-

476 5642 497 5670 ι
535 5620 775 5676 didistis.
816 5620 883 5674 Et
912 5618 1200 5691 unicuique
1230 5618 1368 5675 sicut
1396 5620 1657 5677 Dominus
1689 5621 1850 5677 94
1881 5620 2055 5675 dedit.

472 5729 495 5759 ι
527 5710 651 5783 Ego
675 5707 937 5781 plantavi,
970 5707 1168 5779 Apollo
1187 5707 1381 5782 rigavit
1413 5728 1426 5765 :
1460 5710 1558 5768 sed
1588 5712 1736 5768 Deus
1765 5710 2066 5767 incremen-

2192 594 2214 624 ι
2246 590 2423 647 neque
2455 577 2546 649 qui
2578 578 2746 649 rigat;
2779 580 2875 634 sed
2905 580 2995 651 qui
3027 580 3421 637 incrementum
3467 583 3583 651 dat,
3607 584 3793 639 Deus.

2189 692 2210 715 α
2247 667 2350 736 Qui
2381 676 2562 723 autem
2591 669 2797 740 plantat
2826 678 2877 725 et
2908 670 3000 742 qui
3032 670 3192 743 rigat,
3226 688 3391 726 unum
3422 681 3566 728 sunt.
3601 674 3801 730 Unus-

2189 779 2211 808 ι
2245 758 2475 829 quisque
2518 767 2692 812 autem
2741 760 3016 829 propriam
3057 761 3365 816 mercedem
3403 762 3655 833 accipiet,
3685 780 3792 819 se-

2189 869 2208 891 α
2246 846 2477 901 cundum
2512 864 2665 901 suum
2715 847 2979 903 laborem.
3012 849 3109 904 Dei
3169 850 3314 904 enim
3347 867 3533 905 sumus
3565 852 3794 922 adjuto-

2188 957 2209 981 ιι
2247 952 2374 1001 res;
2404 935 2502 990 Dei
2543 937 2869 1009 agricultura
2918 938 3077 1004 estis;
3106 934 3111 943 ’
3138 938 3234 995 Dei
3288 939 3577 997 aedificatio
3619 942 3787 997 estis.

2188 1044 2209 1073 α
2246 1024 2552 1079 Secundum
2585 1026 2819 1097 gratiam
2852 1027 2948 1082 Dei
2990 1045 3110 1099 qua:
3140 1028 3268 1083 data
3299 1038 3382 1083 est
3418 1029 3564 1097 mihi,
3603 1038 3661 1085 ut
3684 1046 3789 1085 sa-

2186 1133 2208 1164 ι
2241 1113 2397 1184 piens
2426 1114 2752 1170 architectus
2770 1115 3176 1172 fundamentum
3198 1118 3355 1189 posui
3380 1137 3394 1185 ;
3420 1118 3560 1173 alius
3593 1128 3789 1175 autem

2186 1225 2206 1249 οι
2244 1202 2658 1273 superaediticat.
2720 1205 3098 1277 Unusquisque
3146 1215 3327 1262 autem
3383 1207 3565 1263 videat
3633 1225 3787 1280 quo-

2185 1313 2206 1337 α
2242 1291 2407 1345 modo
2464 1292 2880 1362 supersediticet.
2939 1295 3370 1351 Fundamentum
3420 1296 3563 1351 enim
3620 1297 3785 1353 aliud

2184 1400 2206 1430 ι
2242 1395 2402 1435 nemo
2431 1389 2606 1451 potest
2626 1398 2846 1451 ponere,
2890 1392 3087 1454 praeter
3115 1384 3169 1439 id
3213 1385 3359 1457 quod
3401 1386 3639 1456 positum
3674 1395 3786 1455 est,

2185 1491 2205 1518 «
2227 1470 2373 1540 quod
2402 1479 2484 1525 est
2514 1473 2762 1527 Christus
2791 1474 2970 1528 Jesus.
3021 1473 3075 1528 Si
3106 1474 3226 1545 quis
3257 1482 3437 1529 autem
3467 1476 3788 1546 superadi—

2183 1579 2205 1609 ι
2242 1558 2363 1615 ficat
2393 1576 2559 1631 supra
2603 1560 3007 1618 fundamentum
3051 1563 3173 1630 hoc,
3220 1579 3432 1633 aurem,
3464 1572 3788 1637 argentum,

2180 1674 2202 1697 ι
2234 1648 2441 1720 lapides
2462 1654 2752 1723 pretiosos,
2804 1652 2971 1722 ligna,
3010 1651 3212 1719 fenum,
3256 1652 3525 1723 stipulam,
3577 1653 3790 1707 unius-

2180 1760 2201 1783 ι
2240 1739 2501 1812 cujusque
2531 1758 2666 1813 Opus
2698 1740 3039 1797 manifestum
3070 1740 3187 1795 erit.
3221 1741 3351 1795 Dies
3379 1741 3524 1797 enim
3556 1742 3789 1797 Domini

2106 1845 2159 1906 Β
2185 1848 2205 1873 α
2245 1828 2564 1895 declarabit,
2601 1831 2727 1902 quia
2757 1830 2811 1884 in
2845 1830 2970 1901 igne
3027 1829 3358 1884 revelabitur
3390 1838 3482 1885 :et
3511 1831 3787 1886 uniuscu-

2184 1939 2206 1970 ι
2234 1917 2434 1989 jusque
2480 1934 2617 1989 opus
2664 1918 2822 1991 quale
2872 1919 2959 1984 sit,
3012 1917 3155 1988 ignis
3198 1918 3471 1989 probabit.
3525 1918 3582 1975 Si
3613 1920 3785 1989 cujus

2182 2029 2203 2057 ι
2239 2023 2374 2077 opus
2422 2008 2679 2062 manserit
2726 2007 2871 2079 quod
2925 2006 3395 2078 superazditicavit,
3454 2009 3785 2065 mercedem

2180 2121 2201 2143 α
2240 2096 2488 2167 accipiet.
2523 2097 2579 2151 Si
2609 2096 2759 2165 cujus
2786 2112 2923 2168 opus
2970 2096 3185 2161 arserit,
3239 2096 3623 2152 detrimentum
3663 2114 3783 2169 pa-

2180 2206 2202 2236 ι
2238 2185 2398 2240 tietur
2431 2201 2442 2240 :
2470 2186 2585 2256 ipse
2642 2194 2825 2241 autem
2866 2185 3049 2240 salvus
3082 2184 3202 2252 erit,
3253 2185 3333 2242 sic
3372 2194 3549 2242 tamen
3609 2188 3781 2259 quasi

2179 2296 2201 2324 ι
2236 2291 2333 2345 per
2359 2274 2566 2347 ignem.
2624 2274 2858 2329 Nescitis
2896 2274 3021 2345 quia
3068 2273 3328 2345 templum
3375 2275 3474 2330 Dei
3513 2275 3667 2345 estis,
3720 2286 3783 2332 et

2178 2383 2200 2414 ι
2236 2362 2466 2433 Spiritus
2496 2362 2595 2418 Dei
2627 2362 2829 2417 habitat
2860 2363 2913 2417 in
2942 2362 3097 2418 vobis
3125 2364 3152 2418 Ῥ
3183 2362 3237 2417 Si
3267 2363 3390 2433 quis
3409 2371 3590 2420 autem
3621 2373 3779 2420 tem-

2178 2472 2200 2502 c
2232 2450 2381 2521 plum
2414 2451 2512 2506 Dei
2544 2451 2842 2517 violaverit,
2875 2451 3149 2521 disperdet
3179 2451 3330 2506 illum
3362 2452 3528 2507 Deus.
3566 2476 3588 2501 ε
3613 2453 3780 2508 Tern-

2177 2562 2199 2586 α
2233 2539 2383 2610 plum
2436 2540 2581 2594 enim
2610 2540 2708 2595 Dei
2740 2547 2982 2595 sanctum
3031 2547 3134 2605 est,
3190 2540 3332 2611 quod
3386 2542 3518 2596 estis
3565 2556 3667 2597 vos
3700 2543 3786 2613 (II

2174 2649 2196 2679 ι
2234 2627 2355 2684 Cor.
2387 2643 2464 2695 vr,
2502 2629 2608 2699 16).
2645 2650 2667 2678 ι
2700 2630 2873 2683 Nemo
2905 2645 3002 2683 vos
3032 2628 3273 2683 seducat.
3308 2629 3364 2683 Si
3395 2629 3517 2702 quis
3547 2630 3776 2686 videtur

2176 2737 2198 2768 ι
2234 2716 2375 2771 inter
2404 2733 2499 2772 vos
2522 2716 2741 2788 sapiens
2771 2734 2893 2772 esse
2923 2717 2977 2771 in
2999 2718 3102 2773 hoc
3160 2718 3380 2782 saeculo,
3427 2719 3623 2773 stultus
3673 2719 3777 2776 fiat

2175 2828 2196 2853 ιι
2240 2814 2298 2860 ut
2316 2806 2384 2860 sit
2417 2806 2652 2876 sapiens.
2689 2806 2963 2876 Sapientia
3002 2807 3147 2861 enim
3177 2807 3338 2876 hujus
3386 2807 3572 2862 mundi
3621 2808 3773 2864 stul-

2174 2917 2195 2942 α
2232 2894 2346 2948 titia
2376 2903 2458 2949 est
2487 2894 2629 2965 apud
2652 2895 2845 2950 Deum.
2880 2894 3152 2965 Scriptum
3204 2904 3287 2949 est
3319 2895 3464 2950 enim
3496 2914 3509 2950 :
3544 2920 3564 2942 υ
3594 2896 3775 2952 Com-

2175 3004 2197 3034 c
2233 2984 2570 3053 prehendam
2620 2984 2894 3054 sapientes
2921 2984 2974 3036 in
3033 2983 3229 3038 astutia
3278 2999 3469 3039 eorum
3532 2985 3673 3053 (Job.
3710 3002 3774 3057 v,

2174 3094 2196 3118 ιι
2235 3071 2342 3140 13).
2380 3093 2401 3121 ι
2441 3073 2505 3127 Et
2568 3072 2802 3127 iterum:
2843 3092 2864 3123 ι
2912 3071 3173 3127 Dominus
3220 3072 3368 3127 novit
3399 3072 3773 3144 cogitationes

2172 3180 2195 3212 ι
2231 3159 2571 3230 sapientium,
2596 3160 2845 3233 quoniam
2881 3176 3032 3216 vanae
3062 3169 3185 3215 sunt
3205 3162 3385 3229 (Psal.
3414 3176 3571 3229 xcm,
3598 3163 3712 3231 Η).
3747 3187 3772 3211 ι.

2172 3269 2195 3300 α
2227 3249 2403 3305 Nemo
2432 3249 2609 3321 itaque
2648 3250 2911 3322 glorietur
2939 3249 2994 3304 in
3030 3250 3357 3305 hominibus.
3391 3249 3585 3305 Omnia
3616 3251 3769 3307 enim

2173 3360 2196 3389 ι
2238 3346 2422 3393 vestra
2452 3346 2595 3405 sunt,
2629 3339 2742 3393 sive
2772 3338 2984 3406 Paulus,
3019 3339 3133 3393 sive
3163 3339 3378 3410 Apollo,
3401 3340 3772 3411 siveCephas,

2172 3449 2195 3479 ι
2230 3427 2347 3482 sive
2377 3428 2629 3497 mundus,
2662 3428 2775 3483 sive
2806 3428 2934 3495 vita,
2965 3428 3079 3483 sive
3109 3444 3273 3495 mors,
3300 3428 3414 3483 sive
3444 3430 3769 3499 praesentia,

2172 3539 2194 3564 α
2232 3517 2346 3572 sive
2374 3516 2571 3571 futura.
2606 3515 2801 3572 Omnia
2830 3517 2974 3571 enim
3012 3524 3194 3572 vestra
3238 3524 3363 3572 sunt
3397 3532 3409 3571 :
3442 3533 3540 3573 vos
3582 3527 3773 3574 autem

2172 3627 2194 3656 ι
2231 3605 2469 3673 Christi;
2503 3605 2749 3661 Christus
2779 3613 2958 3661 autem
2986 3605 3105 3661 Dei.
3147 3630 3169 3655 »ι

2805 3744 3099 3786 κχροειτιο
3108 3771 3120 3784 .

2237 3844 2384 3899 Licet
2413 3843 2606 3899 fratres
2632 3843 2935 3914 spirituales
2966 3845 3155 3911 simus,
3179 3845 3319 3901 sicut
3349 3853 3630 3900 ostensum
3650 3855 3765 3915 est,

2167 3939 2221 3987 et
2250 3931 2541 4002 spiritualia
2570 3931 2884 3997 doceamus,
2910 3940 3092 3987 tamen
3113 3949 3228 4001 ego,
3261 3934 3491 4003 fratres,
3517 3950 3634 3988 non
3664 3952 3766 4006 po-

2170 4021 2258 4075 tui
2287 4021 2433 4076 vobis
2466 4021 2615 4092 loqui
2644 4021 3231 4093 quasispiritualibus,
3253 4021 3349 4077 sed
3370 4022 3530 4093 quasi
3546 4038 3772 4079 carna-

2169 4109 2311 4165 libus
2341 4108 2553 4164 locutus
2584 4125 2737 4163 sum:
2772 4117 2824 4164 et
2845 4110 2971 4180 quia
3001 4110 3243 4165 carnales
3262 4111 3443 4176 eratis,
3470 4109 3599 4165 dedi
3616 4113 3774 4168 vobis

2169 4201 2439 4270 tanquam
2470 4199 2721 4268 parvulis
2750 4200 2813 4253 in
2843 4197 3079 4264 Christo,
3116 4198 3169 4252 id
3199 4207 3279 4253 est
3321 4198 3525 4253 teneris
3557 4198 3613 4253 in
3652 4198 3770 4257 fide

2168 4292 2365 4347 Christi
2396 4294 2482 4348 lac
2495 4297 2712 4365 potum.
2740 4294 2842 4348 Per
2861 4292 2942 4349 lac
2971 4292 3238 4366 significat
3266 4294 3612 4349 dulcedinem
3631 4295 3772 4351 doc-

2167 4380 2323 4435 trinae
2354 4400 2369 4447 ;
2401 4397 2498 4451 per
2522 4390 2730 4452 potum,
2756 4379 3088 4437 facilitatem.
3142 4382 3278 4436 Dedi
3309 4382 3464 4437 vobis
3493 4382 3594 4451 lac,
3641 4401 3767 4441 non

2166 4486 2371 4536 escam,
2394 4469 2447 4523 id
2470 4478 2551 4524 est
2572 4469 2716 4524 illam
2729 4469 3032 4525 doctrinam
3044 4470 3098 4524 in
3115 4470 3456 4541 simplicitate
3469 4479 3651 4526 vestra
3672 4489 3772 4528 ru-

2091 4558 2392 4625 Dminare,
2430 4575 2550 4630 quae
2577 4558 2753 4629 potius
2802 4566 2922 4614 erat
2962 4557 3218 4615 facilitate
3248 4560 3548 4626 nutrienda,
3600 4577 3774 4631 quam

2162 4646 2475 4703 difficultate
2492 4647 2804 4718 premenda.
2826 4648 2953 4703 Ideo
2979 4646 3278 4718 spiritualia
3309 4664 3418 4703 non
3443 4647 3592 4713 dedi,
3628 4649 3766 4720 quia

2162 4736 2413 4791 nondum
2443 4752 2641 4808 capere
2657 4738 2932 4806 poteratis
2948 4778 2961 4800 ,
2984 4737 3080 4791 sed
3096 4737 3335 4792 necdum
3347 4736 3571 4809 quidem
3582 4741 3769 4808 potes-

2166 4825 2260 4891 tis,
2289 4824 2416 4880 licet
2444 4824 2513 4878 de
2529 4824 2684 4878 novis
2700 4824 3014 4880 doctoribus
3045 4825 3209 4879 modo
3244 4824 3573 4897 gloriemini.
3615 4825 3761 4881 Vere

2162 4912 2403 4967 nondum
2424 4912 2669 4983 potestis.
2690 4913 2830 4967 Nam
2854 4912 3039 4969 adhuc
3062 4914 3323 4969 carnales
3365 4914 3517 4969 estis.
3543 4913 3611 4967 Et
3627 4930 3764 4970 vere

2164 5000 2424 5056 carnales.
2458 5002 2597 5056 Nam
2627 5017 2755 5056 cum
2778 5001 2942 5055 modo
2962 5002 3207 5057 sitinter
3223 5017 3313 5057 vos
3345 5002 3520 5067 zelus,
3566 5001 3622 5056 id
3676 5012 3765 5058 est

2161 5084 2366 5141 invidia
2394 5085 2579 5153 animi,
2612 5090 2667 5140 et
2697 5087 2983 5142 contentio
3013 5086 3076 5141 in
3107 5086 3306 5151 verbis,
3341 5102 3530 5142 nonne
3553 5102 3758 5144 carna-

2166 5175 2242 5230 les
2262 5174 2398 5229 estis
2416 5178 2503 5229 ?et
2518 5188 2696 5229 nonne
2712 5175 3016 5230 ambulatis
3049 5174 3359 5229 secundum
3373 5174 3678 5240 hominem,
3706 5175 3764 5230 id

2163 5271 2245 5317 est
2276 5262 2573 5319 secundum
2603 5262 2878 5317 carnalem
2908 5262 3206 5318 doctrinam
3238 5278 3430 5317 eorum
3476 5263 3762 5319 hominum

2163 5367 2300 5424 quos
2332 5350 2669 5423 sequimini?
2708 5351 2848 5405 Vere
2890 5350 3130 5405 carnales
3178 5352 3310 5405 estis
3357 5359 3409 5406 et
3455 5350 3761 5408 secundum

2162 5440 2435 5495 hominem
2455 5438 2779 5504 ambulatis;
2811 5440 2941 5511 quia
2979 5456 3110 5495 cum
3157 5440 3365 5512 aliquis
3396 5448 3639 5495 vestrum
3676 5442 3765 5498 di-

2163 5533 2257 5585 cat
2280 5549 2297 5583 :
2315 5531 2420 5599 Ego
2442 5528 2662 5601 quidem
2684 5544 2809 5583 sum
2830 5529 3033 5594 Pauli;
3055 5529 3205 5583 alius
3227 5533 3421 5584 autem
3445 5528 3623 5585 dicat:
3650 5532 3763 5604 Ego

2164 5634 2288 5671 sum
2321 5617 2511 5687 Apollo
2544 5635 2562 5670 :
2592 5632 2780 5671 nonne
2829 5617 3082 5671 homines
3131 5617 3285 5684 estis,
3314 5616 3369 5670 id
3399 5626 3481 5672 est
3528 5633 3639 5673 non
3669 5637 3765 5675 se-

2165 5705 2402 5760 cundum
2440 5703 2716 5759 hominem
2756 5703 2991 5776 sapitis?
3029 5703 3171 5773 Quia
3208 5705 3386 5762 dicitis
3412 5721 3557 5777 «ego
3583 5706 3761 5782 Pauli,
