3948 6476
254 447 347 502 137

258 586 355 644 ego
386 567 588 641 Apollo
620 584 634 622 :
670 591 692 615 η

261 642 383 731 quid
411 672 546 714 vero
576 656 795 721 Paulus,
829 662 882 710 et
911 652 1040 726 quid
1070 668 1165 708 eos
1199 650 1449 707 conferre
1480 648 1639 706 vobis
1670 642 1854 703 credi-

262 749 327 803 tis
346 748 373 803 ?
404 748 522 803 Hoc
560 762 689 802 vere
718 745 785 801 de
816 743 895 799 eis
924 742 1125 799 sentire
1157 740 1404 812 potestis,
1441 737 1570 811 quia
1601 732 1859 791 ministri

265 844 380 892 sunt
402 837 547 907 ejus,
570 836 665 891 cui
680 849 776 889 vos
797 830 1136 889 credidistis.
1160 830 1229 884 Et
1251 828 1386 883 nihil
1416 826 1561 882 aliud
1586 833 1728 891 sunt,
1751 821 1859 877 nisi

268 925 408 997 quod
454 941 519 980 ex
561 929 835 995 praecepto
888 919 988 976 Dei
1034 918 1342 974 ministrant
1395 915 1553 972 vobis
1606 930 1727 986 quae
1760 909 1860 966 Dei

268 1022 404 1075 sunt,
437 1014 563 1070 licet
592 1012 813 1068 diverso
841 1009 1024 1065 modo.
1058 1007 1195 1077 Quia
1224 1009 1376 1063 sicut
1400 1005 1674 1060 Dominus
1706 1000 1859 1057 dedit

267 1103 566 1175 unicuique
582 1109 845 1165 nostrum,
869 1098 940 1154 ad
967 1114 1092 1153 eum
1124 1096 1345 1152 modum
1374 1111 1469 1165 ego
1487 1092 1773 1167 plantavi,
1807 1087 1860 1142 id

269 1200 345 1248 est
374 1188 763 1262 evangelizavi,
798 1196 850 1243 et
878 1188 949 1243 ad
980 1186 1143 1242 ﬁdem
1175 1202 1273 1241 vos
1295 1183 1466 1250 traxi;
1500 1182 1697 1255 Apollo
1729 1192 1861 1235 vero

270 1281 489 1352 rigavit,
522 1279 579 1334 id
606 1286 689 1334 est
717 1276 1029 1349 baptizavit,
1064 1291 1163 1331 vos
1186 1275 1302 1345 jam
1330 1289 1431 1345 per
1487 1286 1574 1326 me
1622 1267 1859 1326 creden-

271 1378 385 1436 tes;
426 1367 525 1424 sed
573 1369 717 1423 Deus
744 1365 895 1422 solus
937 1364 1094 1421 dedit
1136 1364 1561 1420 incrementum
1594 1358 1861 1413 bonorum

270 1475 368 1531 per
400 1457 661 1529 Spiritum
690 1472 868 1511 suum.
904 1453 1161 1526 Sequitur
1205 1451 1583 1522 metaphoram
1610 1446 1865 1519 plantatte

273 1546 499 1613 arboris,
531 1561 690 1618 quam
722 1544 861 1599 alius
883 1542 1047 1615 rigat,
1066 1541 1208 1598 alius
1226 1539 1456 1612 plantat,
1491 1545 1545 1594 et
1565 1535 1694 1610 [cui]
1718 1536 1866 1590 Deus

273 1636 417 1693 solus
445 1635 845 1691 incrementum
873 1632 983 1687 dat.
1011 1632 1081 1686 Et
1112 1629 1237 1703 quia
1266 1629 1435 1684 solius
1459 1627 1559 1682 Dei
1581 1634 1663 1681 est
1681 1624 1867 1681 incre-

272 1733 511 1781 mentum
540 1724 689 1789 dare,
725 1725 917 1796 itaque
947 1736 1128 1793 neque
1158 1720 1258 1775 ille
1291 1720 1387 1791 qui
1402 1718 1638 1789 plantat
1659 1714 1870 1770 estali-

274 1815 420 1889 quid,
453 1820 716 1886 quantum
745 1811 816 1866 ad
837 1811 1039 1866 donum
1071 1807 1218 1872 ﬁdei,
1242 1823 1420 1880 neque
1448 1804 1539 1860 ille
1568 1805 1664 1877 qui
1693 1803 1865 1875 rigat,

851 436 1225 497 EXPOSITIO
1273 435 1347 492 IN
1384 428 1765 492 EPISTOLAS
1822 422 2045 518 PAULI.
2086 457 2157 470 —
2201 427 2275 485 IN
2327 427 2545 485 EPIST.
2594 429 2616 484 Ι
2655 431 2750 485 AD
2782 428 2941 487 COR.

729 565 894 637 igitur
922 562 1086 620 dicite
1127 561 1261 618 mihi
1314 560 1443 633 quid
1495 568 1578 616 est
1635 553 1850 628 Apollo,
1874 549 1928 609 A
1956 553 2115 621 posui
2140 572 2155 620 ;
2189 554 2286 610 sed
2316 554 2452 610 alius
2483 555 2638 624 cujus
2668 563 2749 610 est
2778 555 3050 613 aedificare
3091 574 3260 631 super
3288 561 3394 618 hoc
3420 562 3552 619 fun-

3451 440 3553 495 138

1956 641 2291 711 damentum,
2326 644 2510 700 videat
2539 644 2665 716 quid
2697 646 3114 716 superaediﬁcet.
3132 649 3285 705 Alius
3302 650 3449 706 enim
3467 660 3552 709 est

1957 731 2049 803 qui
2071 731 2302 788 aedificat
2331 750 2495 804 super
2519 734 2624 789 hoc
2653 733 3101 804 fundamentum;
3127 738 3284 810 quasi
3305 740 3516 798 diceret
3541 757 3555 796 :

1959 820 2119 891 Quod
2135 837 2318 876 meum
2342 821 2439 876 fuit
2459 821 2891 890 fundamentum,
2919 827 3108 895 posui;
3141 828 3287 900 quod
3313 839 3555 889 vestrum

1959 920 2060 979 est,
2098 910 2275 966 videte
2305 919 2362 965 ut
2390 911 2529 966 bene
2566 912 3037 982 superaediﬁcetis.
3086 916 3182 972 Ille
3211 921 3558 990 superagditi-

1960 1015 2085 1055 care
2122 999 2336 1067 dicitur,
2372 1000 2463 1071 qui
2493 1001 2579 1056 vel
2612 1001 2837 1056 virtutes
2866 1002 3117 1070 aedificat,
3151 1007 3237 1061 vel
3266 1008 3311 1062 si
3340 1019 3556 1080 peccat,

1962 1104 2071 1145 non
2102 1088 2177 1143 ita
2210 1097 2389 1144 tamen
2419 1097 2476 1144 ut
2502 1089 2920 1146 fundamentum
2950 1093 3197 1150 destruat
3229 1111 3241 1151 :
3276 1098 3422 1169 quod
3454 1100 3552 1155 de-

1963 1176 2187 1233 struitur
2214 1194 2315 1249 per
2343 1178 2678 1247 criminalia,
2712 1180 2818 1234 nisi
2847 1196 2948 1252 per
2974 1190 3155 1253 aptam
3184 1186 3561 1254 paenitentiam

1963 1265 2269 1322 deleantur.
2306 1267 2610 1323 Destruitur
2661 1269 2824 1324 etiam
2852 1286 2955 1341 per
3009 1272 3270 1341 venialia,
3306 1293 3427 1348 qua!
3452 1293 3562 1334 non

1964 1355 2138 1411 solum
2176 1372 2242 1412 ex
2290 1357 2613 1413 necessitate
2670 1358 2972 1428 habemus,
3015 1376 3138 1416 cum
3170 1362 3334 1418 etiam
3383 1366 3566 1435 justus

1966 1446 2169 1516 septies
2224 1446 2383 1501 cadat
2431 1445 2485 1500 in
2534 1446 2623 1501 die
2655 1448 2838 1515 (Prov.
2889 1464 3054 1518 xxrv,
3084 1452 3196 1522 16).
3230 1452 3338 1508 Sed
3365 1470 3467 1526 per
3496 1471 3565 1512 ea

1966 1534 2214 1603 venialia,
2250 1551 2371 1606 quae
2402 1552 2470 1590 ex
2522 1534 2794 1592 voluntate
2814 1580 2828 1604 ,
2861 1546 2917 1593 et
2964 1539 3372 1610 impoenitentes
3397 1544 3453 1598 in
3483 1546 3565 1601 eis

1968 1622 2360 1679 consentiendo
2381 1623 2731 1681 admittimus.
2767 1628 2887 1699 Ego
2931 1628 3148 1700 quidem
3186 1631 3416 1702 provide
3463 1650 3566 1704 po-

1969 1712 2051 1766 sui
2083 1712 2509 1769 fundamentum.
2581 1715 2769 1770 Videat
2799 1720 2995 1774 autem
3030 1721 3419 1795 unusquisque
3447 1739 3568 1779 ves-

1973 1804 2130 1856 trum
2160 1803 2427 1875 quomodo
2456 1802 2699 1872 wdiﬁcet
2738 1820 2910 1877 super
2941 1804 3043 1862 hoc
3075 1809 3524 1879 fundamentum
3547 1831 3567 1869 :

274 1902 475 1975 aliquid
493 1902 647 1957 estin
668 1898 1008 1955 remittendis
1027 1897 1285 1970 peccatis,
1309 1896 1405 1951 sed
1421 1895 1567 1950 Deus
1596 1900 1766 1947 totum
1786 1897 1866 1946 est
1889 1908 1946 1973 Β
1974 1889 2201 1945 arbitrio
2258 1890 2403 1946 enim
2459 1899 2644 1947 vestro
2686 1893 2801 1961 jam
2841 1910 2943 1964 per
2997 1903 3277 1969 acceptam
3335 1900 3571 1972 gratiam

274 1994 367 2066 qui
388 1990 535 2047 solus
553 1989 652 2044 dat
668 1991 1084 2046 incrementum
1106 1984 1250 2051 fidei,
1267 1992 1319 2040 et
1340 1981 1619 2055 sequentis
1626 1979 1865 2051 justitiae.

346 2080 564 2136 Diceret
622 2076 981 2133 abversarius
1014 2093 1027 2130 :
1060 2074 1210 2131 Licet
1252 2070 1487 2127 ministri
1569 2069 1676 2125 sint
1748 2067 1868 2133 Dei,

278 2178 454 2226 tamen
482 2166 687 2224 diversi
717 2174 839 2221 sunt
870 2166 924 2220 in
983 2163 1211 2229 meritis,
1245 2169 1300 2217 et
1321 2160 1512 2216 merita
1566 2158 1736 2215 credo
1766 2156 1872 2212 ali-

278 2257 405 2330 quid
431 2254 680 2314 conferre
708 2254 861 2310 mihi.
914 2253 1119 2309 Contra
1156 2252 1264 2307 hoc
1292 2249 1490 2305 Paulus
1524 2266 1537 2302 :
1569 2247 1719 2303 Licet
1739 2246 1876 2302 alter

279 2346 513 2420 dignior,
547 2345 686 2401 alter
714 2343 913 2409 minus,
947 2350 1129 2397 tamen
1147 2340 1305 2396 95
1327 2339 1423 2412 qui
1440 2339 1673 2411 plantat
1703 2338 1759 2391 et
1781 2335 1877 2408 qui

280 2437 429 2509 rigat
472 2451 655 2491 unum
687 2440 740 2489 et
768 2429 1144 2487 indifferentes
1171 2432 1308 2485 sunt
1334 2428 1391 2482 in
1420 2423 1874 2492 administrando,

280 2523 623 2580 solummodo
678 2522 883 2578 donum
941 2518 1042 2575 Dei
1087 2518 1430 2590 dispensant,
1465 2514 1610 2588 quod
1642 2528 1744 2569 nec
1773 2528 1876 2567 au-

280 2613 394 2685 geri
430 2618 628 2684 potest,
662 2625 766 2666 nec
782 2607 971 2674 minui,
995 2606 1156 2662 bonis
1175 2606 1404 2661 malisve
1424 2602 1636 2659 meritis
1664 2617 1874 2657 eorum.

280 2701 426 2758 Licet
451 2700 544 2773 qui
573 2699 783 2771 plantat
810 2706 864 2753 et
893 2695 987 2769 qui
1014 2696 1157 2768 rigat
1187 2692 1558 2749 indiﬂ'erentes
1588 2691 1716 2757 sint,
1734 2689 1792 2745 in
1814 2704 1879 2745 eo

283 2789 426 2863 quod
456 2786 691 2844 ministri
723 2794 846 2842 sunt
906 2784 1126 2851 Christi,
1158 2783 1214 2839 in
1246 2798 1313 2839 eo
1367 2791 1552 2838 tamen
1603 2778 1876 2847 differunt,

285 2878 431 2953 quod
470 2878 856 2951 unusquisque
905 2874 1150 2947 accipiet
1193 2872 1488 2946 propriam
1543 2869 1878 2934 mercedem,

282 2974 647 3024 mensuratam
696 2964 801 3020 sibi
857 2962 1167 3021 secundum
1216 2977 1383 3018 suum
1418 2960 1682 3024 laborem,
1716 2956 1767 3012 id
1800 2963 1885 3011 est

283 3073 385 3130 pro
413 3055 579 3112 modo
635 3069 745 3127 quo
800 3053 857 3108 in
903 3067 1071 3124 opere
1118 3051 1218 3107 Dei
1243 3048 1534 3106 laboravit.
1579 3047 1709 3103 Plus
1738 3045 1885 3102 enim

285 3146 337 3201 ei
365 3145 618 3213 debetur,
668 3143 759 3215 qui
789 3141 913 3214 plus
966 3148 1221 3196 meretur.
1280 3139 1349 3194 Et
1377 3138 1485 3194 hoc
1516 3136 1657 3192 bene
1703 3134 1774 3191 ad
1802 3133 1886 3189 in-

284 3233 608 3290 tentionem.
632 3231 738 3289 Ubi
768 3231 913 3287 enim
943 3228 1181 3286 ostendit
1222 3244 1283 3284 se
1311 3226 1493 3300 magis
1524 3225 1649 3280 aliis
1678 3224 1733 3280 in
1780 3222 1886 3278 ﬁde
1912 3270 1958 3332 Ο

286 3320 691 3379 Corinthiorum
746 3318 1053 3392 promereri
1076 3362 1088 3385 ,
1122 3326 1174 3373 et
1202 3317 1271 3373 de
1309 3333 1368 3372 se
1400 3314 1748 3389 gloriandum
1778 3329 1889 3368 non

287 3427 413 3468 esse
442 3409 673 3466 subditis
692 3450 707 3477 ,
741 3408 873 3465 dicit
904 3423 917 3463 :
951 3408 1139 3480 Longe
1176 3406 1359 3461 minus
1388 3405 1444 3460 in
1470 3404 1555 3459 his
1588 3402 1679 3476 qui
1708 3401 1888 3457 minus

286 3507 569 3556 merentur
606 3496 972 3572 gloriandum,
1014 3503 1066 3551 et
1092 3494 1226 3550 nihil
1285 3493 1501 3566 penitus
1532 3508 1657 3548 esse
1704 3498 1888 3547 osten-

284 3589 385 3644 dit.
456 3589 817 3645 Revertamur
886 3584 954 3639 ad
1034 3584 1291 3639 litteram.
1381 3582 1520 3637 Vere
1587 3580 1889 3637 secundum

283 3677 568 3750 proprium
622 3674 868 3730 laborem
924 3672 1155 3744 accipiet
1216 3670 1532 3728 mercedem
1566 3688 1580 3725 :
1612 3685 1714 3725 nos
1745 3668 1889 3725 enim

285 3767 343 3821 in
382 3765 537 3822 vobis
597 3765 774 3820 Deum
821 3761 945 3835 plus
991 3762 1111 3816 aliis
1161 3759 1488 3830 adjuvimus,
1520 3766 1574 3814 et
1603 3758 1729 3813 ideo
1768 3757 1891 3830 plus

286 3854 409 3910 aliis
437 3851 930 3917 remunerabimur,
966 3851 1112 3923 quod
1160 3849 1232 3905 ita
1261 3850 1335 3905 ait
1369 3867 1382 3904 :
1412 3849 1528 3904 Nos
1566 3864 1763 3904 sumus
1793 3846 1891 3902 ad-

279 3947 504 4019 jutores
533 3943 654 4009 Dei,
678 3942 730 3996 id
762 3949 842 3997 est
872 3938 1150 4012 operarii;
1191 3947 1243 3994 et
1278 3947 1336 3993 ut
1355 3938 1501 3994 servi
1526 3935 1892 3992 ministrando

286 4032 574 4106 praeceptis
607 4029 822 4087 Domini
852 4028 1156 4098 adjuvimus
1186 4029 1361 4083 Deum
1417 4026 1472 4081 in
1512 4025 1693 4092 vobis,
1725 4024 1893 4079 mini-

287 4121 514 4177 strando
544 4120 709 4175 ﬁdem
757 4119 872 4189 eius
905 4119 1044 4174 sicut
1073 4118 1190 4190 ipse
1239 4115 1398 4173 nobis
1428 4114 1717 4186 disposuit.
1749 4114 1893 4170 Vere

292 4212 470 4267 Deum
496 4209 804 4279 adjuvimus
834 4207 891 4262 in
910 4206 1086 4262 vobis.
1108 4207 1249 4262 Nam
1268 4221 1362 4261 vos
1380 4207 1517 4261 estis
1535 4204 1894 4277 agricultura

290 4300 416 4366 Dei,
446 4298 502 4354 id
540 4306 624 4354 est
653 4296 829 4354 cultus
859 4295 998 4368 agri,
1033 4311 1065 4351 a
1095 4295 1292 4368 quibus
1307 4294 1421 4364 jam
1451 4293 1739 4349 eradicatae
1770 4299 1895 4348 sunt

290 4388 467 4459 spinae
510 4394 882 4458 peccatorum.
940 4383 1107 4454 Estis,
1140 4383 1381 4457 inquam,
1431 4382 1770 4455 agricultura
1798 4397 1896 4454 per

289 4476 623 4532 ablationem
678 4474 968 4541 malorum,
1024 4477 1082 4530 et
1111 4474 1249 4529 estis
1296 4472 1599 4542 aediﬁcatio
1641 4472 1761 4538 Dei,
1794 4487 1895 4543 per

290 4565 618 4638 positionem
648 4564 925 4628 virtutum,
956 4561 1086 4634 quia
1116 4578 1284 4633 super
1304 4560 1468 4617 ﬁdem
1490 4568 1725 4617 vestram
1749 4561 1896 4615 Deus

285 4627 407 4725 jam
436 4654 568 4709 alias
594 4653 820 4711 virtutes
858 4627 1269 4709 aedificavit-Et
1311 4650 1458 4723 quod
1487 4650 1618 4705 estis
1649 4649 1892 4723 agricul-
1912 4627 1968 4690 Ῐ)

290 4752 415 4799 tura
459 4750 513 4799 et
564 4740 849 4799 aediﬁcatio
879 4740 999 4807 Dei,
1032 4742 1137 4796 hoc
1187 4747 1272 4796 est
1300 4755 1402 4811 per
1451 4755 1563 4795 me.
1610 4740 1720 4811 Ego
1750 4738 1897 4795 enim

286 4834 455 4905 posui
482 4832 949 4904 fundamentum,
983 4829 1036 4885 id
1067 4838 1151 4885 est
1178 4828 1342 4885 fidem
1375 4844 1541 4900 super
1571 4844 1734 4901 quam
1763 4827 1896 4884 fun-

293 4923 495 4978 dantur
522 4920 642 4975 alia:
680 4919 926 4975 virtutes.
976 4918 1139 4974 Posui
1192 4918 1380 4990 utique
1410 4920 1477 4973 ut
1525 4917 1894 4985 architectus,

290 5011 350 5067 id
380 5019 461 5066 est
489 5010 747 5082 princeps
777 5007 920 5076 tecti,
965 5006 1088 5079 quia
1118 5015 1171 5063 et
1217 5006 1263 5061 si
1291 5007 1428 5061 alios
1463 5005 1812 5076 coadjutores
1842 5005 1899 5062 in

293 5100 454 5157 vobis
492 5098 681 5166 habui,
713 5113 822 5171 ego
850 5104 1032 5152 tamen
1062 5096 1317 5168 princeps
1358 5094 1433 5150 ibi
1490 5093 1586 5150 fui.
1642 5094 1894 5151 Archite-

289 5195 412 5246 ctus
440 5187 566 5245 dico
610 5189 860 5259 sapiens,
894 5185 950 5241 id
980 5193 1063 5242 est
1105 5200 1229 5242 cum
1271 5184 1601 5241 discretione
1643 5183 1894 5258 singulis,

295 5277 444 5350 quod
471 5275 761 5349 capacitati
796 5290 987 5331 eorum
1016 5273 1265 5331 sufﬁcere
1295 5281 1528 5345 poterat,
1556 5273 1894 5345 impertiens.

295 5367 411 5423 Hoc
440 5374 616 5422 autem
660 5364 766 5421 feci
791 5364 1106 5421 secundum
1153 5364 1405 5434 gratiam
1460 5363 1609 5418 Dei:
1669 5360 1898 5417 fundare

292 5456 442 5511 enim
469 5471 568 5511 vos
597 5454 653 5509 in
685 5452 793 5509 fide
823 5467 931 5508 non
963 5468 1204 5523 possem,
1267 5450 1373 5505 nisi
1405 5458 1724 5522 Operaretur
1776 5467 1897 5505 me-

291 5559 419 5601 cum
463 5543 639 5618 gratia
663 5541 784 5609 Dei,
818 5541 886 5596 ad
919 5556 1083 5613 quam
1136 5539 1446 5595 habendam
1490 5555 1601 5594 non
1657 5538 1899 5610 prazmisi

288 5635 566 5703 meritum,
600 5632 701 5688 sed
730 5648 856 5705 qua:
884 5646 951 5685 ex
1002 5627 1371 5685 misericordia
1418 5629 1553 5684 data
1607 5632 1693 5684 est
1732 5628 1893 5683 mihi.

289 5725 414 5798 Ego
454 5722 598 5797 quod
626 5720 698 5778 ad
739 5736 831 5776 me
886 5717 1177 5792 pertinuit,
1238 5732 1430 5773 sanum
1488 5714 1898 5773 fundamentum

430 5874 675 5932 ΡΑτιιοι.
717 5869 903 5929 CLIII.

1975 1978 2282 2036 confortato
2307 1980 2631 2053 relinquitur
2660 1980 2767 2038 hoc
2804 1998 2963 2054 opus.

2044 2069 2359 2125 Notandum
2408 2078 2491 2124 est
2537 2070 2685 2142 quod
2714 2072 3156 2143 superaedificare
3213 2076 3466 2134 dicuntur
3521 2079 3579 2135 hi

1976 2156 2173 2227 solum,
2204 2174 2437 2230 quorum
2494 2158 2670 2230 culpis
2724 2176 2833 2216 non
2891 2161 3192 2220 destruitur
3251 2165 3575 2225 fundamen-

1975 2255 2111 2302 tum.
2145 2245 2252 2316 Qui
2281 2247 2426 2304 enim
2479 2248 2730 2318 destruit,
2790 2251 2970 2322 potius
3025 2252 3258 2310 dicenda
3298 2264 3381 2311 est
3410 2273 3576 2315 ever-

1978 2336 2060 2392 sio
2114 2336 2372 2408 peccati,
2457 2353 2624 2401 quam
2706 2339 3179 2411 superaedificatio.
3267 2346 3576 2404 Videndum

1977 2425 2165 2497 utique
2195 2434 2279 2481 est
2318 2425 2474 2482 vobis
2513 2426 2581 2482 de
2631 2428 3178 2502 super-adificatione,
3219 2450 3288 2490 ne
3314 2435 3574 2494 varietur.

1978 2514 2117 2569 Nam
2147 2514 2216 2570 de
2247 2514 2601 2571 fundamento
2631 2533 2856 2573 securos
2885 2534 2984 2575 vos
3023 2520 3228 2592 reddo,
3253 2523 3382 2595 quia
3410 2542 3578 2582 unum

1980 2612 2081 2658 est.
2105 2603 2275 2659 Nemo
2296 2606 2452 2660 enim
2476 2609 2664 2676 potest
2683 2606 2932 2678 fundare
2951 2610 3113 2665 aliud
3131 2612 3582 2682 fundamentum

1982 2691 2131 2763 quod
2183 2691 2251 2746 sit
2286 2696 2500 2764 praeter
2538 2693 2597 2749 id
2639 2695 2783 2767 quod
2828 2697 3082 2769 positum
3121 2704 3209 2756 est
3236 2716 3267 2755 a
3293 2718 3402 2773 me,
3435 2704 3583 2777 quod

1983 2780 2417 2847 fundamentum,
2450 2781 2506 2836 id
2537 2789 2620 2838 est
2650 2780 2807 2851 fides,
2843 2790 2930 2842 est
2961 2787 3219 2845 Christus
3271 2792 3451 2848 Jesus.
3486 2793 3585 2848 Fi-

1983 2870 2082 2926 des
2113 2869 2260 2925 enim
2288 2878 2381 2925 tua
2409 2870 2478 2926 de
2525 2870 2741 2928 Christo
2770 2873 2944 2943 (juxta
2998 2878 3386 2952 Augustinum)
3426 2881 3587 2938 Chri-

1985 2967 2101 3014 stus
2132 2957 2305 3013 estin
2356 2958 2524 3015 corde
2554 2967 2665 3016 tuo.
2698 2962 2756 3017 Si
2803 2963 2932 3034 quid
2988 2965 3133 3022 enim
3192 2968 3341 3024 aliud
3388 2979 3586 3041 praeter

1985 3046 2149 3103 fidem
2179 3047 2411 3119 ponitur,
2448 3049 2661 3105 eversio
2701 3050 3072 3124 fundamenti,
3105 3071 3217 3112 non
3256 3056 3587 3116 fundamen—

1987 3144 2103 3192 tum
2132 3144 2233 3192 est.
2280 3137 2715 3194 Fundamentum
2743 3140 2964 3213 quidem
2992 3160 3158 3200 unum
3189 3154 3303 3215 est,
3354 3156 3410 3203 et
3437 3149 3587 3205 aliud

1989 3242 2112 3282 esse
2170 3226 2378 3298 nequit.
2411 3227 2509 3283 sed
2550 3228 3104 3301 supermdiﬁcationes
3159 3242 3286 3290 sunt
3315 3236 3586 3306 diverse;

1989 3314 2113 3387 quia
2142 3314 2281 3371 alius
2337 3332 2555 3385 aurum,
2589 3326 2683 3373 aut
2742 3328 3057 3391 argentum,
3091 3323 3230 3379 alius
3285 3324 3471 3382 fenum
3498 3327 3588 3384 vel

1990 3403 2258 3476 stipulam,
2298 3405 2720 3477 superaedificat.
2773 3406 2933 3478 Quod
2963 3410 3041 3466 ita
3084 3412 3160 3467 ait
3189 3430 3203 3467 :
3235 3414 3299 3471 Si
3326 3417 3451 3489 quis
3478 3433 3591 3474 au-

1992 3498 2107 3551 tem
2135 3494 2554 3567 superrediﬁcat
2583 3512 2757 3569 supra
2788 3497 2888 3554 hoc
2918 3500 3384 3570 fundamentum,
3417 3505 3470 3560 id
3503 3514 3589 3562 est

1991 3581 2178 3649 fidem,
2198 3599 2427 3652 aurum,
2448 3588 2770 3655 argentum,
2798 3586 3013 3659 lapides
3022 3590 3299 3662 pretiosos
3318 3612 3336 3648 :
3353 3608 3454 3664 per
3470 3595 3589 3652 hanc

1991 3671 2114 3740 tria,
2148 3670 2396 3740 virtutes,
2432 3670 2532 3727 sed
2560 3673 2810 3730 discretae
2838 3674 3238 3751 inteUiguntur.
3280 3682 3369 3737 Vel
3410 3683 3589 3754 ligna,

1990 3763 2210 3833 fenum,
2243 3762 2542 3834 stipulam,
2574 3777 2675 3833 per
2706 3763 2825 3820 haec
2854 3763 2958 3819 tria
3003 3766 3243 3825 discreta
3270 3770 3433 3839 mala,
3466 3788 3591 3845 quae

1994 3856 2177 3904 tamen
2234 3848 2645 3905 fundamentum
2702 3867 2813 3908 non
2869 3853 3165 3927 destruant,
3225 3858 3584 3931 accipiuntur.

1993 3938 2121 3994 Haec
2150 3945 2331 3994 autem
2362 3939 2547 3995 omnia
2575 3956 2673 4011 per
2700 3939 2887 4014 ignem
2900 3943 3065 4013 (sicut
3081 3947 3329 4017 proxime
3359 3949 3595 4021 subjun-

1994 4029 2108 4099 get)
2166 4027 2563 4098 probabuntur.
2622 4028 2725 4085 Per
2752 4045 2944 4086 aurum
2999 4034 3243 4105 perfecta
3264 4037 3493 4108 justitia,
3534 4046 3596 4096 ut

1995 4130 2187 4214 eorum
2224 4115 2603 4214 nihil-penitus
2658 4120 3006 4192 purgandum
3036 4122 3125 4189 sit,
3161 4124 3255 4197 qui
3284 4126 3468 4199 utique
3496 4144 3598 4200 per

1995 4205 2181 4277 ignem
2212 4205 2494 4261 transituri
2525 4214 2687 4274 sunt;
2720 4224 2828 4266 non
2857 4218 2915 4265 ut
2973 4210 3047 4267 ibi
3077 4212 3264 4287 aliqua
3291 4216 3594 4273 acerbitate

1995 4294 2357 4360 detineantur,
2392 4295 2491 4351 sed
2521 4296 2662 4353 sicut
2689 4298 3043 4369 purissimum
3072 4317 3267 4358 aurum
3288 4304 3405 4378 igni
3433 4307 3598 4363 adhi-

1996 4382 2187 4450 bitum,
2214 4382 2374 4439 96
2398 4399 2508 4439 non
2528 4384 2704 4441 solum
2733 4386 2942 4443 nullum
2970 4390 3170 4461 patitur
3188 4392 3592 4469 detrimentum,

1997 4471 2095 4527 sed
2124 4488 2225 4543 per
2254 4473 2358 4528 hoc
2412 4472 2610 4541 majori
2645 4474 2823 4531 nitore
2851 4474 2911 4530 fit
2947 4478 3321 4550 splendidius,
3354 4483 3435 4540 sic
3463 4502 3599 4558 per-

1996 4560 2142 4630 fecti,
2176 4560 2323 4634 ignis
2378 4561 2565 4634 utique
2640 4562 2919 4621 laesionem
3007 4583 3117 4623 non
3174 4570 3464 4641 sentiunt,
3498 4576 3599 4632 sed

1998 4649 2398 4722 probabiliores
2426 4651 2667 4724 agilitate
2705 4652 2960 4710 virtutum
2992 4656 3064 4711 ab
3090 4657 3196 4715 hoc
3249 4659 3378 4732 igne
3436 4662 3596 4721 facil-

1997 4739 2125 4795 lime
2153 4748 2461 4813 emergunt.
2522 4740 2625 4796 Per
2678 4750 2966 4816 argentum
3009 4745 3389 4817 signiﬁcantur
3439 4752 3593 4823 justi,

1997 4827 2052 4882 in
2084 4827 2281 4900 quibus
2311 4836 2492 4885 tamen
2547 4830 2729 4903 aliqua
2759 4831 2902 4889 levia
2954 4837 3246 4907 purganda
3275 4848 3436 4907 sunt;
3469 4843 3600 4915 quia

1997 4916 2145 4973 velut
2188 4926 2474 4990 argentum
2514 4919 2569 4974 in
2615 4919 2746 4994 igne
2790 4922 3028 4994 positum
3082 4925 3470 4985 decoloratur:
3506 4932 3601 5005 qui

2000 5006 2153 5064 color
2218 5015 2332 5063 arte
2380 5005 2604 5065 artificis
2655 5018 2781 5081 post
2841 5011 3028 5085 ignem
3083 5016 3370 5086 redditur;
3403 5020 3484 5077 sic
3515 5021 3593 5077 illi

1998 5095 2184 5168 ignem
2232 5096 2450 5169 quidem
2507 5097 2795 5169 patientur,
2847 5101 2946 5158 sed
3018 5102 3236 5174 leviter,
3300 5108 3430 5181 quia
3457 5109 3599 5167 levia

1998 5184 2409 5243 commiserunt.
2442 5187 2547 5242 Per
2582 5186 2796 5259 lapides
2826 5190 3099 5261 pretiosos
3147 5195 3432 5268 signantur
3442 5199 3599 5269 justi,

1998 5273 2125 5331 licet
2181 5282 2500 5345 premantur
2551 5276 2755 5349 aliquot
2827 5279 3170 5350 venialibus;
3200 5285 3379 5358 magis
3409 5295 3597 5345 tamen

1998 5363 2345 5418 adhaeserunt
2393 5362 2637 5433 iustitiae,
2671 5373 2725 5421 et
2780 5366 2905 5424 ideo
2950 5369 3231 5441 patientur
3286 5374 3511 5447 quidem
3542 5377 3598 5432 in

1997 5450 2128 5524 igne
2165 5451 2343 5524 magis
2370 5452 2456 5506 his
2502 5452 2818 5523 praedictis;
2872 5458 3332 5528 quemadmodum
3388 5465 3597 5536 lapides

1997 5538 2222 5612 pretiosi
2257 5539 2380 5612 plus
2424 5540 2735 5597 detrimenti
2764 5559 2864 5614 per
2917 5546 3103 5618 ignem
3135 5548 3402 5620 sentiunt,
3437 5569 3601 5625 quam

2000 5636 2309 5701 argentum.
2334 5628 2623 5686 Pluraliter
2651 5631 2777 5688 ideo
2804 5631 3014 5704 lapides
3043 5635 3213 5705 dixit;
3245 5639 3376 5710 quia
3407 5641 3464 5695 in
3499 5641 3604 5698 hoc

2000 5714 2180 5790 gradu
2209 5716 2411 5774 diversi
2437 5726 2615 5786 erunt,
2648 5726 2702 5776 et
2728 5720 3028 5777 secundum
3072 5723 3445 5784 diversitatem
3474 5744 3597 5783 me-

3405 5879 3440 5928 δ
