3948 6472
195 388 276 441 lli

774 379 1155 438 EXPOSITIO
1194 381 1266 435 IN
1323 375 1705 434 EPISTOLAS
1757 374 1991 431 PAULI.
2029 404 2098 414 —
2129 374 2202 429 IN
2256 374 2476 430 EPIST.
2510 374 2532 428 Ι
2571 373 2666 428 AD
2696 371 2857 430 COR.

3373 371 3474 424 H2

197 518 355 575 trum;
387 509 516 566 inde
559 517 873 566 consuetum
918 515 1003 564 est
1031 514 1242 562 mutare
1281 503 1503 560 nomina
1545 509 1772 574 aposto-
1798 503 1939 563 Aut
1969 501 2266 556 ministros
2317 499 2558 565 Christi,
2608 498 2664 553 id
2704 506 2785 553 est
2816 505 2873 552 ut
2904 511 3001 552 eos
3032 495 3123 568 qui
3169 495 3323 568 digni
3353 502 3480 549 sunt

197 599 420 656 licorum.

786 723 1011 779 CAPUT
1033 722 1129 778 IV.

270 875 287 897 ιι
323 850 411 906 Sic
461 865 567 905 nos
609 848 880 905 existimet
919 850 1083 904 homo
1129 855 1186 901 ut
1231 843 1513 899 ministros
1559 840 1781 908 Christi,

212 962 230 993 ι
281 949 326 994 et
384 939 795 1010 dispensatores
851 937 1276 992 ministeriorum
1355 929 1784 1006 [mysteriorum]

206 1055 226 1078 ι
260 1028 364 1083 Dei.
416 1028 516 1084 Hic
541 1029 656 1097 jam
705 1027 964 1099 quaeritur
992 1027 1133 1080 inter
1162 1026 1594 1095 dispensatores,
1629 1030 1687 1076 ut
1715 1021 1782 1076 ti-

209 1140 229 1167 (
263 1117 388 1172 delis
419 1118 541 1188 quis
570 1116 926 1173 inveniatur?
955 1115 1084 1170 Mihi
1115 1123 1295 1170 autem
1326 1130 1423 1184 pro
1446 1113 1670 1167 minimo
1702 1120 1787 1166 est

209 1232 228 1253 ιι
261 1214 360 1261 uta
388 1206 544 1261 vobis
569 1205 801 1275 judicer,
834 1213 927 1260 aut
957 1205 1026 1258 ab
1056 1206 1294 1258 humano
1327 1203 1433 1259 die.
1469 1203 1577 1258 Sed
1607 1217 1786 1272 neque

213 1312 232 1344 ι
252 1295 725 1366 meipsumjudico.
750 1294 896 1349 Nihil
925 1293 1070 1349 enim
1087 1291 1218 1347 mihi
1239 1292 1491 1348 conscius
1529 1308 1669 1358 sum,
1691 1291 1788 1345 sed

210 1407 231 1435 ι
266 1401 362 1440 non
413 1386 468 1439 in
515 1387 622 1440 hoc
653 1383 976 1453 justificatus
1021 1400 1160 1438 sum.
1211 1382 1317 1451 Qui
1363 1391 1546 1437 autem
1581 1381 1790 1450 judicat

209 1496 230 1525 ι
265 1491 360 1540 me,
394 1474 661 1530 Dominus
707 1481 808 1528 est.
861 1475 1048 1544 Itaque
1093 1472 1260 1527 nolite
1306 1480 1430 1526 ante
1462 1480 1674 1541 tempus
1697 1471 1790 1539 ju—

209 1585 230 1614 ι
267 1563 462 1630 dicare,
512 1562 868 1634 quoadusque
909 1562 1092 1617 veniat
1137 1561 1422 1624 Dominus,
1458 1560 1549 1630 qui
1580 1567 1632 1614 et
1663 1559 1790 1613 illu-

209 1674 231 1702 ι
266 1651 484 1706 minabit
532 1651 848 1708 abscondita
899 1650 1264 1715 tenebrarum,
1329 1658 1381 1704 et
1422 1646 1795 1704 manifestabit

211 1762 232 1790 ι
267 1741 481 1796 consilia
523 1740 810 1806 cordium,
862 1747 912 1794 et
945 1747 1071 1794 tunc
1118 1739 1238 1793 laus
1289 1738 1393 1792 erit
1439 1736 1734 1807 unicuique
1766 1751 1796 1788 a

211 1853 230 1875 α
267 1829 400 1884 Deo.
441 1830 568 1884 Haec
598 1837 796 1894 autem,
829 1828 1045 1893 fratres,
1080 1825 1468 1899 transtiguravi
1516 1826 1570 1880 in
1600 1841 1708 1890 me,
1743 1831 1798 1879 et

211 1943 231 1965 ιι
269 1918 476 1989 Apollo,
510 1927 734 1989 propter
754 1934 852 1973 vos
877 1935 890 1971 :
924 1926 980 1972 ut
1009 1917 1064 1971 in
1096 1916 1254 1971 nobis
1273 1915 1516 1984 discatis,
1542 1932 1610 1970 ne
1634 1930 1798 1984 supra

212 2031 232 2054 ιι
269 2024 426 2080 quam
484 2008 744 2078 scripturn
821 2015 949 2075 est,
1012 2023 1154 2060 unus
1225 2006 1491 2060 adversus
1566 2004 1797 2058 alterum

216 2121 235 2146 α
270 2096 470 2169 [alium]
500 2097 719 2151 inﬂetur
766 2113 866 2168 pro
910 2096 1040 2152 alio.
1071 2094 1206 2164 Quis
1235 2094 1381 2151 enim
1411 2103 1463 2149 te
1493 2093 1801 2149 discernit?

216 2212 237 2234 α
274 2185 408 2255 Quid
436 2194 620 2241 autem
667 2186 840 2240 habes
884 2187 1029 2257 quod
1059 2201 1170 2240 non
1197 2183 1502 2255 accepisti?
1532 2183 1588 2238 Si
1619 2191 1802 2237 autem

213 2298 235 2326 ‹
271 2275 543 2346 accepisti,
577 2275 706 2346 quid
738 2275 997 2348 gloriaris
1017 2274 1172 2346 quasi
1197 2290 1306 2329 non
1329 2271 1610 2344 acceperis
1630 2273 1658 2327 ‘I
1684 2273 1804 2326 Jam

215 2388 236 2412 «ι
275 2364 490 2419 saturati
536 2364 687 2429 estis,
735 2364 846 2432 jam
898 2365 1095 2419 divites
1142 2363 1268 2419 facti
1297 2363 1454 2418 estis.
1495 2362 1622 2416 Sine
1647 2361 1804 2416 nobis

216 2475 238 2503 ι
275 2453 530 2526 regnatis.
583 2454 650 2508 Et
682 2453 887 2508 utinam
920 2453 1184 2525 regnetis,
1217 2460 1274 2506 ut
1305 2460 1357 2507 et
1381 2467 1482 2506 nos
1521 2450 1807 2506 vobiscum

217 2559 588 2613 «.regnemus.
627 2545 760 2598 Puto
807 2543 954 2598 enim
997 2542 1142 2613 quod
1188 2542 1335 2597 Deus
1384 2555 1486 2596 nos
1531 2538 1809 2610 apostolos

219 2655 239 2678 ιι
278 2632 602 2687 novissimos
647 2631 902 2701 ostendit,
952 2639 1214 2703 tanquam
1261 2630 1422 2684 morti
1471 2629 1807 2693 destinatos;

219 2744 240 2768 ιι
281 2720 401 2792 quia
429 2721 794 2791 spectaculum
842 2720 972 2776 facti
1018 2737 1206 2775 sumus
1235 2719 1459 2786 mundo,
1492 2727 1545 2773 et
1573 2717 1806 2790 angelis,

222 2833 244 2854 ιι
281 2817 332 2864 et
379 2809 708 2864 hominibus.
758 2810 873 2864 Nos
920 2809 1065 2864 stulti
1107 2816 1330 2880 propter
1379 2808 1670 2872 Christum,
1713 2821 1813 2860 vos

221 2919 243 2948 ι
280 2907 460 2953 autem
481 2899 781 2970 prudentes
815 2899 872 2952 in
892 2898 1134 2964 Christo;
1157 2913 1260 2953 nos
1280 2895 1497 2964 infirmi,
1520 2912 1620 2952 vos
1651 2893 1812 2950 98

227 3011 248 3035 σ
283 2995 460 3042 autem
494 2987 702 3052 fortes;
751 3003 849 3042 vos
890 2988 1120 3053 nobiles,
1160 3003 1262 3042 nos
1283 2994 1465 3041 autem
1509 2985 1806 3055 ignobiles.

223 3100 244 3123 ιι
285 3077 464 3147 Usque
506 3076 562 3130 in
609 3077 750 3133 hanc
796 3077 1005 3144 horam,
1037 3084 1091 3131 et
1131 3075 1426 3141 esurimus,
1478 3082 1532 3129 et
1581 3073 1814 3139 sitimus,

223 3187 245 3216 ι
284 3173 337 3221 et
365 3165 496 3220 nudi
527 3182 734 3230 sumus,
769 3173 821 3220 et
871 3165 1116 3236 colaphis
1143 3165 1423 3230 caedimur,
1456 3171 1508 3218 et
1537 3162 1818 3217 instabiles

223 3278 245 3301 ει
283 3271 492 3320 sumus,
534 3263 583 3310 et
613 3255 926 3310 laboramus
974 3262 1264 3326 operantes
1308 3253 1560 3308 manibus
1590 3251 1816 3306 nostris.

231 3365 254 3394 ι
292 3343 681 3408 Maledicimur,
714 3352 767 3399 et
813 3343 1227 3409 benedicimus;
1261 3342 1698 3414 persecutionem
1727 3355 1824 3410 pa-

223 3454 245 3482 ι
285 3433 463 3499 timur,
494 3441 547 3488 et
587 3433 952 3499 sustinemus;
987 3433 1446 3504 blasphemamur,
1479 3439 1532 3486 et
1561 3430 1824 3485 obsecra-

225 3545 246 3569 α
283 3538 407 3576 mus
458 3536 470 3575 :
521 3530 777 3592 tanquam
835 3529 1197 3594 purgamenta
1255 3521 1412 3589 hujus
1464 3519 1654 3574 mundi
1701 3517 1826 3573 facti

225 3635 247 3658 οι
289 3626 474 3665 sumus
520 3611 765 3665 omnium
809 3611 1123 3682 peripsema
1169 3625 1343 3681 usque
1382 3609 1581 3664 adhuc.
1614 3608 1738 3663 Non
1770 3613 1829 3660 ut

227 3723 249 3747 ι
291 3699 621 3754 confundam
669 3717 768 3756 vos
815 3701 931 3756 hazc
978 3699 1181 3765 scribo,
1237 3699 1334 3754 sed
1381 3706 1437 3753 ut
1484 3697 1627 3752 filios
1673 3711 1829 3750 meos

232 3810 255 3840 ε
295 3789 654 3845 charissimos
703 3805 919 3845 moneo.
969 3790 1108 3844 Nam
1141 3789 1187 3843 si
1215 3788 1405 3844 decem
1440 3786 1611 3840 millia
1639 3785 1830 3856 paeda-

229 3899 252 3928 ι
292 3894 567 3950 gogorum
617 3877 859 3934 habeatis
909 3879 964 3932 in
1014 3878 1266 3943 Christo,
1320 3877 1419 3931 sed
1471 3891 1582 3930 non
1628 3874 1831 3928 multos

230 3988 255 4016 ι
293 3976 497 4038 patres.
528 3969 670 4022 Nam
707 3968 763 4022 in
801 3968 1019 4022 Christo
1046 3969 1175 4022 Jesu
1205 3983 1306 4037 per
1332 3963 1692 4036 Evangelium
1725 3977 1831 4034 ego

228 4078 252 4107 ι
291 4072 392 4111 vos
420 4056 606 4127 genui.
639 4058 792 4127 Rogo
823 4072 955 4128 ergo
985 4073 1102 4121 vos,
1145 4055 1360 4119 fratres,
1394 4053 1696 4108 imitatores
1724 4051 1833 4105 mei

233 4166 256 4195 ι
295 4153 469 4200 estote
520 4145 659 4201 sicut
703 4154 756 4200 et
786 4161 890 4217 ego
934 4145 1159 4200 Christi.
1207 4145 1340 4199 Ideo
1369 4142 1492 4197 misi
1523 4142 1590 4196 ad
1619 4156 1719 4196 vos
1745 4140 1833 4194 Ti-

233 4258 254 4280 α
296 4235 616 4300 motheum,
685 4235 775 4306 qui
827 4243 912 4290 est
973 4233 1116 4288 filius
1159 4249 1317 4289 meus
1379 4230 1732 4288 charissimus
1781 4236 1834 4283 et

230 4347 252 4370 α
298 4323 477 4378 fidelis
523 4323 579 4378 in
627 4323 890 4390 Domino;
936 4323 1028 4394 qui
1076 4339 1174 4378 vos
1218 4319 1670 4377 commonefaciat
1717 4317 1835 4373 vias

231 4434 254 4459 ιι
297 4428 474 4478 meas,
508 4429 630 4484 quae
677 4421 801 4467 sunt
832 4413 887 4467 in
932 4412 1150 4468 Christo
1196 4413 1345 4476 Jesu,
1380 4410 1520 4466 sicut
1549 4408 1752 4479 ubique
1778 4406 1835 4461 in

230 4524 253 4552 ι
291 4502 446 4557 omni
475 4502 724 4558 Ecclesia
754 4503 947 4558 doceo.
979 4502 1264 4572 Tanquam
1293 4515 1403 4556 non
1432 4505 1700 4554 venturus
1731 4496 1835 4551 sim

1877 589 2186 645 ministrare
2226 589 2498 644 Christum
2545 595 2597 642 et
2639 587 2803 642 fidem
2834 587 2949 656 ejus
2984 585 3252 651 subditis;
3287 583 3480 640 existi-

1878 687 1989 734 met
2020 680 2182 734 etiam
2212 693 2312 733 nos
2340 683 2406 733 ut
2434 679 2852 749 dispensatores
2881 677 3335 730 ministeriorum
3359 675 3479 730 Dei.

1881 769 2275 839 Dispensamus
2318 767 2462 822 enim
2512 764 2888 822 ecclesiastica
2933 763 3128 828 officia,
3177 765 3322 819 hunc
3351 779 3484 834 pre-

1883 858 2184 928 sbyterum,
2217 857 2385 911 alium
2405 856 2697 910 diaconum
2719 853 3120 910 consecrando.
3150 852 3248 908 Vel
3266 852 3488 922 dispen-

1885 955 2097 1002 satores
2124 945 2530 1017 mysteriorum,
2565 944 2620 998 id
2639 952 2721 999 est
2744 951 3080 998 secretorum
3106 941 3204 996 Dei
3237 959 3251 996 :
3285 941 3489 997 scimus

1887 1037 2030 1091 enim
2064 1043 2117 1091 et
2163 1035 2438 1106 loquimur
2469 1032 2722 1088 fidelibus
2770 1031 2998 1087 consilia
3036 1030 3154 1085 Dei.
3195 1030 3492 1101 Propterea

1887 1126 2030 1191 dico,
2055 1126 2134 1180 sic
2153 1141 2254 1179 nos
2279 1124 2578 1178 existimet
2599 1123 2759 1177 homo
2783 1141 2801 1186 ;
2833 1120 2959 1191 quia
2988 1121 3097 1188 hic,
3130 1119 3186 1173 id
3209 1128 3289 1174 est
3315 1119 3370 1173 in
3387 1121 3491 1175 hac

1888 1214 2141 1270 Ecclesia
2172 1212 2575 1268 Corinthiorum
2599 1211 2729 1280 jam,
2772 1209 2826 1264 id
2860 1217 2942 1265 est
2972 1217 3098 1263 ante
3128 1216 3494 1279 opportunum

1889 1312 2104 1374 tempus
2152 1301 2360 1372 judicii.
2412 1302 2471 1355 In
2517 1301 2621 1356 hoc
2665 1299 2812 1354 enim
2858 1298 3062 1353 mundo
3111 1297 3238 1369 quia
3285 1297 3496 1352 occulta

1891 1401 2013 1447 sunt
2043 1407 2232 1463 Opera,
2278 1390 2529 1459 judicare
2575 1405 2686 1445 non
2724 1388 2868 1443 licet.
2903 1387 3000 1443 Vel
3039 1387 3148 1454 hic,
3200 1386 3254 1441 id
3282 1394 3363 1441 est
3390 1387 3496 1442 hac

1891 1481 2182 1537 occasione
2231 1496 2334 1551 qua
2381 1479 2491 1534 dixi
2536 1494 2638 1533 nos
2681 1477 2884 1533 debere
2912 1476 3188 1532 exstimari
3221 1475 3498 1529 ministros

1894 1580 1947 1625 et
1976 1570 2420 1640 dispensatores;
2461 1576 2752 1639 prepterea
2775 1566 2886 1635 jam
2916 1567 3193 1638 quaeritur
3219 1565 3378 1620 inter
3405 1564 3498 1620 di-

1895 1662 2274 1731 spensatores,
2299 1661 2422 1730 quis
2453 1672 2641 1711 eorum
2668 1655 3002 1710 inveniatur
3031 1662 3088 1708 ut
3103 1654 3304 1721 ﬁdelis,
3340 1653 3396 1707 id
3415 1660 3498 1707 est

1897 1747 2208 1818 perfectus;
2243 1754 2296 1802 et
2341 1747 2497 1815 cujus
2536 1744 2744 1814 justitia
2782 1742 3027 1798 conferat
3069 1743 3370 1798 discretum
3399 1741 3501 1796 ali—

1824 1837 2027 1930 Bquid
2075 1834 2361 1906 baptizatis
2407 1833 2540 1889 suis.
2587 1834 2655 1889 Ut
2706 1831 2882 1887 ﬁdelis
2929 1831 3132 1886 dictum
3181 1838 3309 1886 est:
3363 1829 3501 1886 sicut

1901 1926 1994 1991 ibi,
2031 1949 2052 1972 «
2090 1925 2277 1979 habitu
2322 1924 2575 1979 inventus
2614 1929 2669 1976 ut
2699 1922 2864 1976 homo
2907 1921 3085 1990 (Phil.
3126 1935 3186 1985 ιι,
3217 1920 3293 1989 ’7).
3334 1939 3356 1969 ι
3393 1917 3499 1973 Sed

1903 2014 2165 2086 quidquid
2194 2013 2285 2068 alii
2325 2013 2736 2082 dispensatores
2766 2009 3017 2078 sentiant,
3051 2024 3157 2081 ego
3187 2015 3372 2063 tamen
3401 2008 3507 2063 hoc

1903 2102 2214 2174 respondeo
2235 2118 2247 2157 :
2273 2101 2416 2170 Quia
2434 2101 2583 2156 mihi
2597 2117 2698 2172 pro
2711 2101 2949 2155 minimo
2969 2102 3053 2154 est
3075 2105 3126 2153 et
3146 2097 3501 2168 parvipendo,

1903 2197 2025 2248 uta
2054 2193 2201 2248 vobis
2225 2192 2472 2263 judicer,
2517 2190 2572 2244 id
2619 2197 2701 2244 est
2744 2196 2802 2243 ut
2844 2204 2943 2244 vos
2971 2204 3059 2242 me
3089 2185 3506 2252 condemnetis;

1906 2285 2008 2338 aut
2040 2289 2096 2335 ut
2120 2280 2331 2350 judicer
2366 2280 2433 2334 ab
2466 2279 2714 2334 humano
2752 2278 2858 2344 die,
2884 2277 2938 2332 id
2959 2283 3042 2332 est
3061 2276 3131 2330 ab
3152 2276 3392 2342 homine,
3418 2273 3512 2346 qui

1908 2370 2070 2426 etiam
2100 2377 2326 2441 propter
2357 2367 2708 2422 subtilitatem
2736 2366 2940 2439 ingenii
2979 2365 3097 2420 dies
3127 2365 3361 2420 dicatur.
3397 2364 3509 2420 Vos

1908 2475 1996 2515 me
2026 2458 2250 2514 nescitis
2287 2457 2555 2526 judicare,
2604 2457 2700 2512 sed
2730 2472 2908 2528 neque
2939 2471 3035 2525 ego
3066 2457 3184 2527 ipse
3206 2454 3420 2526 judico,
3453 2452 3511 2507 id

1911 2556 2013 2615 est,
2048 2547 2390 2618 reprehendo
2421 2548 2698 2618 meipsum
2729 2545 2783 2599 in
2803 2544 3018 2614 aliquo;
3051 2543 3175 2598 ideo
3196 2545 3328 2615 quia
3355 2542 3512 2598 nihil

1911 2638 2169 2694 conscius
2203 2653 2330 2691 sum
2359 2635 2524 2704 mihi,
2548 2642 2601 2690 et
2621 2635 2760 2690 sicut
2790 2632 3017 2688 scientia
3036 2648 3155 2688 mea
3176 2647 3284 2687 non
3306 2630 3513 2686 invenit

1914 2726 2046 2798 quid
2091 2724 2331 2794 judicet;
2378 2723 2549 2778 multo
2597 2722 2779 2777 minus
2825 2737 2925 2778 vos
2975 2720 3067 2792 qui
3109 2720 3324 2776 occulta
3372 2735 3511 2775 con-

1915 2814 2156 2870 scientiae
2187 2812 2422 2870 scrutari
2450 2827 2558 2867 non
2604 2811 2848 2883 potestis.
2883 2810 2993 2866 Sed
3022 2809 3149 2866 licet
3177 2808 3517 2866 conscientia

1915 2919 2036 2959 mea
2056 2902 2258 2957 nullius
2279 2908 2498 2957 accuset
2513 2916 2601 2956 me
2627 2920 2640 2967 ;
2669 2904 2863 2956 tamen
2887 2915 3003 2955 non
3026 2901 3090 2954 in
3120 2900 3220 2954 hoc
3232 2898 3518 2969 justi/ica-

1919 2997 2011 3049 tus
2040 3009 2186 3060 sum,
2241 2991 2368 3063 quia
2415 2989 2652 3046 fortasse
2680 2989 2927 3061 quaedam
2956 2988 3166 3044 aestimo
3198 2987 3358 3058 bona,
3394 3003 3518 3058 quae

1918 3082 1987 3137 de
2017 3082 2199 3136 radice
2231 3080 2373 3135 male
2420 3079 2703 3151 pullulant.
2738 3079 2854 3134 Nec
2883 3078 3068 3142 homo,
3102 3092 3204 3132 nec
3234 3076 3356 3148 ipsa
3385 3091 3518 3131 con-

1921 3171 2147 3226 scientia
2175 3185 2300 3224 mea
2324 3169 2574 3238 judicare
2612 3183 2702 3223 me
2731 3174 2952 3238 potest;
2985 3166 3083 3221 sed
3113 3165 3203 3220 ille
3233 3167 3330 3238 qui
3349 3166 3518 3237 judi-

1923 3265 2035 3326 cat,
2071 3260 2127 3314 id
2156 3267 2257 3324 est,
2292 3259 2384 3330 qui
2408 3257 2691 3327 judicandi
2721 3272 2808 3311 me
2832 3263 3156 3327 potestatem
3185 3255 3370 3320 habet,
3410 3256 3524 3310 Do-

1923 3351 2118 3404 minus
2159 3353 2261 3414 est,
2329 3356 2382 3402 et
2430 3355 2629 3418 prater
2675 3362 2799 3400 eum
2843 3360 3006 3400 nemo
3048 3345 3154 3401 hoc
3202 3350 3402 3414 potest.
3458 3345 3527 3398 Et

1925 3438 2142 3510 quando
2190 3423 2410 3508 quidem
2454 3436 2601 3491 Deus
2652 3434 2802 3489 solus
2837 3433 3080 3503 judicare
3129 3439 3327 3503 potest,
3359 3433 3527 3488 homo

1926 3542 2058 3582 vero
2087 3542 2215 3594 non,
2270 3525 2398 3596 quia
2442 3540 2546 3580 nec
2594 3523 2834 3594 seipsum
2865 3522 2996 3577 satis
3027 3521 3300 3594 intelligit.
3336 3521 3528 3594 Itaque

1926 3617 2104 3672 nolite
2130 3615 2393 3685 judicare
2435 3630 2545 3680 me,
2579 3612 2665 3668 vel
2696 3611 2863 3666 alium
2893 3615 3028 3666 ante
3058 3614 3301 3682 tempus,
3333 3609 3389 3664 id
3421 3617 3526 3677 est,

1927 3720 2073 3759 nunc
2103 3719 2228 3759 cum
2257 3703 2435 3758 adhuc
2484 3701 2699 3757 occulta
2730 3700 2914 3767 latent,
2948 3699 3304 3772 quoadusque
3333 3701 3530 3754 veniat

1929 3793 2200 3849 Dominus
2229 3792 2300 3846 ad
2326 3791 2587 3861 judicium
2619 3807 2632 3844 :
2667 3791 2765 3862 qui
2794 3789 2978 3860 utique
3008 3787 3206 3856 veniet,
3232 3796 3285 3842 et
3315 3789 3530 3844 illumi-

1929 3883 2109 3947 nabit,
2143 3881 2197 3935 id
2229 3887 2312 3935 est
2341 3879 2520 3951 palam
2551 3878 2731 3944 faciet,
2779 3877 3105 3934 abscondita
3141 3878 3528 3945 tenebrarum,

1931 3971 1986 4026 id
2017 3978 2100 4026 est
2137 3979 2505 4040 peccatorum.
2551 3968 2675 4040 quia
2715 3967 2858 4022 inter
2895 3974 3121 4037 peccata
3171 3967 3421 4038 quadam
3451 3966 3535 4022 la-

1932 4067 2045 4114 tent
2074 4059 2364 4115 absconsa.
2399 4057 2505 4126 Qui
2535 4057 2697 4112 etiam
2714 4055 3110 4127 manifestabit
3135 4056 3374 4111 consilia
3404 4071 3533 4111 cor-

1933 4149 2110 4213 dium,
2143 4147 2198 4202 id
2219 4155 2304 4202 est
2340 4162 2507 4218 opera
2537 4146 2702 4212 bona,
2734 4161 2857 4216 quae
2885 4160 2952 4200 ex
2981 4143 3208 4199 consilio
3240 4151 3293 4199 et
3321 4143 3540 4201 delibe-

1935 4238 2142 4292 ratione
2188 4235 2322 4292 recti
2366 4235 2550 4292 cordis
2595 4234 2733 4291 facta
2765 4241 2908 4300 sunt,
2957 4237 3013 4288 et
3047 4237 3185 4289 tunc
3215 4233 3271 4287 in
3299 4233 3541 4292 adventu

1934 4326 2027 4382 illo
2055 4326 2361 4398 unicuique
2391 4325 2485 4397 qui
2514 4341 2579 4381 ex
2610 4323 2840 4381 consilio
2869 4321 3052 4379 cordis
3083 4329 3230 4378 recte
3258 4321 3390 4394 egit,
3425 4325 3543 4380 erit

1938 4417 2062 4471 laus
2092 4432 2126 4470 a
2155 4415 2409 4471 Domino.

2011 4504 2170 4572 Quod
2201 4519 2365 4574 supra
2395 4502 2465 4557 ait
2486 4501 2795 4558 Corinthios
2815 4500 3002 4557 dicere
3038 4516 3050 4555 :
3075 4503 3194 4573 Ego
3222 4501 3540 4570 sumIPauli,

234 4613 258 4642 ι
295 4591 369 4645 ad
420 4607 534 4657 vos,
583 4591 663 4647 sic
708 4591 874 4646 inﬂati
921 4599 1047 4646 sunt
1091 4589 1328 4662 quidam.
1382 4588 1607 4644 Veniam
1655 4593 1909 4656 autemD
1938 4608 2044 4666 ego
2084 4609 2202 4647 sum
2258 4591 2472 4663 Apollo,
2533 4590 2751 4662 eXponit
2796 4590 2884 4646 hic
2927 4591 3201 4662 quomodo
3255 4590 3546 4664 ﬁgurative

234 4702 259 4730 ι
298 4680 371 4734 ad
402 4696 500 4734 vos
526 4681 652 4746 cito,
706 4680 752 4734 si
794 4680 1064 4736 Dominus
1109 4678 1373 4735 voluerit:
1408 4685 1460 4732 et
1501 4690 1836 4749 cognoscam

230 4793 252 4816 ιι
295 4784 410 4824 non
439 4786 746 4825 sermonem
784 4786 975 4826 eorum
1026 4769 1118 4842 qui
1164 4768 1335 4824 inﬂati
1364 4774 1506 4835 sunt,
1542 4766 1640 4821 sed
1670 4765 1840 4820 virtu-

233 4880 258 4909 ι
300 4867 432 4914 tem.
466 4860 587 4915 Non
618 4859 760 4914 enim
792 4861 848 4914 in
878 4874 1134 4914 sermone
1155 4866 1238 4914 est
1255 4872 1487 4930 regnum
1519 4855 1637 4920 Dei,
1664 4854 1762 4910 sed
1783 4853 1840 4908 in

232 4969 259 4999 ι
298 4948 517 5004 virtute.
571 4948 714 5017 Quid
743 4949 905 5005 vultis
926 4950 954 5003 ?
993 4950 1054 5003 lu
1084 4948 1241 5019 virga
1278 4946 1489 5002 veniam
1520 4945 1590 5000 ad
1618 4961 1737 5013 vos,
1771 4959 1839 4998 an

238 5059 262 5088 ι
303 5037 360 5093 in
381 5038 644 5095 charitate
675 5047 726 5094 et
753 5038 943 5110 spiritu
972 5036 1407 5093 mansuetudinis
1427 5035 1455 5089 ?
1493 5059 1514 5083 ιο

887 5205 1201 5246 EXPOSITIO.

311 5312 455 5382 Quia
483 5312 649 5369 modo
681 5310 818 5367 adeo
847 5327 906 5366 se
953 5311 1332 5366 humiliaverat
1382 5308 1597 5376 Paulus,
1630 5307 1840 5371 dicens,

233 5411 292 5458 et
321 5404 519 5475 Apollo
550 5402 716 5457 vestri
761 5408 903 5468 sunt,
947 5417 1016 5455 ne
1054 5409 1349 5471 propterea
1380 5398 1702 5454 inﬂarentur
1734 5397 1844 5451 Co-

233 5494 444 5559 rinthii,
479 5492 614 5548 dicit
644 5508 705 5546 se
752 5507 876 5546 esse
923 5507 1136 5564 magna:
1184 5489 1485 5562 dignitatis,
1523 5487 1652 5560 quia
1679 5486 1845 5540 mini-

226 5592 372 5639 stros
401 5583 623 5650 Christi,
679 5589 782 5637 etc.
835 5580 1032 5636 Littera
1063 5579 1141 5634 sic
1165 5579 1430 5652 jungitur,
1456 5577 1582 5633 licet
1621 5574 1846 5646 praemi-

228 5674 405 5730 serim
435 5689 544 5746 ego
578 5669 784 5726 Paulus
806 5676 858 5724 et
878 5669 1074 5740 Apollo
1104 5667 1273 5724 vestri
1294 5684 1484 5722 sumus
1518 5683 1531 5721 :
1563 5673 1743 5720 tamen
1766 5665 1846 5719 sic

227 5781 336 5823 nos
366 5764 676 5823 existimet
709 5758 871 5817 homo
901 5758 1210 5832 quicunque
1239 5764 1323 5814 est
1349 5757 1492 5813 inter
1513 5753 1844 5819 Corinthios,

1940 4683 2045 4738 hoc
2092 4681 2304 4748 dixerit,
2374 4679 2738 4752 signiﬁcando
2803 4679 2928 4734 illos
2975 4679 3045 4735 de
3088 4679 3287 4751 quibus
3333 4679 3548 4751 gloria-

1941 4771 2140 4826 bantur
2204 4787 2306 4841 per
2349 4786 2550 4825 nomen
2613 4785 2793 4835 suum,
2862 4776 2913 4824 et
2981 4785 3080 4840 per
3133 4769 3327 4839 Apollo
3391 4771 3546 4840 quod

1941 4860 2128 4931 utique
2159 4859 2286 4916 fecit
2311 4859 2367 4914 in
2397 4859 2705 4930 exemplum
2749 4858 3079 4914 humilitatis.
3125 4858 3281 4914 Unde
3311 4858 3390 4914 sic
3416 4859 3493 4914 ait
3532 4877 3546 4916 :

1943 4949 2100 5019 Quod
2132 4966 2300 5020 supra
2327 4949 2487 5020 posui
2507 4965 2604 5004 vos
2624 4948 2826 5016 dicere,
2853 4964 2958 5020 ego
2987 4963 3109 5002 sum
3130 4947 3344 5019 Apollo,
3377 4947 3544 5006 99

1943 5055 2049 5112 ego
2079 5038 2247 5105 Pauli,
2279 5054 2390 5094 non
2418 5038 2542 5094 ideo
2574 5038 2652 5094 sic
2699 5037 2803 5094 feci
2839 5037 2984 5109 quod
3032 5037 3101 5092 de
3149 5037 3308 5093 nobis
3350 5037 3553 5111 gloria-

1942 5127 2179 5192 remini;
2210 5127 2328 5196 sed,
2379 5143 2412 5182 ο
2459 5130 2695 5199 fratres,
2747 5143 2842 5200 ego
2891 5126 3316 5197 transﬁgurari,
3363 5126 3418 5182 id
3465 5137 3551 5184 est

1944 5216 2209 5284 transtuli,
2242 5217 2357 5272 hac
2384 5217 2558 5283 inme,
2585 5215 2867 5289 figurative
2897 5215 3148 5287 loquens,
3172 5216 3300 5270 dum
3322 5217 3551 5274 nomina

1944 5313 2127 5362 nostra
2157 5305 2262 5360 illis
2290 5306 2498 5376 pseudo
2531 5305 2912 5361 attribuebam.
2963 5306 3094 5361 Haec
3137 5305 3325 5378 utique
3357 5313 3545 5363 trans-

1947 5394 2178 5467 ﬁguravi
2204 5395 2259 5449 in
2287 5412 2374 5451 me
2403 5399 2458 5450 et
2488 5395 2551 5450 in
2582 5395 2798 5467 Apollo,
2833 5403 2885 5450 et
2913 5395 3016 5449 hoc
3032 5399 3270 5466 propter
3291 5412 3381 5452 vos
3411 5395 3549 5452 insi-

1946 5485 2215 5549 nuandos,
2252 5489 2318 5539 ut
2347 5500 2445 5539 vos
2473 5483 2708 5540 discatis
2736 5485 2799 5540 in
2837 5484 3014 5549 nobis,
3048 5500 3115 5538 ne
3145 5500 3284 5538 unus
3328 5484 3550 5541 inﬂetur

1947 5574 2214 5630 adversus
2246 5574 2474 5629 alterum
2519 5589 2622 5644 pro
2671 5589 2730 5629 se
2780 5571 2920 5628 facto
2957 5572 3084 5640 alio,
3116 5573 3170 5627 id
3199 5581 3282 5628 est
3309 5573 3554 5647 digniori

1949 5679 2116 5736 quam
2162 5664 2301 5719 alter
2339 5664 2409 5718 sit
2455 5678 2555 5734 per
2601 5662 2857 5718 meritum
2900 5662 2984 5717 sui
3032 5662 3398 5733 baptizatoris.
3451 5664 3553 5720 Vel

1948 5769 2048 5826 pro
2079 5752 2206 5825 alio,
2241 5753 2298 5809 id
2335 5760 2420 5809 est
2464 5767 2566 5824 pro
2607 5751 2822 5823 justiori
2869 5751 3090 5808 doctore
3133 5767 3294 5824 quem
3325 5751 3539 5808 habuit.
