3948 6494
460 379 561 433 143

963 381 1019 436 8.
1052 380 1407 438 BRUNONIS
1464 379 2109 438 CARTHUSIANORUM
2163 380 2647 439 INSTITUTORIS
2703 380 2857 438 OPP.
2913 381 3089 437 PARS
3140 382 3215 438 Il.

3647 388 3751 443 1“

457 502 540 557 Ne
571 502 830 558 inﬂemini
856 503 998 571 dico,
1027 512 1251 576 agentes
1282 505 1428 577 quod
1459 521 1643 576 supra.
1687 504 1954 577 Scriptum
1973 512 2054 559 est
2072 510 2127 567 Α
2160 504 2440 560 novissimi
2468 522 2655 561 sumus
2689 523 2702 560 :
2736 520 2863 560 nam
2890 504 3139 561 destinati
3160 505 3357 573 morti;
3388 522 3513 563 nam
3532 518 3757 582 specta-

460 591 732 661 superius,
762 600 821 646 ut
860 592 950 664 qui
996 592 1278 665 gloriatur,
1329 609 1438 649 non
1480 595 1535 648 in
1566 594 1761 649 merito
1790 594 2043 659 hominis,

458 678 557 733 sed
587 678 641 733 in
671 680 902 736 Domino
931 681 1232 753 glorietur;
1263 697 1372 736 non
1401 682 1572 737 debes
1593 682 1768 737 inﬂari
1784 683 2048 737 adversus

454 766 731 822 alterum:
779 770 901 841 quis
945 769 1090 824 enim
1136 778 1219 825 est
1261 770 1351 842 qui
1398 778 1450 826 te
1494 771 1756 827 discernit
1801 771 1871 826 ab
1917 772 2044 837 alio,

453 856 633 911 sciens
680 857 870 913 merita
916 858 1297 931 singulorum?
1330 858 1535 914 Stultus
1581 860 1766 931 utique
1810 868 1912 929 est,
1955 858 2047 931 qui

452 952 506 999 te
534 944 845 1001 discernere
885 947 1181 1018 praesumit.
1232 948 1434 1003 Iterum
1478 964 1586 1003 non
1626 948 1795 1003 debes
1832 948 2042 1014 inﬂari;

451 1033 578 1106 quia
606 1036 739 1108 quid
769 1036 935 1092 habes
965 1044 1020 1091 tu
1049 1036 1117 1091 ab
1148 1036 1240 1091 illo
1279 1037 1504 1093 doctore
1537 1038 1606 1092 de
1652 1053 1759 1109 quo
1788 1037 2045 1109 gloriaris

449 1125 592 1196 quod
618 1141 733 1181 non
762 1126 1035 1195 accepisti
1065 1142 1095 1179 a
1124 1142 1211 1180 me
1241 1127 1269 1181 ?
1299 1126 1470 1196 Magis
1524 1126 1710 1198 utique
1742 1142 1774 1181 a
1815 1143 1904 1181 me
1944 1142 2043 1183 ac-

448 1212 661 1282 cepisti,
693 1212 817 1285 quia
847 1212 1031 1283 tidem,
1065 1229 1225 1286 quam
1259 1214 1327 1269 ab
1359 1215 1472 1269 illo.
1505 1215 1705 1270 Iterum
1734 1230 1844 1270 non
1874 1216 2043 1271 debes

449 1300 664 1368 inﬂari;
698 1301 822 1372 quia
851 1304 901 1357 si
929 1305 1198 1374 accepisti
1218 1319 1247 1357 a
1269 1320 1376 1369 me,
1401 1304 1533 1376 quid
1561 1305 1626 1359 de
1654 1304 1760 1359 alio
1778 1306 2044 1376 gloriaris

448 1392 608 1461 quasi
637 1407 751 1445 non
780 1392 1064 1462 acceperis
1095 1407 1128 1446 a
1148 1407 1235 1446 me
1250 1392 1396 1462 quod
1418 1393 1488 1447 ab
1504 1392 1596 1447 illo
1613 1393 1640 1445 Ὺ
1661 1392 1839 1465 magis
1858 1393 2042 1463 utique

447 1492 481 1532 a
509 1492 617 1533 me.
653 1478 753 1533 Vel
781 1478 938 1533 aliter
971 1496 984 1532 :
1029 1480 1151 1534 Noli
1198 1478 1374 1535 inﬂari
1404 1480 1532 1552 quia
1576 1481 1694 1552 quis
1742 1489 1824 1535 est
1868 1481 1959 1552 qui
1989 1488 2041 1535 te

451 1564 715 1621 discernit
742 1582 776 1621 a
812 1583 993 1621 massa
1022 1568 1357 1636 perditorum
1385 1568 1439 1622 in
1469 1568 1661 1637 Adam,
1692 1576 1749 1623 ut
1778 1568 1941 1625 faciat
1986 1576 2040 1623 te

448 1654 628 1710 vasin
670 1656 936 1711 honorem
992 1656 1095 1710 nisi
1154 1658 1298 1712 Deus
1355 1657 1548 1711 solus?
1601 1658 1777 1712 Nemo
1830 1658 2037 1728 utique,

446 1743 639 1799 iterum
670 1759 741 1798 ne
769 1743 1014 1810 inﬂeris;
1046 1744 1174 1815 quia
1203 1745 1331 1816 quid
1379 1744 1551 1800 habes
1583 1754 1637 1799 tu
1667 1745 1794 1801 boni
1832 1746 1902 1800 ab
1932 1746 2037 1800 ali-

2148 595 2330 651 culum
2358 595 2580 649 mundo.
2616 596 2682 649 Et
2725 603 2922 651 caetera
2971 595 3216 650 similiter
3252 605 3613 667 exponantur,
3649 599 3751 654 sed

2146 684 2369 739 ironice.
2402 685 2515 739 Nos
2563 683 2726 749 stulti,
2767 700 2866 738 vos
2913 685 3243 754 prudentes;
3277 700 3374 741 vos
3424 685 3611 755 fortes,
3644 703 3751 743 nos

2145 772 2391 838 debiles;
2433 772 2520 827 hic
2565 773 2759 827 eadem
2805 772 3001 827 ironia.
3066 772 3181 828 Nec
3221 774 3394 828 solum
3456 776 3749 846 praemissa

2143 860 2290 915 mala
2320 861 2570 931 patimur,
2603 860 2701 915 sed
2730 876 2763 915 a
2793 860 3062 931 principio
3100 862 3505 932 praedicationis
3536 872 3746 921 nostrae

2149 965 2320 1021 usque
2336 950 2398 1003 in
2417 950 2563 1004 hanc
2576 951 2791 1014 horam,
2807 953 2863 1004 et
2880 952 3162 1005 esurimus
3173 954 3229 1005 et
3241 952 3471 1007 sitimus
3489 957 3577 1017 ;et
3599 953 3747 1008 nudi

2144 1054 2357 1104 sumus,
2379 1041 2434 1092 et
2456 1037 2708 1108 colaphis
2729 1038 3086 1103 credimur,et
3106 1037 3404 1095 instabiles
3424 1057 3645 1107 sumus,
3672 1040 3743 1097 de

2141 1124 2265 1180 loco
2285 1125 2355 1180 ad
2376 1126 2554 1181 locum
2576 1124 2747 1197 fugati
2771 1143 2785 1191 ;
2816 1130 2871 1181 et
2892 1124 3211 1183 laboramus
3231 1132 3533 1197 operante:
3556 1131 3743 1184 mani-

2143 1212 2241 1268 bus
2270 1216 2499 1279 nostris,
2521 1214 2665 1267 unde
2688 1214 2887 1268 victum
2919 1214 3235 1269 habeamus.
3257 1216 3651 1273 Maledicimur
3669 1216 3740 1271 ab

2141 1300 2341 1372 impiis,
2365 1306 2421 1357 et
2442 1317 2543 1355 nos
2560 1300 2938 1357 benedicimus
2958 1302 3097 1358 illos.
3114 1305 3379 1359 Patimur
3393 1307 3740 1376 persecutio-

2141 1407 2293 1455 nem,
2324 1388 2561 1445 100
2596 1394 2652 1444 et
2691 1392 3044 1446 sustinemus
3075 1391 3347 1446 alacriter.
3374 1393 3738 1466 Blasphema-

2139 1495 2289 1545 mur,
2316 1482 2373 1533 et
2414 1476 2768 1533 obsecramus
2811 1478 3025 1549 impios,
3076 1496 3145 1534 ne
3195 1480 3597 1551 blasphement,
3651 1483 3743 1538 vel

2140 1566 2332 1631 Deum,
2352 1575 2405 1619 ut
2431 1566 2675 1636 ignoscat
2697 1566 3218 1636 blasphemantibus.
3243 1569 3311 1623 Et
3339 1569 3475 1624 adeo
3504 1570 3741 1625 saeviunt

2138 1654 2191 1708 in
2222 1670 2341 1721 nos,
2368 1655 2511 1726 quod
2532 1656 2677 1723 facii
2696 1671 2892 1709 sumus
2918 1659 3197 1728 tanquam
3217 1662 3599 1729 purgamenta
3637 1657 3746 1714 hu-

2127 1745 2226 1814 jus
2244 1743 2464 1796 mundi.
2482 1743 2703 1797 Videtur
2720 1743 2861 1797 enim
2881 1743 2987 1797 illis
3013 1744 3159 1815 quod
3194 1745 3430 1799 mundus
3460 1746 3530 1801 de
3569 1746 3735 1801 nobis

442 1847 571 1903 quo,
604 1833 749 1904 quod
796 1847 906 1887 non
949 1832 1205 1903 accepisti
1235 1848 1268 1887 a
1300 1833 1456 1888 Deo?
1504 1834 1652 1888 Deus
1699 1834 1863 1887 totius
1910 1834 2036 1889 boni
2065 1866 2117 1925 Β
2137 1830 2425 1900 polluatur,
2451 1838 2502 1884 et
2547 1846 2648 1900 per
2690 1830 2964 1885 interitum
2993 1840 3237 1886 nostrum
3267 1841 3549 1906 purgetur.
3582 1834 3736 1891 Facti

442 1927 526 1974 est
553 1918 803 1989 largitor.
862 1922 1062 1975 lterum
1111 1936 1218 1975 non
1246 1921 1418 1975 debes
1474 1921 1650 1976 inflari
1675 1940 1689 1987 ;
1743 1922 1867 1993 quia
1898 1922 1943 1976 si
1980 1930 2034 1977 tu
2065 1918 2115 1925 ”
2137 1935 2325 1972 sumus
2347 1918 2531 1989 utique
2551 1920 2886 1991 peripsema,
2934 1918 2988 1974 id
3023 1929 3105 1975 est
3152 1922 3404 1993 purgatio
3430 1924 3692 1979 omnium
3712 1944 3735 1991 ,-

440 2008 697 2079 accepisti
725 2008 929 2080 aliquid
958 2024 993 2063 a
1022 2010 1156 2077 Deo,
1216 2010 1347 2081 quid
1375 2008 1625 2082 gloriaris
1669 2010 1814 2074 inde,
1865 2010 2034 2065 ascri-

440 2097 578 2152 bens
602 2098 709 2152 hoc
728 2097 923 2152 merito
944 2097 1199 2162 hominis,
1246 2098 1398 2169 quasi
1439 2114 1548 2153 non
1578 2099 1853 2169 acceperis
1899 2098 2033 2153 illud

439 2200 475 2240 a
502 2186 618 2241 Deo
646 2187 675 2241 ‘l
703 2185 837 2241 Dico
857 2202 925 2241 ne
953 2185 1279 2258 gloriamini,
1303 2188 1402 2241 sed
1424 2188 1564 2241 male
1585 2187 1708 2243 dico
1733 2207 1747 2253 ;
1781 2188 1907 2258 quia
1934 2203 2032 2242 vos

441 2274 635 2329 merito
663 2274 875 2329 debetis
904 2274 1128 2346 gloriari
1159 2292 1173 2329 :
1192 2278 1320 2347 jam
1349 2275 1493 2330 enim
1523 2278 1661 2331 estis
1682 2277 1952 2342 saturati,
1976 2276 2032 2331 id

440 2372 521 2418 est
552 2363 680 2417 satis
706 2363 915 2418 habetis
946 2363 1086 2418 bona
1106 2362 1162 2417 in
1192 2364 1345 2419 vobis
1368 2383 1382 2429 ;
1398 2367 1523 2436 jam
1544 2366 1705 2419 etiam
1727 2366 1875 2435 facti
1894 2367 2030 2420 estis

439 2452 660 2520 divites,
692 2452 955 2506 habentes
1011 2452 1158 2523 quod
1203 2452 1458 2507 dividatis
1515 2453 1793 2525 singulis;
1853 2454 2030 2508 etiam

437 2542 711 2610 regnetis,
744 2539 799 2594 id
829 2547 913 2594 est
941 2555 1038 2595 vos
1067 2539 1216 2611 ipsos
1247 2540 1386 2596 bene
1439 2541 1630 2613 regitis
1686 2541 1803 2596 sine
1848 2540 2026 2598 nobis.

434 2628 563 2684 Haec
595 2628 777 2684 omnia
804 2629 1027 2693 ironice,
1063 2629 1160 2683 sed
1189 2630 1386 2684 amodo
1416 2629 1581 2684 serio.
1613 2631 1876 2700 Regnalis
1904 2629 2028 2685 dico

437 2718 515 2786 (et
543 2720 774 2773 utinam
793 2717 849 2771 in
877 2718 1101 2773 veritate
1118 2718 1408 2789 regnetis).
1429 2718 1545 2773 Hoc
1573 2718 1717 2773 enim
1747 2734 2022 2788 cuperem,

432 2812 492 2859 ut
520 2805 784 2878 regimine
809 2814 998 2861 nostro
1028 2821 1138 2861 non
1162 2806 1521 2878 indigeretis;
1553 2806 1625 2860 ita
1670 2806 1912 2874 regnetis
1960 2810 2027 2862 ut

432 2898 489 2949 et
518 2909 620 2949 nos
639 2910 936 2965 regnemus
961 2894 1262 2959 vobiscum,
1297 2894 1352 2947 id
1387 2902 1465 2948 est
1513 2901 1572 2948 ut
1601 2910 1699 2949 vos
1746 2894 1802 2947 in
1851 2909 2025 2967 regno

430 2981 523 3037 illo
551 2982 817 3054 dignitate
844 2985 970 3038 vita:
1010 2998 1113 3037 nos
1159 2982 1561 3052 praecederetis.
1614 2982 1826 3037 Mallem
1875 2992 2023 3038 certe

433 3085 531 3126 vos
560 3070 772 3142 praeire,
821 3077 875 3126 et
921 3085 1009 3125 me
1052 3071 1229 3141 sequi,
1271 3086 1428 3141 quam
1458 3086 1763 3137 converso;
1797 3070 1923 3142 quia
1954 3071 2023 3125 de

430 3174 518 3214 me
548 3159 750 3214 certior
780 3174 901 3212 sum
931 3174 1096 3230 quam
1116 3159 1183 3212 de
1206 3158 1380 3213 vobis.
1405 3160 1604 3213 Iterum
1624 3158 1830 3215 ironice
1863 3176 1877 3215 :
1914 3160 2021 3213 Vos

431 3248 616 3318 utique
663 3246 927 3319 regnetis,
977 3261 1080 3302 nos
1123 3246 1381 3314 minime;
1415 3247 1539 3318 quia
1585 3252 1723 3320 puto
1749 3249 1892 3321 quod
1921 3264 2019 3303 vos

430 3335 685 3406 equidem
722 3335 922 3405 putatis
956 3352 969 3389 :
1001 3336 1108 3390 hoc
1155 3335 1362 3390 scilicet
1403 3335 1546 3407 quod
1594 3338 1741 3391 Deus
1771 3336 2020 3393 ostendit

429 3439 532 3480 nos
560 3424 909 3488 novissimos,
943 3422 998 3477 id
1028 3431 1109 3478 est
1124 3423 1424 3478 deteriores
1444 3430 1496 3478 et
1516 3423 1716 3479 nullius
1736 3424 2019 3496 dignitatis

429 3512 727 3582 apostolos.
750 3511 864 3566 Nos
881 3510 1005 3567 dico
1028 3516 1297 3584 tanquam
1315 3512 1628 3568 destinatos
1644 3515 1838 3578 morti,
1861 3512 1916 3566 id
1936 3520 2020 3568 est

424 3601 553 3672 quia
581 3600 716 3657 adeo
745 3599 1039 3672 afﬂigimur
1079 3616 1180 3671 pro
1210 3600 1439 3667 Christo,
1490 3608 1549 3655 ut
1585 3601 1927 3657 solummodo
1947 3600 2017 3654 ad

423 3697 652 3745 mortem
680 3689 795 3744 nati
836 3688 1118 3744 videamur
1151 3706 1165 3743 :
1196 3698 1484 3760 propterea
1528 3690 1685 3745 vobis
1729 3689 1785 3743 in
1814 3690 2016 3745 mundo

424 3777 762 3843 ﬂorentibus,
820 3776 1150 3848 contemptui
1212 3794 1423 3833 sumus.
1484 3778 1614 3833 Ideo
1679 3778 1841 3833 etiam
1890 3778 2016 3849 quia

429 3868 821 3937 spectaculum
846 3867 993 3936 facti
1017 3882 1211 3921 sumus
1240 3866 1363 3922 huic
1393 3866 1603 3922 mundo
1635 3886 1653 3921 :
1685 3865 2016 3922 conveniunt

423 3954 570 4009 enim
597 3969 790 4009 omnes
819 3954 885 4008 ad
913 3954 1321 4026 oppressionem
1350 3955 1542 4020 nostri,
1577 3962 1631 4010 et
1658 3954 1797 4010 mala
1827 3964 2015 4010 nostra

422 4042 584 4098 ludus
615 4050 699 4098 est
727 4058 936 4097 eorum.
969 4042 1104 4098 Huic
1131 4043 1346 4099 mundo
1370 4043 1494 4099 dico
1523 4058 1535 4097 :
1568 4058 1696 4098 nam
1716 4047 1773 4098 et
1791 4044 2011 4112 angelis

420 4130 600 4197 malis,
650 4131 742 4203 qui
771 4131 1008 4204 gaudent
1038 4131 1107 4186 de
1155 4130 1447 4187 atilictione
1499 4131 1688 4199 nostri,
1735 4134 1791 4187 et
1833 4131 2012 4186 homi-

416 4219 603 4275 nibus.
663 4220 733 4273 Et
789 4219 912 4274 ideo
956 4236 1057 4275 nos
1121 4228 1429 4290 reputamur
1488 4219 1678 4285 stulti;
1727 4218 1824 4273 sed
1872 4219 2010 4275 hanc

420 4307 694 4362 stultitiam
717 4308 919 4363 bonum
932 4317 1077 4363 esset
1089 4307 1287 4362 imitari
1308 4326 1322 4374 ;
1339 4307 1464 4378 quia
1474 4323 1613 4379 prop
1621 4311 1709 4362 ter
1722 4307 2009 4363 Christum

421 4413 523 4452 nos
570 4398 755 4467 stulti,
787 4413 877 4453 vos
915 4401 1108 4453 autem
1130 4397 1443 4468 prudentes
1474 4396 1537 4450 in
1570 4395 1787 4452 Christo
1816 4415 1834 4451 :
1864 4395 2008 4468 quod

420 4484 606 4556 utique
634 4500 737 4541 nec
784 4485 935 4551 estis,
977 4500 1081 4542 nec
1109 4501 1234 4540 esse
1280 4482 1510 4539 debetis.
1555 4485 1662 4539 Nos
1708 4485 1928 4554 inﬁrmi
1955 4492 2009 4539 et

2134 2006 2260 2078 quia
2275 2008 2389 2076 jam
2410 2023 2600 2061 omnes
2629 2016 2982 2078 purgarentur
3010 2009 3055 2062 si
3087 2025 3195 2064 non
3225 2026 3493 2079 essemus,
3527 2012 3626 2066 sed
3657 2013 3731 2069 de

2133 2096 2291 2150 nobis
2339 2095 2669 2166 polluuntur.
2704 2097 3017 2167 Peripsema
3054 2098 3253 2153 dicitur
3277 2105 3733 2170 purgamentum

2129 2186 2302 2255 pomi,
2328 2183 2413 2239 vel
2444 2201 2648 2256 spuma
2675 2186 2819 2255 ferri
2849 2186 3147 2240 secundum
3177 2187 3556 2255 Ambrosium;
3588 2189 3732 2246 tales

2132 2272 2253 2327 facti
2285 2289 2473 2327 sumus
2500 2289 2531 2327 a
2561 2273 2826 2343 principio
2856 2274 3044 2328 mundi
3076 2291 3248 2347 usque
3276 2276 3486 2332 adhuc.

2202 2360 2341 2429 Quia
2368 2377 2558 2431 aspere
2600 2361 2814 2416 locutus
2854 2362 3028 2416 fuerat
3077 2364 3389 2429 Corinthiis,
3422 2365 3611 2436 incipit
3641 2366 3727 2423 eis

2130 2449 2322 2504 iterum
2361 2450 2616 2515 blandiri,
2667 2450 2855 2505 dicens
2889 2451 3072 2506 :Licet
3112 2452 3317 2508 ironice
3362 2453 3593 2509 dixerim
3623 2471 3729 2511 vos

2128 2537 2443 2607 prudentes,
2497 2537 2665 2592 fortes
2695 2546 2745 2592 et
2774 2539 3004 2606 nobiles,
3037 2548 3217 2595 tamen
3248 2558 3361 2619 non
3394 2541 3573 2598 scribo
3605 2543 3726 2600 hwe

2128 2630 2194 2679 ut
2220 2626 2567 2697 confundam
2590 2643 2698 2689 vos,
2725 2634 2777 2682 et
2797 2628 3126 2683 erubescere
3142 2628 3338 2684 faciam
3362 2648 3376 2695 ;
3404 2631 3501 2686 sed
3521 2647 3724 2688 moneo

2128 2730 2240 2783 vos,
2270 2730 2415 2769 nunc
2447 2715 2667 2780 blande,
2686 2731 2830 2771 nunc
2849 2732 3067 2786 aspere,
3091 2722 3155 2772 ut
3182 2733 3335 2773 meos
3356 2720 3723 2777 charissima:

2125 2802 2292 2870 ﬁlios.
2326 2804 2464 2858 Vere
2510 2803 2677 2871 ﬁlios,
2728 2820 2864 2858 nam
2911 2806 2963 2859 si
3012 2804 3267 2861 habeatis
3309 2806 3499 2862 decem
3528 2809 3720 2864 millia

2122 2891 2564 2962 paedagogorum,
2598 2890 2651 2945 id
2682 2900 2764 2945 est
2813 2892 3201 2964 magistrorum
3232 2894 3419 2962 (etiam
3475 2895 3721 2951 fidelium

2123 2978 2187 3033 in
2212 2977 2473 3050 Christo),
2501 2984 2691 3035 tamen
2711 2997 2825 3036 non
2842 2981 3058 3035 habetis
3072 2984 3281 3038 multos
3289 2988 3503 3055 patres,
3529 3000 3725 3041 secun-

2124 3066 2250 3121 dum
2283 3064 2446 3121 fidem
2480 3085 2493 3121 :
2527 3084 2660 3123 vere
2704 3084 2813 3123 non
2842 3070 3071 3132 multos.
3104 3085 3230 3124 nam
3259 3087 3348 3126 me
3378 3071 3574 3127 solum.
3606 3074 3718 3145 Ego

2124 3156 2279 3209 enim
2325 3158 2496 3227 genui
2535 3173 2626 3211 vos
2654 3157 2716 3211 in
2765 3156 2987 3214 Christo
3017 3160 3182 3224 Jesu,
3212 3176 3317 3232 per
3344 3160 3719 3233 Evangelium

2046 3219 2093 3279 θ
2120 3219 2345 3299 meum:
2361 3245 2429 3298 Et
2458 3245 2672 3315 quando
2705 3245 2926 3316 quidem
2956 3261 3061 3318 ego
3089 3219 3261 3317 pater,
3295 3264 3394 3303 vos
3415 3219 3529 3303 filii:
3562 3250 3718 3321 Ergo

2119 3348 2248 3402 rogo
2264 3348 2377 3398 vos,
2400 3335 2633 3403 fratres,
2655 3338 2832 3389 estote
2859 3336 2971 3389 mei
2993 3335 3714 3408 imitatores,utﬁliipatris.

2118 3420 2245 3475 Ideo
2293 3420 2438 3475 enim
2486 3420 2611 3492 quia
2655 3421 2752 3475 ﬁlii
2790 3422 2939 3488 estis,
2986 3430 3039 3478 et
3084 3432 3142 3477 ut
3188 3424 3482 3481 imitatores
3530 3427 3653 3482 sitis
3700 3444 3715 3483 :

2117 3509 2248 3563 misi
2276 3507 2350 3563 ad
2378 3525 2470 3564 vos
2507 3510 2876 3576 Timotheum,
2899 3513 2995 3582 qui
3028 3515 3113 3566 est
3137 3513 3293 3580 ﬁlius
3314 3530 3472 3569 meus
3493 3513 3717 3572 charis-

2118 3597 2297 3651 simus
2328 3602 2383 3652 et
2414 3597 2595 3659 ﬁdelis
2615 3599 2679 3652 in
2702 3600 2953 3664 Domino,
2992 3607 3046 3653 et
3064 3599 3187 3656 huic
3207 3600 3557 3672 acquiescite.
3590 3603 3717 3659 Misi

2114 3683 2242 3738 ideo
2252 3691 2309 3738 ut
2330 3684 2398 3738 sit
2417 3686 2512 3756 qui
2539 3701 2630 3741 vos
2671 3690 3142 3758 commonefaciat
3162 3691 3280 3744 vias
3299 3705 3474 3757 meas,
3492 3698 3549 3744 ut
3571 3691 3720 3747 sicut

2114 3787 2240 3842 ego,
2275 3772 2356 3828 sic
2380 3780 2434 3828 et
2460 3788 2579 3838 vos,
2603 3773 2661 3827 in
2688 3775 2835 3829 omni
2859 3775 3066 3843 justitia
3094 3776 3381 3832 ambuletis
3408 3794 3421 3831 :
3451 3792 3575 3850 quae
3604 3780 3714 3836 viae

2112 3865 2251 3915 sunt
2278 3860 2612 3925 insistendaa,
2647 3863 2770 3934 quia
2802 3872 2925 3918 sunt
2945 3866 3008 3919 in
3032 3866 3256 3922 Christo
3281 3867 3432 3933 Jesu,
3457 3874 3511 3921 et
3525 3869 3714 3924 omnis

2112 3948 2361 4004 Ecclesia
2426 3950 2675 4021 sequitur
2722 3967 2837 4007 eas.
2890 3951 3050 4021 Quod
3095 3954 3170 4009 ita
3217 3954 3293 4009 ait
3337 3972 3353 4009 :
3404 3954 3555 4011 Sicut
3599 3972 3712 4029 ego

2110 4037 2282 4093 doceo
2308 4038 2531 4110 ubique,
2564 4054 2667 4094 nec
2694 4041 2900 4110 passim
2929 4041 2984 4094 in
3014 4042 3181 4114 agris,
3214 4042 3313 4097 sed
3342 4042 3397 4097 in
3420 4043 3569 4099 omni
3598 4046 3713 4101 Ec-

2110 4125 2298 4181 clesia.
2373 4126 2480 4182 Per
2538 4128 2684 4183 hunc
2731 4129 3069 4185 Timotheum
3133 4130 3331 4186 dicitur
3404 4133 3708 4203 Apostolus

2110 4214 2326 4269 misisse
2355 4215 2495 4270 hanc
2535 4216 2833 4286 Epistolam
2878 4217 3169 4273 Corinthiis
3200 4236 3214 4273 :
3245 4219 3459 4275 locutus
3487 4228 3573 4275 est
3603 4238 3708 4277 su-

2107 4302 2289 4373 perius
2317 4302 2384 4358 de
2434 4303 2852 4373 baptizatoribus
2896 4306 3020 4371 illis,
3071 4315 3125 4362 et
3150 4307 3283 4361 satis
3310 4308 3564 4378 probavit
3589 4326 3706 4366 non

2108 4406 2277 4446 unum
2305 4390 2709 4461 praeferendum
2755 4410 2877 4449 esse
2905 4394 3077 4450 alteri.
3131 4396 3397 4451 Causatus
3425 4404 3509 4451 est
3537 4398 3706 4454 etiam

2106 4478 2229 4534 illos
2259 4479 2327 4535 de
2354 4482 2626 4535 mundana
2646 4481 2928 4552 sapientia,
2962 4483 3109 4554 quod
3135 4482 3315 4539 nimiae
3343 4484 3523 4539 laudis
3553 4496 3707 4543 esset

419 4572 723 4629 imbecilles
754 4573 974 4640 mundo,
1023 4590 1116 4629 vos
1155 4575 1350 4629 autem
1378 4575 1555 4643 fortes
1586 4577 1644 4628 et
1671 4573 1739 4627 de
1769 4573 2006 4644 potentia
2035 4575 2088 4633 D
2110 4567 2253 4638 apud
2283 4567 2423 4636 illos,
2457 4576 2509 4623 et
2538 4568 2606 4624 de
2634 4577 2943 4641 contemptu
2970 4587 3095 4634 suo:
3129 4588 3272 4628 nunc
3294 4581 3476 4629 autem
3505 4576 3705 4631 transit

417 4660 605 4716 mundi
634 4662 954 4734 gloriantes.
990 4664 1084 4719 Vos
1115 4660 1348 4727 nobiles,
1381 4676 1483 4716 nos
1499 4669 1693 4716 autem
1709 4660 2003 4731 ignobiles.

420 4750 519 4805 Vel
573 4750 751 4817 aliter,
811 4758 869 4805 ut
916 4750 1033 4805 sine
1092 4748 1267 4805 ironia
1308 4749 1523 4821 legatur
1582 4766 1597 4803 :
1648 4749 1861 4804 Vellem
1906 4765 2008 4805 nos

418 4854 650 4910 regnare
694 4838 999 4894 vobiscum.
1049 4839 1186 4892 Nam
1234 4846 1415 4892 certus
1458 4852 1578 4891 sum
1622 4837 1770 4907 quod
1816 4853 2009 4893 revera

418 4927 773 4998 regnabimus
805 4944 818 4981 :
850 4935 981 4998 puto
1011 4926 1176 4994 enim,
1208 4933 1261 4980 et
1294 4926 1400 4981 hoc
1418 4925 1604 4995 utique
1626 4923 1842 4981 confido
1863 4926 2009 4996 quod

418 5016 568 5070 Deus
596 5016 831 5071 ostendit
859 5030 958 5070 nos
978 5013 1306 5069 novissimos
1333 5012 1628 5084 apostolos,
1661 5013 1717 5068 id
1747 5020 1830 5068 est
1860 5013 2009 5069 simi-

417 5102 499 5158 les
546 5103 875 5169 novissimis,
923 5101 979 5157 id
1024 5109 1107 5156 est
1142 5102 1335 5158 Enoch
1386 5109 1439 5156 et
1482 5100 1652 5168 Elite;
1688 5100 1817 5173 quia
1860 5109 2010 5158 tanta

418 5191 658 5263 patimur
708 5191 873 5246 modo
936 5191 992 5244 in
1037 5189 1306 5260 principio
1352 5188 1634 5254 Ecclesiae,
1686 5198 1886 5261 quanta
1931 5191 2009 5247 illi

421 5281 637 5352 passuri
667 5286 794 5335 sunt
821 5280 892 5334 ab
920 5277 1250 5334 Antichristo
1270 5278 1325 5332 in
1356 5276 1482 5333 fine.
1516 5278 1671 5335 Unde
1700 5278 1845 5335 idem
1876 5280 2012 5335 Pau-

422 5368 506 5423 lus
535 5369 609 5423 ait
640 5386 653 5424 :
692 5390 715 5418 ι
749 5368 864 5422 Nos
893 5382 1079 5421 sumus
1108 5367 1163 5420 in
1185 5382 1322 5438 quos
1341 5365 1477 5423 fines
1499 5367 1823 5424 saeculorum
1844 5369 2009 5425 deve-

423 5464 619 5512 nerunt
649 5456 699 5524 (l
723 5456 842 5512 Cor.
876 5471 929 5522 x,
965 5458 1073 5526 11).
1112 5478 1135 5503 ι
1169 5453 1347 5525 Quare
1364 5456 1524 5512 etiam
1544 5457 1693 5512 Nero
1722 5457 1898 5513 dictus
1928 5464 2010 5512 est

422 5544 808 5612 Antichristus,
864 5543 992 5615 quia
1044 5544 1498 5615 quemadmodum
1560 5545 1662 5600 iste
1723 5545 1911 5601 Enoch
1956 5553 2010 5601 et

422 5631 620 5698 Etiam,
653 5630 734 5687 sic
775 5630 868 5687 ille
915 5633 1128 5688 Petrum
1176 5642 1229 5689 et
1256 5634 1483 5691 Paulum
1518 5632 1809 5690 interfecit.
1866 5634 2009 5691 Vere

2109 4654 2179 4709 ad
2232 4655 2383 4722 illud,
2429 4656 2498 4711 de
2562 4656 2890 4713 fomicatore
2957 4660 3215 4731 quodam,
3270 4661 3362 4733 qui
3402 4677 3701 4719 novercam

2107 4759 2261 4799 suam
2307 4744 2532 4800 duxerat
2579 4762 2809 4802 uxorem
2842 4764 2856 4801 :
2889 4763 3053 4819 quem
3097 4749 3202 4820 ipsi
3247 4766 3351 4806 nec
3380 4765 3415 4805 a
3443 4767 3702 4808 commu-

2105 4832 2267 4888 nione
2295 4832 2556 4889 Ecclesiae
2594 4836 2956 4905 sejunxerant,
2995 4851 3099 4893 nec
3140 4838 3209 4893 de
3253 4846 3480 4909 peccato
3510 4838 3704 4897 fratris

2105 4920 2517 4990 condoluerant,
2557 4923 2654 4979 sed
2684 4924 2864 4995 potius
2892 4924 3219 4981 inﬂabantur
3244 4926 3371 4982 inde
3402 4927 3651 4984 dicentes
3685 4948 3701 4986 :

2107 5008 2264 5078 Quod
2291 5009 2336 5064 si
2363 5025 2393 5064 a
2422 5010 2565 5067 bono
2611 5012 2913 5083 baptizatus
2956 5021 3126 5084 esset,
3154 5030 3432 5087 nunquam
3480 5016 3537 5071 in
3565 5025 3701 5074 tan—

2108 5104 2214 5152 tam
2256 5099 2463 5170 peccati
2509 5099 2723 5156 foveam
2764 5109 2963 5172 rueret,
3022 5104 3481 5175 quemadmodum
3520 5122 3704 5178 appa-

2106 5186 2278 5255 rebat,
2309 5186 2364 5242 in
2405 5188 2599 5260 quibus
2645 5205 2715 5245 ne
2756 5189 3004 5246 similiter
3030 5201 3336 5263 peccarent,
3369 5195 3708 5265 operabatur

2100 5274 2305 5345 justitia
2350 5276 2718 5348 baptizatoris.
2759 5278 2958 5335 Littera
3005 5282 3085 5336 sic
3106 5280 3398 5352 jungitur:
3431 5284 3552 5354 Ego
3584 5286 3706 5341 sol-

2106 5363 2287 5419 licitus
2315 5365 2384 5421 de
2430 5366 2585 5422 vobis
2613 5375 2671 5421 ut
2698 5376 2855 5438 pater
2900 5369 2970 5424 de
2998 5367 3142 5438 filiis,
3195 5370 3346 5426 mitto
3373 5371 3443 5426 ad
3474 5388 3576 5428 vos
3603 5374 3706 5429 Ti-

2108 5454 2420 5521 motheum;
2449 5455 2547 5509 sed
2576 5456 2803 5528 quidam
2832 5458 2899 5513 de
2920 5458 3067 5514 vobis
3088 5462 3225 5514 sunt
3242 5459 3476 5528 inﬂati;
3507 5468 3562 5516 et
3590 5462 3708 5519 for-

2107 5546 2253 5596 tasse
2294 5550 2518 5613 propter
2556 5544 2871 5615 superbiam
2918 5561 3069 5601 suam
3110 5561 3221 5602 non
3267 5563 3390 5603 eum
3439 5550 3703 5619 audituri,

2109 5626 2234 5685 ideo
2263 5629 2332 5685 de
2360 5631 2613 5703 superbia
2659 5633 2750 5691 hic
2796 5634 2971 5707 tangit
3013 5650 3128 5704 eos,
3169 5644 3226 5693 ut
3253 5636 3308 5692 in
3338 5637 3487 5693 omni
3516 5639 3708 5698 humi-
