3948 6422
213 344 321 400 H5

793 340 1174 399 EXPOSITIO
1233 341 1308 397 IN
1361 339 1746 398 EPISTOLAS
1802 339 2030 397 PAULI.
2062 343 2235 398 -ΙΝ
2289 343 2511 401 EPIST.
2571 345 2726 401 IAD
2775 342 2941 401 COR.

3439 346 3540 400 ηδ

229 466 383 524 litate
412 466 656 523 inveniat
685 482 782 524 eos
824 466 1080 523 obedisse
1110 466 1413 523 Timotheo.
1446 466 1619 521 lnﬂati
1647 465 1833 538 utique
1864 467 1916 526 Α
1944 487 1967 515 ι
2011 466 2172 523 idolis
2228 468 2495 537 serviens,
2544 478 2636 525 aut
2672 470 2995 537 maledicus,
3026 476 3115 525 aut
3146 468 3415 538 ebriosus,
3445 475 3538 524 aut

235 556 368 612 estis
390 572 403 611 :
428 557 510 613 sic
533 561 806 630 tanquam
819 572 925 629 ego
936 573 1051 613 non
1074 557 1182 612 sim
1203 572 1304 612 ven
1314 560 1480 613 turus
1500 556 1573 611 ad
1602 572 1714 620 vos,
1730 570 1834 611 nec

227 645 523 702 adventum
574 661 758 701 meum
806 644 1151 711 reveremini,
1223 660 1387 717 quem
1431 644 1619 717 utique
1660 643 1835 700 vereri

226 750 333 790 vos
362 742 600 806 oportet,
624 734 728 789 nisi
748 750 845 789 vos
866 734 1015 805 ipsos
1045 733 1414 791 correxeritis.
1449 734 1698 789 Fortasse
1719 748 1837 788 cre-

224 823 352 878 ditis
405 840 497 879 me
554 839 665 879 non
721 830 1029 891 venturum,
1063 822 1186 895 quia
1242 823 1406 878 modo
1440 822 1596 877 mitto
1640 822 1830 877 Timo-

226 912 435 979 theum;
488 911 586 969 sed
638 912 829 968 scitote
859 912 982 985 quia
1017 912 1131 968 cito
1164 913 1388 968 veniam
1415 911 1488 967 ad
1516 928 1608 968 vos
1641 927 1653 966 :
1685 911 1832 983 quod

227 1007 413 1056 tamen
439 1000 580 1071 juris
601 1011 716 1056 non
747 1008 850 1067 est,
882 1007 934 1055 et
964 1000 1090 1055 ideo
1120 1000 1443 1067 determino,
1476 1001 1530 1056 si
1556 1001 1831 1056 Dominus

224 1090 486 1156 voluerit,
517 1090 670 1158 cujus
698 1089 959 1145 voluntati
986 1090 1258 1145 contraire
1283 1104 1394 1145 non
1423 1089 1569 1145 licet.
1600 1090 1831 1144 Veniam

222 1178 409 1251 utique
439 1183 497 1235 et
529 1187 654 1234 tunc
704 1195 1049 1250 cognoscam,
1100 1178 1156 1233 id
1207 1186 1290 1233 est
1329 1179 1650 1250 approbabo
1676 1178 1831 1247 juxta

223 1266 394 1321 illud:
435 1290 457 1315 α
510 1267 675 1323 Novit
729 1266 993 1322 Dominus
1039 1267 1132 1338 qui
1173 1274 1298 1322 sunt
1345 1268 1463 1337 ejus
1493 1268 1568 1333 (ΙΙ
1596 1268 1732 1323 Tim.
1767 1283 1827 1337 ιι,

226 1356 337 1427 l9).
377 1377 400 1406 ι
435 1356 778 1429 Cognoscam
811 1355 997 1428 utique
1025 1371 1134 1410 non
1172 1372 1491 1412 sermonem
1532 1372 1748 1424 eorum,
1772 1356 1828 1411 id

224 1454 307 1500 est
336 1460 444 1501 non
529 1444 889 1501 curialitatem
921 1452 973 1499 et
1029 1443 1316 1500 artiﬁcium
1388 1445 1677 1510 sermonis,
1739 1445 1828 1502 cui

222 1534 509 1589 adhaerent
548 1534 606 1588 hi
649 1535 747 1607 qui
791 1548 893 1605 per
939 1533 1251 1602 hujusmodi
1293 1549 1604 1589 sermonem
1632 1535 1827 1603 inﬂati

226 1629 403 1690 sunt;
424 1624 522 1679 sed
551 1637 882 1695 cognoscam
912 1629 965 1676 et
992 1621 1230 1677 laudabo
1260 1622 1315 1677 in
1347 1623 1501 1678 vobis
1529 1623 1821 1691 virtutem,

219 1711 276 1766 id
306 1719 388 1766 est
428 1710 808 1766 humilitatem.
852 1710 1187 1782 patientiam,
1231 1719 1335 1767 etc.
1366 1713 1495 1767 Haec
1526 1711 1672 1766 enim
1701 1712 1823 1766 lau-

216 1799 337 1855 dari
366 1800 588 1865 debent,
621 1813 732 1853 nom
759 1798 1065 1854 sublimitas
1114 1800 1383 1855 sermonis
1410 1816 1422 1854 :
1454 1800 1579 1856 ideo
1607 1817 1747 1872 cogn

216 1904 370 1945 scam
398 1889 651 1944 virtutem
681 1896 733 1943 et
762 1903 871 1944 non
919 1902 1263 1955 sermonem;
1317 1890 1584 1963 quoniam
1618 1906 1734 1945 non
1757 1891 1819 1945 in

218 1993 476 2034 sermone
506 1978 666 2046 hujus
696 1976 881 2031 mundi
911 1980 1019 2043 est,
1049 1976 1106 2031 id
1139 1986 1222 2032 est
1253 1978 1553 2050 acquiritur
1579 1995 1818 2051 regnum

217 2068 337 2134 Dei,
371 2068 467 2123 sed
493 2069 556 2123 in
588 2068 797 2123 virtute
828 2066 1058 2138 integra:
1099 2064 1225 2121 ﬁdei
1253 2074 1306 2122 et
1357 2067 1483 2121 boni
1513 2068 1717 2139 operis.
1751 2070 1820 2123 Et

218 2156 366 2227 quod
394 2156 504 2212 duo
534 2155 691 2211 vobis
712 2155 971 2226 proposui
994 2171 1325 2222 sermonem,
1361 2172 1521 2228 quem
1553 2157 1813 2228 reprobo;

216 2244 493 2313 virtutem,
536 2260 702 2316 quam
748 2244 1025 2315 approbo:
1074 2244 1216 2311 Quid
1263 2247 1459 2311 vultis,
1492 2245 1545 2299 id
1576 2254 1658 2300 est
1687 2246 1812 2318 quid

213 2335 412 2389 horum
461 2334 704 2408 eligitis?
749 2334 970 2389 veniam
1017 2333 1088 2388 ad
1132 2350 1223 2389 vos
1252 2334 1317 2389 in
1352 2334 1530 2406 virga,
1564 2334 1618 2389 id
1647 2344 1729 2389 est
1761 2336 1812 2390 in

214 2423 509 2495 asperitate
550 2421 945 2487 correctionis;
986 2439 1063 2477 an
1093 2422 1310 2477 veniam
1352 2424 1421 2478 ad
1450 2440 1549 2478 vos
1595 2425 1653 2479 in
1673 2424 1813 2480 cha-

214 2514 411 2581 ritate,
471 2512 525 2566 id
575 2519 658 2566 est
699 2511 755 2565 in
787 2510 1008 2565 lenitate
1028 2510 1056 2565 ?
1087 2512 1155 2566 Et
1176 2511 1313 2567 adeo
1343 2512 1489 2584 quod
1516 2512 1572 2567 in
1600 2513 1813 2586 spiritu

209 2602 693 2666 mansuetudinis,
719 2599 775 2654 id
806 2606 889 2655 est
919 2598 1074 2671 quasi
1102 2607 1354 2655 assuetus
1384 2601 1569 2655 manui
1601 2610 1654 2657 et
1682 2618 1812 2674 gau-

208 2689 346 2745 dens
392 2689 679 2745 deservire
725 2688 909 2743 vobis?
939 2688 994 2743 Si
1025 2688 1079 2742 in
1108 2705 1365 2745 sermone
1396 2690 1677 2755 invenero,
1708 2708 1809 2746 ve-

205 2778 354 2834 niam
384 2779 438 2833 in
466 2778 661 2851 virga;
694 2777 739 2832 si
757 2778 822 2856 in
851 2776 1064 2841 virtute,
1087 2778 1301 2833 veniam
1334 2779 1386 2833 in
1414 2779 1605 2850 spiritu
1637 2780 1813 2835 chari-

207 2867 348 2922 tatis.
383 2867 609 2922 Videtur
637 2867 728 2921 ubi
760 2867 853 2921 ait.
884 2868 946 2921 in
986 2867 1143 2937 virga
1172 2884 1247 2923 an
1277 2868 1339 2923 in
1370 2867 1675 2935 charitate,
1708 2886 1809 2940 per

205 2956 310 3013 hoc
350 2956 604 3021 innuere,
652 2956 808 3028 quasi
857 2958 1124 3014 correctio
1159 2973 1268 3012 non
1314 2956 1383 3011 sit
1425 2973 1489 3011 ex
1520 2957 1801 3025 charitate,

203 3045 249 3100 si
275 3061 472 3117 aspera
502 3053 624 3111 est;
660 3046 804 3117 quod
833 3046 1017 3119 utique
1045 3047 1240 3102 falsum
1271 3054 1357 3101 est
1388 3064 1402 3100 :
1442 3045 1672 3103 101
1707 3048 1804 3102 sed

198 3134 330 3191 dicit
377 3136 483 3190 hoc
534 3135 837 3190 secundum
870 3135 1235 3191 inﬁrmitatem
1266 3150 1477 3204 eorum,
1508 3135 1600 3207 qui
1631 3144 1802 3191 totum

190 3223 519 3293 judicabant
567 3239 692 3279 esse
738 3240 803 3279 ex
851 3224 952 3292 ira,
997 3225 1144 3298 quod
1171 3224 1432 3281 voluntati
1454 3225 1636 3281 carnis
1666 3242 1803 3281 con-

191 3312 390 3367 traibat
401 3355 415 3368 .

805 3438 1028 3495 CAPUT
1077 3439 1138 3495 V.

268 3584 291 3610 ι
336 3560 579 3618 Omnino
607 3561 823 3617 auditur
850 3563 994 3619 inter
1011 3579 1111 3619 vos
1140 3562 1443 3629 fornicatio,
1475 3572 1526 3618 et
1559 3563 1683 3619 talis
1697 3562 1801 3619 for-

199 3670 224 3700 ι
266 3650 486 3715 nicatio,
520 3649 696 3722 qualis
725 3667 825 3707 nec
854 3651 993 3707 inter
1022 3659 1233 3725 gentes,
1267 3652 1342 3707 ita
1371 3660 1429 3706 ut
1458 3668 1686 3708 uxorem
1707 3668 1798 3722 pa-

200 3759 226 3789 ι
269 3739 366 3792 tris
419 3739 504 3794 sui
552 3738 750 3811 aliquis
806 3740 1021 3796 habeat.
1074 3741 1141 3795 Et
1189 3757 1287 3797 vos
1334 3740 1501 3796 inflati
1542 3740 1710 3796 estis:
1744 3750 1797 3796 et

202 3848 226 3877 ι
269 3842 375 3882 non
403 3828 585 3901 magis
630 3828 833 3884 luctum
866 3829 1149 3897 habuistis,
1179 3838 1236 3883 ut
1264 3829 1482 3889 tollatur
1511 3830 1580 3885 de
1612 3830 1794 3886 medio

200 3939 223 3963 ιι
264 3925 521 3982 vestrum,
554 3916 646 3989 qui
691 3917 795 3973 hoc
839 3934 979 3989 opus
1007 3918 1152 3974 fecit.
1191 3920 1309 3991 Ego
1340 3918 1561 3990 quidem
1591 3919 1795 3974 absens

195 4025 221 4055 α
263 4021 495 4076 corpore
543 4006 773 4077 (Coloss.
827 4023 887 4076 ll,
935 4010 1011 4077 5),
1062 4024 1309 4078 praesens
1352 4016 1533 4063 autem
1580 4008 1789 4078 spiritu,

198 4117 222 4141 α
260 4095 373 4163 jam
397 4095 640 4164 judicavi
666 4103 722 4149 ut
741 4112 987 4166 praesens
1013 4113 1133 4151 eum
1165 4096 1259 4167 qui
1289 4097 1367 4151 sic
1399 4104 1657 4167 operatus
1686 4105 1788 4165 est,

194 4207 217 4232 α
262 4183 315 4238 in
348 4183 568 4240 nomine
597 4184 817 4239 Domini
846 4185 1015 4241 nostri
1054 4186 1184 4241 Jesu
1218 4185 1441 4253 Christi,
1474 4202 1788 4259 congrega-

192 4295 216 4319 ιι
261 4272 329 4326 tis
356 4272 512 4327 vobis
539 4280 592 4328 et
622 4288 746 4329 meo
776 4274 987 4343 spiritu,
1031 4289 1153 4330 cum
1176 4274 1371 4330 virtute
1403 4274 1619 4330 Domini
1638 4276 1785 4341 Jesu,

191 4385 215 4408 α
261 4361 468 4417 tradere
510 4362 826 4431 hujusmodi
874 4362 1147 4419 hominem
1182 4364 1395 4419 Satanae
1425 4364 1481 4417 in
1512 4363 1786 4419 interitum

192 4471 217 4500 ι
259 4451 456 4515 carnis,
503 4458 563 4505 ut
607 4451 826 4522 spiritus
856 4451 1036 4507 salvus
1066 4452 1134 4507 sit
1164 4452 1218 4506 in
1244 4453 1334 4507 die
1368 4453 1583 4508 Domini
1612 4453 1785 4509 nostri

1752 1816 1901 1888 O’B

1942 576 1965 605 α
2009 573 2179 628 rapax
2212 575 2226 612 :
2257 573 2383 614 cum
2432 559 2745 629 hujusmodi
2781 575 2883 616 nec
2915 560 3098 616 cibum
3128 575 3365 615 sumere.
3394 557 3539 629 Quid

1939 667 1961 693 α
2006 645 2149 701 enim
2175 647 2306 701 mihi
2335 656 2417 703 est
2447 647 2583 720 [non
2613 649 2776 704 habet
2799 648 2901 720 est]
2924 649 2993 704 de
3022 648 3107 703 his
3135 648 3228 721 qui
3255 646 3391 703 foris
3413 654 3538 701 sunt

1939 755 1962 785 ι
1999 734 2244 804 judicare
2265 737 2295 791 Ἰ
2322 737 2517 792 Nonne
2546 738 2615 793 de
2644 737 2730 792 his
2760 738 2851 809 qui
2881 738 3025 792 intus
3049 744 3175 793 sunt
3205 752 3304 793 vos
3328 735 3561 805 judice?

1937 846 1960 870 α
2005 823 2074 878 tis
2098 824 2125 879 τ)
2152 825 2290 879 Nam
2338 841 2435 881 eos
2464 825 2556 898 qui
2596 824 2728 881 foris
2772 833 2900 881 sunt
2929 828 3077 883 Deus
3099 824 3383 897 judicabit.
3415 826 3533 880 Au-

1938 931 1960 965 «
2004 911 2138 969 ferte
2168 912 2372 969 malum
2399 930 2465 970 ex
2496 913 2651 971 vobis
2680 914 2834 987 ipsis.
2863 934 2886 965 ι

2570 1072 2867 1113 ΕΧΡΟΒΙΤΙΟ
2876 1098 2889 1110 .

2002 1162 2201 1233 Utique
2246 1162 2576 1219 veniendum
2622 1172 2705 1219 est
2732 1165 2803 1220 ad
2832 1179 2931 1219 vos
2957 1163 3012 1218 in
3043 1162 3220 1237 virga,
3271 1162 3529 1236 quoniam

1928 1250 2166 1307 auditur
2208 1252 2369 1308 inter
2416 1268 2507 1308 vos
2549 1269 2673 1308 esse
2711 1254 3041 1324 fornicatio.
3086 1252 3314 1308 Auditur
3341 1252 3527 1324 utique

1927 1341 2177 1406 omnino,
2225 1340 2282 1395 id
2330 1347 2414 1396 est
2460 1342 2760 1398 secundum
2806 1341 3086 1398 infamiam
3134 1341 3374 1397 omnium
3409 1358 3424 1396 :
3457 1341 3527 1396 de

1927 1444 2052 1499 quo,
2105 1429 2231 1501 quia
2267 1445 2459 1485 omnes
2491 1430 2753 1486 infamant
2785 1447 2883 1487 vos
2925 1430 3093 1502 (fama
3123 1430 3285 1486 etiam
3307 1431 3410 1486 hoc
3435 1438 3524 1485 at-

1924 1517 2044 1572 tulit
2074 1519 2140 1573 ad
2183 1518 2296 1589 me)
2344 1535 2452 1575 non
2502 1527 2586 1576 est
2634 1520 3035 1590 exspectandus
3072 1528 3378 1576 accusator.
3406 1520 3526 1574 Nec

1923 1622 2045 1679 qum
2087 1607 2347 1678 patienda
2390 1608 2477 1675 sit,
2530 1609 2627 1664 sed
2661 1610 2795 1665 talis
2843 1608 3159 1677 fornicatio,
3192 1609 3378 1682 quatis
3416 1624 3522 1664 nec

1921 1695 2136 1750 auditur
2164 1698 2320 1753 inter
2345 1701 2560 1768 gentes,
2594 1698 2648 1751 id
2678 1705 2760 1752 est
2787 1697 2929 1753 inter
2954 1698 3189 1769 gentiles
3217 1697 3407 1768 primm
3425 1713 3525 1768 ge-

1919 1784 2114 1840 niturae
2142 1786 2322 1841 adhuc
2357 1786 2718 1842 adhaerentes.
2752 1787 2983 1842 Auditur
3008 1788 3095 1842 ita
3124 1790 3190 1843 ut
3218 1787 3426 1858 aliquis
3457 1787 3525 1842 de

1918 1874 2066 1930 vobis
2088 1875 2288 1931 habeat
2308 1892 2546 1931 uxorem
2554 1878 2739 1948 patris
2759 1877 2870 1945 sui,
2890 1876 2947 1931 id
2959 1884 3041 1931 est
3057 1890 3346 1931 novercam
3369 1890 3521 1929 suam

1915 1963 2131 2019 duxerit
2161 1980 2407 2020 uxorem.
2459 1965 2711 2021 Dicerent
2754 1965 2831 2020 illi
2862 1982 2874 2021 :
2899 1964 3040 2034 Quid
3084 1964 3153 2019 ad
3186 1979 3290 2019 nos
3316 1964 3345 2018 Ἰ
3374 1963 3519 2018 Mul-

1917 2060 2029 2107 tum
2058 2051 2131 2106 ait
2163 2052 2397 2120 Paulus;
2432 2053 2561 2125 quia
2590 2053 2735 2108 enim
2766 2052 2935 2108 frater
2972 2052 3240 2124 peccavit,
3270 2069 3363 2109 vos
3392 2052 3519 2107 inde

1915 2142 2109 2209 inﬂati
2139 2142 2276 2197 estis
2301 2141 2703 2212 superbientes,
2751 2142 2907 2214 quasi
2937 2141 3133 2197 melius
3162 2141 3256 2197 illo
3285 2157 3386 2213 per
3411 2141 3515 2196 ba-

1914 2230 2169 2301 ptismum
2210 2229 2509 2299 justiﬁcati;
2559 2231 2689 2303 quia
2744 2246 2855 2286 non
2911 2230 3162 2286 similiter
3211 2230 3515 2286 corruistis.

1912 2319 2029 2375 Nec
2059 2319 2236 2375 solum
2266 2319 2454 2387 inﬂati,
2489 2320 2584 2375 sed
2617 2320 2781 2376 etiam
2811 2337 2914 2376 nec
2963 2320 3243 2376 habuistis
3293 2321 3517 2375 luctum

1913 2408 2258 2463 condolendo
2304 2408 2455 2465 casui
2501 2408 2703 2474 fratris,
2754 2411 2949 2479 magis,
2993 2408 3050 2463 id
3096 2416 3180 2463 est
3222 2408 3369 2480 quod
3410 2407 3516 2463 eli-

1912 2497 2152 2569 gendum
2202 2505 2349 2553 esset
2392 2497 2549 2553 vobis
2595 2513 2705 2553 non
2733 2496 2930 2552 inflari.
2958 2498 3075 2553 Nec
3106 2497 3212 2552 hoc
3239 2512 3383 2552 curae
3409 2497 3516 2551 ha-

1913 2585 2123 2651 buistis,
2175 2590 2241 2643 ut
2293 2588 2535 2642 tollatur
2582 2586 2649 2642 de
2679 2588 2863 2643 medio
2892 2591 3168 2653 vestrum,
3202 2585 3256 2639 id
3282 2593 3366 2640 est
3395 2592 3453 2640 ut
3482 2601 3514 2640 a

1911 2674 2294 2730 communione
2340 2674 2604 2731 Ecclesia:
2645 2675 2912 2745 separetis
2939 2690 3087 2740 eum,
3120 2676 3217 2747 qui
3237 2675 3338 2729 hoc
3372 2686 3513 2746 apus

1908 2766 2086 2834 fecit:
2121 2764 2214 2835 qui
2259 2779 2485 2819 uxorem
2535 2763 2706 2834 patris
2736 2764 2838 2818 sibi
2868 2763 3056 2819 illicite
3085 2762 3367 2834 usurpavit
3413 2778 3512 2818 vos

1907 2860 2208 2922 praesentes
2237 2868 2345 2907 non
2378 2852 2574 2907 tulistis
2627 2868 2752 2907 eum
2791 2853 2860 2907 de
2891 2852 3073 2907 medio
3119 2860 3376 2921 vestrum,
3410 2851 3506 2907 sed

1905 2957 2003 3011 ego
2017 2942 2216 2997 absens
2244 2942 2429 3014 utique
2449 2958 2698 3013 corpore,
2716 2957 2966 3013 praesens
2987 2945 3180 2996 autem
3199 2941 3431 3012 spiritu,
3452 2940 3512 2996 id

1904 3038 1989 3085 est
2015 3030 2340 3086 auctoritate
2371 3031 2672 3100 apostolica
2705 3029 2912 3097 (dicunt
2940 3029 3105 3084 etiam
3136 3029 3332 3095 sancti,
3358 3027 3506 3101 quod

1904 3119 2140 3189 Spiritus
2172 3127 2393 3176 sanctus
2421 3127 2546 3174 uota
2578 3118 2776 3173 fecerat
2797 3118 2847 3173 ei
2888 3118 3051 3173 etiam
3082 3117 3387 3173 absentium
3416 3116 3506 3172 fa-

1828 3191 1875 3251 θ
1904 3210 2035 3280 cla);
2068 3225 2313 3279 praesens
2333 3208 2520 3279 utique
2542 3208 2730 3279 spiritu
2747 3208 2874 3278 jam
2886 3208 3164 3279 judicavi,
3186 3206 3241 3261 id
3269 3215 3353 3262 est
3373 3221 3507 3263 con-

1902 3297 2157 3353 dcmnavi
2204 3314 2353 3364 eum,
2397 3301 2463 3353 ut
2501 3297 2546 3352 si
2583 3313 2835 3369 presens
2868 3294 3054 3351 ﬁerem
3083 3311 3310 3366 corpore
3343 3311 3507 3351 :eum

1901 3386 2026 3442 dico
2045 3388 2140 3460 qui
2169 3388 2250 3442 sic
2278 3390 2544 3459 operatus
2583 3390 2669 3441 est
2697 3401 2822 3441 cum
2852 3400 3022 3440 uxore
3051 3385 3225 3455 patris
3257 3384 3501 3453 judicavi

1900 3472 2084 3542 utique
2110 3489 2123 3525 :
2153 3479 2207 3526 et
2235 3471 2340 3526 hoc
2368 3470 2551 3526 sciatis
2581 3486 2668 3535 tm
2698 3468 2896 3524 fecisse
2924 3469 2987 3524 in
3023 3470 3257 3523 nomine
3276 3467 3506 3525 Domini

1901 3561 2087 3615 nostri
2115 3562 2248 3616 Jesu
2271 3558 2500 3621 Christi,
2524 3575 2593 3614 ne
2612 3558 2805 3614 dicatis
2823 3558 2972 3629 quod
3001 3556 3236 3628 repulsio
3265 3557 3385 3625 ejus
3403 3556 3501 3612 de-

1900 3649 2211 3703 trimentum
2268 3648 2338 3703 sit
2391 3647 2656 3703 Ecclesiae
2700 3646 2917 3713 Christi,
2965 3645 3056 3718 qui
3096 3644 3278 3716 potius
3308 3644 3363 3699 in
3393 3646 3500 3702 hoc

1898 3739 2252 3803 honorantur,
2285 3752 2451 3809 quam
2480 3736 2731 3792 Ecclesia
2753 3736 2871 3805 ejus
2898 3734 3219 3802 minoretur,
3255 3750 3375 3806 qua:
3404 3732 3501 3788 uti-

1896 3844 2003 3899 que
2035 3842 2244 3882 veneno
2266 3826 2423 3895 hujus
2452 3826 2578 3881 mali
2613 3825 2946 3891 iuticeretur,
2980 3823 3027 3877 si
3059 3839 3166 3879 non
3197 3823 3285 3880 hic
3316 3822 3502 3894 repel-

1892 3917 2055 3971 latur.
2079 3915 2325 3971 Judicavi
2349 3916 2533 3987 utique
2551 3915 2704 3969 vobis
2724 3912 3077 3987 congregatis
3101 3910 3323 3968 tradere
3347 3911 3497 3969 hunc

1893 4008 2141 4061 Satanae.
2178 4004 2275 4059 Vel
2309 3986 2552 4072 illud,’in
2582 4002 2801 4058 nomine
2830 3986 3067 4066 Domini,
3087 4001 3155 4056 ad
3174 4009 3497 4072 sequentem

1892 4094 2122 4149 litteram
2153 4092 2393 4164 respicit,
2428 4093 2508 4148 sic
2541 4110 2554 4147 :
2588 4093 2731 4157 Hoc,
2766 4092 3008 4162 inquam,
3039 4090 3108 4145 de
3140 4106 3205 4145 eo
3229 4090 3493 4159 judicavi,

1892 4192 1948 4238 ut
1977 4182 2132 4238 vobis
2163 4182 2517 4253 congregatis
2543 4181 2596 4235 in
2618 4180 2838 4235 nomine
2860 4179 3078 4236 Domini
3103 4179 3234 4234 Jesu
3267 4177 3490 4246 Christi,

1890 4277 1945 4328 et
1971 4275 2251 4342 prasente
2271 4287 2395 4326 meo
2415 4272 2654 4342 Spiritu,
2682 4269 2735 4325 id
2757 4276 2839 4323 est
2859 4268 3174 4325 auctoritate
3196 4283 3319 4323 mea
3335 4267 3490 4323 vobis

1892 4368 2243 4431 cooperante.

1961 4449 2103 4518 Quid
2150 4448 2278 4503 inde
2327 4447 2537 4503 diceret
2564 4446 2784 4518 impius,
2818 4446 2863 4500 si
2893 4445 3113 4518 spiritus
3144 4454 3267 4500 tuus
3296 4444 3491 4501 nobis-

191 4560 215 4588 ι
257 4540 387 4593 Jesu
416 4539 637 4594 Christi.
674 4540 798 4595 Non
824 4549 904 4595 est
936 4541 1078 4596 bona
1107 4541 1364 4614 gloriatio
1392 4550 1597 4597 vestra.
1623 4563 1645 4592 α
1671 4543 1781 4597 Ne-
1807 4548 1859 4608 1)
1886 4555 2010 4595 cum
2067 4537 2176 4592 sit?
2216 4536 2443 4591 multum
2493 4536 2697 4607 utique,
2745 4535 2821 4590 ait
2847 4534 3067 4591 Paulus.
3101 4535 3240 4589 Nam
3268 4534 3492 4606 Spiritu

191 4650 214 4675 ιι
258 4627 425 4690 scitis.
477 4628 605 4700 quia
650 4628 924 4684 modicum
971 4628 1296 4685 fermentum
1337 4637 1499 4684 totam
1544 4646 1785 4686 massam

188 4740 211 4765 ιι
253 4717 595 4788 corrumpit?
645 4738 667 4767 ι
692 4718 904 4787 (Galat.
939 4734 994 4784 v,
1029 4719 1108 4789 9.)
1140 4720 1452 4791 Expurgate
1479 4728 1635 4774 vetus
1668 4719 1782 4774 fer-

184 4826 207 4855 ι
250 4813 513 4872 mentum,
547 4814 602 4860 ut
636 4805 756 4860 sitis
785 4822 927 4862 nova
959 4808 1299 4878 consporsio,
1324 4808 1463 4863 sicut
1494 4808 1628 4864 estis
1661 4825 1785 4880 azy-

183 4918 205 4942 ιι
248 4893 343 4950 mi.
368 4894 583 4950 Etenim
630 4895 840 4966 pascha
886 4904 1131 4952 nostrum
1160 4896 1471 4952 immolatus
1502 4906 1585 4952 est
1616 4897 1775 4953 Chri-

185 5006 208 5031 α
253 4992 388 5038 stus.
440 4985 624 5056 Itaque
671 4984 969 5054 epulemur,
1022 5001 1130 5041 non
1174 4985 1227 5040 in
1274 4985 1542 5042 fermento
1584 4986 1779 5053 veteri,

183 5094 206 5123 ι
249 5089 426 5145 neque
482 5072 538 5127 in
569 5072 835 5128 fermento
856 5074 1073 5129 malitiae
1094 5083 1147 5129 et
1168 5075 1440 5146 nequitiae,
1466 5075 1563 5129 sed
1586 5075 1638 5129 in
1662 5092 1784 5146 azy-

182 5181 205 5212 ι
247 5162 349 5216 mis
397 5161 727 5217 sinceritatis
756 5170 811 5216 et
853 5163 1117 5218 veritatis.
1154 5164 1359 5235 Scripsi
1389 5163 1545 5219 vobis
1574 5164 1629 5218 in
1658 5164 1780 5235 epi-

178 5272 200 5300 ι
243 5250 417 5306 stola:
451 5252 533 5307 Ne
565 5250 1030 5307 commisceamini
1072 5252 1423 5318 fornicariis;
1453 5269 1563 5309 non
1590 5253 1776 5325 utique

176 5363 198 5388 ιι
241 5339 546 5397 fornicariis
578 5341 740 5409 hujus
769 5340 977 5406 mundi,
1008 5350 1099 5396 aut
1117 5342 1316 5408 avaris,
1350 5350 1439 5395 aut
1463 5342 1774 5413 rapacibus,

176 5451 197 5479 ι
239 5438 331 5484 aut
372 5430 532 5486 idolis
581 5428 989 5484 servientibus:
1043 5430 1286 5501 alioquin
1345 5430 1659 5486 debueratis
1708 5430 1777 5486 de

172 5541 193 5567 ιι
237 5520 338 5576 hoc
389 5518 599 5574 mundo
650 5516 875 5573 exiisse.
924 5519 1081 5575 Nunc
1125 5528 1304 5573 autem
1362 5519 1559 5589 scripsi
1616 5519 1776 5574 vobis

172 5631 193 5660 ι
236 5626 339 5665 non
370 5606 746 5666 commisceri.
778 5608 884 5663 Sed
918 5607 963 5662 is
993 5608 1085 5679 qui
1117 5607 1185 5680 [si
1216 5607 1359 5680 quis]
1392 5607 1557 5664 frater
1589 5608 1773 5663 nomi-

170 5721 191 5749 ι
232 5708 390 5757 natur
437 5698 588 5755 inter
639 5711 759 5761 vos,
807 5705 891 5752 est
936 5696 1261 5761 fornicator,
1289 5705 1381 5753 aut
1427 5714 1647 5765 avarus,
1682 5704 1775 5753 aut

1890 4644 2012 4684 meo
2059 4626 2183 4680 dico
2212 4633 2467 4680 manente
2514 4641 2635 4680 cum
2685 4624 2880 4678 virtute
2910 4622 3125 4679 Domini
3153 4622 3319 4687 Jesu;
3354 4622 3483 4693 quia

1888 4716 2061 4772 virtus
2108 4714 2210 4770 Dei
2240 4714 2389 4781 mihi,
2441 4722 2494 4769 et
2523 4730 2622 4784 per
2650 4729 2738 4768 me
2769 4712 2924 4768 vobis
2954 4710 3357 4782 cooperabitur.
3390 4711 3493 4765 Ju-

1889 4805 2089 4870 dicavi,
2141 4804 2385 4875 inquam,
2438 4811 2693 4874 oportere
2723 4817 2820 4858 vos
2847 4802 3066 4857 tradere
3096 4816 3221 4856 eum
3249 4800 3341 4872 qui
3374 4800 3484 4856 liu-

1878 4893 2121 4964 jusmodi
2152 4900 2254 4956 est,
2294 4894 2528 4949 Satanae.
2581 4890 2823 4946 Tradere
2850 4891 3065 4946 Satanae
3094 4890 3226 4945 dicit
3255 4905 3486 4945 excom-

1884 4983 2183 5038 municare.
2224 4981 2696 5051 Quemadmodum
2735 4980 2883 5036 enim
2921 4978 3172 5035 diabolus
3199 4995 3361 5034 omne
3396 4978 3490 5047 jus

1884 5073 2048 5127 habet
2077 5072 2133 5126 in
2183 5071 2459 5126 hominem
2491 5071 2810 5142 priusquam
2838 5087 2935 5140 per
2959 5068 3124 5125 ﬁdem
3138 5067 3486 5137 justiﬁcetur,

1882 5161 1962 5217 sic
1981 5169 2271 5232 postquam
2292 5176 2392 5231 pro
2409 5160 2570 5231 culpa
2599 5175 2632 5214 a
2662 5159 2721 5216 1
2736 5158 2897 5215 02
2921 5156 3279 5215 sacramentis
3302 5157 3491 5213 Eccle-

1882 5250 1997 5315 sim,
2048 5249 2244 5321 quibus
2289 5248 2454 5303 armis
2490 5256 2683 5304 contra
2731 5248 2988 5303 Satanam
3029 5246 3219 5302 muniti
3267 5262 3481 5312 sumus,

1880 5346 2179 5410 separatur,
2230 5338 2425 5392 exinde
2472 5337 2573 5393 sub
2616 5339 2752 5409 jugo
2781 5338 2997 5393 Satanae
3042 5336 3326 5407 religatur;
3360 5335 3491 5407 quia

1879 5445 1983 5484 nec
2028 5443 2129 5499 per
2160 5442 2220 5482 se
2252 5426 2505 5482 resistere
2533 5434 2729 5497 potest,
2761 5442 2863 5483 nec
2901 5424 3138 5481 fortasse
3160 5423 3291 5489 vult,
3327 5433 3379 5479 et
3414 5424 3489 5478 ab

1877 5517 2079 5573 auxilio
2111 5514 2210 5570 Dei
2241 5515 2455 5585 penitus
2486 5515 2812 5570 destituitur.
2846 5514 3089 5570 Tradere
3117 5512 3243 5569 dico
3274 5513 3490 5567 Satanas

1876 5609 1941 5663 in
1964 5606 2269 5662 interitum
2290 5606 2503 5668 carnis,
2524 5605 2577 5659 id
2601 5612 2683 5660 est
2706 5605 2777 5659 ad
2810 5604 2933 5668 hoc,
2959 5612 3015 5659 ut
3037 5619 3168 5659 caro
3199 5602 3339 5670 ejus,
3366 5618 3491 5673 quae

1875 5697 1932 5753 in
1962 5703 2189 5769 peccato
2230 5694 2534 5764 jucundata
2576 5702 2679 5761 est,
2713 5693 2918 5749 sensim
2942 5692 3171 5748 intereat
3200 5689 3491 5745 aﬁlictioue
