3948 6418
477 324 583 381 H7

974 328 1030 384 S.
1089 326 1443 386 BRUNONIS
1500 323 2143 386 CARTHUSIANORUM
2201 324 2687 384 INSTITUTORIS
2743 325 2896 385 OPP.
2954 326 3131 385 PARS
3186 327 3256 384 II.

3676 326 3784 380 148

481 451 821 508 morborum.
856 452 1118 508 Diabolus
1148 452 1291 508 enim
1308 460 1597 524 postquam
1619 452 1765 507 videt
1795 450 2142 510 hominemA
2170 448 2298 520 agni
2327 449 2750 507 immolationem
2783 453 2851 508 de
2899 452 3212 525 £gyptiaca
3240 449 3500 508 servitute
3526 449 3777 514 liberati,

484 539 601 595 sine
622 540 756 607 Deo,
787 540 1141 608 debilitatum,
1175 541 1346 596 libere
1376 541 1695 613 aggreditur
1723 556 1868 606 eum,
1903 548 1955 594 et
1971 555 2071 608 per

479 627 661 683 varios
691 629 912 683 morbos
943 637 1102 684 vexat
1139 645 1365 685 carnem
1397 630 1533 697 ejus.
1580 627 1738 696 Quod
1770 628 1894 682 ideo
1924 628 2071 681 Deus

481 716 699 787 patitur,
732 725 789 771 ut
819 718 980 773 homo
1028 718 1219 773 videns
1249 733 1328 781 se,
1362 726 1650 789 postquam
1672 732 1705 771 a
1734 718 1849 771 Deo
1880 732 2070 771 reces-

481 805 566 871 sit,
596 821 697 876 pcr
726 813 801 860 tot
829 806 1053 861 morbos
1095 806 1486 877 angustiatum,
1518 804 1840 861 conﬁteatur
1868 820 2071 875 pecca-

480 901 611 959 tum,
647 901 700 948 et
727 894 1044 964 pcenitendo
1092 902 1397 950 revertatur
1425 894 1495 949 ad
1535 895 1800 962 Deum,ut
1835 895 2071 965 spiritus

482 982 602 1052 ejus
625 983 815 1038 salvus
836 984 931 1038 sit.
957 982 1055 1037 Vel
1076 982 1150 1037 ita
1176 1001 1189 1037 :
1208 983 1447 1037 Tradere
1465 983 1677 1037 Satanas
1699 982 1752 1035 in
1774 982 2068 1047 interitum;

483 1070 611 1140 quia
630 1077 920 1143 postquam
951 1087 1060 1125 non
1091 1072 1393 1143 protegitur
1414 1071 1774 1125 sacramentis
1792 1070 2068 1136 Ecclesia},

480 1158 549 1212 de
581 1159 726 1213 malo
758 1158 1000 1230 quotidie
1045 1160 1415 1230 praecipitatur
1465 1159 1522 1213 in
1550 1160 1740 1230 pejus:
1775 1159 1867 1230 qui
1898 1159 2070 1213 inter-

480 1246 585 1301 itus
613 1246 808 1302 animse
847 1256 950 1313 est,
992 1248 1193 1313 carnis,
1230 1248 1283 1302 id
1342 1256 1423 1303 est
1450 1264 1551 1319 per
1579 1263 1799 1303 carnem
1819 1247 1905 1303 cui
1936 1262 2072 1303 con-

484 1334 647 1389 sentit
687 1335 829 1390 male
880 1336 1146 1391 suadenti.
1180 1338 1295 1393 Nec
1324 1337 1448 1391 ideo
1480 1337 1694 1391 tradere
1724 1345 1780 1390 ut
1810 1344 2072 1407 perpetuo

481 1431 689 1493 pereat,
742 1424 837 1478 sed
889 1432 963 1491 ut,
1009 1425 1139 1479 dum
1185 1425 1329 1480 mole
1390 1433 1737 1496 peccatorum
1783 1425 2069 1496 premitur,

481 1512 779 1567 condolens
826 1512 895 1568 de
932 1514 1172 1584 peccatis
1214 1514 1490 1585 poeniteat,
1523 1521 1576 1569 et
1606 1514 1682 1567 sic
1711 1514 1928 1584 spiritus
1957 1514 2073 1581 ejus

486 1601 671 1656 salvus
701 1602 769 1655 sit
798 1604 861 1657 in
890 1603 1000 1669 die,
1032 1602 1087 1657 id
1115 1610 1197 1656 est
1226 1603 1281 1656 in
1312 1602 1699 1657 illuminatione
1732 1604 1955 1658 Domini
1984 1619 2076 1658 no-

483 1692 592 1745 stri
647 1690 779 1746 Jesu
824 1689 1053 1745 Christi.
1102 1692 1255 1746 Tunc
1300 1692 1445 1745 enim
1506 1691 1751 1744 Christus
1806 1691 2075 1744 illuminat

491 1793 636 1843 eum,
683 1793 808 1832 cum
839 1778 1137 1848 pmnitendi
1165 1779 1440 1833 desiderio
1468 1778 1742 1834 fervescit.
1776 1778 1933 1847 Quod
1965 1780 2074 1832 uti-

487 1881 591 1936 que
621 1866 912 1920 videndum
935 1875 1015 1921 est
1044 1866 1303 1922 Ecclesia:
1341 1868 1593 1937 praelatis,
1617 1875 1751 1921 utea
1779 1868 2075 1922 intentione

487 1972 614 2013 reos
643 1955 1115 2012 excommunicent
1138 1973 1239 2027 qua
1269 1956 1484 2021 Paulus,
1509 1957 1734 2023 scilicet,
1766 1964 1821 2010 ut
1856 1956 2075 2026 spiritus

487 2065 678 2105 eorum
743 2048 1041 2103 salventur.
1108 2045 1560 2116 Quandoquidem
1598 2045 1799 2099 luctum
1836 2059 1945 2099 non
1976 2045 2075 2097 ha-

488 2140 699 2204 buistis,
731 2154 832 2193 nec
861 2152 984 2191 eum
1014 2135 1083 2189 de
1112 2135 1293 2189 medio
1322 2142 1560 2189 vestrum
1591 2134 1804 2198 tulistis,
1829 2133 1953 2187 inde
1974 2149 2076 2203 ap-

484 2233 644 2297 paret
671 2223 819 2295 quod
850 2220 1105 2293 gloriatio
1133 2227 1316 2274 vestra
1335 2234 1445 2273 non
1474 2226 1554 2272 est
1585 2218 1749 2272 bona.
1783 2218 1977 2271 Malum
1996 2226 2078 2272 est

486 2313 630 2369 enim
648 2328 771 2367 eum
792 2310 859 2365 de
876 2308 1082 2379 justitia
1102 2306 1348 2381 gloriari,
1382 2307 1471 2379 qui
1502 2314 1554 2362 et
1584 2306 1814 2360 salutem
1844 2307 2077 2377 proximi

484 2400 737 2474 negligit,
782 2407 835 2454 et
892 2414 952 2453 se
994 2397 1188 2452 morbo
1236 2397 1352 2465 ejus
1400 2393 1583 2449 inlicit.
1629 2396 1767 2449 Vere
1798 2411 1906 2449 non
1937 2395 2075 2449 bene

484 2487 810 2560 gloriamini,
843 2486 968 2559 quia
995 2502 1063 2540 an
1092 2485 1322 2540 nescitis
1342 2500 1440 2538 vos
1469 2484 1611 2556 quod
1644 2485 1923 2539 modicum
1944 2487 2075 2554 fru-

483 2582 737 2635 mentum
767 2576 813 2631 si
843 2574 1005 2631 fuerit
1034 2574 1249 2630 acidum
1280 2578 1459 2630 totam
1488 2581 1659 2644 pasta:
1688 2589 1933 2628 massam
1956 2589 2076 2628 cor-

485 2670 703 2742 rumpit
732 2665 928 2722 factam
960 2664 1173 2719 acidam
1203 2663 1230 2718 ?
1269 2662 1358 2718 Sic
1388 2670 1441 2717 et
1469 2662 1571 2717 iste
1617 2662 1913 2731 (modicum
1945 2661 2077 2733 quid

485 2756 780 2813 secundum
812 2769 1097 2809 numerum
1124 2751 1407 2821 Ecclesiae)
1436 2750 1730 2821 corrumpit
1768 2758 1934 2805 totam
1966 2752 2075 2806 Ec-

484 2845 726 2912 clesiam,
773 2842 966 2898 factam
1016 2857 1167 2896 ream
1223 2856 1289 2895 ex
1337 2839 1733 2895 cohabitatione
1783 2840 1941 2908 hujus
1989 2838 2077 2893 cui

482 2931 848 3006 participavit.
905 2928 1363 2999 Quandoquidem
1393 2926 1715 2982 fermentum
1747 2928 1849 2983 hoc
1878 2927 2075 2983 Eccle-

481 3023 576 3077 sia:
631 3034 866 3075 massam
921 3017 1236 3087 corrumpit,
1296 3030 1429 3087 ergo
1484 3015 1782 3070 auferendo
1838 3017 1983 3071 hunc
2024 3023 2077 3070 et

483 3126 643 3167 omne
672 3107 872 3163 malum
902 3106 970 3161 de
999 3105 1178 3160 medio
1208 3114 1448 3159 vestrum
1485 3109 1799 3175 expurgate
1821 3107 2075 3174 fermen-

485 3205 628 3264 tum,
660 3198 717 3252 id
774 3203 857 3251 est
902 3194 1235 3250 inflationem
1279 3201 1539 3248 vestram.
1560 3159 1649 3247 .Et
1672 3159 1725 3247 si
1756 3159 1899 3264 qu'od
1932 3193 2076 3247 aliud
2109 3159 2155 3221 Ο

484 3288 692 3345 scilicet
720 3292 1005 3357 peccatum
1025 3291 1107 3338 est
1136 3282 1537 3353 expellendum.
1570 3285 1931 3337 Fennentum
1954 3283 2077 3339 dico

480 3381 662 3434 vetus.
692 3374 809 3430 Nisi
839 3373 984 3429 enim
1015 3387 1113 3428 vos
1141 3370 1527 3443 purgaveritis,
1560 3372 1693 3425 estis
1722 3372 1965 3425 membra
1985 3388 2079 3427 ve-

484 3465 615 3521 teris
642 3462 896 3519 hominis.
928 3463 1239 3532 Expurgate
1268 3460 1467 3531 itaque,
1500 3464 1565 3515 ut
1585 3461 1714 3514 sitis
1736 3463 2072 3531 conspersio.

484 3554 679 3611 Farina
709 3569 810 3625 per
857 3567 1057 3623 aquam
1086 3549 1453 3622 conglutinata
1484 3548 1600 3603 sine
1633 3548 1897 3604 fermento
1935 3550 2075 3606 dici—

483 3652 569 3699 tur
597 3642 937 3714 conspersio.
968 3638 1285 3694 Humanitas
1316 3645 1495 3692 autem
1523 3646 1713 3692 nostra
1744 3655 1865 3709 qua:
1894 3655 1996 3709 per
2016 3655 2075 3693 se

483 3732 686 3788 sterilis
729 3739 811 3785 est
850 3737 902 3785 et
947 3728 1117 3797 arida,
1158 3743 1259 3798 per
1286 3726 1515 3781 farinam
1556 3727 1755 3783 siccam
1788 3726 2072 3798 accipitur,

484 3838 607 3893 quae
627 3836 750 3875 rore
770 3818 1001 3889 Spiritus
1027 3817 1199 3873 sancti
1219 3816 1275 3870 in
1288 3816 1555 3886 baptismo
1577 3817 1999 3889 conglutinatur,
2019 3825 2076 3871 ut

482 3909 729 3965 ariditate
788 3907 1033 3978 depulsa,
1085 3905 1317 3961 fructum
1377 3904 1557 3973 faciat;
1618 3907 2075 3975 quemadmodum

483 3998 655 4053 farina
702 4014 800 4068 per
847 4011 1044 4069 aquam
1073 3994 1379 4065 copulatur,
1421 4003 1480 4049 ut
1526 3995 1806 4050 utilitatem
1845 3996 2068 4051 habeat.

483 4088 640 4154 Sitis,
671 4087 909 4157 inquam.
946 4086 1261 4157 conspersio
1285 4101 1445 4151 nova,
1477 4083 1532 4138 id
1563 4092 1646 4139 est
1679 4083 1799 4139 facti
1832 4085 2077 4139 membra

482 4176 610 4232 novi
626 4175 777 4240 Adae,
797 4174 1003 4229 scilicet
1023 4173 1222 4227 Christi
1240 4172 1328 4244 qui
1345 4189 1443 4227 vos
1454 4189 1553 4243 per
1564 4172 1821 4244 Spiritum
1835 4180 2075 4227 sanctum

484 4264 785 4321 renovavit.
816 4263 974 4318 Nunc
1004 4270 1176 4317 estote
1203 4277 1342 4317 nova
1384 4262 1699 4333 conspersio
1745 4263 1896 4317 sicut
1923 4262 2076 4332 prius

480 4353 537 4408 in
560 4353 826 4423 baptismo
847 4353 1046 4423 fuistis
1068 4352 1271 4422 azymi,
1296 4350 1349 4404 id
1372 4358 1454 4405 est
1475 4350 1592 4405 sine
1619 4350 1883 4405 fermento
1913 4352 2076 4405 totius

479 4442 714 4514 peccati.
768 4442 974 4496 Bonum
1021 4448 1104 4495 est
1147 4440 1292 4494 enim
1330 4440 1408 4495 sic
1437 4456 1536 4494 vos
1574 4440 1737 4494 modo
1768 4456 1867 4509 per
1894 4439 2075 4510 paeni-

2170 545 2449 593 transeunt
2477 540 2546 593 ad
2591 548 2791 595 terram
2843 541 3297 611 repromissionis.
3347 541 3463 595 Hoc
3493 540 3645 595 enim
3678 538 3775 593 fe-

2172 634 2309 680 stum
2367 627 2754 683 immolationis
2803 630 2931 702 agni
2961 631 3181 700 paschae
3217 630 3414 685 dicitur
3446 628 3591 699 apud
3623 644 3726 684 eos
3758 647 3775 693 ;

2172 717 2379 785 pascha
2406 717 2545 786 apud
2577 718 2823 786 Graecos,
2848 719 3108 773 transitus
3135 719 3279 789 apud
3301 733 3421 773 nos.
3453 718 3550 773 Ille
3578 718 3777 788 utique

2172 819 2349 875 agnus
2387 820 2577 859 verum
2607 809 2823 876 Agnum
2854 807 2908 861 in
2938 823 3047 879 quo
3076 807 3287 863 macula
3315 822 3426 862 non
3456 806 3575 871 fuit,
3599 805 3774 860 Chri-

2173 900 2312 945 stum
2344 892 2688 964 signiticavit,
2734 912 2834 965 per
2875 897 3031 964 cujus
3074 896 3403 966 sanguinem
3431 894 3667 949 effusum
3695 893 3774 948 li-

2176 980 2398 1034 niuntur
2442 991 2652 1037 mentes
2694 992 2914 1049 nostrae,
2963 992 3017 1039 et
3065 984 3144 1040 sic
3195 984 3490 1039 liberamur
3537 999 3572 1039 a
3602 982 3777 1053 plaga

2173 1070 2523 1138 percutientis
2565 1072 2785 1143 angeli;
2835 1072 2904 1126 ad
2962 1088 3115 1127 esum
3161 1072 3315 1140 cujus
3359 1072 3486 1143 agni
3525 1071 3780 1143 quotidie

2174 1158 2430 1212 convenit
2480 1160 2746 1228 Ecclesia,
2805 1177 2901 1231 per
2948 1162 3053 1217 hoc
3102 1161 3399 1215 transitura
3441 1159 3514 1215 ad
3559 1160 3777 1215 verita-

2174 1253 2283 1299 tem
2340 1247 2442 1313 rei,
2501 1263 2609 1319 qua
2664 1265 2808 1305 nunc
2864 1250 3027 1304 utitur
3102 1250 3203 1303 sub
3261 1250 3445 1320 specie
3498 1248 3663 1320 panis
3721 1256 3781 1303 et.

2175 1334 2303 1400 vini,
2379 1351 2613 1406 quorum
2681 1336 2807 1392 licet
2877 1337 3088 1408 species
3172 1346 3411 1406 maneat,
3488 1337 3777 1393 credimus

2175 1430 2358 1477 tamen
2407 1440 2598 1478 revera
2644 1425 2871 1480 transire
2916 1426 2972 1480 in
3011 1441 3197 1481 veram
3241 1426 3597 1480 substantiam
3640 1441 3777 1481 cor-

2176 1510 2325 1580 poris
2371 1520 2421 1566 et
2468 1514 2750 1583 sanguinis
2790 1514 2988 1568 Christi
3024 1529 3037 1568 :
3082 1531 3181 1585 per
3226 1515 3342 1569 haec
3402 1514 3685 1569 transituri
3715 1514 3779 1567 in

2175 1600 2548 1655 aeternitatem.
2573 1604 2883 1672 Epulemur
2915 1603 3039 1658 dico
3067 1619 3181 1658 non
3204 1611 3490 1658 manentes
3530 1602 3774 1659 103

2175 1689 2237 1742 in
2271 1691 2444 1743 veteri
2471 1692 2771 1759 fermento,
2798 1692 2893 1744 sed
2923 1708 3099 1763 neque
3128 1694 3187 1746 in
3215 1695 3498 1762 fermento
3528 1693 3779 1746 malitia:

2177 1775 2232 1829 in
2260 1776 2663 1847 nobismetipsis
2708 1779 2905 1834 habitae
2929 1798 2944 1844 ;
2966 1796 3068 1835 nec
3100 1780 3154 1834 in
3185 1779 3450 1835 fermento
3478 1781 3779 1852 nequitur,

2177 1873 2233 1919 ut
2262 1881 2330 1920 ne
2362 1865 2490 1936 quid
2519 1882 2743 1938 agamus
2771 1877 2961 1923 contra
2985 1869 3312 1939 proximum,
3344 1870 3441 1923 sed
3487 1877 3783 1923 manentes

2176 1954 2239 2008 in
2278 1956 2512 2024 azymis,
2564 1955 2617 2009 id
2667 1965 2746 2010 est
2789 1958 3112 2023 humilitate,
3158 1959 3534 2022 sinceritatis,
3586 1957 3643 2010 id
3690 1965 3781 2012 est

2176 2038 2421 2107 puritatis
2447 2049 2782 2095 conservatae
2802 2042 2854 2095 in
2886 2042 3062 2108 nobis,
3096 2051 3147 2097 et
3188 2042 3423 2097 veritatis
3450 2058 3518 2097 ne
3550 2041 3777 2096 fraude—

2176 2142 2299 2180 mus
2345 2128 2672 2197 proximum.
2706 2130 2901 2184 Paulus
2940 2131 3054 2199 jam
3096 2139 3218 2185 ante
3241 2131 3309 2185 de
3341 2131 3562 2184 vitanda
3592 2129 3778 2186 forni-

2177 2215 2387 2270 catione
2435 2218 2727 2287 scripserat
2775 2219 3103 2285 Corinthiis;
3136 2220 3235 2274 sed
3279 2220 3426 2274 dicta
3458 2220 3596 2288 ejus,
3627 2219 3777 2275 male

2175 2302 2611 2374 interpretantes,
2656 2307 3035 2362 existimabant
3079 2308 3225 2379 quod
3267 2308 3357 2363 de-
3384 2307 3640 2380 gentibus
3687 2308 3780 2362 vi-

2178 2392 2375 2458 tandis,
2409 2409 2531 2448 cum
2560 2394 2981 2463 fornicarentur,
3026 2397 3367 2467 praeciperet.
3398 2397 3558 2452 Nunc
3587 2404 3778 2451 autem

2178 2496 2277 2552 per
2324 2486 2429 2539 hoc
2472 2485 2615 2557 quod
2655 2487 2767 2554 jam
2814 2485 2882 2540 de
2915 2487 3017 2541 hoc
3066 2485 3291 2542 crimine
3318 2484 3611 2556 scripserat
3640 2485 3775 2552 illis,

2177 2594 2272 2633 eos
2303 2576 2666 2647 reprehendit,
2700 2584 2753 2630 et
2799 2575 3070 2645 quomodo
3098 2574 3425 2645 scripturam
3453 2590 3619 2646 quam
3662 2575 3777 2629 mi-

2178 2675 2321 2721 serat
2376 2666 2678 2737 intelligere
2742 2665 3027 2731 deberent,
3075 2664 3334 2728 insinuat,
3374 2664 3611 2718 dicens:
3645 2664 3780 2719 Jure

2177 2756 2363 2827 utique
2396 2770 2573 2826 arguo
2600 2770 2696 2809 vos
2726 2754 2794 2809 de
2820 2755 2944 2820 hoc,
2977 2754 3124 2825 quod
3156 2769 3263 2808 non
3294 2753 3491 2809 tulistis
3525 2753 3778 2810 fornica-

2177 2853 2350 2899 torem
2399 2844 2547 2897 illum
2592 2843 2662 2898 de
2708 2842 2889 2898 medio
2936 2850 3195 2897 vestrum.
3246 2843 3367 2913 Ego
3394 2842 3539 2897 enim
3566 2846 3776 2916 scripsi

2178 2934 2323 2989 vobis
2339 2933 2393 2988 in
2406 2932 2645 3003 Epistola
2661 2932 2774 3000 jam
2790 2932 2974 2996 missa,
2993 2932 3140 3002 quod
3160 2949 3273 2987 non
3287 2933 3679 2988 commisceam
3688 2934 3778 2987 ini

2178 3023 2524 3092 fornicariis,
2576 3037 2685 3076 non
2732 3021 2918 3092 utique
2948 3020 3271 3091 praecipiens
3300 3022 3404 3076 hoc
3431 3021 3500 3076 de
3529 3021 3775 3077 fornica-

2178 3111 2273 3165 riis
2305 3111 2461 3179 hujus
2492 3110 2698 3176 mundi,
2733 3110 2787 3165 id
2817 3118 2900 3164 est
2927 3110 2996 3164 de
3042 3109 3298 3181 gentibus
3330 3110 3422 3181 qui
3452 3126 3563 3166 non
3594 3112 3775 3166 Deum

2180 3200 2278 3254 sed
2348 3199 2607 3253 mundum
2665 3206 2979 3270 sequuntur.
3036 3198 3244 3269 Scripsi
3295 3198 3455 3254 etiam
3513 3199 3674 3255 vobis
3706 3217 3776 3256 ne

2177 3288 2639 3343 commisceamini
2697 3292 2799 3343 aut
2817 3288 3025 3351 avaris,
3059 3291 3161 3342 aut
3194 3290 3514 3359 rapacibus,
3537 3293 3645 3344 aut
3662 3306 3778 3346 ser-

2178 3378 2456 3433 vientibus
2478 3378 2664 3445 idolis,
2697 3376 2751 3431 id
2781 3385 2864 3430 est
2893 3376 2977 3430 his
3008 3375 3097 3447 qui
3129 3377 3215 3431 vel
3242 3376 3312 3431 ad
3342 3377 3611 3432 culturam
3642 3378 3777 3434 idoli

2178 3467 2420 3531 redeunt,
2471 3466 2556 3520 vel
2606 3466 2696 3536 qui
2741 3465 2900 3519 idolis
2947 3465 3226 3519 immolata
3270 3466 3371 3519 sub
3419 3468 3776 3523 veneratione

2176 3556 2306 3610 idoli
2361 3554 2672 3609 comedunt.
2732 3554 2869 3609 Vere
2917 3569 3024 3609 non
3053 3555 3121 3609 de
3153 3553 3458 3609 fornicariis
3487 3557 3775 3628 gentilium

2177 3645 2281 3700 hoc
2310 3643 2559 3713 prohibui
2584 3661 2597 3696 :
2630 3645 2884 3715 alioquin
2914 3646 3088 3709 enim,
3122 3643 3175 3696 id
3207 3651 3289 3697 est
3319 3644 3363 3697 si
3386 3644 3546 3698 aliter
3574 3660 3774 3717 agens,

2176 3733 2244 3788 de
2283 3733 2576 3805 gentilibus
2632 3732 2867 3787 vitandis
2908 3732 3013 3787 hoc
3044 3741 3371 3803 praeceptum
3401 3733 3629 3799 darem;
3659 3736 3775 3805 jam

2177 3822 2221 3875 si
2252 3821 2478 3877 obedire
2507 3820 2738 3886 velletis,
2772 3822 3090 3877 debueratis
3119 3824 3304 3877 exisse
3329 3821 3395 3877 de
3417 3821 3516 3878 hoc
3536 3825 3776 3891 mundo,

2177 3911 2232 3964 id
2262 3917 2343 3965 est
2361 3910 2554 3964 melius
2586 3918 2731 3963 esset
2759 3909 2917 3964 vobis
2967 3909 3107 3963 mori
3144 3909 3476 3982 negligenda
3505 3928 3776 3983 quincun-

2178 4016 2283 4072 que
2341 3999 2575 4053 mundus
2624 3999 2808 4067 habet,
2865 4014 3025 4069 quam
3062 4007 3281 4069 prOpter
3320 3999 3568 4054 timorem
3616 4002 3778 4059 aliter

2176 4096 2401 4159 agentes
2430 4087 2841 4143 communicetis
2863 4086 3163 4143 fornicariis
3188 4106 3202 4142 :
3231 4087 3360 4142 olim
3391 4089 3610 4160 scripsi,
3629 4092 3776 4147 male

2177 4177 2539 4240 intellexistis,
2600 4177 2698 4231 sed
2753 4191 2897 4231 nunc
2938 4176 3242 4233 determino
3284 4178 3435 4232 vobis
3457 4180 3601 4250 quod
3628 4181 3773 4235 scri-

2177 4266 2262 4336 psi
2292 4282 2400 4319 non
2429 4266 2632 4320 debere
2654 4282 2752 4320 vos
2781 4266 3125 4320 commisceri
3145 4281 3267 4320 cum
3289 4267 3575 4334 ejusmodi.
3610 4268 3774 4336 Quod

2178 4354 2257 4409 sic
2286 4354 2695 4424 intelligendum
2727 4362 2810 4408 est
2836 4355 2923 4408 :Si
2941 4356 2988 4407 is
3008 4355 3103 4426 qui
3118 4358 3302 4425 frater
3321 4360 3407 4411 est
3434 4357 3497 4410 in
3517 4357 3643 4425 ﬁde,
3678 4373 3776 4412 no-

2176 4444 2436 4498 minatur
2455 4445 2791 4513 fornicator,
2811 4448 2913 4497 aut
2942 4460 3168 4511 avarus,
3203 4448 3305 4499 aut
3326 4445 3574 4499 serviens
3604 4446 3778 4503 idolis

479 4531 702 4586 [entiam
759 4531 904 4601 (quae
946 4536 1029 4583 est
1096 4529 1233 4583 alter
1282 4528 1600 4599 baptismus)
1648 4527 1887 4601 purgari,
1939 4519 2150 4583 sicutD
2179 4532 2344 4597 cultu,
2378 4532 2465 4587 vel
2495 4532 2833 4586 comedendo
2877 4530 3235 4601 idolothytum
3266 4533 3368 4586 sub
3396 4534 3770 4601 veneratione,

478 4621 633 4692 prius
661 4635 761 4690 per
789 4618 1111 4690 baptismum
1141 4617 1357 4689 purgati
1388 4616 1580 4672 fuistis.
1615 4619 1849 4688 Azymus
1868 4618 2074 4683 Graece,

478 4710 601 4765 sine
629 4711 911 4779 fermento
940 4706 1138 4762 dicitur
1168 4706 1370 4761 Latine.
1404 4708 1600 4777 Zymus
1647 4714 1730 4761 est
1757 4704 2079 4760 fermentum

477 4815 514 4853 a
544 4796 681 4863 sine,
716 4804 773 4851 ut
824 4796 899 4850 ibi
919 4794 1182 4866 acephali,
1208 4795 1262 4849 id
1284 4795 1502 4850 estsine
1520 4795 1723 4866 capite.
1748 4794 1859 4849 Vos
1894 4794 2079 4865 utique

479 4900 788 4957 expurgare
817 4884 1065 4939 debetis:
1097 4885 1308 4939 etenim
1345 4882 1601 4938 Christus
1635 4884 1965 4937 immolatus
1994 4886 2079 4938 est

477 4973 533 5028 in
566 4989 664 5028 ara
694 4973 875 5029 crucis
901 4988 912 5026 :
939 4973 1084 5044 quod
1116 4972 1364 5026 Christus
1378 4979 1459 5025 est
1482 4975 1742 5028 nostrum
1780 4970 2007 5042 pascha,
2024 4970 2078 5024 id

478 5070 562 5117 est
591 5069 773 5117 noster
792 5061 1051 5116 transitus
1073 5061 1143 5115 de
1165 5068 1335 5115 morte
1353 5059 1423 5114 ad
1440 5059 1629 5125 vitam,
1654 5059 1721 5114 de
1736 5060 2077 5130 corruptione

474 5152 544 5205 ad
575 5150 1072 5221 incorruptionem;
1106 5164 1203 5219 per
1236 5163 1394 5218 quem
1416 5164 1561 5203 nunc
1591 5148 1811 5203 tandem
1833 5164 1933 5202 nos
1962 5164 2080 5218 pur-

473 5255 611 5313 gare
667 5255 976 5310 possumus,
1030 5237 1122 5310 qui
1171 5236 1324 5308 prius
1371 5236 1471 5290 sub
1493 5237 1628 5308 jugo
1658 5236 1859 5291 diaboli
1888 5237 2072 5303 vincti,

470 5343 581 5382 non
612 5336 941 5398 poteramus.

547 5415 648 5471 Hic
696 5415 855 5469 mittit
905 5430 1007 5469 nos
1049 5413 1120 5467 ad
1159 5410 1443 5467 historiam
1492 5414 1584 5468 ubi
1616 5413 1710 5468 filii
1740 5413 1929 5480 Israel,
1962 5422 2077 5468 uta

472 5504 637 5576 plaga
683 5504 896 5575 Egypti
918 5502 1304 5565 liberarentur,
1332 5502 1601 5567 sanguine
1643 5502 1907 5556 immolati
1947 5503 2077 5573 agni

477 5599 661 5664 postes
707 5591 866 5647 linire
909 5590 1167 5659 jubentur
1215 5588 1416 5658 (Exod.
1450 5605 1553 5659 xu,
1588 5595 1703 5662 .7):
1751 5599 1874 5663 post
1923 5592 2076 5661 cujus

2178 4624 2278 4675 aut
2299 4621 2631 4685 maledicus,
2647 4624 2748 4676 aut
2774 4621 3061 4686 ebriosus,,
3087 4620 3141 4673 id
3162 4628 3241 4675 est
3255 4630 3546 4677 consuetus
3567 4622 3775 4679 detrac-

2178 4709 2308 4763 tioni
2331 4717 2383 4764 et
2414 4708 2681 4777 ebrietati,
2715 4713 2816 4763 aut
2836 4726 3022 4780 rapax
3060 4708 3364 4763 nominatur
3397 4726 3527 4765 cum
3560 4710 3653 4766 illo
3681 4712 3773 4783 qui

2178 4806 2261 4852 est
2291 4798 2583 4869 ejusmodi,
2617 4804 2676 4850 ut
2708 4812 2925 4852 omnem
2949 4798 3387 4853 communionem
3420 4799 3708 4854 excludam
3741 4815 3755 4854 :

2179 4886 2321 4957 quod
2354 4886 2528 4941 levius
2556 4885 2770 4940 videtur
2798 4885 3063 4956 prohibeo
3098 4886 3306 4942 scilicet
3334 4903 3437 4942 nec
3478 4888 3663 4943 cibum
3685 4906 3775 4944 su-

2176 4991 2349 5030 mere.
2408 4976 2570 5029 Notat
2625 4975 2811 5029 beatus
2868 4975 3197 5043 Augustinus
3250 4975 3305 5028 in
3350 4991 3416 5030 eo
3448 4975 3539 5030 ubi
3560 4976 3683 5031 ait:
3729 4978 3774 5032 si

2177 5063 2482 5117 nominatur
2510 5072 2562 5118 et
2590 5080 2700 5118 non
2726 5064 2859 5117 dixit
2890 5064 2934 5117 si
2957 5071 3059 5129 est,
3110 5065 3214 5119 hoc
3259 5063 3589 5119 intellexisse
3621 5068 3771 5136 Apo-

2178 5152 2411 5218 stolum;
2472 5152 2597 5223 quia
2624 5152 2669 5206 si
2726 5152 2889 5206 frater
2917 5160 2999 5207 est
3048 5152 3289 5207 criminis
3346 5169 3492 5218 reus,
3545 5161 3599 5208 et
3646 5155 3772 5210 latet

2176 5240 2338 5311 culpa
2386 5241 2521 5309 ejus,
2570 5257 2678 5295 non
2711 5241 2874 5295 debet
2929 5242 3401 5297 excommunicari.
3436 5243 3517 5296 De
3546 5242 3770 5299 incertis

2177 5330 2322 5385 enirn
2361 5344 2470 5383 non
2518 5337 2601 5383 est
2649 5330 2959 5385 habendum
2993 5330 3276 5398 judicium,
3312 5330 3407 5384 sed
3438 5330 3507 5384 de
3539 5332 3768 5388 crimine

2174 5415 2317 5485 quod
2347 5414 2752 5469 manifestatum
2782 5422 2833 5469 et
2881 5416 3289 5485 comprobatum
3322 5423 3433 5480 est;
3468 5425 3520 5469 et
3535 5415 3662 5471 ideo
3692 5418 3774 5472 di-

2177 5504 2251 5555 xit
2307 5504 2662 5558 nominatur.
2714 5504 2792 5558 De
2841 5504 2942 5558 hoc
2985 5504 3170 5574 utique
3200 5519 3308 5559 non
3334 5504 3658 5571 judicandus
3692 5516 3772 5562 est

2176 5607 2323 5646 reus.
2377 5592 2521 5647 Vere
2573 5591 2642 5647 de
2689 5590 2946 5648 fratribus
2996 5592 3263 5647 debemus
3307 5591 3602 5661 judicare:
3653 5611 3777 5652 nam
