3948 6420
189 311 293 366 ιω

197 452 335 525 quid
363 453 531 519 mihi,
564 450 619 507 id
648 459 731 507 est
758 450 889 525 quid
918 450 989 507 ad
1017 466 1106 507 me
1134 451 1369 523 pertinet
1418 460 1470 507 et
1515 452 1582 507 ad
1611 452 1811 509 Eccle-
1829 436 1886 496 Α

200 540 342 596 siam
371 542 440 597 de
463 541 552 597 his
571 542 669 615 qui
696 542 836 613 foris
866 544 1024 607 sunt,
1059 540 1114 595 id
1147 548 1249 610 est,
1280 541 1349 595 de
1398 540 1692 613 gentilibus
1718 541 1812 610 ju-

200 629 429 685 dicare?
456 630 589 685 nihil
616 629 819 702 utique.
855 630 922 684 Et
952 629 1098 701 quod
1128 629 1198 684 de
1240 628 1326 684 his
1372 630 1464 702 qui
1511 638 1666 685 extra
1708 631 1813 686 Ec-

202 719 432 775 clesiam
464 726 587 774 sunt
611 719 861 789 judicare
888 734 998 773 non
1029 717 1174 786 licet,
1197 735 1388 775 nonne
1410 736 1499 775 vos
1511 720 1808 791 judicatis,

201 808 257 863 id
289 816 373 863 est
395 808 648 877 judicare
679 808 907 875 debetis,
941 807 1007 863 de
1027 808 1115 863 his
1136 808 1232 880 qui
1260 809 1419 863 intus
1448 811 1606 875 sunt,
1639 807 1692 861 in
1715 809 1814 864 Ec-

201 896 394 954 clesia.
431 898 571 952 Vere
600 898 668 951 de
699 897 783 951 his
812 897 905 969 qui
934 896 1081 951 intus
1113 903 1253 963 sunt,
1282 896 1539 965 judicatis
1568 904 1803 952 tantum.

206 987 352 1043 Nam
380 1002 472 1042 eos
507 986 603 1059 qui
630 988 773 1057 foris
803 990 960 1055 sunt,
994 985 1049 1040 id
1082 994 1166 1040 est
1195 985 1448 1057 gentiles,
1482 988 1625 1041 Deus
1646 986 1813 1055 judi-

205 1076 381 1140 cabit,
415 1082 467 1129 et
497 1075 565 1130 ad
595 1091 692 1130 vos
721 1074 853 1129 nihil
880 1074 1117 1146 pertinet
1160 1074 1228 1129 de
1277 1073 1404 1129 illis.
1448 1073 1813 1147 Quandoqui-

202 1163 331 1218 dem
362 1164 432 1219 de
479 1162 731 1219 fidelibus
754 1162 1111 1233 judicandum
1143 1170 1227 1217 est
1273 1163 1430 1219 vobis
1465 1178 1478 1217 :
1507 1163 1675 1235 igitur
1703 1180 1812 1218 au-

206 1255 360 1323 ferte
392 1255 610 1309 malum
641 1252 985 1308 fornicatoris
1014 1251 1198 1307 fratris
1227 1268 1301 1308 ea:
1334 1252 1499 1321 vobis,
1532 1252 1679 1324 quod
1708 1251 1815 1307 nisi

203 1340 473 1396 auferatis
506 1358 518 1397 :
545 1342 656 1410 jam
704 1344 858 1414 ipsis,
882 1341 937 1396 id
976 1348 1080 1411 est,
1107 1341 1408 1414 jam‘culpa
1438 1340 1682 1412 ejusdem
1706 1341 1809 1397 cri-

200 1430 371 1485 minis
399 1445 498 1486 vos
528 1430 929 1487 contaminatis.

837 1581 1065 1638 CAPUT
1103 1582 1198 1637 VI.

287 1725 309 1753 ι
345 1702 523 1758 Audet
552 1701 744 1775 aliquis
772 1709 1012 1758 vestrum
1044 1701 1254 1756 habens
1283 1701 1563 1775 negotium
1610 1701 1813 1758 adver-

206 1816 230 1840 σι
267 1809 366 1847 sus
397 1793 646 1858 alterum,
692 1790 925 1860 iudicari
971 1791 1117 1862 apud
1168 1790 1406 1862 iniquos,
1440 1799 1491 1846 et
1521 1807 1632 1846 non
1661 1791 1809 1862 apud
1836 1801 1888 1860 Β

210 1904 233 1933 ι
273 1881 540 1937 sanctos?
568 1883 651 1936 An
671 1881 913 1947 nescitis,
945 1880 1202 1953 quoniam
1226 1879 1399 1935 sancti
1427 1880 1497 1935 de
1525 1881 1627 1935 hoc
1656 1896 1813 1935 mun-

207 1992 231 2023 α
268 1972 345 2026 (10
368 1970 732 2039 judicabunt?
763 1971 829 2024 Et
860 1969 908 2024 si
936 1969 991 2024 in
1014 1969 1168 2025 vobis
1194 1968 1527 2038 judicabitur
1554 1968 1809 2037 mundus,

821 306 1201 366 EXPOSITIO
1238 308 1314 366 IN
1348 308 1733 367 EPISTOLAS
1772 310 1998 368 PAULI.
2030 342 2101 354 —

2165 310 2239 367 ΙΝ
2268 312 2486 369 EPIST.
2530 314 2552 369 Ι
2584 313 2680 369 ΑΙ)
2714 311 2875 371 COR.
3408 319 3511 371 150

2552 470 2849 513 EXPOSI‘I‘IO
2858 497 2871 511 .

1988 615 2099 671 Hac
2142 614 2451 685 occasione,
2483 615 2608 689 quia
2637 616 2705 672 de
2746 616 2966 687 judiciis
3012 616 3255 690 incmpit,
3297 618 3513 686 transit,

1911 713 1966 760 ut
1995 704 2139 759 mala
2180 721 2246 760 ex
2288 705 2507 775 judiciis
2550 706 2921 777 provenientia
2971 706 3212 779 corrigat
3240 706 3295 761 in
3326 707 3516 763 Corin-

1910 793 2057 848 thiis.
2092 794 2148 849 Si
2179 794 2301 866 quis
2327 793 2473 849 enim
2502 809 2692 850 eorum
2737 794 2977 850 auferret
3006 796 3304 868 quidquam
3333 794 3513 864 alteri,

1911 898 2021 937 non
2050 882 2143 938 ille
2174 882 2438 954 patienter
2473 884 2578 939 hoc
2626 884 2911 950 tolerabat,
2957 884 3056 939 sed
3092 884 3379 956 impatiens
3409 883 3517 939 fra-

1912 979 2050 1027 trem
2081 973 2150 1027 ad
2181 987 2404 1028 causam
2435 972 2817 1043 compellebat,
2841 988 2943 1029 nec
2963 988 3148 1029 coram
3176 974 3516 1030 ecclesiasti-

1912 1061 1993 1117 cis
2032 1061 2328 1131 judicibus,
2378 1062 2474 1117 sed
2523 1062 2717 1133 spretis
2763 1062 2889 1129 illis,
2942 1077 3132 1117 coram
3161 1063 3516 1119 saecularibus

1912 1149 2155 1205 fraudem
2187 1150 2351 1205 etiam
2394 1150 2632 1206 faciebat
2675 1150 2847 1217 fratri,
2900 1150 3079 1207 dando
3121 1167 3320 1206 munus
3344 1151 3518 1223 judici

1914 1239 1987 1293 ad
2013 1239 2430 1310 oppressionem
2460 1238 2661 1294 fratris.
2696 1239 2897 1295 Littera
2927 1240 3007 1295 sic
3030 1239 3277 1312 jungitur
3313 1257 3326 1295 :
3358 1240 3516 1295 Judi-

1913 1342 2041 1384 care
2071 1328 2291 1400 quidem
2313 1328 2468 1384 vobis
2499 1328 2625 1384 licet
2653 1329 2721 1384 de
2751 1327 3030 1395 fratribus,
3053 1329 3151 1384 sed
3180 1345 3291 1384 non
3314 1345 3379 1385 eo
3398 1345 3517 1384 mo-

1915 1417 1989 1471 do
2022 1432 2130 1489 quo
2159 1416 2591 1488 intemperanter
2611 1417 2826 1472 audetis
2857 1417 3004 1488 apud
3028 1417 3265 1490 iniquos.
3287 1417 3387 1473 Vel
3402 1417 3472 1472 ita
3497 1434 3511 1473 :

1914 1506 2147 1561 Auferre
2176 1506 2379 1561 malum
2407 1521 2473 1561 ex
2502 1506 2678 1576 vobis,
2710 1506 2913 1562 bonum
2942 1514 3043 1561 est.
3080 1507 3189 1562 Sed
3216 1522 3385 1579 quare
3407 1525 3516 1564 au-

1916 1594 2009 1651 det
2040 1597 2247 1669 aliquis
2277 1600 2546 1652 vestrum.
2575 1596 2680 1652 Ubi
2709 1595 2801 1662 ait,
2835 1596 3028 1663 audet,
3060 1604 3207 1652 notat
3238 1613 3361 1652 esse
3381 1612 3517 1669 pec-

1913 1692 2091 1740 catum
2122 1684 2433 1753 hujusmodi
2477 1700 2688 1739 ausum.
2740 1684 2867 1745 Cur.
2919 1683 3160 1756 inquam,
3206 1686 3367 1740 audet
3412 1685 3517 1740 ali-

1917 1773 2040 1845 quis
2069 1781 2306 1828 vestrum
2339 1774 2546 1829 habens
2575 1775 2888 1843 negotium,
2930 1773 2987 1827 id
3018 1781 3102 1829 est
3130 1773 3407 1845 querelam
3446 1774 3517 1830 de

1918 1862 2269 1917 saecularibus
2300 1863 2466 1918 rebus
2494 1863 2762 1918 adversus
2791 1864 3042 1918 alterum
3086 1862 3326 1931 fratrem,
3352 1863 3517 1934 judi-

1912 1969 2062 2021 care,
2097 1951 2152 2006 id
2180 1960 2264 2006 est
2292 1951 2425 2006 inire
2451 1951 2717 2020 judicium
2748 1967 2872 2007 cum
2895 1950 3084 2016 fratre,
3117 1952 3269 2024 apud
3295 1953 3518 2025 iniquos

209 2084 233 2108 α
270 2058 486 2132 indigni
526 2059 657 2114 estis
706 2059 797 2131 qui
840 2060 909 2114 de
962 2059 1200 2113 minimis
1241 2058 1519 2127 judicetis.
1577 2057 1813 2114 Nescitis

1921 2041 2140 2108 iudices,
2157 2040 2211 2095 id
2233 2049 2315 2095 est
2346 2041 2657 2106 saeculares,
2692 2045 2751 2097 et
2775 2058 2890 2099 non
2912 2042 3062 2115 apud
3083 2045 3333 2105 sanctos,
3356 2041 3411 2096 id
3434 2049 3517 2097 est

210 2169 233 2200 α
271 2150 537 2222 quoniam
567 2149 794 2221 angelos
841 2148 1224 2217 judicabimus,
1272 2132 1477 2219 quanto
1504 2147 1683 2219 magis
1705 2163 1813 2202 sce-

211 2262 234 2287 α
272 2237 525 2294 cularia?
555 2237 849 2294 Saecularia
908 2237 1077 2311 igitur
1124 2238 1332 2307 judicia
1388 2236 1435 2291 si
1496 2236 1812 2304 habueritis,

211 2350 234 2379 ι
272 2327 714 2398 contemptibiles
758 2325 1199 2399 [contendibiles]
1235 2325 1327 2398 qui
1377 2333 1503 2380 sunt
1532 2325 1588 2379 in
1618 2325 1813 2381 Eccle-

211 2441 234 2466 ιι
269 2418 375 2483 sia,
409 2417 533 2472 illos
562 2416 870 2472 constituite
899 2417 967 2471 ad
992 2416 1365 2485 judicandum.
1417 2414 1502 2469 Ad
1545 2430 1815 2470 verecun-

211 2527 236 2558 ι
280 2506 433 2561 diam
463 2513 699 2561 vestram
730 2505 875 2561 dico.
910 2505 1000 2561 Sic
1040 2521 1149 2560 non
1188 2512 1271 2559 est
1299 2503 1441 2559 inter
1467 2519 1567 2559 vos
1595 2503 1815 2575 sapiens

211 2620 233 2644 α
272 2595 586 2667 quisquam,
614 2593 703 2665 qui
720 2594 893 2665 possit
909 2594 1159 2661 judicare
1187 2593 1330 2648 inter
1359 2592 1582 2647 fratrem
1612 2609 1767 2647 suum
1787 2593 1816 2647 ?

211 2709 234 2732 ει
272 2684 374 2740 sed
406 2683 577 2739 frater
632 2700 755 2738 cum
810 2683 975 2739 fratre
1008 2683 1214 2754 judicio
1259 2681 1536 2738 contendit
1569 2699 1581 2738 :
1618 2690 1671 2737 et
1713 2682 1815 2737 hoc

211 2796 234 2825 ε
271 2774 421 2847 apud
460 2772 710 2828 inﬁdeles
731 2775 759 2828 ?
789 2773 909 2828 Jam
937 2772 1157 2846 quidem
1184 2772 1405 2827 omnino
1444 2770 1702 2827 delictum
1733 2779 1816 2826 est

213 2887 236 2912 α
273 2864 329 2919 in
361 2863 539 2929 vobis,
592 2862 738 2934 quod
779 2862 987 2931 judicia
1031 2861 1243 2917 habetis
1282 2861 1423 2916 inter
1464 2876 1582 2916 vos.
1634 2859 1815 2929 Quare

214 2975 237 3005 ι
274 2968 387 3008 non
416 2952 599 3024 magis
641 2951 890 3020 injuriam
934 2951 1228 3022 accipitis?
1259 2950 1438 3020 Quare
1487 2966 1598 3005 non
1634 2949 1815 3021 magis

215 3061 238 3093 ι
273 3041 527 3097 fraudem
557 3040 851 3111 patimini?
881 3040 990 3095 Sed
1019 3039 1325 3112 vos\magis
1359 3038 1610 3108 injuriam
1639 3037 1815 3094 facitis

211 3155 233 3178 ι
270 3139 324 3187 et
355 3129 644 3196 fraudatis,
676 3137 730 3184 et
767 3130 872 3185 hoc
919 3128 1199 3184 fratribus.
1260 3131 1343 3183 An
1391 3127 1632 3193 nescitis,
1686 3126 1814 3199 quia

217 3243 239 3272 ι
274 3219 449 3292 iniqui
478 3235 708 3291 regnum
726 3219 824 3275 Dei
845 3234 954 3275 non
976 3218 1378 3290 possidebunt?
1399 3216 1577 3272 Nolite
1595 3232 1808 3272 errare:

219 3331 241 3360 ι
275 3325 458 3382 neque
492 3308 789 3378 fornicarii,
830 3324 1009 3381 neque
1056 3307 1216 3363 idolis
1275 3306 1592 3371 servientes,
1638 3321 1816 3378 neque

218 3423 239 3447 α
277 3397 535 3469 adulteri,
567 3414 747 3469 neque
776 3397 989 3463 molles,
1039 3413 1218 3469 neque
1261 3395 1628 3452 masculorum
1677 3411 1814 3450 con-

218 3513 239 3537 ε
275 3489 553 3544 cubitares
587 3531 600 3552 ,
677 3503 853 3559 neque
910 3485 1089 3553 fures,
1149 3502 1325 3558 neque
1381 3484 1529 3540 avari
1563 3526 1578 3554 ,
1637 3500 1816 3557 neque

220 3598 242 3631 ι
286 3576 529 3636 104
542 3577 761 3643 ebriosi,
786 3592 963 3648 neque
985 3575 1257 3642 maledici,
1282 3590 1461 3647 neque
1483 3589 1710 3645 rapaces
1724 3589 1815 3629 re-

217 3690 240 3719 ι
274 3684 447 3739 gnum
476 3665 578 3722 Dei
609 3666 984 3738 possidebunt.
1005 3666 1073 3720 Et
1099 3666 1216 3721 haec
1237 3664 1459 3737 quidem
1480 3661 1816 3736 [aliquando]

220 3780 241 3804 «-
278 3757 494 3812 fuistis:
529 3755 627 3811 sed
656 3754 823 3810 abluti
854 3754 1007 3818 estis,
1041 3754 1139 3810 sed
1169 3752 1492 3810 sanctificati
1536 3752 1685 3819 estis,
1720 3752 1818 3807 sed

222 3870 243 3895 ιι
274 3844 554 3914 justificati
611 3844 760 3910 estis,
813 3844 867 3899 in
916 3844 1135 3899 nomine
1198 3842 1415 3898 Domini
1463 3842 1635 3899 nostri
1688 3842 1817 3897 Jesu

224 3957 245 3985 ι
279 3934 500 3999 Christi,
534 3942 586 3989 et
617 3933 672 3988 in
702 3933 893 4005 spiritu
927 3933 1024 3989 Dei
1052 3932 1243 3989 nostri.
1271 3931 1466 3987 Omnia
1481 3931 1613 3986 mihi
1634 3931 1814 3998 licent,

225 4047 246 4073 ι
281 4025 376 4079 sed
395 4040 505 4079 non
524 4022 705 4078 omnia
719 4021 1238 4094 expediunt.0mnia
1258 4021 1390 4076 mihi
1410 4020 1699 4086 lieent,sed
1713 4036 1819 4093 ego

225 4136 245 4159 ι
282 4114 382 4167 sub
410 4111 614 4168 nullius
634 4111 1156 4184 redigarpotestate.
1184 4110 1331 4167 Esca
1352 4109 1529 4166 ventri
1551 4118 1603 4165 et
1626 4117 1821 4165 venter

227 4225 248 4248 α
284 4203 456 4259 escis:
479 4203 630 4257 Deus
652 4209 835 4256 autem
859 4201 1069 4257 ethunc
1082 4208 1135 4256 et
1155 4202 1298 4255 hanc
1320 4200 1585 4255 destruet.
1610 4199 1820 4269 Corpus

226 4313 247 4338 α
281 4300 458 4347 autem
493 4307 603 4347 non
636 4290 998 4359 fornicationi,
1031 4290 1128 4345 sed
1178 4289 1431 4355 Domino,
1464 4296 1517 4345 et
1558 4288 1821 4343 Dominus

228 4400 248 4430 ι
282 4381 517 4453 corpori.
554 4381 701 4435 Deus
730 4394 862 4435 vero
909 4386 960 4434 et
1009 4380 1297 4435 Dominum
1329 4378 1608 4434 suscitavit
1640 4386 1688 4433 et
1719 4392 1820 4432 nos

226 4492 246 4516 ιι
283 4470 561 4525 suscitabit
588 4485 689 4540 per
739 4468 992 4525 virtutem
1050 4485 1222 4523 suam.
1280 4467 1515 4523 Nescitis
1557 4467 1815 4540 quoniam

1912 2129 2102 2185 fideles
2131 2129 2393 2185 Ecclesiae
2418 2130 2636 2199 judices
2657 2130 2684 2184 ?

1986 2237 2243 2293 Dicerent
2272 2237 2350 2292 illi
2377 2236 2686 2292 :Timemus
2716 2237 3019 2310 inquietare
3051 2246 3271 2294 sanctos
3301 2237 3370 2293 ab
3401 2254 3522 2295 ora-

1914 2325 2151 2383 tionibus
2183 2327 2315 2382 suis.
2368 2327 2490 2381 Non
2530 2327 2716 2399 utique
2749 2327 2847 2395 (ait
2876 2326 3114 2397 Paulus).
3149 2328 3276 2401 quia
3306 2346 3383 2384 an
3414 2345 3519 2385 ne-

1914 2417 2075 2473 scitis
2098 2432 2215 2485 vos,
2257 2416 2400 2490 quod
2434 2416 2621 2472 sancti
2648 2415 2702 2470 in
2742 2414 2925 2471 futuro
2950 2416 3156 2486 judicio
3174 2417 3518 2487 judicabant

1916 2506 1983 2561 dc
2006 2505 2105 2561 hoc
2129 2506 2341 2561 mundo
2363 2508 2388 2559 .’
2408 2507 2478 2560 Et
2499 2506 2550 2561 si
2566 2506 2627 2560 in
2650 2506 2818 2571 vobis,
2844 2505 2897 2559 id
2918 2512 2999 2560 est
3029 2505 3084 2559 in
3116 2505 3519 2577 comparatione

1915 2594 2082 2651 vestri
2096 2594 2453 2666 judicabitur
2486 2594 2572 2649 hic
2620 2594 2868 2650 mundus
2896 2593 2951 2648 in
2991 2593 3179 2650 ultimo
3203 2594 3427 2665 judicio,
3452 2611 3522 2650 an

1915 2684 2053 2739 estis
2082 2683 2308 2754 indigni
2335 2683 2430 2755 qui
2459 2682 2548 2737 hic
2568 2683 2844 2754 judicetis
2866 2683 2933 2739 de
2964 2684 3222 2739 minimis
3277 2683 3345 2738 ad
3376 2700 3521 2740 com-

1915 2772 2251 2844 perationem
2284 2770 2608 2837 futurorum,
2658 2770 2869 2827 scilicet
2898 2772 2967 2827 de
2995 2772 3386 2844 temporalibus
3407 2773 3520 2829 Ec-

1915 2861 2097 2917 clesiae
2126 2861 2331 2916 rebus?
2362 2862 2429 2915 Et
2458 2860 2597 2916 sicut
2627 2860 2876 2915 homines
2900 2902 2913 2928 ,
2948 2861 3028 2917 sic
3049 2860 3212 2917 etiam
3242 2861 3522 2919 daemones

1913 2950 1968 3005 in
1999 2949 2352 3005 similitudine
2398 2957 2583 3004 nostra
2605 2949 2992 3019 judicabuntur
3023 2969 3037 3017 ;
3072 2951 3200 3023 quia
3229 2967 3299 3006 an
3329 2953 3518 3008 nesci-

1917 3042 1991 3095 tis
2022 3056 2139 3108 vos,
2175 3041 2306 3111 quia
2338 3047 2613 3110 apostatas
2635 3040 2865 3109 angelos
2869 3040 3274 3110 judicabimus,
3298 3056 3521 3113 compa-

1919 3129 2122 3185 ratione
2152 3129 2337 3184 vestri.
2371 3127 2530 3197 Quod
2562 3128 2607 3182 si
2637 3128 3114 3201 angelos,’quant0
3135 3130 3317 3200 magis
3344 3148 3518 3187 siccu-

1920 3220 2067 3275 laria
2094 3219 2219 3274 licet
2243 3218 2530 3286 judicare?
2561 3218 2822 3272 Homines
2860 3217 3247 3288 judicabantur
3290 3219 3420 3274 mali
3466 3219 3522 3274 in

1918 3307 2324 3379 comparatione
2355 3308 2645 3373 bonorum,
2697 3306 2824 3379 quia
2870 3322 2994 3363 cum
3043 3308 3290 3376 ejusdem
3322 3308 3518 3364 condi—

1918 3398 2081 3453 tionis
2110 3396 2326 3464 fuerint,
2360 3413 2464 3453 nec
2493 3396 2637 3451 idem
2669 3412 2793 3453 cum
2826 3397 2985 3452 bonis
3006 3397 3219 3469 operati
3241 3397 3366 3466 sint,
3401 3399 3521 3455 haec

1919 3486 2037 3543 sola
2066 3486 2398 3558 comparatio
2436 3486 2704 3541 sententia
2751 3485 3116 3541 damnationis
3165 3501 3351 3542 eorum
3398 3496 3508 3542 est.

1990 3577 2281 3632 Daemones
2308 3575 2511 3646 duplici
2555 3575 2718 3630 modo
2760 3574 2816 3629 in
2857 3574 3206 3631 similitudine
3246 3575 3520 3644 justorum

1918 3665 2338 3729 damnabuntur,
2369 3673 2482 3718 tum
2516 3664 2638 3735 quia
2667 3662 2936 3719 firmiores
2978 3672 3181 3719 naturae
3230 3679 3393 3736 quam
3422 3665 3522 3721 ho-

1919 3772 2008 3809 mo
2036 3754 2207 3811 creati
2237 3762 2381 3819 sunt,
2414 3770 2515 3809 nec
2544 3753 2597 3807 in
2650 3754 2793 3809 bono
2822 3752 3175 3824 perstiterunt
3205 3761 3351 3822 ;tum
3394 3753 3523 3826 quia

1919 3861 2139 3915 semper
2166 3843 2410 3899 invident
2433 3843 2610 3912 justis,
2645 3858 2747 3898 nec
2767 3858 2863 3897 eos
2892 3857 3148 3913 superare
3170 3850 3392 3915 queunt.
3415 3843 3524 3899 Pro

1918 3934 2076 4002 hujus
2105 3950 2305 4006 pugnae
2335 3933 2561 3988 vi‘ctoria
2585 3932 2715 4002 justi
2745 3932 3076 3987 damnabunt
3117 3932 3295 3989 malos
3342 3947 3521 4007 ange-

1918 4025 2021 4080 los.
2054 4023 2213 4079 Nunc
2252 4023 2444 4077 iterum
2496 4022 2699 4078 ironice
2755 4021 3108 4093 reprehendit
3154 4038 3251 4078 eos
3296 4022 3365 4077 de
3393 4023 3517 4090 hoc,

1919 4113 2064 4186 quod
2109 4112 2429 4184 insipientes
2473 4111 2872 4167 constituebant
2912 4111 3128 4182 judices
3162 4130 3175 4167 :
3210 4129 3315 4184 qua
3362 4111 3431 4168 de
3460 4128 3521 4168 re

1921 4202 2103 4268 ﬁebat,
2137 4210 2194 4257 ut
2224 4217 2405 4258 causa:
2434 4201 2809 4257 Ecclesiarum
2840 4200 3279 4256 transferrentur
3307 4201 3376 4256 ad
3410 4218 3519 4257 sas-

1920 4291 2153 4347 culares.
2189 4289 2640 4363 Quandoquidem
2670 4290 2830 4360 (sicut
2873 4290 3163 4362 probatum
3194 4292 3296 4360 est)
3319 4290 3521 4346 Eccle-

1921 4381 2002 4436 sia
2025 4380 2273 4451 judicare
2303 4380 2467 4435 debet
2495 4379 2635 4434 inter
2663 4378 2862 4433 fratres
2889 4395 2900 4433 :
2934 4378 3097 4450 igitur
3125 4381 3174 4435 si
3209 4379 3521 4436 habueritis

1921 4470 2223 4526 sa-cularia
2241 4468 2484 4539 judicia,
2516 4468 2569 4523 id
2599 4477 2679 4524 est
2708 4467 2829 4522 lites
2875 4468 3016 4522 inter
3047 4484 3144 4523 vos
3173 4484 3275 4540 pro
3303 4475 3521 4540 tempo-

225 4579 246 4605 α
282 4574 511 4629 corpora
540 4534 722 4614 vestra
752 4558 1001 4613 membra
1022 4566 1143 4612 sunt
1165 4557 1410 4613 Christi?
1430 4534 1651 4612 Tolle'ns
1684 4572 1815 4627 ergo
1845 4534 1896 4593 D
1924 4559 2129 4615 ratibus
2159 4534 2344 4613 rebus.
2379 4534 2480 4611 Per
2504 4556 2636 4611 illud
2666 4564 2814 4611 notat
2843 4556 3033 4611 melius
3055 4534 3196 4623 esse,
3217 4557 3264 4610 si
3292 4573 3400 4612 non
3417 4534 3526 4612 ‘ha-

230 4668 251 4695 ι
282 4649 520 4703 membra
548 4648 770 4714 Christi,
819 4646 1014 4702 faciam
1045 4647 1297 4702 membra
1325 4645 1625 4701 meretricis
1643 4645 1672 4699 Ἰ
1701 4646 1818 4700 Ab-

228 4755 251 4786 ι
287 4736 370 4791 sit.
415 4740 497 4793 An
544 4736 769 4793 nescitis
816 4736 1072 4808 quoniam
1115 4736 1209 4808 qui
1256 4735 1501 4790 adhaeret
1542 4733 1819 4791 meretrici

222 4843 244 4873 ι
278 4841 442 4881 unum
472 4842 672 4897 corpus
702 4823 974 4881 efficitur?
1007 4850 1027 4873 α
1067 4825 1241 4880 Erunt
1277 4825 1421 4879 enim
1449 4823 1667 4896 (inquit)
1713 4824 1822 4879 duo

232 4933 252 4961 ι
288 4913 339 4968 in
370 4931 531 4971 carne
562 4931 667 4970 una
690 4916 850 4983 (Gen.
886 4930 945 4983 ιι,
978 4917 1045 4971 24
1080 4932 1092 4969 :
1128 4914 1327 4987 Ephes.
1362 4929 1418 4979 ν,
1453 4916 1513 4968 3t
1557 4932 1571 4979 ;
1623 4913 1816 4969 Matth.

233 5018 253 5052 ι
286 5017 397 5069 χιχ,
429 5007 481 5060 5.
507 5027 529 5055 ι
547 5004 653 5074 Qui
673 5012 852 5059 autem
875 5003 1119 5059 adhaeret
1140 5004 1277 5070 Deo,
1305 5020 1444 5057 unus
1468 5002 1691 5073 spiritus
1713 5010 1815 5056 est.

235 5109 256 5139 ι
290 5091 475 5164 Fugite
505 5093 944 5149 fornicationem.
970 5091 1146 5148 Omne
1162 5092 1307 5146 enim
1330 5100 1612 5163 peccatum
1645 5090 1819 5163 quod-

235 5198 256 5227 ι
290 5195 497 5254 cunque
526 5182 717 5238 fecerit
744 5181 928 5250 homo,
960 5189 1115 5236 extra
1143 5196 1340 5253 corpus
1371 5189 1471 5235 est.
1507 5179 1609 5249 Qui
1637 5188 1821 5235 autem

240 5288 260 5311 ιι
292 5266 603 5337 fornicatur,
649 5272 707 5326 in
760 5286 955 5342 corpus
1011 5287 1166 5326 suum
1212 5277 1421 5342 peccat.
1474 5273 1556 5325 An
1597 5269 1821 5324 nescitis

240 5376 261 5405 ι
296 5359 545 5428 quoniam
580 5383 601 5413 ι
638 5360 887 5416 membra
916 5368 1098 5416 vestra
1127 5359 1388 5431 templum
1419 5367 1542 5413 sunt
1570 5359 1647 5430 (II
1684 5358 1810 5413 Cor.

241 5463 262 5492 ι
293 5460 365 5511 \‘I,
400 5451 504 5519 l6).
545 5474 566 5498 ιι
603 5449 837 5520 Spiritus
875 5449 1066 5515 sancti,
1114 5449 1205 5521 qui
1254 5449 1308 5502 in
1338 5448 1493 5503 vobis
1524 5456 1626 5515 est,
1660 5462 1820 5518 quem

241 5551 261 5580 ι
293 5533 495 5593 habetis
524 5554 557 5593 a
585 5541 723 5604 Deo,
758 5546 811 5594 et
839 5554 947 5594 non
980 5537 1111 5593 estis
1156 5538 1322 5594 vestri
1344 5538 1372 5583 θ)
1408 5560 1429 5585 α
1466 5535 1645 5607 Empti
1676 5536 1821 5590 enim

246 5639 266 5668 ι
304 5624 428 5679 estis
471 5629 645 5699 pretio
676 5643 875 5701 magno
906 5628 956 5695 (1
984 5629 1136 5683 Pctr.
1172 5642 1209 5697 ι,
1238 5628 1346 5697 18),
1386 5650 1407 5673 η
1441 5624 1739 5699 glorificate
1771 5632 1823 5681 et

244 5728 265 5758 ι
296 5720 494 5783 portate
524 5718 697 5775 Deum
729 5717 788 5772 in
810 5731 1046 5789 corpore
1074 5723 1285 5774 vestro.
1333 5739 1354 5763 »

1923 4650 2119 4705 herent
2160 4646 2470 4717 hujusmodi
2514 4646 2742 4715 judicia.
2803 4646 2880 4714 Si,
2935 4645 3175 4718 inquam,
3227 4645 3521 4701 habueritis

1923 4739 2040 4793 haec
2061 4736 2286 4807 judicia,
2317 4737 2654 4793 constituite
2684 4734 2806 4790 illos
2836 4734 2911 4790 ad
2927 4735 3330 4807 judicandum,
3365 4735 3418 4790 id
3437 4743 3520 4790 est

1921 4826 2177 4899 prznficite
2200 4826 2354 4881 vobis
2371 4825 2492 4880 illos
2510 4825 2564 4879 in
2588 4823 2823 4894 judices,
2857 4823 2950 4897 qui
2981 4831 3103 4878 sunt
3135 4825 3524 4897 contemptibi-

1925 4920 2023 4986 lcs,
2057 4916 2111 4971 id
2143 4924 2225 4971 est
2253 4914 2677 4987 insipientiores,
2704 4915 2764 4969 in
2796 4915 3065 4970 Ecclesia.
3092 4915 3157 4968 Et
3179 4914 3281 4970 hoc
3311 4914 3520 4970 ironice

1919 5005 2204 5078 dicit,quia
2218 5005 2297 5061 sic
2313 5021 2407 5059 eos
2428 5004 2612 5059 facere
2628 5003 2853 5059 sciebat.
2876 5004 2941 5058 Et
2956 5004 3057 5059 hoc
3071 5003 3216 5075 quod
3234 5003 3520 5067 dico,con-

1925 5096 2265 5169 tcmptibiles
2294 5095 2634 5150 constituite
2660 5094 2731 5148 ad
2742 5092 3144 5165 judicandum,
3171 5093 3274 5148 hoc
3304 5093 3426 5149 dico
3446 5092 3517 5147 ad

1922 5190 2168 5241 vestram
2182 5182 2599 5245 verecundiam,
2623 5197 2731 5237 non
2749 5181 3118 5254 praecipiendo
3131 5189 3185 5235 ut
3202 5180 3408 5237 faciatis
3422 5182 3521 5237 sed

1922 5272 2278 5330 memorando
2306 5272 2453 5343 quod
2486 5271 2682 5334 facitis,
2715 5278 2771 5325 ut
2826 5269 3208 5326 verecundiam
3239 5270 3511 5325 habeatis.

1922 5360 2063 5413 Nam
2093 5374 2217 5413 cum
2248 5357 2321 5412 ita
2350 5355 2525 5412 facitis
2552 5370 2620 5410 an
2653 5355 2754 5421 sic,
2805 5354 2860 5409 id
2890 5363 2993 5421 est,
3024 5354 3163 5409 adeo
3202 5353 3522 5425 insipientes

1923 5447 2048 5503 facti
2079 5447 2211 5502 estis
2243 5466 2258 5514 ;
2291 5446 2433 5519 quod
2454 5460 2567 5499 non
2586 5448 2671 5500 est
2699 5446 2853 5499 inter
2870 5461 2959 5499 vos
2990 5442 3277 5514 quisquam
3304 5442 3525 5512 sapiens

1934 5536 1994 5594 1
2008 5536 2166 5593 05
2187 5537 2283 5608 qui
2299 5537 2475 5609 possit
2485 5534 2749 5605 judicare
2764 5533 2922 5587 inter
2931 5534 3021 5604 fra
3032 5535 3173 5585 trem
3187 5537 3243 5586 et
3253 5533 3526 5602 fratrem?

1923 5627 2021 5681 sed
2052 5624 2181 5697 quia
2207 5625 2344 5680 adeo
2374 5639 2566 5679 omnes
2613 5621 2927 5692 desipuistis
2959 5637 2971 5677 :
3010 5619 3135 5675 ideo
3163 5622 3351 5690 frater
3379 5635 3519 5675 con-

1931 5715 2115 5770 tendit
2145 5730 2278 5770 cum
2304 5714 2512 5784 fratre,
2536 5710 2776 5782 judicio,
2796 5708 2852 5764 id
2870 5716 2973 5777 est,
3007 5723 3105 5778 per
3133 5721 3376 5763 causam.
3407 5704 3525 5759 Nec
