3948 6444
165 364 259 418 153
790 360 1175 419 EXPOSITIO
1208 362 1284 418 IN
1310 358 1693 418 EPISTOLAS
1752 357 1976 415 PAULI.
2009 388 2079 399 —
2108 357 2184 414 IN
2213 357 2433 415 EPIST.
2477 359 2500 414 Ι
2537 359 2633 414 ΑΙ)
2674 355 2834 415 COR.

3379 354 3481 409 154

170 504 294 544 cens
326 505 340 542 :
375 487 510 543 Ideo
567 486 754 560 utique
810 485 1000 560 fugere
1056 487 1270 543 debetis
1325 486 1765 543 fornicationem.
1788 484 1844 545 Α
1872 482 1987 538 visa
2015 482 2277 554 patientia
2303 481 2484 553 hujus,
2516 483 2794 558 gaudeant
2822 480 3201 539 contumeliam
3233 478 3347 551 pati
3380 493 3482 550 pro

172 577 307 633 Nam
324 593 491 633 omne
513 575 660 631 aliud
677 580 977 650 peccatum
991 576 1357 650 quodcunque
1367 577 1571 648 fecerit
1590 575 1770 642 homo,

176 670 336 722 extra
351 682 554 740 corpus
567 669 654 722 est
670 665 794 722 :sed
814 665 903 721 ille
917 667 1015 739 qui
1034 666 1381 737 fornicatur,
1398 668 1596 737 peccat
1614 666 1773 720 intra

174 772 372 827 corpus
402 771 592 811 suum.
627 754 763 811 Sunt
782 754 969 827 utique
989 754 1241 826 quaedam
1260 762 1500 825 peccata,
1534 770 1657 826 quae
1677 770 1773 824 pe-

174 843 313 899 nitus
340 843 549 898 nullam
577 841 994 899 delectationem
1023 841 1256 899 afferunt
1285 842 1438 898 carni
1471 859 1485 897 :
1517 850 1574 896 ut
1602 841 1775 897 homi-

179 932 396 989 cidium’.
428 933 626 988 Manus
654 931 799 987 enim
827 931 876 986 si
903 931 1116 999 occidit,
1150 947 1260 987 non
1296 930 1350 985 in
1409 947 1476 986 eo
1523 929 1771 986 delecta-

176 1020 371 1077 tionem
403 1021 586 1076 sentit.
620 1020 753 1077 Sunt
802 1028 982 1076 tamen
1028 1020 1275 1093 quaedam
1321 1020 1424 1074 alia
1472 1019 1529 1074 in
1576 1018 1771 1092 quibus

170 1109 460 1166 delectatur
487 1126 641 1177 caro,
686 1117 743 1164 ut
798 1109 1016 1182 quando
1072 1109 1225 1165 cibus
1281 1110 1420 1164 bene
1475 1108 1772 1180 respondet

171 1198 352 1271 palato
385 1215 396 1253 :
431 1198 516 1254 vel
548 1198 765 1271 quando
794 1198 1008 1254 videtur
1037 1199 1183 1270 quod
1210 1198 1401 1255 oculos
1428 1198 1620 1270 pascit,
1670 1213 1770 1251 au-

175 1287 319 1342 ditur
374 1288 520 1360 quod
575 1287 877 1357 jucundum
909 1296 991 1342 est
1045 1287 1290 1354 auribus,
1323 1294 1377 1342 et
1434 1285 1765 1357 hujusmodi.

175 1375 282 1432 Sed
313 1384 492 1431 tamen
520 1377 638 1432 haec
668 1376 853 1432 omnia
891 1376 1146 1432 dicuntur
1183 1392 1306 1432 esse
1349 1383 1496 1431 extra
1548 1391 1765 1447 corpus,

170 1464 240 1520 ad
268 1464 732 1537 comparationem
762 1463 1135 1521 fornicationis
1168 1482 1181 1518 :
1225 1464 1352 1538 quia
1380 1464 1473 1537 qui
1531 1463 1769 1520 fornica-

170 1561 279 1621 tur,
329 1562 518 1624 peccat
571 1553 710 1609 intra
765 1569 963 1625 corpus
1021 1568 1227 1609 suum:
1278 1553 1404 1627 quia
1432 1552 1552 1625 ipsa
1582 1553 1764 1608 anima

168 1642 360 1697 transit
389 1658 455 1697 eo
485 1650 612 1699 actu
641 1642 697 1697 in
738 1642 913 1715 ipsam
931 1643 1302 1698 carnalitatem
1340 1642 1431 1696 :in
1474 1644 1578 1698 hoc
1622 1642 1766 1699 enim

167 1731 346 1787 omnis
366 1731 687 1787 seusualitas
703 1731 971 1788 consentit
999 1740 1053 1788 et
1074 1739 1419 1803 cooperatur,
1444 1740 1495 1787 et
1518 1731 1571 1786 in
1592 1731 1768 1803 ipsam

1875 571 2095 628 nomine
2128 571 2326 627 Christi
2359 574 2505 643 (Act.
2541 588 2597 638 v,
2618 574 2731 643 41).
2776 573 3009 628 Portate
3030 570 3153 626 dico
3173 570 3350 625 Deum
3370 582 3483 621 non

1876 659 2054 716 solum
2085 661 2140 716 in
2160 661 2363 731 anima,
2388 661 2485 716 sed
2508 660 2753 717 etiamin
2775 676 3005 734 corpore
3026 664 3230 725 vestro,
3255 663 3313 713 ut
3329 672 3485 712 mun-

1874 748 2005 805 ditia
2032 750 2282 823 corporis
2309 749 2474 806 vestri
2504 749 2673 823 digna
2704 749 2773 805 sit
2800 757 3021 821 portare
3042 749 3235 822 jugum
3255 743 3478 803 Christi.

2477 997 2708 1055 CAPUT
2755 999 2872 1054 VII.

1947 1218 1969 1248 «
2004 1196 2085 1251 De
2129 1195 2327 1269 quibus
2372 1202 2550 1251 autem
2599 1194 2895 1267 scripsistis
2942 1194 3120 1251 mihi:
3162 1195 3370 1251 Bonum
3398 1203 3485 1251 est

1875 1308 1897 1337 ι
1925 1284 2133 1341 homini
2161 1284 2444 1340 mulierem
2474 1300 2584 1341 non
2614 1293 2882 1359 tangere;
2914 1293 3139 1358 propter
3168 1284 3484 1341 fornicatio-

1875 1398 1897 1424 ‹‹
1934 1391 2060 1431 nem
2087 1382 2270 1430 autem
2301 1373 2681 1447 unusquisque
2710 1390 2867 1429 suam
2896 1390 3122 1430 uxorem
3161 1374 3379 1440 habeat,
3428 1380 3483 1429 et

1874 1486 1898 1515 ι
1932 1479 2273 1536 unaquaeque
2302 1480 2460 1518 suum
2490 1462 2667 1519 virum
2695 1463 2912 1519 habeat.
2935 1462 3103 1521 Uxori
3129 1462 3215 1518 vir
3236 1461 3480 1518 debitum

1874 1574 1896 1604 κ
1935 1552 2148 1620 reddat,
2198 1551 2447 1607 similiter
2491 1560 2668 1608 autem
2713 1560 2765 1608 et
2813 1568 2952 1608 uxor
2993 1552 3134 1608 viro.
3173 1551 3367 1607 Mulier
3396 1550 3479 1606 sui

1874 1663 1896 1692 α
1931 1640 2180 1713 corporis
2223 1647 2548 1712 potestatem
2595 1657 2705 1697 non
2733 1640 2914 1710 habet,
2950 1640 3049 1697 sed
3079 1640 3184 1695 vir.
3218 1639 3478 1695 Similiter

1874 1752 1896 1781 α
1932 1738 2112 1785 autem
2135 1736 2188 1785 et
2208 1730 2291 1785 vir
2320 1729 2404 1784 sui
2424 1730 2674 1801 corporis
2691 1737 3011 1801 potestatem
3032 1745 3143 1785 non
3169 1729 3353 1797 habet,
3380 1728 3479 1784 sed

168 1836 385 1876 carnem
415 1820 626 1876 transit.
678 1820 775 1876 Vel
803 1820 973 1889 aliter,
1036 1820 1335 1877 secundum
1392 1821 1764 1888 Ambrosium,
1797 1844 1849 1905 B
1876 1842 1897 1870 α
1931 1818 2143 1874 mulier.
2177 1818 2362 1873 Nolite
2393 1818 2647 1874 fraudare
2676 1818 2929 1885 invicem,
2962 1817 3070 1873 nisi
3097 1817 3233 1873 forte
3255 1834 3322 1873 ex
3337 1832 3475 1874 con-

169 1917 229 1963 ut
258 1908 670 1965 fornicationem
699 1908 787 1965 hic
817 1910 885 1964 de
930 1909 1198 1965 adulterio
1258 1909 1435 1965 solum
1486 1909 1768 1982 intelliga-

171 2013 294 2052 mus
328 2012 340 2051 :
373 1998 574 2069 Fugite
588 1999 1053 2068 fornicationem,
1077 1997 1130 2052 id
1157 2005 1240 2053 est
1268 1997 1589 2054 adulterium
1611 2014 1623 2053 :
1645 1998 1771 2071 quia

171 2101 333 2142 omne
360 2085 504 2141 aliud
527 2095 815 2158 peccatum
842 2095 926 2142 est
954 2094 1105 2142 extra
1132 2102 1348 2159 corpus,
1384 2087 1437 2141 id
1495 2096 1577 2142 est
1619 2094 1771 2143 extra

173 2190 397 2230 uxorem
433 2190 445 2229 :
481 2175 581 2230 sed
610 2174 702 2247 qui
731 2174 1029 2231 fornicatur
1054 2184 1245 2247 peccat
1273 2175 1349 2241 in,
1383 2174 1437 2229 id
1459 2184 1541 2230 est
1561 2184 1765 2243 contra,

169 2279 369 2334 corpus
398 2280 577 2330 suum,
611 2264 667 2318 id
696 2272 778 2319 est
806 2272 1000 2321 contra
1028 2279 1255 2320 uxorem
1285 2250 1447 2319 suam?
1475 2279 1488 2318 :
1521 2265 1649 2338 quia
1668 2280 1769 2336 pro

167 2362 393 2424 peccato
422 2352 799 2409 fornicationis
828 2370 964 2408 uxor
992 2360 1173 2424 potest
1203 2353 1445 2424 separari
1475 2354 1542 2408 ab
1570 2370 1664 2421 eo,
1716 2361 1769 2409 et

163 2457 275 2497 non
303 2450 529 2514 prapter
576 2441 741 2497 aliud.
792 2442 1003 2514 Corpus
1030 2441 1133 2499 viri
1168 2441 1363 2499 dicitur
1408 2458 1547 2498 uxor
1579 2460 1592 2497 :
1645 2441 1769 2516 quia

131 2538 292 2588 'cum
324 2531 552 2586 maritus
584 2538 637 2586 et
677 2546 816 2586 uxor
858 2548 1027 2586 unum
1067 2547 1266 2603 corpus
1316 2530 1633 2598 efﬁciantur,
1686 2531 1770 2587 vir

168 2620 387 2693 quidem
418 2628 582 2691 caput
603 2628 704 2687 est,
736 2619 931 2675 mulier
948 2627 1126 2676 autem
1160 2620 1333 2691 portio
1363 2620 1461 2675 viri
1488 2621 1544 2675 in
1574 2621 1767 2677 eodem

168 2725 419 2781 corpore.
452 2709 551 2764 Vel
584 2709 740 2764 aliter
796 2710 1095 2765 secundum
1150 2709 1449 2766 novitatem
1504 2726 1766 2782 quorum-

166 2798 291 2853 dam
326 2814 338 2852 :
371 2806 423 2853 et
452 2797 722 2853 videbitur
750 2799 866 2855 haec
897 2798 1166 2853 sententia
1196 2799 1498 2855 continuari
1526 2799 1593 2854 ad
1612 2798 1764 2866 illud,

166 2887 314 2960 quod
345 2887 497 2959 prius
526 2888 752 2953 dixerat,
816 2886 1205 2943 fornicatorem
1256 2887 1409 2942 illum
1439 2887 1766 2957 ejiciendum

165 2977 239 3031 ab
272 2976 537 3032 Ecclesia.
585 2974 760 3031 Omne
814 2985 1099 3048 peccatum
1156 2977 1521 3049 quodcunque
1575 2976 1767 3033 fecerit

155 3066 352 3138 aliquis
382 3066 566 3130 homo,
603 3065 654 3119 id
686 3074 768 3120 est
798 3074 955 3121 utens
1002 3065 1234 3133 ratione,
1283 3066 1417 3121 illud
1474 3074 1556 3122 est
1610 3074 1766 3122 extra

164 3170 387 3226 corpus,
420 3154 476 3209 id
507 3161 593 3209 est
619 3161 765 3209 extra
796 3154 1121 3220 Ecclesium,
1156 3171 1277 3227 qua:
1324 3154 1517 3226 capitis
1562 3155 1764 3210 Christi

165 3260 367 3315 corpus
397 3251 481 3298 est
516 3258 527 3297 :
562 3243 685 3315 quia
716 3260 837 3316 qua:
863 3243 1075 3299 ratione
1121 3251 1280 3299 utens
1339 3242 1479 3309 facit,
1531 3245 1767 3301 venialia

162 3342 290 3388 sunt
327 3349 339 3387 :
372 3341 423 3387 et
451 3340 677 3404 pr0pter
706 3334 823 3389 haec
852 3349 961 3389 non
991 3341 1274 3405 separatur
1290 3333 1764 3390 abEcclesiazsed

160 3423 254 3479 ille
286 3422 378 3494 qui
434 3420 746 3487 fornicatur,
781 3430 972 3493 peccat
1027 3423 1081 3477 in
1114 3438 1310 3494 corpus
1364 3440 1542 3489 suum,
1575 3423 1629 3478 id
1686 3431 1768 3479 est

160 3520 355 3568 contra
383 3510 706 3576 Ecclesiam,
741 3512 893 3581 cujus
913 3512 1162 3583 corporis
1193 3512 1494 3567 membrum
1525 3520 1640 3567 est:
1665 3516 1766 3584 pro

162 3609 392 3674 peccato
437 3600 583 3655 enim
625 3599 999 3656 fornicationis
1042 3601 1108 3655 ab
1156 3601 1401 3658 Ecclesia
1458 3610 1763 3673 separatur.

161 3692 365 3746 lterum
395 3705 563 3745 causa
594 3706 757 3761 quare
789 3688 995 3763 fugiant
1018 3689 1451 3758 fornicationem,
1475 3699 1766 3762 propterea

168 3778 460 3835 fornicatio
491 3777 750 3851 fugienda
780 3786 887 3834 est:
915 3779 1042 3850 quia
1071 3797 1148 3835 an
1170 3781 1405 3836 nescitis
1427 3780 1571 3854 quod
1592 3797 1766 3837 mem-

174 3867 409 3925 107
429 3868 527 3924 bra
547 3871 732 3923 vestra
754 3869 1030 3941 templum
1044 3872 1180 3925 sunt
1208 3869 1456 3941 Spiritus
1486 3869 1692 3937 sancti,
1709 3868 1764 3923 id

162 3964 247 4014 est
273 3957 503 4028 Spiritus
534 3964 755 4011 sanctus
784 3956 1043 4012 membris
1068 3957 1264 4013 vestris
1290 3944 1476 4028 utitur,
1509 3957 1638 4012 dum
1668 3974 1767 4028 per

161 4062 387 4101 manum
418 4054 661 4102 nostram
691 4045 1095 4117 eleemosynam
1127 4047 1217 4101 dat
1246 4046 1491 4119 pauperi.
1528 4047 1765 4102 Pedibus

158 4136 272 4191 itur
298 4135 368 4190 ad
398 4135 761 4190 visitationem
791 4134 1011 4191 infirmi.
1036 4135 1248 4207 thuia
1274 4136 1536 4191 membris
1568 4135 1765 4191 vestris

162 4225 247 4281 sic
277 4224 439 4279 utitur
468 4224 702 4295 Spiritus
731 4223 782 4277 in
815 4224 1289 4281 administratione
1346 4241 1461 4292 sua,
1494 4225 1660 4280 nolite
1692 4225 1763 4279 il-

158 4315 275 4369 lum
307 4312 628 4369 fornicando
645 4314 923 4385 expellere
954 4329 987 4369 a
1016 4313 1191 4368 vobis.
1228 4315 1431 4369 Iterum
1461 4313 1604 4381 ideo,
1638 4314 1764 4386 quia

156 4403 253 4475 qui
284 4402 514 4474 Spiritus
545 4402 598 4456 in
630 4402 785 4457 vobis
812 4410 895 4457 est
921 4401 1141 4457 assidua
1169 4403 1471 4468 mansione,
1507 4419 1610 4459 nec
1639 4402 1764 4458 ideo

156 4492 361 4547 iterum
393 4491 668 4562 repellatis
694 4507 837 4558 eum,
871 4492 997 4564 quia
1030 4508 1191 4564 quem
1238 4492 1498 4563 Spiritum
1548 4492 1764 4547 habetis

1797 3207 1845 3269 Ο

1873 1934 1896 1958 α
1930 1924 2096 1965 sensu
2143 1908 2213 1962 ad
2260 1914 2495 1979 tempus,
2547 1915 2603 1963 ut
2646 1907 2851 1965 vacetis
2898 1907 3167 1964 orationi:
3199 1914 3252 1962 et
3281 1906 3475 1962 iterum

1874 2021 1895 2045 κ
1934 1996 2270 2053 revertimini
2298 1996 2353 2051 in
2386 1996 2642 2069 idipsum,
2673 2013 2743 2053 ne
2774 2004 2942 2053 tentet
2973 2012 3072 2052 vos
3088 1996 3321 2051 Satanas
3349 2012 3479 2068 pro-

1874 2110 1895 2134 α
1933 2094 2053 2159 pter
2082 2085 2525 2141 incontinentiam
2576 2092 2835 2142 vestram.
2869 2086 2987 2142 Hoc
3014 2093 3195 2141 autem
3226 2084 3350 2141 dico
3380 2101 3472 2140 se-

1875 2197 1897 2226 «
1932 2175 2169 2232 cundum
2216 2174 2633 2246 indulgentiam,
2685 2182 2739 2230 et
2785 2191 2895 2231 non
2944 2174 3246 2231 secundum
3298 2174 3476 2246 impe-

1875 2287 1897 2313 «ι
1931 2264 2089 2319 rium.
2123 2263 2260 2320 Volo
2308 2273 2487 2319 autem
2518 2280 2711 2319 omnes
2757 2280 2857 2320 vos
2888 2262 3138 2319 homines
3167 2280 3311 2335 esse,
3335 2263 3477 2320 sicut

1875 2375 1897 2404 α
1933 2353 2223 2425 meipsum.
2277 2353 2386 2408 Sed
2414 2352 2789 2426 unusquisque
2820 2352 3105 2424 proprium
3137 2352 3338 2408 donum
3370 2353 3476 2407 ha-

1873 2465 1895 2489 u
1932 2442 2021 2498 bet
2052 2458 2118 2497 ex
2162 2440 2287 2515 [at.,
2333 2441 2386 2515 a]
2416 2443 2535 2497 Deo
2569 2460 2582 2497 :
2617 2442 2758 2497 alius
2788 2442 3009 2515 quidem
3040 2441 3138 2509 sic,
3171 2440 3310 2496 alius
3342 2457 3475 2497 vero

1875 2552 1897 2582 ι
1933 2531 2037 2586 sic.
2078 2530 2212 2587 Dico
2241 2538 2419 2585 autem
2448 2546 2557 2586 non
2599 2530 2780 2602 nuptis
2810 2539 2863 2585 et
2892 2529 3111 2597 viduis;
3158 2529 3360 2585 bonum
3393 2537 3477 2585 est

1874 2641 1897 2671 ι
1932 2620 2039 2674 illis
2069 2618 2115 2673 si
2146 2619 2225 2675 sic
2270 2619 2696 2691 permanserint,
2731 2619 2872 2676 sicut
2902 2627 2955 2675 et
2985 2634 3117 2693 ego.
3155 2617 3313 2688 Quod
3336 2618 3383 2674 si
3413 2635 3474 2675 se

1872 2731 1894 2761 α
1922 2725 2030 2765 non
2077 2708 2373 2776 continent,
2419 2708 2641 2765 nubant.
2692 2708 2883 2765 Melius
2928 2717 3011 2764 est
3058 2708 3203 2764 enim
3248 2708 3474 2778 nubere,

1875 2820 1897 2850 ct
1933 2814 2094 2871 quam
2142 2797 2247 2853 uri.
2282 2798 2379 2853 His
2408 2806 2591 2853 autem
2622 2797 2716 2870 qui
2743 2798 3089 2853 matrimonio
3114 2797 3286 2868 juncti
3326 2806 3469 2868 sunt,

1873 2910 1894 2934 ιι
1930 2886 2186 2959 praecipio
2216 2902 2326 2941 non
2353 2903 2478 2960 ego,
2505 2887 2603 2942 sed
2620 2887 2904 2957 Dominus,
2929 2902 3156 2942 uxorem
3176 2902 3209 2941 a
3229 2886 3346 2942 viro
3366 2902 3476 2942 non

1873 2998 1896 3026 ι
1931 2976 2238 3033 discedere.
2290 2974 2446 3045 Quod
2476 2975 2521 3030 si
2550 2975 2887 3042 discesserit,
2920 2989 3141 3032 manere
3170 2976 3473 3047 innuptam,

1872 3087 1895 3117 α
1930 3074 2023 3121 aut
2051 3066 2170 3121 viro
2218 3080 2318 3120 suo
2366 3064 2726 3121 reconciliari.
2762 3066 2829 3120 Et
2872 3065 2957 3122 vir
2987 3081 3211 3121 uxorem
3242 3082 3354 3120 non
3385 3065 3475 3121 di-

1869 3178 1892 3201 ι
1927 3154 2120 3210 mittet.
2152 3155 2295 3209 Nam
2336 3154 2546 3210 caeteris
2585 3154 2708 3210 dico
2757 3170 2882 3227 ego,
2942 3170 3051 3210 non
3098 3154 3384 3210 Dominus.
3420 3154 3479 3210 Si

1868 3267 1891 3292 ιι
1927 3244 2049 3315 quis
2080 3242 2250 3299 frater
2271 3259 2497 3300 uxorem
2523 3243 2683 3299 habet
2706 3242 3004 3310 infidelem,
3039 3252 3091 3300 et
3111 3244 3229 3301 haec
3249 3260 3478 3301 consen-

1870 3354 1893 3383 ι
1928 3332 1987 3387 tit
2016 3332 2259 3388 habitare
2289 3348 2411 3389 cum
2442 3331 2556 3399 illo,
2589 3348 2699 3388 non
2748 3332 2981 3388 dimittat
3010 3333 3179 3388 illam.
3214 3334 3280 3389 Et
3300 3333 3346 3388 si
3368 3349 3479 3406 qua

1869 3446 1889 3470 α
1926 3422 2124 3477 mulier
2166 3421 2343 3478 fidelis
2391 3422 2554 3478 habet
2583 3421 2762 3479 virum
2795 3420 3093 3490 inﬁdelem,
3125 3430 3178 3478 et
3206 3422 3296 3479 hic
3334 3437 3474 3479 con-

1869 3532 1891 3561 α
1928 3512 2092 3567 sentit
2121 3511 2364 3567 habitare
2394 3527 2517 3567 cum
2548 3511 2660 3579 illa,
2694 3527 2803 3566 non
2836 3511 3073 3567 dimittat
3101 3512 3299 3567 virum.
3332 3512 3474 3567 San-

1870 3622 1889 3653 ι
1926 3599 2193 3657 ctiticatus
2223 3608 2305 3655 est
2334 3600 2481 3655 enim
2509 3600 2593 3655 vir
2620 3599 2856 3655 inﬁdelis
2879 3617 2977 3672 per
3020 3600 3305 3657 mulierem
3333 3600 3475 3658 fide-

1869 3712 1892 3741 ί
1928 3690 2055 3757 lem,
2073 3698 2124 3745 et
2140 3687 2472 3746 sanctificata
2486 3688 2776 3745 estmulier
2790 3688 3025 3746 infidelis
3042 3707 3142 3762 per
3157 3691 3329 3747 virum
3347 3689 3481 3748 fide-

1869 3801 1892 3831 ι
1927 3778 2055 3834 lem.
2090 3778 2343 3851 Alioquin
2389 3777 2483 3833 tilii
2530 3779 2696 3834 vestri
2743 3778 3008 3834 immundi
3056 3787 3258 3846 essent,
3328 3797 3477 3838 nunc

1868 3892 1890 3916 α
1926 3876 2104 3924 autem
2139 3868 2316 3925 sancti
2345 3867 2575 3941 [mundi]
2605 3875 2749 3924 sunt.
2783 3867 2943 3937 Quod
2972 3868 3018 3923 si
3039 3867 3274 3925 infidelis
3294 3869 3476 3928 disce-

1873 3977 1893 4009 ιι
1924 3958 2021 4024 dit,
2054 3957 2318 4013 discedat.
2354 3959 2477 4012 Non
2508 3958 2652 4013 enim
2684 3958 2930 4013 servituti
2960 3959 3238 4028 subjectus
3268 3968 3352 4016 est
3368 3960 3476 4015 fra-

1869 4071 1890 4095 «
1927 4055 2011 4103 ter
2038 4047 2125 4102 vel
2156 4063 2314 4103 soror
2365 4047 2419 4101 in
2449 4048 2739 4118 ejusmodi.
2775 4049 2834 4104 [n
2864 4064 3001 4120 pace
3031 4058 3213 4105 autem
3260 4051 3477 4107 vocavit

1868 4158 1891 4184 α
1927 4152 2024 4191 vos
2056 4137 2222 4192 Deus.
2242 4136 2397 4192 Unde
2428 4136 2573 4191 enim
2604 4136 2732 4202 scis,
2756 4136 2974 4205 mulier,
2996 4137 3231 4193 sivirum
3262 4139 3476 4196 salvum

1868 4246 1891 4276 ι
1927 4224 2140 4281 facies?
2194 4227 2300 4280 Ant
2356 4226 2501 4281 unde
2557 4226 2688 4291 scis,
2723 4225 2821 4295 vir,
2871 4226 2918 4281 si
2948 4227 3237 4284 mulierem
3266 4228 3473 4285 salvam

1869 4336 1891 4365 α
1918 4313 2085 4371 facies
2106 4314 2135 4369 Ὺ
2154 4313 2273 4368 Nisi
2294 4313 2583 4386 unicuique
2612 4315 2752 4371 sicut
2771 4315 2953 4372 divisit
2979 4317 3262 4386 Dominus,
3287 4335 3478 4375 unum-

1869 4427 1890 4450 «ι
1929 4420 2202 4475 quemque
2228 4403 2369 4459 sicut
2414 4403 2627 4459 vocavit
2655 4405 2824 4471 Deus,
2856 4405 2931 4460 ita
2959 4406 3220 4474 ambulet,
3259 4416 3311 4463 et
3334 4407 3478 4465 sicut

1868 4514 1891 4544 «
1925 4490 2127 4564 ubique
2172 4491 2226 4546 in
2275 4492 2529 4548 omnibus
2560 4493 2826 4549 Ecclesiis
2881 4494 3075 4550 doceo.
3108 4496 3479 4554 Circumcisus

154 4596 190 4635 a
222 4582 359 4646 Deo,
394 4582 507 4652 ipse
541 4580 684 4635 enim
727 4580 884 4635 dator
938 4580 1070 4635 satis
1118 4580 1273 4636 vobis
1329 4580 1763 4637 commendabile
1790 4573 1843 4633 D
1868 4605 1889 4628 «ε
1926 4580 2121 4653 aliquis
2179 4589 2402 4637 vocatus
2450 4582 2589 4637 est?
2618 4598 2727 4637 non
2771 4582 3006 4639 adducat
3035 4585 3381 4656 praeputium.
3414 4587 3478 4642 In

156 4672 289 4729 facit
318 4671 521 4726 donum
553 4685 727 4724 suum.
765 4671 829 4724 Et
859 4686 959 4741 pro
989 4677 1064 4725 tot
1093 4670 1273 4726 causis
1302 4669 1470 4726 nolite
1519 4671 1766 4726 membra

154 4770 343 4817 vestra
374 4760 611 4814 subdere
643 4757 1006 4814 fornicationi.
1033 4760 1115 4813 An
1146 4759 1307 4815 etiam
1335 4759 1603 4833 ignoratis
1620 4760 1765 4832 quod

155 4867 259 4907 vos
277 4865 386 4904 non
409 4848 538 4903 estis
568 4847 734 4903 vestri
761 4847 916 4916 juris,
959 4848 1057 4903 sed
1071 4848 1168 4903 Dei
1191 4848 1218 4902 ἲ)
1248 4847 1354 4917 Qui
1384 4848 1525 4903 enim
1547 4849 1765 4904 alterius

155 4947 264 5007 est,
296 4936 527 5009 imperio
556 4937 673 5007 ejus
692 4937 1007 5007 mancipare
1036 4953 1095 4992 se
1126 4937 1307 4992 debet.
1344 4938 1484 4993 Vere
1511 4954 1619 4993 non
1633 4938 1764 4993 estis

157 5027 348 5095 vestri,
380 5028 517 5083 estis
548 5027 703 5081 enim
732 5026 928 5098 empti,
963 5034 1014 5082 et
1039 5026 1157 5096 ejus
1187 5025 1333 5082 servi
1365 5026 1516 5093 estis,
1552 5026 1643 5100 qui
1666 5042 1763 5082 vos

155 5117 429 5174 emit.Nec
450 5113 736 5186 emptilevi
753 5116 936 5185 pretio
960 5115 1059 5169 sed
1081 5131 1289 5186 magno
1311 5134 1324 5181 ;
1351 5114 1479 5186 quia
1493 5114 1763 5189 sanguine

155 5206 380 5263 Christi.
405 5206 472 5260 Et
487 5204 613 5259 ideo
635 5202 801 5259 nolite
832 5202 1087 5259 fornicari
1114 5204 1211 5258 sed
1242 5204 1555 5276 gloriﬁcate
1586 5206 1763 5261 Deum

154 5293 484 5353 Glorificare
514 5295 685 5349 Deum
710 5299 790 5347 est
822 5292 1079 5347 munditia
1114 5292 1240 5348 vita:
1259 5292 1357 5347 Dei
1375 5293 1604 5366 gloriam
1626 5310 1764 5348 nun-

154 5386 315 5441 tiare.
337 5383 440 5453 Qui
471 5384 614 5439 enim
638 5381 787 5438 videt
802 5380 1066 5450 justitiam
1100 5382 1252 5450 justi,
1272 5379 1542 5455 glorificat
1566 5384 1759 5452 Deum,

150 5492 317 5533 causa
359 5475 514 5544 cujus
562 5481 617 5529 et
670 5470 942 5539 adjutorio
965 5470 1045 5527 sic
1090 5470 1240 5526 vivit.
1273 5471 1593 5540 Gloriﬁcate
1615 5471 1757 5538 dico,

148 5571 210 5623 et
236 5568 461 5639 portate
489 5556 688 5619 Deum.
734 5561 949 5614 Portare
983 5560 1156 5615 Deum
1213 5568 1292 5614 est
1320 5576 1460 5614 onus
1489 5560 1651 5615 totius
1672 5559 1764 5615 ad-

147 5653 445 5719 versitatis,
476 5669 598 5727 quae
631 5664 801 5707 causa
830 5647 930 5704 Dei
962 5648 1209 5715 infertur,
1245 5649 1513 5705 sustinere
1545 5649 1762 5721 patien-

147 5754 265 5802 ter:
300 5753 352 5802 et
362 5742 614 5817 exemplo
637 5737 921 5813 patientia
946 5738 1121 5794 Deum
1139 5737 1208 5794 ad
1228 5737 1362 5795 alios
1382 5746 1620 5810 portare,
1646 5739 1759 5812 qui,

1870 4694 1891 4719 ιι
1926 4670 2192 4742 ργωριιιίο
2220 4670 2414 4742 aliquis
2444 4678 2671 4727 vocatus
2717 4672 2847 4727 est?
2875 4688 2986 4727 non
3016 4672 3464 4732 circumcidatur.

1875 4777 1896 4809 ι
1926 4758 2278 4815 Circumcisio
2307 4759 2441 4814 nihil
2488 4767 2589 4827 est,
2622 4768 2675 4816 et
2722 4761 3045 4833 praeputium
3076 4761 3210 4818 nihil
3240 4772 3342 4833 est,
3375 4766 3474 4821 sed

1869 4870 1892 4900 α
1927 4849 2237 4904 observatio
2290 4849 2676 4905 mandatorum
2708 4850 2825 4907 Dei.
2860 4852 3247 4926 Unusquisque
3278 4853 3334 4908 in
3363 4871 3475 4928 qua

1869 4937 2212 4995 «vocatione
2268 4947 2496 4995 vocatus
2546 4947 2650 5007 est,
2702 4940 2757 4995 in
2804 4956 2870 4997 ea
2897 4951 3234 5013 permaneat.
3269 4943 3476 5002 Servus

1870 5048 1893 5079 ι
1928 5035 2153 5083 vocatus
2184 5028 2287 5083 es?
2316 5044 2426 5083 non
2455 5028 2525 5083 sit
2556 5028 2651 5083 tibi
2680 5045 2857 5086 curae:
2894 5032 2993 5087 sed
3023 5040 3077 5088 et
3107 5032 3153 5088 si
3176 5040 3334 5104 potes
3357 5033 3473 5091 fieri

1869 5137 1892 5167 ι
1926 5115 2083 5181 liber,
2132 5116 2311 5189 magis
2360 5124 2527 5173 utere.
2580 5116 2683 5187 Qui
2712 5119 2859 5175 enim
2891 5118 2944 5174 in
2984 5120 3219 5177 Domino
3251 5132 3474 5180 vocatus

1868 5226 1890 5255 ι
1928 5212 2010 5260 est
2038 5222 2248 5272 servus,
2283 5206 2510 5262 libertus
2540 5215 2625 5262 est
2653 5208 2867 5264 Domini
2893 5223 2905 5263 :
2938 5209 3187 5266 similiter
3215 5211 3309 5284 qui
3337 5211 3478 5269 liber

1868 5317 1890 5341 α
1926 5302 2154 5350 vocatus
2184 5303 2284 5362 est,
2320 5311 2514 5352 servus
2544 5304 2627 5352 est
2657 5296 2876 5353 Christi.
2912 5299 3093 5356 Pretio
3113 5300 3281 5372 empti
3298 5301 3469 5370 estis;

1869 5405 1890 5430 α
1927 5383 2094 5439 nolite
2138 5383 2255 5439 ﬁeri
2305 5385 2448 5440 servi
2504 5385 2803 5443 hominum.
2836 5388 3224 5461 Unusquisque
3252 5405 3386 5462 ergo
3414 5391 3471 5447 in

1868 5494 1890 5523 ι
1928 5489 2036 5545 quo
2095 5482 2319 5530 vocatus
2365 5481 2449 5530 est
2502 5473 2689 5545 frater,
2740 5475 2801 5531 in
2846 5476 2952 5534 hoc
2981 5487 3294 5548 permaneat
3322 5480 3471 5550 apud

1868 5583 1890 5611 α
1925 5562 2126 5618 Deum.
2158 5562 2238 5618 De
2261 5562 2563 5637 virginibus
2579 5573 2759 5620 autem
2781 5574 3108 5638 praeceptum
3125 5566 3342 5622 Domini
3362 5585 3473 5624 non

1868 5674 1889 5697 «
1925 5650 2104 5706 habeo
2132 5668 2144 5707 :
2179 5651 2469 5708 consilium
2511 5660 2690 5709 autem
2718 5653 2809 5720 do,
2843 5662 3104 5727 tanquam
3149 5654 3471 5712 misericor-

1868 5761 1890 5790 α
1927 5740 2072 5796 diam
2111 5739 2349 5800 108
2381 5749 2708 5800 consecutus
2737 5757 2772 5800 a
2791 5743 3045 5813 Domino,
3069 5751 3129 5800 ut
3146 5742 3248 5799 sim
3269 5743 3470 5804 fidelis.
