  <div class='ocr_page' id='page_1' title='image "/cluster/home/n/w/nwhite01/storage/ocr_20150623/153-154/uc1.31175019678096/083.png"; bbox 0 0 3948 6444; ppageno 0'>
   <div class='ocr_carea' id='block_1_1' title="bbox 477 323 581 377">
    <p class='ocr_par' dir='ltr' id='par_1_1' title="bbox 477 323 581 377">
     <span class='ocr_line' id='line_1_1' title="bbox 477 323 581 377; baseline 0.01 -1"><span class='ocrx_word' id='word_1_1' title='bbox 477 323 581 377; x_wconf 78' lang='grc'>155</span> 
     </span>
    </p>
   </div>
   <div class='ocr_carea' id='block_1_2' title="bbox 1038 319 3194 381">
    <p class='ocr_par' dir='ltr' id='par_1_2' title="bbox 1038 319 3194 381">
     <span class='ocr_line' id='line_1_2' title="bbox 1038 319 3194 381; baseline -0.001 -1"><span class='ocrx_word' id='word_1_2' title='bbox 1038 324 1095 380; x_wconf 94' lang='lat' dir='ltr'>S.</span> <span class='ocrx_word' id='word_1_3' title='bbox 1129 321 1481 380; x_wconf 81' lang='lat' dir='ltr'>BRUNONIS</span> <span class='ocrx_word' id='word_1_4' title='bbox 1517 319 2163 381; x_wconf 77' lang='lat' dir='ltr'>CARTHUSIANORUM</span> <span class='ocrx_word' id='word_1_5' title='bbox 2199 319 2679 379; x_wconf 82' lang='lat' dir='ltr'>INSTITUTORIS</span> <span class='ocrx_word' id='word_1_6' title='bbox 2717 320 2870 379; x_wconf 90' lang='lat' dir='ltr'>OPP.</span> <span class='ocrx_word' id='word_1_7' title='bbox 2912 321 3086 378; x_wconf 81' lang='lat' dir='ltr'>PARS</span> <span class='ocrx_word' id='word_1_8' title='bbox 3125 322 3194 378; x_wconf 88' lang='lat' dir='ltr'>ll.</span> 
     </span>
    </p>
   </div>
   <div class='ocr_carea' id='block_1_3' title="bbox 3675 324 3781 379">
    <p class='ocr_par' dir='ltr' id='par_1_3' title="bbox 3675 324 3781 379">
     <span class='ocr_line' id='line_1_3' title="bbox 3675 324 3781 379; baseline -0.019 0"><span class='ocrx_word' id='word_1_9' title='bbox 3675 324 3781 379; x_wconf 77' lang='grc'>156</span> 
     </span>
    </p>
   </div>
   <div class='ocr_carea' id='block_1_4' title="bbox 479 444 3777 521">
    <p class='ocr_par' dir='ltr' id='par_1_4' title="bbox 479 444 3777 521">
     <span class='ocr_line' id='line_1_4' title="bbox 479 444 3777 521; baseline 0 -21"><span class='ocrx_word' id='word_1_10' title='bbox 479 465 502 495; x_wconf 74' lang='grc' dir='ltr'><strong><em>α</em></strong></span> <span class='ocrx_word' id='word_1_11' title='bbox 540 444 802 503; x_wconf 82' lang='lat' dir='ltr'>Existimo</span> <span class='ocrx_word' id='word_1_12' title='bbox 832 462 966 521; x_wconf 83' lang='lat' dir='ltr'>ergo</span> <span class='ocrx_word' id='word_1_13' title='bbox 996 447 1102 504; x_wconf 89' lang='lat' dir='ltr'>hoc</span> <span class='ocrx_word' id='word_1_14' title='bbox 1131 446 1335 503; x_wconf 90' lang='lat' dir='ltr'>bonum</span> <span class='ocrx_word' id='word_1_15' title='bbox 1365 462 1488 502; x_wconf 90' lang='lat' dir='ltr'>esse</span> <span class='ocrx_word' id='word_1_16' title='bbox 1536 455 1759 518; x_wconf 90' lang='lat' dir='ltr'>pr0pter</span> <span class='ocrx_word' id='word_1_17' title='bbox 1788 446 2079 501; x_wconf 80' lang='lat' dir='ltr'>instantem</span> <span class='ocrx_word' id='word_1_18' title='bbox 2107 446 2161 506; x_wconf 76' lang='grc' dir='ltr'><strong>Α</strong></span> <span class='ocrx_word' id='word_1_19' title='bbox 2184 446 2397 501; x_wconf 85' lang='lat' dir='ltr'>tionem</span> <span class='ocrx_word' id='word_1_20' title='bbox 2426 447 2806 519; x_wconf 76' lang='lat' dir='ltr'>unusquisque</span> <span class='ocrx_word' id='word_1_21' title='bbox 2837 444 3036 502; x_wconf 83' lang='lat' dir='ltr'>habeat</span> <span class='ocrx_word' id='word_1_22' title='bbox 3065 462 3229 501; x_wconf 86' lang='lat' dir='ltr'>suam</span> <span class='ocrx_word' id='word_1_23' title='bbox 3250 460 3510 511; x_wconf 74' lang='lat' dir='ltr'>uxorem,</span> <span class='ocrx_word' id='word_1_24' title='bbox 3536 450 3593 502; x_wconf 88' lang='lat' dir='ltr'>et</span> <span class='ocrx_word' id='word_1_25' title='bbox 3620 462 3777 501; x_wconf 89' lang='lat' dir='ltr'>una-</span> 
     </span>
    </p>
   </div>
   <div class='ocr_carea' id='block_1_5' title="bbox 477 535 2072 607">
    <p class='ocr_par' dir='ltr' id='par_1_5' title="bbox 477 535 2072 607">
     <span class='ocr_line' id='line_1_5' title="bbox 477 535 2072 607; baseline 0.003 -23"><span class='ocrx_word' id='word_1_26' title='bbox 477 552 501 584; x_wconf 83' lang='grc'><strong>‹</strong></span> <span class='ocrx_word' id='word_1_27' title='bbox 534 536 935 602; x_wconf 75' lang='lat' dir='ltr'>necessitatem,</span> <span class='ocrx_word' id='word_1_28' title='bbox 970 535 1221 607; x_wconf 90' lang='lat' dir='ltr'>quoniam</span> <span class='ocrx_word' id='word_1_29' title='bbox 1240 535 1445 591; x_wconf 90' lang='lat' dir='ltr'>bonum</span> <span class='ocrx_word' id='word_1_30' title='bbox 1474 543 1555 589; x_wconf 91' lang='lat' dir='ltr'>est</span> <span class='ocrx_word' id='word_1_31' title='bbox 1582 535 1789 590; x_wconf 83' lang='lat' dir='ltr'>homini</span> <span class='ocrx_word' id='word_1_32' title='bbox 1821 535 1897 589; x_wconf 92' lang='lat' dir='ltr'>sic</span> <span class='ocrx_word' id='word_1_33' title='bbox 1929 551 2072 589; x_wconf 89' lang='lat' dir='ltr'>esse.</span> 
     </span>
    </p>
   </div>
   <div class='ocr_carea' id='block_1_6' title="bbox 482 623 2081 696">
    <p class='ocr_par' dir='ltr' id='par_1_6' title="bbox 482 623 2081 696">
     <span class='ocr_line' id='line_1_6' title="bbox 482 623 2081 696; baseline 0 -19"><span class='ocrx_word' id='word_1_34' title='bbox 482 644 503 671; x_wconf 78' lang='grc' dir='ltr'>ι</span> <span class='ocrx_word' id='word_1_35' title='bbox 538 623 803 696; x_wconf 79' lang='lat' dir='ltr'>Alligatus</span> <span class='ocrx_word' id='word_1_36' title='bbox 832 641 893 679; x_wconf 89' lang='lat' dir='ltr'>es</span> <span class='ocrx_word' id='word_1_37' title='bbox 922 624 1126 679; x_wconf 80' lang='lat' dir='ltr'>uxori?</span> <span class='ocrx_word' id='word_1_38' title='bbox 1150 624 1262 679; x_wconf 91' lang='lat' dir='ltr'>noli</span> <span class='ocrx_word' id='word_1_39' title='bbox 1284 640 1533 696; x_wconf 71' lang='lat' dir='ltr'>quaerere</span> <span class='ocrx_word' id='word_1_40' title='bbox 1557 624 1903 679; x_wconf 77' lang='lat' dir='ltr'>solutionem.</span> <span class='ocrx_word' id='word_1_41' title='bbox 1930 623 2081 677; x_wconf 87' lang='lat' dir='ltr'>Solu-</span> 
     </span>
    </p>
   </div>
   <div class='ocr_carea' id='block_1_7' title="bbox 485 712 2076 784">
    <p class='ocr_par' dir='ltr' id='par_1_7' title="bbox 485 712 2076 784">
     <span class='ocr_line' id='line_1_7' title="bbox 485 712 2076 784; baseline 0.002 -22"><span class='ocrx_word' id='word_1_42' title='bbox 485 730 508 761; x_wconf 75' lang='grc' dir='ltr'>ι</span> <span class='ocrx_word' id='word_1_43' title='bbox 541 718 628 767; x_wconf 85' lang='lat' dir='ltr'>tus</span> <span class='ocrx_word' id='word_1_44' title='bbox 656 728 713 767; x_wconf 81' lang='lat' dir='ltr'>es</span> <span class='ocrx_word' id='word_1_45' title='bbox 739 713 807 766; x_wconf 90' lang='lat' dir='ltr'>ab</span> <span class='ocrx_word' id='word_1_46' title='bbox 835 729 1004 768; x_wconf 87' lang='lat' dir='ltr'>uxore</span> <span class='ocrx_word' id='word_1_47' title='bbox 1031 714 1059 768; x_wconf 83' lang='lat'><strong>?</strong></span> <span class='ocrx_word' id='word_1_48' title='bbox 1089 712 1200 767; x_wconf 91' lang='lat' dir='ltr'>noli</span> <span class='ocrx_word' id='word_1_49' title='bbox 1233 728 1483 784; x_wconf 64' lang='lat' dir='ltr'>quaerere</span> <span class='ocrx_word' id='word_1_50' title='bbox 1510 728 1756 767; x_wconf 87' lang='lat' dir='ltr'>uxorem.</span> <span class='ocrx_word' id='word_1_51' title='bbox 1801 712 1857 767; x_wconf 90' lang='lat' dir='ltr'>Si</span> <span class='ocrx_word' id='word_1_52' title='bbox 1898 720 2076 766; x_wconf 91' lang='lat' dir='ltr'>autem</span> 
     </span>
    </p>
   </div>
   <div class='ocr_carea' id='block_1_8' title="bbox 482 799 2080 871">
    <p class='ocr_par' dir='ltr' id='par_1_8' title="bbox 482 799 2080 871">
     <span class='ocr_line' id='line_1_8' title="bbox 482 799 2080 871; baseline 0.001 -18"><span class='ocrx_word' id='word_1_53' title='bbox 482 821 504 846; x_wconf 74' lang='grc' dir='ltr'><strong>α</strong></span> <span class='ocrx_word' id='word_1_54' title='bbox 539 800 818 871; x_wconf 90' lang='lat' dir='ltr'>acceperis</span> <span class='ocrx_word' id='word_1_55' title='bbox 874 817 1123 865; x_wconf 86' lang='lat' dir='ltr'>uxorem,</span> <span class='ocrx_word' id='word_1_56' title='bbox 1175 816 1284 855; x_wconf 92' lang='lat' dir='ltr'>non</span> <span class='ocrx_word' id='word_1_57' title='bbox 1331 801 1602 871; x_wconf 82' lang='lat' dir='ltr'>peccasti;</span> <span class='ocrx_word' id='word_1_58' title='bbox 1646 808 1699 855; x_wconf 90' lang='lat' dir='ltr'>et</span> <span class='ocrx_word' id='word_1_59' title='bbox 1746 799 1791 854; x_wconf 89' lang='lat' dir='ltr'>si</span> <span class='ocrx_word' id='word_1_60' title='bbox 1838 799 2080 870; x_wconf 89' lang='lat' dir='ltr'>nupserit</span> 
     </span>
    </p>
   </div>
   <div class='ocr_carea' id='block_1_9' title="bbox 485 886 2077 959">
    <p class='ocr_par' dir='ltr' id='par_1_9' title="bbox 485 886 2077 959">
     <span class='ocr_line' id='line_1_9' title="bbox 485 886 2077 959; baseline 0.003 -21"><span class='ocrx_word' id='word_1_61' title='bbox 485 907 508 937; x_wconf 79' lang='grc' dir='ltr'>ι</span> <span class='ocrx_word' id='word_1_62' title='bbox 543 886 700 957; x_wconf 84' lang='lat' dir='ltr'>virgo</span> <span class='ocrx_word' id='word_1_63' title='bbox 728 903 835 944; x_wconf 91' lang='lat' dir='ltr'>non</span> <span class='ocrx_word' id='word_1_64' title='bbox 852 888 1129 959; x_wconf 85' lang='lat' dir='ltr'>peccavit;</span> <span class='ocrx_word' id='word_1_65' title='bbox 1156 888 1554 943; x_wconf 88' lang='lat' dir='ltr'>tribulationem</span> <span class='ocrx_word' id='word_1_66' title='bbox 1577 896 1757 943; x_wconf 89' lang='lat' dir='ltr'>tamen</span> <span class='ocrx_word' id='word_1_67' title='bbox 1779 888 1956 944; x_wconf 89' lang='lat' dir='ltr'>carnis</span> <span class='ocrx_word' id='word_1_68' title='bbox 1978 890 2077 942; x_wconf 90' lang='lat' dir='ltr'>ha-</span> 
     </span>
    </p>
   </div>
   <div class='ocr_carea' id='block_1_10' title="bbox 482 976 2079 1048">
    <p class='ocr_par' dir='ltr' id='par_1_10' title="bbox 482 976 2079 1048">
     <span class='ocr_line' id='line_1_10' title="bbox 482 976 2079 1048; baseline 0.004 -23"><span class='ocrx_word' id='word_1_69' title='bbox 482 996 504 1025; x_wconf 85' lang='grc'><strong>«</strong></span> <span class='ocrx_word' id='word_1_70' title='bbox 540 976 744 1031; x_wconf 87' lang='lat' dir='ltr'>bebunt</span> <span class='ocrx_word' id='word_1_71' title='bbox 788 977 1121 1045; x_wconf 90' lang='lat' dir='ltr'>hujusmodi.</span> <span class='ocrx_word' id='word_1_72' title='bbox 1172 979 1291 1047; x_wconf 86' lang='lat' dir='ltr'>Ego</span> <span class='ocrx_word' id='word_1_73' title='bbox 1320 985 1501 1031; x_wconf 90' lang='lat' dir='ltr'>autem</span> <span class='ocrx_word' id='word_1_74' title='bbox 1539 978 1694 1031; x_wconf 82' lang='lat' dir='ltr'>vobis</span> <span class='ocrx_word' id='word_1_75' title='bbox 1723 992 1913 1048; x_wconf 93' lang='lat' dir='ltr'>parco.</span> <span class='ocrx_word' id='word_1_76' title='bbox 1964 978 2079 1032; x_wconf 81' lang='lat' dir='ltr'>Hoc</span> 
     </span>
    </p>
   </div>
   <div class='ocr_carea' id='block_1_11' title="bbox 482 1063 2078 1136">
    <p class='ocr_par' dir='ltr' id='par_1_11' title="bbox 482 1063 2078 1136">
     <span class='ocr_line' id='line_1_11' title="bbox 482 1063 2078 1136; baseline 0 -18"><span class='ocrx_word' id='word_1_77' title='bbox 482 1087 504 1110; x_wconf 76' lang='grc' dir='ltr'>α</span> <span class='ocrx_word' id='word_1_78' title='bbox 540 1063 721 1136; x_wconf 84' lang='lat' dir='ltr'>itaque</span> <span class='ocrx_word' id='word_1_79' title='bbox 743 1064 887 1133; x_wconf 89' lang='lat' dir='ltr'>dico,</span> <span class='ocrx_word' id='word_1_80' title='bbox 922 1064 1153 1120; x_wconf 83' lang='lat' dir='ltr'>fratres:</span> <span class='ocrx_word' id='word_1_81' title='bbox 1198 1066 1436 1136; x_wconf 85' lang='lat' dir='ltr'>Tempus</span> <span class='ocrx_word' id='word_1_82' title='bbox 1467 1066 1631 1120; x_wconf 84' lang='lat' dir='ltr'>breve</span> <span class='ocrx_word' id='word_1_83' title='bbox 1661 1073 1778 1120; x_wconf 90' lang='lat' dir='ltr'>est:</span> <span class='ocrx_word' id='word_1_84' title='bbox 1811 1065 2078 1136; x_wconf 90' lang='lat' dir='ltr'>reliquum</span> 
     </span>
    </p>
   </div>
   <div class='ocr_carea' id='block_1_12' title="bbox 483 1154 2078 1225">
    <p class='ocr_par' dir='ltr' id='par_1_12' title="bbox 483 1154 2078 1225">
     <span class='ocr_line' id='line_1_12' title="bbox 483 1154 2078 1225; baseline 0 -18"><span class='ocrx_word' id='word_1_85' title='bbox 483 1173 505 1201; x_wconf 78' lang='grc' dir='ltr'>ι</span> <span class='ocrx_word' id='word_1_86' title='bbox 540 1161 643 1222; x_wconf 90' lang='lat' dir='ltr'>est,</span> <span class='ocrx_word' id='word_1_87' title='bbox 677 1160 734 1207; x_wconf 91' lang='lat' dir='ltr'>ut</span> <span class='ocrx_word' id='word_1_88' title='bbox 764 1161 818 1209; x_wconf 90' lang='lat' dir='ltr'>et</span> <span class='ocrx_word' id='word_1_89' title='bbox 844 1154 937 1225; x_wconf 89' lang='lat' dir='ltr'>qui</span> <span class='ocrx_word' id='word_1_90' title='bbox 970 1154 1165 1208; x_wconf 86' lang='lat' dir='ltr'>habent</span> <span class='ocrx_word' id='word_1_91' title='bbox 1198 1170 1413 1219; x_wconf 85' lang='lat' dir='ltr'>uxores,</span> <span class='ocrx_word' id='word_1_92' title='bbox 1445 1162 1698 1225; x_wconf 86' lang='lat' dir='ltr'>tanquam</span> <span class='ocrx_word' id='word_1_93' title='bbox 1727 1170 1835 1208; x_wconf 92' lang='lat' dir='ltr'>non</span> <span class='ocrx_word' id='word_1_94' title='bbox 1866 1154 2078 1208; x_wconf 86' lang='lat' dir='ltr'>haben-</span> 
     </span>
    </p>
   </div>
   <div class='ocr_carea' id='block_1_13' title="bbox 482 1240 2079 1314">
    <p class='ocr_par' dir='ltr' id='par_1_13' title="bbox 482 1240 2079 1314">
     <span class='ocr_line' id='line_1_13' title="bbox 482 1240 2079 1314; baseline 0.003 -22"><span class='ocrx_word' id='word_1_95' title='bbox 482 1261 505 1291; x_wconf 78' lang='lat'><strong>(</strong></span> <span class='ocrx_word' id='word_1_96' title='bbox 540 1247 623 1295; x_wconf 88' lang='lat' dir='ltr'>tes</span> <span class='ocrx_word' id='word_1_97' title='bbox 655 1240 798 1307; x_wconf 86' lang='lat' dir='ltr'>sint;</span> <span class='ocrx_word' id='word_1_98' title='bbox 833 1250 885 1296; x_wconf 91' lang='lat' dir='ltr'>et</span> <span class='ocrx_word' id='word_1_99' title='bbox 917 1241 1008 1314; x_wconf 88' lang='lat' dir='ltr'>qui</span> <span class='ocrx_word' id='word_1_100' title='bbox 1041 1242 1191 1311; x_wconf 86' lang='lat' dir='ltr'>ﬂent,</span> <span class='ocrx_word' id='word_1_101' title='bbox 1232 1250 1487 1313; x_wconf 87' lang='lat' dir='ltr'>tanquam</span> <span class='ocrx_word' id='word_1_102' title='bbox 1518 1259 1627 1296; x_wconf 91' lang='lat' dir='ltr'>non</span> <span class='ocrx_word' id='word_1_103' title='bbox 1656 1242 1848 1297; x_wconf 87' lang='lat' dir='ltr'>ﬂentes</span> <span class='ocrx_word' id='word_1_104' title='bbox 1870 1262 1884 1307; x_wconf 86' lang='lat'><strong>;</strong></span> <span class='ocrx_word' id='word_1_105' title='bbox 1905 1249 1956 1297; x_wconf 91' lang='lat' dir='ltr'>et</span> <span class='ocrx_word' id='word_1_106' title='bbox 1987 1242 2079 1313; x_wconf 89' lang='lat' dir='ltr'>qui</span> 
     </span>
    </p>
   </div>
   <div class='ocr_carea' id='block_1_14' title="bbox 485 1330 2075 1404">
    <p class='ocr_par' dir='ltr' id='par_1_14' title="bbox 485 1330 2075 1404">
     <span class='ocr_line' id='line_1_14' title="bbox 485 1330 2075 1404; baseline 0.002 -23"><span class='ocrx_word' id='word_1_107' title='bbox 485 1350 507 1379; x_wconf 74' lang='grc' dir='ltr'>ι</span> <span class='ocrx_word' id='word_1_108' title='bbox 535 1330 793 1401; x_wconf 83' lang='lat' dir='ltr'>gaudent,</span> <span class='ocrx_word' id='word_1_109' title='bbox 846 1338 1100 1402; x_wconf 87' lang='lat' dir='ltr'>tanquam</span> <span class='ocrx_word' id='word_1_110' title='bbox 1148 1347 1257 1386; x_wconf 92' lang='lat' dir='ltr'>non</span> <span class='ocrx_word' id='word_1_111' title='bbox 1300 1331 1637 1404; x_wconf 81' lang='lat' dir='ltr'>gaudentes;</span> <span class='ocrx_word' id='word_1_112' title='bbox 1675 1339 1726 1386; x_wconf 93' lang='lat' dir='ltr'>et</span> <span class='ocrx_word' id='word_1_113' title='bbox 1750 1332 1842 1403; x_wconf 91' lang='lat' dir='ltr'>qui</span> <span class='ocrx_word' id='word_1_114' title='bbox 1872 1339 2075 1400; x_wconf 92' lang='lat' dir='ltr'>emunt,</span> 
     </span>
    </p>
   </div>
   <div class='ocr_carea' id='block_1_15' title="bbox 483 1419 2079 1492">
    <p class='ocr_par' dir='ltr' id='par_1_15' title="bbox 483 1419 2079 1492">
     <span class='ocr_line' id='line_1_15' title="bbox 483 1419 2079 1492; baseline 0.001 -21"><span class='ocrx_word' id='word_1_115' title='bbox 483 1425 792 1489; x_wconf 74' lang='lat' dir='ltr'>«tanquam</span> <span class='ocrx_word' id='word_1_116' title='bbox 847 1435 957 1474; x_wconf 91' lang='lat' dir='ltr'>non</span> <span class='ocrx_word' id='word_1_117' title='bbox 1006 1419 1385 1490; x_wconf 86' lang='lat' dir='ltr'>possidentes;</span> <span class='ocrx_word' id='word_1_118' title='bbox 1443 1428 1496 1475; x_wconf 92' lang='lat' dir='ltr'>et</span> <span class='ocrx_word' id='word_1_119' title='bbox 1554 1419 1644 1492; x_wconf 90' lang='lat' dir='ltr'>qui</span> <span class='ocrx_word' id='word_1_120' title='bbox 1699 1427 1920 1474; x_wconf 88' lang='lat' dir='ltr'>utuntur</span> <span class='ocrx_word' id='word_1_121' title='bbox 1976 1420 2079 1474; x_wconf 92' lang='lat' dir='ltr'>hoc</span> 
     </span>
    </p>
   </div>
   <div class='ocr_carea' id='block_1_16' title="bbox 483 1506 2079 1580">
    <p class='ocr_par' dir='ltr' id='par_1_16' title="bbox 483 1506 2079 1580">
     <span class='ocr_line' id='line_1_16' title="bbox 483 1506 2079 1580; baseline 0.001 -21"><span class='ocrx_word' id='word_1_122' title='bbox 483 1526 507 1557; x_wconf 73' lang='grc' dir='ltr'><strong>ε</strong></span> <span class='ocrx_word' id='word_1_123' title='bbox 540 1506 765 1574; x_wconf 90' lang='lat' dir='ltr'>mundo,</span> <span class='ocrx_word' id='word_1_124' title='bbox 798 1514 1050 1580; x_wconf 88' lang='lat' dir='ltr'>tanquam</span> <span class='ocrx_word' id='word_1_125' title='bbox 1072 1525 1180 1563; x_wconf 91' lang='lat' dir='ltr'>non</span> <span class='ocrx_word' id='word_1_126' title='bbox 1205 1516 1421 1563; x_wconf 84' lang='lat' dir='ltr'>utantur</span> <span class='ocrx_word' id='word_1_127' title='bbox 1444 1526 1457 1562; x_wconf 93' lang='lat'><strong>:</strong></span> <span class='ocrx_word' id='word_1_128' title='bbox 1480 1508 1721 1579; x_wconf 58' lang='lat' dir='ltr'>praeterit</span> <span class='ocrx_word' id='word_1_129' title='bbox 1742 1508 1886 1563; x_wconf 90' lang='lat' dir='ltr'>enim</span> <span class='ocrx_word' id='word_1_130' title='bbox 1904 1506 2079 1578; x_wconf 87' lang='lat' dir='ltr'>figura</span> 
     </span>
    </p>
   </div>
   <div class='ocr_carea' id='block_1_17' title="bbox 483 1594 2078 1664">
    <p class='ocr_par' dir='ltr' id='par_1_17' title="bbox 483 1594 2078 1664">
     <span class='ocr_line' id='line_1_17' title="bbox 483 1594 2078 1664; baseline 0.003 -18"><span class='ocrx_word' id='word_1_131' title='bbox 483 1615 506 1644; x_wconf 72' lang='grc' dir='ltr'><strong><em>ι</em></strong></span> <span class='ocrx_word' id='word_1_132' title='bbox 542 1594 699 1664; x_wconf 85' lang='lat' dir='ltr'>hujus</span> <span class='ocrx_word' id='word_1_133' title='bbox 757 1597 966 1651; x_wconf 91' lang='lat' dir='ltr'>mundi.</span> <span class='ocrx_word' id='word_1_134' title='bbox 1018 1596 1155 1652; x_wconf 80' lang='lat' dir='ltr'>Volo</span> <span class='ocrx_word' id='word_1_135' title='bbox 1204 1606 1381 1652; x_wconf 88' lang='lat' dir='ltr'>autem</span> <span class='ocrx_word' id='word_1_136' title='bbox 1413 1613 1510 1652; x_wconf 91' lang='lat' dir='ltr'>vos</span> <span class='ocrx_word' id='word_1_137' title='bbox 1555 1597 1671 1651; x_wconf 87' lang='lat' dir='ltr'>sine</span> <span class='ocrx_word' id='word_1_138' title='bbox 1720 1596 2078 1652; x_wconf 89' lang='lat' dir='ltr'>sollicitudine</span> 
     </span>
    </p>
   </div>
   <div class='ocr_carea' id='block_1_18' title="bbox 482 1683 2079 1757">
    <p class='ocr_par' dir='ltr' id='par_1_18' title="bbox 482 1683 2079 1757">
     <span class='ocr_line' id='line_1_18' title="bbox 482 1683 2079 1757; baseline 0.003 -24"><span class='ocrx_word' id='word_1_139' title='bbox 482 1703 504 1732; x_wconf 72' lang='grc' dir='ltr'><strong>α</strong></span> <span class='ocrx_word' id='word_1_140' title='bbox 540 1699 683 1739; x_wconf 88' lang='lat' dir='ltr'>esse.</span> <span class='ocrx_word' id='word_1_141' title='bbox 716 1683 821 1753; x_wconf 88' lang='lat' dir='ltr'>Qui</span> <span class='ocrx_word' id='word_1_142' title='bbox 853 1685 969 1739; x_wconf 91' lang='lat' dir='ltr'>sine</span> <span class='ocrx_word' id='word_1_143' title='bbox 999 1702 1167 1740; x_wconf 86' lang='lat' dir='ltr'>uxore</span> <span class='ocrx_word' id='word_1_144' title='bbox 1187 1694 1287 1749; x_wconf 83' lang='lat' dir='ltr'>est,</span> <span class='ocrx_word' id='word_1_145' title='bbox 1312 1685 1574 1740; x_wconf 90' lang='lat' dir='ltr'>sollicitus</span> <span class='ocrx_word' id='word_1_146' title='bbox 1596 1693 1677 1740; x_wconf 90' lang='lat' dir='ltr'>est</span> <span class='ocrx_word' id='word_1_147' title='bbox 1711 1701 1830 1757; x_wconf 73' lang='lat' dir='ltr'>quae</span> <span class='ocrx_word' id='word_1_148' title='bbox 1864 1683 2079 1740; x_wconf 87' lang='lat' dir='ltr'>Domini</span> 
     </span>
    </p>
   </div>
   <div class='ocr_carea' id='block_1_19' title="bbox 484 1773 2078 1845">
    <p class='ocr_par' dir='ltr' id='par_1_19' title="bbox 484 1773 2078 1845">
     <span class='ocr_line' id='line_1_19' title="bbox 484 1773 2078 1845; baseline 0.001 -20"><span class='ocrx_word' id='word_1_149' title='bbox 484 1794 505 1815; x_wconf 77' lang='grc' dir='ltr'><strong><em>κ</em></strong></span> <span class='ocrx_word' id='word_1_150' title='bbox 542 1780 687 1841; x_wconf 90' lang='lat' dir='ltr'>sunt,</span> <span class='ocrx_word' id='word_1_151' title='bbox 720 1773 993 1844; x_wconf 90' lang='lat' dir='ltr'>quomodo</span> <span class='ocrx_word' id='word_1_152' title='bbox 1021 1774 1232 1845; x_wconf 87' lang='lat' dir='ltr'>placeat</span> <span class='ocrx_word' id='word_1_153' title='bbox 1263 1776 1397 1829; x_wconf 91' lang='lat' dir='ltr'>Deo.</span> <span class='ocrx_word' id='word_1_154' title='bbox 1432 1773 1534 1843; x_wconf 87' lang='lat' dir='ltr'>Qui</span> <span class='ocrx_word' id='word_1_155' title='bbox 1556 1783 1735 1828; x_wconf 89' lang='lat' dir='ltr'>autem</span> <span class='ocrx_word' id='word_1_156' title='bbox 1756 1790 1879 1829; x_wconf 91' lang='lat' dir='ltr'>cum</span> <span class='ocrx_word' id='word_1_157' title='bbox 1910 1790 2078 1828; x_wconf 86' lang='lat' dir='ltr'>uxore</span> 
     </span>
    </p>
   </div>
   <div class='ocr_carea' id='block_1_20' title="bbox 484 1860 2080 1934">
    <p class='ocr_par' dir='ltr' id='par_1_20' title="bbox 484 1860 2080 1934">
     <span class='ocr_line' id='line_1_20' title="bbox 484 1860 2080 1934; baseline 0.001 -19"><span class='ocrx_word' id='word_1_158' title='bbox 484 1882 505 1905; x_wconf 76' lang='grc' dir='ltr'>ιι</span> <span class='ocrx_word' id='word_1_159' title='bbox 544 1868 645 1927; x_wconf 87' lang='lat' dir='ltr'>est,</span> <span class='ocrx_word' id='word_1_160' title='bbox 677 1860 939 1917; x_wconf 91' lang='lat' dir='ltr'>sollicitus</span> <span class='ocrx_word' id='word_1_161' title='bbox 972 1870 1054 1916; x_wconf 90' lang='lat' dir='ltr'>est</span> <span class='ocrx_word' id='word_1_162' title='bbox 1084 1880 1206 1934; x_wconf 70' lang='lat' dir='ltr'>qua:</span> <span class='ocrx_word' id='word_1_163' title='bbox 1237 1870 1363 1917; x_wconf 92' lang='lat' dir='ltr'>sunt</span> <span class='ocrx_word' id='word_1_164' title='bbox 1410 1863 1617 1932; x_wconf 92' lang='lat' dir='ltr'>mundi,</span> <span class='ocrx_word' id='word_1_165' title='bbox 1650 1862 1922 1934; x_wconf 92' lang='lat' dir='ltr'>quomodo</span> <span class='ocrx_word' id='word_1_166' title='bbox 1960 1862 2080 1933; x_wconf 87' lang='lat' dir='ltr'>pla-</span> 
     </span>
    </p>
   </div>
   <div class='ocr_carea' id='block_1_21' title="bbox 486 1948 2084 2021">
    <p class='ocr_par' dir='ltr' id='par_1_21' title="bbox 486 1948 2084 2021">
     <span class='ocr_line' id='line_1_21' title="bbox 486 1948 2084 2021; baseline 0.001 -17"><span class='ocrx_word' id='word_1_167' title='bbox 486 1971 508 1992; x_wconf 80' lang='grc' dir='ltr'>ι</span> <span class='ocrx_word' id='word_1_168' title='bbox 543 1956 664 2004; x_wconf 90' lang='lat' dir='ltr'>ceat</span> <span class='ocrx_word' id='word_1_169' title='bbox 693 1948 865 2017; x_wconf 85' lang='lat' dir='ltr'>uxori,</span> <span class='ocrx_word' id='word_1_170' title='bbox 901 1957 953 2004; x_wconf 93' lang='lat' dir='ltr'>et</span> <span class='ocrx_word' id='word_1_171' title='bbox 983 1950 1188 2005; x_wconf 90' lang='lat' dir='ltr'>divisus</span> <span class='ocrx_word' id='word_1_172' title='bbox 1219 1959 1325 2005; x_wconf 91' lang='lat' dir='ltr'>est.</span> <span class='ocrx_word' id='word_1_173' title='bbox 1384 1952 1451 2005; x_wconf 91' lang='lat' dir='ltr'>Et</span> <span class='ocrx_word' id='word_1_174' title='bbox 1508 1951 1703 2006; x_wconf 87' lang='lat' dir='ltr'>mulier</span> <span class='ocrx_word' id='word_1_175' title='bbox 1761 1951 1982 2021; x_wconf 89' lang='lat' dir='ltr'>innupta</span> <span class='ocrx_word' id='word_1_176' title='bbox 2030 1959 2084 2006; x_wconf 91' lang='lat' dir='ltr'>et</span> 
     </span>
    </p>
   </div>
   <div class='ocr_carea' id='block_1_22' title="bbox 488 2036 2079 2110">
    <p class='ocr_par' dir='ltr' id='par_1_22' title="bbox 488 2036 2079 2110">
     <span class='ocr_line' id='line_1_22' title="bbox 488 2036 2079 2110; baseline 0.002 -20"><span class='ocrx_word' id='word_1_177' title='bbox 488 2059 508 2083; x_wconf 79' lang='grc' dir='ltr'>α</span> <span class='ocrx_word' id='word_1_178' title='bbox 546 2036 703 2109; x_wconf 88' lang='lat' dir='ltr'>virgo</span> <span class='ocrx_word' id='word_1_179' title='bbox 732 2038 931 2109; x_wconf 81' lang='lat' dir='ltr'>cogitat</span> <span class='ocrx_word' id='word_1_180' title='bbox 961 2056 1081 2110; x_wconf 68' lang='lat' dir='ltr'>quae</span> <span class='ocrx_word' id='word_1_181' title='bbox 1111 2038 1327 2093; x_wconf 87' lang='lat' dir='ltr'>Domini</span> <span class='ocrx_word' id='word_1_182' title='bbox 1361 2046 1503 2107; x_wconf 82' lang='lat' dir='ltr'>sunt,</span> <span class='ocrx_word' id='word_1_183' title='bbox 1555 2046 1611 2092; x_wconf 89' lang='lat' dir='ltr'>ut</span> <span class='ocrx_word' id='word_1_184' title='bbox 1641 2039 1709 2092; x_wconf 91' lang='lat' dir='ltr'>sit</span> <span class='ocrx_word' id='word_1_185' title='bbox 1738 2047 1921 2095; x_wconf 89' lang='lat' dir='ltr'>sancta</span> <span class='ocrx_word' id='word_1_186' title='bbox 1951 2055 2079 2095; x_wconf 90' lang='lat' dir='ltr'>cor-</span> 
     </span>
    </p>
   </div>
   <div class='ocr_carea' id='block_1_23' title="bbox 490 2126 2082 2199">
    <p class='ocr_par' dir='ltr' id='par_1_23' title="bbox 490 2126 2082 2199">
     <span class='ocr_line' id='line_1_23' title="bbox 490 2126 2082 2199; baseline 0.001 -19"><span class='ocrx_word' id='word_1_187' title='bbox 490 2148 511 2171; x_wconf 79' lang='grc' dir='ltr'>α</span> <span class='ocrx_word' id='word_1_188' title='bbox 548 2140 683 2196; x_wconf 90' lang='lat' dir='ltr'>pore</span> <span class='ocrx_word' id='word_1_189' title='bbox 704 2133 757 2180; x_wconf 90' lang='lat' dir='ltr'>et</span> <span class='ocrx_word' id='word_1_190' title='bbox 790 2126 1001 2197; x_wconf 90' lang='lat' dir='ltr'>spiritu.</span> <span class='ocrx_word' id='word_1_191' title='bbox 1035 2126 1166 2196; x_wconf 72' lang='lat' dir='ltr'>Quae</span> <span class='ocrx_word' id='word_1_192' title='bbox 1198 2135 1377 2182; x_wconf 90' lang='lat' dir='ltr'>autem</span> <span class='ocrx_word' id='word_1_193' title='bbox 1406 2135 1570 2197; x_wconf 90' lang='lat' dir='ltr'>nupta</span> <span class='ocrx_word' id='word_1_194' title='bbox 1601 2136 1701 2192; x_wconf 89' lang='lat' dir='ltr'>est,</span> <span class='ocrx_word' id='word_1_195' title='bbox 1733 2128 1932 2199; x_wconf 84' lang='lat' dir='ltr'>cogitat</span> <span class='ocrx_word' id='word_1_196' title='bbox 1961 2144 2082 2198; x_wconf 76' lang='lat' dir='ltr'>quae</span> 
     </span>
    </p>
   </div>
   <div class='ocr_carea' id='block_1_24' title="bbox 487 2215 2081 2287">
    <p class='ocr_par' dir='ltr' id='par_1_24' title="bbox 487 2215 2081 2287">
     <span class='ocr_line' id='line_1_24' title="bbox 487 2215 2081 2287; baseline 0.003 -22"><span class='ocrx_word' id='word_1_197' title='bbox 487 2234 509 2263; x_wconf 76' lang='grc' dir='ltr'>ι</span> <span class='ocrx_word' id='word_1_198' title='bbox 545 2221 669 2267; x_wconf 91' lang='lat' dir='ltr'>sunt</span> <span class='ocrx_word' id='word_1_199' title='bbox 698 2215 905 2279; x_wconf 89' lang='lat' dir='ltr'>mundi,</span> <span class='ocrx_word' id='word_1_200' title='bbox 940 2216 1213 2287; x_wconf 90' lang='lat' dir='ltr'>quomodo</span> <span class='ocrx_word' id='word_1_201' title='bbox 1259 2215 1476 2286; x_wconf 88' lang='lat' dir='ltr'>placeat</span> <span class='ocrx_word' id='word_1_202' title='bbox 1504 2216 1640 2283; x_wconf 89' lang='lat' dir='ltr'>viro,</span> <span class='ocrx_word' id='word_1_203' title='bbox 1675 2216 1845 2271; x_wconf 87' lang='lat' dir='ltr'>Porro</span> <span class='ocrx_word' id='word_1_204' title='bbox 1877 2217 1980 2271; x_wconf 89' lang='lat' dir='ltr'>hoc</span> <span class='ocrx_word' id='word_1_205' title='bbox 2012 2216 2081 2270; x_wconf 90' lang='lat' dir='ltr'>ad</span> 
     </span>
    </p>
   </div>
   <div class='ocr_carea' id='block_1_25' title="bbox 483 2302 2084 2376">
    <p class='ocr_par' dir='ltr' id='par_1_25' title="bbox 483 2302 2084 2376">
     <span class='ocr_line' id='line_1_25' title="bbox 483 2302 2084 2376; baseline 0.002 -21"><span class='ocrx_word' id='word_1_206' title='bbox 483 2324 505 2349; x_wconf 76' lang='grc' dir='ltr'>α</span> <span class='ocrx_word' id='word_1_207' title='bbox 540 2302 825 2357; x_wconf 90' lang='lat' dir='ltr'>utilitatem</span> <span class='ocrx_word' id='word_1_208' title='bbox 857 2312 1095 2358; x_wconf 84' lang='lat' dir='ltr'>vestram</span> <span class='ocrx_word' id='word_1_209' title='bbox 1126 2304 1269 2370; x_wconf 87' lang='lat' dir='ltr'>dico,</span> <span class='ocrx_word' id='word_1_210' title='bbox 1299 2320 1407 2359; x_wconf 91' lang='lat' dir='ltr'>non</span> <span class='ocrx_word' id='word_1_211' title='bbox 1436 2312 1496 2359; x_wconf 92' lang='lat' dir='ltr'>ut</span> <span class='ocrx_word' id='word_1_212' title='bbox 1534 2304 1786 2376; x_wconf 87' lang='lat' dir='ltr'>laqueum</span> <span class='ocrx_word' id='word_1_213' title='bbox 1816 2304 1971 2359; x_wconf 87' lang='lat' dir='ltr'>vobis</span> <span class='ocrx_word' id='word_1_214' title='bbox 2002 2304 2084 2358; x_wconf 92' lang='lat' dir='ltr'>in-</span> 
     </span>
    </p>
   </div>
   <div class='ocr_carea' id='block_1_26' title="bbox 487 2390 2081 2465">
    <p class='ocr_par' dir='ltr' id='par_1_26' title="bbox 487 2390 2081 2465">
     <span class='ocr_line' id='line_1_26' title="bbox 487 2390 2081 2465; baseline 0.002 -21"><span class='ocrx_word' id='word_1_215' title='bbox 487 2412 509 2437; x_wconf 77' lang='grc' dir='ltr'><strong><em>α</em></strong></span> <span class='ocrx_word' id='word_1_216' title='bbox 537 2390 743 2459; x_wconf 89' lang='lat' dir='ltr'>jiciam,</span> <span class='ocrx_word' id='word_1_217' title='bbox 775 2392 874 2447; x_wconf 90' lang='lat' dir='ltr'>sed</span> <span class='ocrx_word' id='word_1_218' title='bbox 902 2392 970 2447; x_wconf 87' lang='lat' dir='ltr'>ad</span> <span class='ocrx_word' id='word_1_219' title='bbox 999 2392 1053 2447; x_wconf 92' lang='lat' dir='ltr'>id</span> <span class='ocrx_word' id='word_1_220' title='bbox 1084 2393 1229 2465; x_wconf 89' lang='lat' dir='ltr'>quod</span> <span class='ocrx_word' id='word_1_221' title='bbox 1279 2394 1566 2448; x_wconf 90' lang='lat' dir='ltr'>honestum</span> <span class='ocrx_word' id='word_1_222' title='bbox 1598 2400 1702 2461; x_wconf 88' lang='lat' dir='ltr'>est,</span> <span class='ocrx_word' id='word_1_223' title='bbox 1736 2400 1787 2448; x_wconf 94' lang='lat' dir='ltr'>et</span> <span class='ocrx_word' id='word_1_224' title='bbox 1819 2393 1964 2464; x_wconf 91' lang='lat' dir='ltr'>quod</span> <span class='ocrx_word' id='word_1_225' title='bbox 1995 2392 2081 2447; x_wconf 87' lang='lat' dir='ltr'>fa-</span> 
     </span>
    </p>
   </div>
   <div class='ocr_carea' id='block_1_27' title="bbox 483 2478 2082 2553">
    <p class='ocr_par' dir='ltr' id='par_1_27' title="bbox 483 2478 2082 2553">
     <span class='ocr_line' id='line_1_27' title="bbox 483 2478 2082 2553; baseline 0.003 -24"><span class='ocrx_word' id='word_1_226' title='bbox 483 2499 505 2529; x_wconf 75' lang='lat' dir='ltr'>s</span> <span class='ocrx_word' id='word_1_227' title='bbox 541 2478 796 2535; x_wconf 89' lang='lat' dir='ltr'>cultatem</span> <span class='ocrx_word' id='word_1_228' title='bbox 830 2480 1071 2551; x_wconf 64' lang='lat' dir='ltr'>praebeat</span> <span class='ocrx_word' id='word_1_229' title='bbox 1100 2481 1217 2536; x_wconf 90' lang='lat' dir='ltr'>sine</span> <span class='ocrx_word' id='word_1_230' title='bbox 1247 2480 1633 2553; x_wconf 90' lang='lat' dir='ltr'>impedimento</span> <span class='ocrx_word' id='word_1_231' title='bbox 1664 2481 1954 2536; x_wconf 91' lang='lat' dir='ltr'>Dominum</span> <span class='ocrx_word' id='word_1_232' title='bbox 1985 2482 2082 2536; x_wconf 90' lang='lat' dir='ltr'>ob-</span> 
     </span>
    </p>
   </div>
   <div class='ocr_carea' id='block_1_28' title="bbox 484 2569 2083 2643">
    <p class='ocr_par' dir='ltr' id='par_1_28' title="bbox 484 2569 2083 2643">
     <span class='ocr_line' id='line_1_28' title="bbox 484 2569 2083 2643; baseline 0.001 -21"><span class='ocrx_word' id='word_1_233' title='bbox 484 2585 512 2615; x_wconf 76' lang='grc' dir='ltr'><strong><em>α</em></strong></span> <span class='ocrx_word' id='word_1_234' title='bbox 542 2569 793 2624; x_wconf 89' lang='lat' dir='ltr'>secrandi</span> <span class='ocrx_word' id='word_1_235' title='bbox 825 2569 1079 2640; x_wconf 85' lang='lat' dir='ltr'>[Domino</span> <span class='ocrx_word' id='word_1_236' title='bbox 1108 2569 1483 2643; x_wconf 87' lang='lat' dir='ltr'>observandi].</span> <span class='ocrx_word' id='word_1_237' title='bbox 1517 2570 1572 2623; x_wconf 91' lang='lat' dir='ltr'>Si</span> <span class='ocrx_word' id='word_1_238' title='bbox 1605 2569 1727 2641; x_wconf 89' lang='lat' dir='ltr'>quis</span> <span class='ocrx_word' id='word_1_239' title='bbox 1754 2578 1931 2625; x_wconf 89' lang='lat' dir='ltr'>autem</span> <span class='ocrx_word' id='word_1_240' title='bbox 1967 2577 2083 2624; x_wconf 90' lang='lat' dir='ltr'>tur-</span> 
     </span>
    </p>
   </div>
   <div class='ocr_carea' id='block_1_29' title="bbox 487 2657 2081 2731">
    <p class='ocr_par' dir='ltr' id='par_1_29' title="bbox 487 2657 2081 2731">
     <span class='ocr_line' id='line_1_29' title="bbox 487 2657 2081 2731; baseline 0.001 -20"><span class='ocrx_word' id='word_1_241' title='bbox 487 2676 509 2705; x_wconf 73' lang='grc' dir='ltr'>ι</span> <span class='ocrx_word' id='word_1_242' title='bbox 542 2672 666 2727; x_wconf 88' lang='lat' dir='ltr'>pem</span> <span class='ocrx_word' id='word_1_243' title='bbox 698 2673 757 2712; x_wconf 90' lang='lat' dir='ltr'>se</span> <span class='ocrx_word' id='word_1_244' title='bbox 788 2657 961 2713; x_wconf 91' lang='lat' dir='ltr'>videri</span> <span class='ocrx_word' id='word_1_245' title='bbox 993 2658 1265 2713; x_wconf 88' lang='lat' dir='ltr'>existimat</span> <span class='ocrx_word' id='word_1_246' title='bbox 1291 2675 1457 2729; x_wconf 89' lang='lat' dir='ltr'>super</span> <span class='ocrx_word' id='word_1_247' title='bbox 1486 2658 1700 2730; x_wconf 84' lang='lat' dir='ltr'>virgine</span> <span class='ocrx_word' id='word_1_248' title='bbox 1730 2675 1827 2713; x_wconf 91' lang='lat' dir='ltr'>sua</span> <span class='ocrx_word' id='word_1_249' title='bbox 1849 2658 1990 2731; x_wconf 92' lang='lat' dir='ltr'>quod</span> <span class='ocrx_word' id='word_1_250' title='bbox 2012 2658 2081 2713; x_wconf 91' lang='lat' dir='ltr'>sit</span> 
     </span>
    </p>
   </div>
   <div class='ocr_carea' id='block_1_30' title="bbox 485 2745 2076 2818">
    <p class='ocr_par' dir='ltr' id='par_1_30' title="bbox 485 2745 2076 2818">
     <span class='ocr_line' id='line_1_30' title="bbox 485 2745 2076 2818; baseline 0.004 -23"><span class='ocrx_word' id='word_1_251' title='bbox 485 2764 507 2794; x_wconf 79' lang='grc' dir='ltr'>ι</span> <span class='ocrx_word' id='word_1_252' title='bbox 543 2745 907 2816; x_wconf 89' lang='lat' dir='ltr'>superadulta,</span> <span class='ocrx_word' id='word_1_253' title='bbox 940 2754 993 2801; x_wconf 91' lang='lat' dir='ltr'>et</span> <span class='ocrx_word' id='word_1_254' title='bbox 1017 2747 1090 2801; x_wconf 89' lang='lat' dir='ltr'>ita</span> <span class='ocrx_word' id='word_1_255' title='bbox 1112 2755 1323 2818; x_wconf 92' lang='lat' dir='ltr'>oportet</span> <span class='ocrx_word' id='word_1_256' title='bbox 1352 2746 1508 2811; x_wconf 83' lang='lat' dir='ltr'>fieri;</span> <span class='ocrx_word' id='word_1_257' title='bbox 1543 2747 1687 2818; x_wconf 90' lang='lat' dir='ltr'>quod</span> <span class='ocrx_word' id='word_1_258' title='bbox 1717 2748 1847 2812; x_wconf 91' lang='lat' dir='ltr'>vult,</span> <span class='ocrx_word' id='word_1_259' title='bbox 1880 2747 2076 2802; x_wconf 80' lang='lat' dir='ltr'>faciat:</span> 
     </span>
    </p>
   </div>
   <div class='ocr_carea' id='block_1_31' title="bbox 484 2834 2080 2907">
    <p class='ocr_par' dir='ltr' id='par_1_31' title="bbox 484 2834 2080 2907">
     <span class='ocr_line' id='line_1_31' title="bbox 484 2834 2080 2907; baseline 0.003 -20"><span class='ocrx_word' id='word_1_260' title='bbox 484 2853 506 2882; x_wconf 78' lang='grc' dir='ltr'>ι</span> <span class='ocrx_word' id='word_1_261' title='bbox 541 2849 649 2888; x_wconf 90' lang='lat' dir='ltr'>non</span> <span class='ocrx_word' id='word_1_262' title='bbox 674 2842 883 2905; x_wconf 90' lang='lat' dir='ltr'>peccat,</span> <span class='ocrx_word' id='word_1_263' title='bbox 920 2834 965 2889; x_wconf 92' lang='lat' dir='ltr'>si</span> <span class='ocrx_word' id='word_1_264' title='bbox 994 2836 1181 2890; x_wconf 85' lang='lat' dir='ltr'>nubat.</span> <span class='ocrx_word' id='word_1_265' title='bbox 1213 2836 1353 2890; x_wconf 86' lang='lat' dir='ltr'>Nam</span> <span class='ocrx_word' id='word_1_266' title='bbox 1375 2834 1466 2907; x_wconf 87' lang='lat' dir='ltr'>qui</span> <span class='ocrx_word' id='word_1_267' title='bbox 1498 2835 1682 2889; x_wconf 88' lang='lat' dir='ltr'>statuit</span> <span class='ocrx_word' id='word_1_268' title='bbox 1714 2836 1766 2889; x_wconf 93' lang='lat' dir='ltr'>in</span> <span class='ocrx_word' id='word_1_269' title='bbox 1798 2835 1959 2891; x_wconf 90' lang='lat' dir='ltr'>corde</span> <span class='ocrx_word' id='word_1_270' title='bbox 1982 2852 2080 2891; x_wconf 89' lang='lat' dir='ltr'>suo</span> 
     </span>
    </p>
   </div>
   <div class='ocr_carea' id='block_1_32' title="bbox 484 2919 2079 2994">
    <p class='ocr_par' dir='ltr' id='par_1_32' title="bbox 484 2919 2079 2994">
     <span class='ocr_line' id='line_1_32' title="bbox 484 2919 2079 2994; baseline 0.002 -19"><span class='ocrx_word' id='word_1_271' title='bbox 484 2944 506 2968; x_wconf 75' lang='grc' dir='ltr'>ιι</span> <span class='ocrx_word' id='word_1_272' title='bbox 544 2919 753 2989; x_wconf 81' lang='lat' dir='ltr'>firmus,</span> <span class='ocrx_word' id='word_1_273' title='bbox 802 2938 910 2977; x_wconf 91' lang='lat' dir='ltr'>non</span> <span class='ocrx_word' id='word_1_274' title='bbox 937 2924 1144 2978; x_wconf 86' lang='lat' dir='ltr'>habens</span> <span class='ocrx_word' id='word_1_275' title='bbox 1188 2924 1589 2991; x_wconf 87' lang='lat' dir='ltr'>necessitatem,</span> <span class='ocrx_word' id='word_1_276' title='bbox 1625 2932 1946 2994; x_wconf 88' lang='lat' dir='ltr'>potestatem</span> <span class='ocrx_word' id='word_1_277' title='bbox 1978 2940 2079 2978; x_wconf 89' lang='lat' dir='ltr'>au-</span> 
     </span>
    </p>
   </div>
   <div class='ocr_carea' id='block_1_33' title="bbox 487 3010 2081 3081">
    <p class='ocr_par' dir='ltr' id='par_1_33' title="bbox 487 3010 2081 3081">
     <span class='ocr_line' id='line_1_33' title="bbox 487 3010 2081 3081; baseline 0.005 -22"><span class='ocrx_word' id='word_1_278' title='bbox 487 3031 509 3059; x_wconf 78' lang='grc' dir='ltr'>ι</span> <span class='ocrx_word' id='word_1_279' title='bbox 544 3017 654 3065; x_wconf 90' lang='lat' dir='ltr'>tem</span> <span class='ocrx_word' id='word_1_280' title='bbox 685 3010 893 3065; x_wconf 88' lang='lat' dir='ltr'>habens</span> <span class='ocrx_word' id='word_1_281' title='bbox 942 3028 1053 3067; x_wconf 64' lang='lat' dir='ltr'>suae</span> <span class='ocrx_word' id='word_1_282' title='bbox 1102 3011 1416 3077; x_wconf 86' lang='lat' dir='ltr'>voluntatis,</span> <span class='ocrx_word' id='word_1_283' title='bbox 1468 3021 1520 3065; x_wconf 92' lang='lat' dir='ltr'>et</span> <span class='ocrx_word' id='word_1_284' title='bbox 1569 3012 1672 3067; x_wconf 89' lang='lat' dir='ltr'>hoc</span> <span class='ocrx_word' id='word_1_285' title='bbox 1716 3012 1976 3081; x_wconf 84' lang='lat' dir='ltr'>judicavit</span> <span class='ocrx_word' id='word_1_286' title='bbox 2025 3013 2081 3067; x_wconf 92' lang='lat' dir='ltr'>in</span> 
     </span>
    </p>
   </div>
   <div class='ocr_carea' id='block_1_34' title="bbox 487 3098 2079 3174">
    <p class='ocr_par' dir='ltr' id='par_1_34' title="bbox 487 3098 2079 3174">
     <span class='ocr_line' id='line_1_34' title="bbox 487 3098 2079 3174; baseline 0.001 -21"><span class='ocrx_word' id='word_1_287' title='bbox 487 3120 509 3145; x_wconf 79' lang='grc' dir='ltr'>α</span> <span class='ocrx_word' id='word_1_288' title='bbox 545 3098 712 3153; x_wconf 89' lang='lat' dir='ltr'>corde</span> <span class='ocrx_word' id='word_1_289' title='bbox 738 3114 836 3153; x_wconf 90' lang='lat' dir='ltr'>suo</span> <span class='ocrx_word' id='word_1_290' title='bbox 868 3114 1087 3154; x_wconf 87' lang='lat' dir='ltr'>servare</span> <span class='ocrx_word' id='word_1_291' title='bbox 1116 3099 1384 3171; x_wconf 85' lang='lat' dir='ltr'>virginem</span> <span class='ocrx_word' id='word_1_292' title='bbox 1416 3116 1587 3166; x_wconf 88' lang='lat' dir='ltr'>suam,</span> <span class='ocrx_word' id='word_1_293' title='bbox 1624 3101 1763 3155; x_wconf 89' lang='lat' dir='ltr'>bene</span> <span class='ocrx_word' id='word_1_294' title='bbox 1793 3100 1937 3156; x_wconf 81' lang='lat' dir='ltr'>facit.</span> <span class='ocrx_word' id='word_1_295' title='bbox 1976 3101 2079 3174; x_wconf 89' lang='lat' dir='ltr'>Igi-</span> 
     </span>
    </p>
   </div>
   <div class='ocr_carea' id='block_1_35' title="bbox 490 3187 2080 3260">
    <p class='ocr_par' dir='ltr' id='par_1_35' title="bbox 490 3187 2080 3260">
     <span class='ocr_line' id='line_1_35' title="bbox 490 3187 2080 3260; baseline 0.003 -20"><span class='ocrx_word' id='word_1_296' title='bbox 490 3209 512 3233; x_wconf 81' lang='lat' dir='ltr'>u</span> <span class='ocrx_word' id='word_1_297' title='bbox 550 3194 638 3241; x_wconf 89' lang='lat' dir='ltr'>tur</span> <span class='ocrx_word' id='word_1_298' title='bbox 666 3194 718 3242; x_wconf 90' lang='lat' dir='ltr'>et</span> <span class='ocrx_word' id='word_1_299' title='bbox 748 3187 839 3258; x_wconf 88' lang='lat' dir='ltr'>qui</span> <span class='ocrx_word' id='word_1_300' title='bbox 870 3188 1216 3243; x_wconf 90' lang='lat' dir='ltr'>matrimonio</span> <span class='ocrx_word' id='word_1_301' title='bbox 1239 3188 1419 3260; x_wconf 82' lang='lat' dir='ltr'>jungit</span> <span class='ocrx_word' id='word_1_302' title='bbox 1450 3189 1717 3260; x_wconf 81' lang='lat' dir='ltr'>virginem</span> <span class='ocrx_word' id='word_1_303' title='bbox 1737 3206 1912 3256; x_wconf 90' lang='lat' dir='ltr'>suam,</span> <span class='ocrx_word' id='word_1_304' title='bbox 1941 3190 2080 3246; x_wconf 90' lang='lat' dir='ltr'>bene</span> 
     </span>
    </p>
   </div>
   <div class='ocr_carea' id='block_1_36' title="bbox 491 3274 2082 3349">
    <p class='ocr_par' dir='ltr' id='par_1_36' title="bbox 491 3274 2082 3349">
     <span class='ocr_line' id='line_1_36' title="bbox 491 3274 2082 3349; baseline 0.004 -24"><span class='ocrx_word' id='word_1_305' title='bbox 491 3295 514 3325; x_wconf 70' lang='grc' dir='ltr'>ι</span> <span class='ocrx_word' id='word_1_306' title='bbox 549 3274 677 3330; x_wconf 87' lang='lat' dir='ltr'>facit</span> <span class='ocrx_word' id='word_1_307' title='bbox 707 3292 720 3331; x_wconf 88' lang='lat'>:</span> <span class='ocrx_word' id='word_1_308' title='bbox 756 3283 808 3329; x_wconf 90' lang='lat' dir='ltr'>et</span> <span class='ocrx_word' id='word_1_309' title='bbox 839 3276 931 3348; x_wconf 91' lang='lat' dir='ltr'>qui</span> <span class='ocrx_word' id='word_1_310' title='bbox 962 3292 1070 3330; x_wconf 90' lang='lat' dir='ltr'>non</span> <span class='ocrx_word' id='word_1_311' title='bbox 1094 3276 1295 3349; x_wconf 84' lang='lat' dir='ltr'>jungit,</span> <span class='ocrx_word' id='word_1_312' title='bbox 1322 3276 1517 3330; x_wconf 90' lang='lat' dir='ltr'>melius</span> <span class='ocrx_word' id='word_1_313' title='bbox 1540 3277 1685 3332; x_wconf 87' lang='lat' dir='ltr'>facit.</span> <span class='ocrx_word' id='word_1_314' title='bbox 1724 3300 1745 3327; x_wconf 74' lang='grc' dir='ltr'>ι</span> <span class='ocrx_word' id='word_1_315' title='bbox 1783 3279 1974 3333; x_wconf 85' lang='lat' dir='ltr'>Mulier</span> <span class='ocrx_word' id='word_1_316' title='bbox 2002 3279 2082 3334; x_wconf 90' lang='lat' dir='ltr'>al-</span> 
     </span>
    </p>
   </div>
   <div class='ocr_carea' id='block_1_37' title="bbox 491 3362 2081 3438">
    <p class='ocr_par' dir='ltr' id='par_1_37' title="bbox 491 3362 2081 3438">
     <span class='ocr_line' id='line_1_37' title="bbox 491 3362 2081 3438; baseline 0.004 -21"><span class='ocrx_word' id='word_1_317' title='bbox 491 3385 512 3410; x_wconf 77' lang='grc' dir='ltr'>α</span> <span class='ocrx_word' id='word_1_318' title='bbox 549 3362 710 3436; x_wconf 88' lang='lat' dir='ltr'>ligata</span> <span class='ocrx_word' id='word_1_319' title='bbox 741 3372 819 3419; x_wconf 88' lang='lat' dir='ltr'>est</span> <span class='ocrx_word' id='word_1_320' title='bbox 849 3363 977 3437; x_wconf 87' lang='lat' dir='ltr'>legi,</span> <span class='ocrx_word' id='word_1_321' title='bbox 1002 3372 1205 3437; x_wconf 89' lang='lat' dir='ltr'>quanto</span> <span class='ocrx_word' id='word_1_322' title='bbox 1228 3373 1469 3437; x_wconf 89' lang='lat' dir='ltr'>tempore</span> <span class='ocrx_word' id='word_1_323' title='bbox 1492 3366 1574 3421; x_wconf 90' lang='lat' dir='ltr'>vir</span> <span class='ocrx_word' id='word_1_324' title='bbox 1594 3367 1710 3435; x_wconf 90' lang='lat' dir='ltr'>ejus</span> <span class='ocrx_word' id='word_1_325' title='bbox 1735 3367 1865 3421; x_wconf 90' lang='lat' dir='ltr'>vivit</span> <span class='ocrx_word' id='word_1_326' title='bbox 1897 3386 1912 3433; x_wconf 86' lang='lat'><strong>;</strong></span> <span class='ocrx_word' id='word_1_327' title='bbox 1935 3368 2081 3438; x_wconf 91' lang='lat' dir='ltr'>quod</span> 
     </span>
    </p>
   </div>
   <div class='ocr_carea' id='block_1_38' title="bbox 489 3452 2077 3525">
    <p class='ocr_par' dir='ltr' id='par_1_38' title="bbox 489 3452 2077 3525">
     <span class='ocr_line' id='line_1_38' title="bbox 489 3452 2077 3525; baseline 0.002 -19"><span class='ocrx_word' id='word_1_328' title='bbox 489 3475 511 3500; x_wconf 74' lang='grc' dir='ltr'>α</span> <span class='ocrx_word' id='word_1_329' title='bbox 546 3452 593 3507; x_wconf 92' lang='lat' dir='ltr'>si</span> <span class='ocrx_word' id='word_1_330' title='bbox 622 3452 906 3507; x_wconf 88' lang='lat' dir='ltr'>dormierit</span> <span class='ocrx_word' id='word_1_331' title='bbox 936 3452 1019 3509; x_wconf 90' lang='lat' dir='ltr'>vir</span> <span class='ocrx_word' id='word_1_332' title='bbox 1048 3454 1184 3523; x_wconf 90' lang='lat' dir='ltr'>ejus,</span> <span class='ocrx_word' id='word_1_333' title='bbox 1217 3454 1446 3509; x_wconf 89' lang='lat' dir='ltr'>liberata</span> <span class='ocrx_word' id='word_1_334' title='bbox 1475 3462 1557 3509; x_wconf 91' lang='lat' dir='ltr'>est</span> <span class='ocrx_word' id='word_1_335' title='bbox 1587 3458 1763 3525; x_wconf 81' lang='lat' dir='ltr'>(Rom.</span> <span class='ocrx_word' id='word_1_336' title='bbox 1797 3471 1895 3521; x_wconf 85' lang='lat' dir='ltr'>vn,</span> <span class='ocrx_word' id='word_1_337' title='bbox 1929 3460 1986 3525; x_wconf 77' lang='grc'>2)</span> <span class='ocrx_word' id='word_1_338' title='bbox 2016 3474 2028 3509; x_wconf 93' lang='lat'>:</span> <span class='ocrx_word' id='word_1_339' title='bbox 2055 3480 2077 3504; x_wconf 82' lang='lat'><strong>»</strong></span> 
     </span>
    </p>
   </div>
   <div class='ocr_carea' id='block_1_39' title="bbox 486 3540 2081 3608">
    <p class='ocr_par' dir='ltr' id='par_1_39' title="bbox 486 3540 2081 3608">
     <span class='ocr_line' id='line_1_39' title="bbox 486 3540 2081 3608; baseline 0.005 -17"><span class='ocrx_word' id='word_1_340' title='bbox 486 3562 507 3591; x_wconf 85' lang='grc'><strong>«</strong></span> <span class='ocrx_word' id='word_1_341' title='bbox 542 3541 629 3597; x_wconf 89' lang='lat' dir='ltr'>cui</span> <span class='ocrx_word' id='word_1_342' title='bbox 658 3540 769 3597; x_wconf 89' lang='lat' dir='ltr'>vult</span> <span class='ocrx_word' id='word_1_343' title='bbox 798 3542 984 3608; x_wconf 91' lang='lat' dir='ltr'>nubat,</span> <span class='ocrx_word' id='word_1_344' title='bbox 1022 3549 1228 3597; x_wconf 90' lang='lat' dir='ltr'>tantum</span> <span class='ocrx_word' id='word_1_345' title='bbox 1287 3543 1339 3597; x_wconf 91' lang='lat' dir='ltr'>in</span> <span class='ocrx_word' id='word_1_346' title='bbox 1371 3543 1621 3599; x_wconf 91' lang='lat' dir='ltr'>Domino.</span> <span class='ocrx_word' id='word_1_347' title='bbox 1656 3544 1871 3599; x_wconf 89' lang='lat' dir='ltr'>Beatior</span> <span class='ocrx_word' id='word_1_348' title='bbox 1899 3553 2081 3599; x_wconf 88' lang='lat' dir='ltr'>autem</span> 
     </span>
    </p>
   </div>
   <div class='ocr_carea' id='block_1_40' title="bbox 489 3629 2080 3702">
    <p class='ocr_par' dir='ltr' id='par_1_40' title="bbox 489 3629 2080 3702">
     <span class='ocr_line' id='line_1_40' title="bbox 489 3629 2080 3702; baseline 0.005 -23"><span class='ocrx_word' id='word_1_349' title='bbox 489 3650 511 3679; x_wconf 71' lang='grc' dir='ltr'><em>α</em></span> <span class='ocrx_word' id='word_1_350' title='bbox 545 3630 663 3696; x_wconf 91' lang='lat' dir='ltr'>erit,</span> <span class='ocrx_word' id='word_1_351' title='bbox 698 3629 743 3684; x_wconf 89' lang='lat' dir='ltr'>si</span> <span class='ocrx_word' id='word_1_352' title='bbox 793 3630 873 3686; x_wconf 88' lang='lat' dir='ltr'>sic</span> <span class='ocrx_word' id='word_1_353' title='bbox 925 3631 1283 3702; x_wconf 87' lang='lat' dir='ltr'>permanserit</span> <span class='ocrx_word' id='word_1_354' title='bbox 1332 3632 1631 3687; x_wconf 89' lang='lat' dir='ltr'>secundum</span> <span class='ocrx_word' id='word_1_355' title='bbox 1679 3649 1860 3687; x_wconf 89' lang='lat' dir='ltr'>meum</span> <span class='ocrx_word' id='word_1_356' title='bbox 1901 3633 2080 3688; x_wconf 90' lang='lat' dir='ltr'>consi-</span> 
     </span>
    </p>
   </div>
   <div class='ocr_carea' id='block_1_41' title="bbox 489 3717 2080 3793">
    <p class='ocr_par' dir='ltr' id='par_1_41' title="bbox 489 3717 2080 3793">
     <span class='ocr_line' id='line_1_41' title="bbox 489 3717 2080 3793; baseline 0.003 -22"><span class='ocrx_word' id='word_1_357' title='bbox 489 3735 515 3770; x_wconf 76' lang='lat'><strong>¢</strong></span> <span class='ocrx_word' id='word_1_358' title='bbox 544 3717 675 3772; x_wconf 93' lang='lat' dir='ltr'>lium</span> <span class='ocrx_word' id='word_1_359' title='bbox 710 3737 724 3774; x_wconf 89' lang='lat'><strong>:</strong></span> <span class='ocrx_word' id='word_1_360' title='bbox 757 3727 887 3790; x_wconf 92' lang='lat' dir='ltr'>puto</span> <span class='ocrx_word' id='word_1_361' title='bbox 916 3727 1115 3787; x_wconf 89' lang='lat' dir='ltr'>autem,</span> <span class='ocrx_word' id='word_1_362' title='bbox 1149 3720 1296 3793; x_wconf 90' lang='lat' dir='ltr'>quod</span> <span class='ocrx_word' id='word_1_363' title='bbox 1326 3728 1378 3775; x_wconf 92' lang='lat' dir='ltr'>et</span> <span class='ocrx_word' id='word_1_364' title='bbox 1405 3736 1510 3791; x_wconf 88' lang='lat' dir='ltr'>ego</span> <span class='ocrx_word' id='word_1_365' title='bbox 1558 3719 1817 3793; x_wconf 89' lang='lat' dir='ltr'>Spiritum</span> <span class='ocrx_word' id='word_1_366' title='bbox 1848 3721 1945 3776; x_wconf 87' lang='lat' dir='ltr'>Dei</span> <span class='ocrx_word' id='word_1_367' title='bbox 1978 3722 2080 3776; x_wconf 90' lang='lat' dir='ltr'>ha-</span> 
     </span>
    </p>
   </div>
   <div class='ocr_carea' id='block_1_42' title="bbox 497 3806 789 3862">
    <p class='ocr_par' dir='ltr' id='par_1_42' title="bbox 497 3806 789 3862">
     <span class='ocr_line' id='line_1_42' title="bbox 497 3806 789 3862; baseline 0 -4"><span class='ocrx_word' id='word_1_368' title='bbox 497 3825 518 3858; x_wconf 75' lang='lat' dir='ltr'><strong>l</strong></span> <span class='ocrx_word' id='word_1_369' title='bbox 548 3806 728 3862; x_wconf 86' lang='lat' dir='ltr'>beam.</span> <span class='ocrx_word' id='word_1_370' title='bbox 767 3828 789 3858; x_wconf 72' lang='grc' dir='ltr'><strong><em>ι</em></strong></span> 
     </span>
    </p>
   </div>
   <div class='ocr_carea' id='block_1_43' title="bbox 1127 3895 1442 3934">
    <p class='ocr_par' dir='ltr' id='par_1_43' title="bbox 1127 3895 1442 3934">
     <span class='ocr_line' id='line_1_43' title="bbox 1127 3895 1442 3934; baseline 0 0"><span class='ocrx_word' id='word_1_371' title='bbox 1127 3895 1442 3934; x_wconf 72' lang='lat' dir='ltr'>EXPOSITIO.</span> 
     </span>
    </p>
   </div>
   <div class='ocr_carea' id='block_1_44' title="bbox 555 3982 2076 4056">
    <p class='ocr_par' dir='ltr' id='par_1_44' title="bbox 555 3982 2076 4056">
     <span class='ocr_line' id='line_1_44' title="bbox 555 3982 2076 4056; baseline 0.003 -18"><span class='ocrx_word' id='word_1_372' title='bbox 555 3982 653 4039; x_wconf 84' lang='lat' dir='ltr'>Hic</span> <span class='ocrx_word' id='word_1_373' title='bbox 686 3984 754 4039; x_wconf 90' lang='lat' dir='ltr'>de</span> <span class='ocrx_word' id='word_1_374' title='bbox 778 3982 1109 4040; x_wconf 89' lang='lat' dir='ltr'>fornicatore</span> <span class='ocrx_word' id='word_1_375' title='bbox 1133 3985 1225 4041; x_wconf 92' lang='lat' dir='ltr'>illo</span> <span class='ocrx_word' id='word_1_376' title='bbox 1240 3985 1360 4040; x_wconf 75' lang='lat' dir='ltr'>finis</span> <span class='ocrx_word' id='word_1_377' title='bbox 1384 3994 1496 4052; x_wconf 89' lang='lat' dir='ltr'>est;</span> <span class='ocrx_word' id='word_1_378' title='bbox 1517 3986 1614 4042; x_wconf 91' lang='lat' dir='ltr'>sed</span> <span class='ocrx_word' id='word_1_379' title='bbox 1635 3988 1737 4041; x_wconf 89' lang='lat' dir='ltr'>hac</span> <span class='ocrx_word' id='word_1_380' title='bbox 1770 3987 2076 4056; x_wconf 80' lang='lat' dir='ltr'>occasione,</span> 
     </span>
    </p>
   </div>
   <div class='ocr_carea' id='block_1_45' title="bbox 488 4072 2080 4147">
    <p class='ocr_par' dir='ltr' id='par_1_45' title="bbox 488 4072 2080 4147">
     <span class='ocr_line' id='line_1_45' title="bbox 488 4072 2080 4147; baseline 0.004 -21"><span class='ocrx_word' id='word_1_381' title='bbox 488 4072 617 4145; x_wconf 90' lang='lat' dir='ltr'>quia</span> <span class='ocrx_word' id='word_1_382' title='bbox 645 4072 713 4128; x_wconf 93' lang='lat' dir='ltr'>de</span> <span class='ocrx_word' id='word_1_383' title='bbox 743 4072 1097 4129; x_wconf 90' lang='lat' dir='ltr'>fornicatione</span> <span class='ocrx_word' id='word_1_384' title='bbox 1126 4074 1274 4147; x_wconf 90' lang='lat' dir='ltr'>loqui</span> <span class='ocrx_word' id='word_1_385' title='bbox 1304 4083 1561 4145; x_wconf 67' lang='lat' dir='ltr'>eruperat,</span> <span class='ocrx_word' id='word_1_386' title='bbox 1587 4077 1975 4131; x_wconf 89' lang='lat' dir='ltr'>convenienter</span> <span class='ocrx_word' id='word_1_387' title='bbox 1994 4094 2080 4133; x_wconf 85' lang='lat' dir='ltr'>re-</span> 
     </span>
    </p>
   </div>
   <div class='ocr_carea' id='block_1_46' title="bbox 488 4160 2079 4239">
    <p class='ocr_par' dir='ltr' id='par_1_46' title="bbox 488 4160 2079 4239">
     <span class='ocr_line' id='line_1_46' title="bbox 488 4160 2079 4239; baseline 0.003 -23"><span class='ocrx_word' id='word_1_388' title='bbox 488 4160 722 4233; x_wconf 89' lang='lat' dir='ltr'>spondet</span> <span class='ocrx_word' id='word_1_389' title='bbox 753 4162 1065 4231; x_wconf 87' lang='lat' dir='ltr'>Corinthiis,</span> <span class='ocrx_word' id='word_1_390' title='bbox 1110 4164 1198 4235; x_wconf 91' lang='lat' dir='ltr'>qui</span> <span class='ocrx_word' id='word_1_391' title='bbox 1230 4181 1330 4234; x_wconf 89' lang='lat' dir='ltr'>per</span> <span class='ocrx_word' id='word_1_392' title='bbox 1362 4164 1569 4219; x_wconf 90' lang='lat' dir='ltr'>litteras</span> <span class='ocrx_word' id='word_1_393' title='bbox 1599 4181 1722 4219; x_wconf 90' lang='lat' dir='ltr'>eum</span> <span class='ocrx_word' id='word_1_394' title='bbox 1760 4165 2079 4239; x_wconf 86' lang='lat' dir='ltr'>interroga-</span> 
     </span>
    </p>
   </div>
   <div class='ocr_carea' id='block_1_47' title="bbox 484 4250 2081 4324">
    <p class='ocr_par' dir='ltr' id='par_1_47' title="bbox 484 4250 2081 4324">
     <span class='ocr_line' id='line_1_47' title="bbox 484 4250 2081 4324; baseline 0.003 -19"><span class='ocrx_word' id='word_1_395' title='bbox 484 4257 691 4316; x_wconf 88' lang='lat' dir='ltr'>verant,</span> <span class='ocrx_word' id='word_1_396' title='bbox 726 4250 931 4306; x_wconf 90' lang='lat' dir='ltr'>scilicet</span> <span class='ocrx_word' id='word_1_397' title='bbox 961 4260 1014 4306; x_wconf 91' lang='lat' dir='ltr'>et</span> <span class='ocrx_word' id='word_1_398' title='bbox 1043 4252 1300 4324; x_wconf 88' lang='lat' dir='ltr'>conjugia</span> <span class='ocrx_word' id='word_1_399' title='bbox 1328 4253 1632 4308; x_wconf 89' lang='lat' dir='ltr'>celebrare.</span> <span class='ocrx_word' id='word_1_400' title='bbox 1668 4256 1750 4308; x_wconf 89' lang='lat' dir='ltr'>An</span> <span class='ocrx_word' id='word_1_401' title='bbox 1780 4255 2081 4310; x_wconf 88' lang='lat' dir='ltr'>necessitas</span> 
     </span>
    </p>
   </div>
   <div class='ocr_carea' id='block_1_48' title="bbox 486 4337 2080 4413">
    <p class='ocr_par' dir='ltr' id='par_1_48' title="bbox 486 4337 2080 4413">
     <span class='ocr_line' id='line_1_48' title="bbox 486 4337 2080 4413; baseline 0.004 -21"><span class='ocrx_word' id='word_1_402' title='bbox 486 4337 803 4393; x_wconf 72' lang='lat' dir='ltr'>Christianae</span> <span class='ocrx_word' id='word_1_403' title='bbox 834 4340 1115 4413; x_wconf 89' lang='lat' dir='ltr'>religionis</span> <span class='ocrx_word' id='word_1_404' title='bbox 1138 4348 1299 4413; x_wconf 88' lang='lat' dir='ltr'>coget</span> <span class='ocrx_word' id='word_1_405' title='bbox 1331 4357 1446 4407; x_wconf 90' lang='lat' dir='ltr'>eos,</span> <span class='ocrx_word' id='word_1_406' title='bbox 1480 4341 1679 4398; x_wconf 89' lang='lat' dir='ltr'>debere</span> <span class='ocrx_word' id='word_1_407' title='bbox 1709 4343 1764 4397; x_wconf 91' lang='lat' dir='ltr'>in</span> <span class='ocrx_word' id='word_1_408' title='bbox 1793 4344 2080 4399; x_wconf 90' lang='lat' dir='ltr'>continen-</span> 
     </span>
    </p>
   </div>
   <div class='ocr_carea' id='block_1_49' title="bbox 482 4427 2081 4504">
    <p class='ocr_par' dir='ltr' id='par_1_49' title="bbox 482 4427 2081 4504">
     <span class='ocr_line' id='line_1_49' title="bbox 482 4427 2081 4504; baseline 0.003 -23"><span class='ocrx_word' id='word_1_409' title='bbox 482 4427 558 4482; x_wconf 89' lang='lat' dir='ltr'>tia</span> <span class='ocrx_word' id='word_1_410' title='bbox 590 4427 933 4499; x_wconf 82' lang='lat' dir='ltr'>perdurare?</span> <span class='ocrx_word' id='word_1_411' title='bbox 962 4429 1131 4483; x_wconf 88' lang='lat' dir='ltr'>Erant</span> <span class='ocrx_word' id='word_1_412' title='bbox 1160 4429 1305 4484; x_wconf 89' lang='lat' dir='ltr'>enim</span> <span class='ocrx_word' id='word_1_413' title='bbox 1352 4430 1501 4501; x_wconf 90' lang='lat' dir='ltr'>apud</span> <span class='ocrx_word' id='word_1_414' title='bbox 1541 4447 1638 4486; x_wconf 90' lang='lat' dir='ltr'>eos</span> <span class='ocrx_word' id='word_1_415' title='bbox 1669 4432 1886 4503; x_wconf 90' lang='lat' dir='ltr'>quidam</span> <span class='ocrx_word' id='word_1_416' title='bbox 1920 4449 2081 4504; x_wconf 89' lang='lat' dir='ltr'>supra</span> 
     </span>
    </p>
   </div>
   <div class='ocr_carea' id='block_1_50' title="bbox 2177 533 3781 606">
    <p class='ocr_par' dir='ltr' id='par_1_50' title="bbox 2177 533 3781 606">
     <span class='ocr_line' id='line_1_50' title="bbox 2177 533 3781 606; baseline 0.001 -19"><span class='ocrx_word' id='word_1_417' title='bbox 2177 550 2402 606; x_wconf 66' lang='lat' dir='ltr'>quaeque</span> <span class='ocrx_word' id='word_1_418' title='bbox 2423 536 2632 590; x_wconf 83' lang='lat' dir='ltr'>mulier</span> <span class='ocrx_word' id='word_1_419' title='bbox 2653 534 2850 589; x_wconf 79' lang='lat' dir='ltr'>habent</span> <span class='ocrx_word' id='word_1_420' title='bbox 2868 550 3035 590; x_wconf 88' lang='lat' dir='ltr'>suum</span> <span class='ocrx_word' id='word_1_421' title='bbox 3048 534 3252 599; x_wconf 88' lang='lat' dir='ltr'>virum,</span> <span class='ocrx_word' id='word_1_422' title='bbox 3272 535 3374 589; x_wconf 89' lang='lat' dir='ltr'>hoc</span> <span class='ocrx_word' id='word_1_423' title='bbox 3392 533 3781 590; x_wconf 90' lang='lat' dir='ltr'>concedo.Ubi</span> 
     </span>
    </p>
   </div>
   <div class='ocr_carea' id='block_1_51' title="bbox 2178 622 3777 694">
    <p class='ocr_par' dir='ltr' id='par_1_51' title="bbox 2178 622 3777 694">
     <span class='ocr_line' id='line_1_51' title="bbox 2178 622 3777 694; baseline 0.002 -20"><span class='ocrx_word' id='word_1_424' title='bbox 2178 622 2249 675; x_wconf 88' lang='lat' dir='ltr'>ait</span> <span class='ocrx_word' id='word_1_425' title='bbox 2278 639 2439 677; x_wconf 87' lang='lat' dir='ltr'>suam</span> <span class='ocrx_word' id='word_1_426' title='bbox 2462 638 2718 687; x_wconf 77' lang='lat' dir='ltr'>uxorem,</span> <span class='ocrx_word' id='word_1_427' title='bbox 2735 622 2971 677; x_wconf 81' lang='lat' dir='ltr'>excludit</span> <span class='ocrx_word' id='word_1_428' title='bbox 2990 638 3083 677; x_wconf 92' lang='lat' dir='ltr'>eos</span> <span class='ocrx_word' id='word_1_429' title='bbox 3102 622 3297 694; x_wconf 89' lang='lat' dir='ltr'>quibus</span> <span class='ocrx_word' id='word_1_430' title='bbox 3318 638 3427 678; x_wconf 93' lang='lat' dir='ltr'>non</span> <span class='ocrx_word' id='word_1_431' title='bbox 3459 623 3667 679; x_wconf 90' lang='lat' dir='ltr'>licitum</span> <span class='ocrx_word' id='word_1_432' title='bbox 3692 630 3777 678; x_wconf 87' lang='lat' dir='ltr'>est</span> 
     </span>
    </p>
   </div>
   <div class='ocr_carea' id='block_1_52' title="bbox 2177 709 3778 782">
    <p class='ocr_par' dir='ltr' id='par_1_52' title="bbox 2177 709 3778 782">
     <span class='ocr_line' id='line_1_52' title="bbox 2177 709 3778 782; baseline 0.001 -18"><span class='ocrx_word' id='word_1_433' title='bbox 2177 709 2418 782; x_wconf 90' lang='lat' dir='ltr'>legitime</span> <span class='ocrx_word' id='word_1_434' title='bbox 2448 710 2650 766; x_wconf 89' lang='lat' dir='ltr'>ducere</span> <span class='ocrx_word' id='word_1_435' title='bbox 2678 726 2920 776; x_wconf 88' lang='lat' dir='ltr'>uxorem,</span> <span class='ocrx_word' id='word_1_436' title='bbox 2945 719 3001 764; x_wconf 92' lang='lat' dir='ltr'>ut</span> <span class='ocrx_word' id='word_1_437' title='bbox 3022 727 3118 766; x_wconf 91' lang='lat' dir='ltr'>eos</span> <span class='ocrx_word' id='word_1_438' title='bbox 3141 711 3232 782; x_wconf 93' lang='lat' dir='ltr'>qui</span> <span class='ocrx_word' id='word_1_439' title='bbox 3262 710 3413 766; x_wconf 87' lang='lat' dir='ltr'>altari</span> <span class='ocrx_word' id='word_1_440' title='bbox 3442 711 3778 766; x_wconf 88' lang='lat' dir='ltr'>ministrant.</span> 
     </span>
    </p>
   </div>
   <div class='ocr_carea' id='block_1_53' title="bbox 2180 799 3780 872">
    <p class='ocr_par' dir='ltr' id='par_1_53' title="bbox 2180 799 3780 872">
     <span class='ocr_line' id='line_1_53' title="bbox 2180 799 3780 872; baseline -0.001 -18"><span class='ocrx_word' id='word_1_441' title='bbox 2180 799 2283 854; x_wconf 89' lang='lat' dir='ltr'>Ubi</span> <span class='ocrx_word' id='word_1_442' title='bbox 2314 800 2385 853; x_wconf 90' lang='lat' dir='ltr'>ait</span> <span class='ocrx_word' id='word_1_443' title='bbox 2414 801 2623 855; x_wconf 86' lang='lat' dir='ltr'>mulier</span> <span class='ocrx_word' id='word_1_444' title='bbox 2654 800 2854 855; x_wconf 73' lang='lat' dir='ltr'>habeat</span> <span class='ocrx_word' id='word_1_445' title='bbox 2874 800 3079 865; x_wconf 81' lang='lat' dir='ltr'>virum,</span> <span class='ocrx_word' id='word_1_446' title='bbox 3103 799 3341 855; x_wconf 86' lang='lat' dir='ltr'>excludit</span> <span class='ocrx_word' id='word_1_447' title='bbox 3362 816 3477 869; x_wconf 90' lang='lat' dir='ltr'>eas,</span> <span class='ocrx_word' id='word_1_448' title='bbox 3510 816 3635 872; x_wconf 68' lang='lat' dir='ltr'>quae</span> <span class='ocrx_word' id='word_1_449' title='bbox 3667 816 3780 855; x_wconf 89' lang='lat' dir='ltr'>non</span> 
     </span>
    </p>
   </div>
   <div class='ocr_carea' id='block_1_54' title="bbox 2178 886 3780 959">
    <p class='ocr_par' dir='ltr' id='par_1_54' title="bbox 2178 886 3780 959">
     <span class='ocr_line' id='line_1_54' title="bbox 2178 886 3780 959; baseline 0.002 -19"><span class='ocrx_word' id='word_1_450' title='bbox 2178 886 2419 957; x_wconf 88' lang='lat' dir='ltr'>legitime</span> <span class='ocrx_word' id='word_1_451' title='bbox 2450 888 2795 959; x_wconf 90' lang='lat' dir='ltr'>c0pulantur,</span> <span class='ocrx_word' id='word_1_452' title='bbox 2828 904 2929 942; x_wconf 91' lang='lat' dir='ltr'>nec</span> <span class='ocrx_word' id='word_1_453' title='bbox 2957 888 3160 943; x_wconf 88' lang='lat' dir='ltr'>habent</span> <span class='ocrx_word' id='word_1_454' title='bbox 3187 887 3355 953; x_wconf 90' lang='lat' dir='ltr'>viros,</span> <span class='ocrx_word' id='word_1_455' title='bbox 3375 889 3527 958; x_wconf 83' lang='lat' dir='ltr'>juxta</span> <span class='ocrx_word' id='word_1_456' title='bbox 3557 888 3693 943; x_wconf 92' lang='lat' dir='ltr'>illud</span> <span class='ocrx_word' id='word_1_457' title='bbox 3723 889 3780 943; x_wconf 89' lang='lat' dir='ltr'>in</span> 
     </span>
    </p>
   </div>
   <div class='ocr_carea' id='block_1_55' title="bbox 2178 975 3782 1047">
    <p class='ocr_par' dir='ltr' id='par_1_55' title="bbox 2178 975 3782 1047">
     <span class='ocr_line' id='line_1_55' title="bbox 2178 975 3782 1047; baseline 0.001 -18"><span class='ocrx_word' id='word_1_458' title='bbox 2178 975 2479 1047; x_wconf 87' lang='lat' dir='ltr'>Evangelio</span> <span class='ocrx_word' id='word_1_459' title='bbox 2514 994 2527 1031; x_wconf 91' lang='lat'>:</span> <span class='ocrx_word' id='word_1_460' title='bbox 2562 977 2660 1032; x_wconf 87' lang='lat' dir='ltr'>Hic</span> <span class='ocrx_word' id='word_1_461' title='bbox 2693 992 2851 1047; x_wconf 89' lang='lat' dir='ltr'>quem</span> <span class='ocrx_word' id='word_1_462' title='bbox 2890 1000 2911 1023; x_wconf 75' lang='grc' dir='ltr'>α</span> <span class='ocrx_word' id='word_1_463' title='bbox 2948 992 3091 1032; x_wconf 88' lang='lat' dir='ltr'>nunc</span> <span class='ocrx_word' id='word_1_464' title='bbox 3138 976 3328 1046; x_wconf 87' lang='lat' dir='ltr'>habes,</span> <span class='ocrx_word' id='word_1_465' title='bbox 3379 993 3490 1032; x_wconf 91' lang='lat' dir='ltr'>non</span> <span class='ocrx_word' id='word_1_466' title='bbox 3537 984 3621 1032; x_wconf 89' lang='lat' dir='ltr'>est</span> <span class='ocrx_word' id='word_1_467' title='bbox 3654 985 3782 1031; x_wconf 88' lang='lat' dir='ltr'>tuus</span> 
     </span>
    </p>
   </div>
   <div class='ocr_carea' id='block_1_56' title="bbox 2178 1064 3781 1136">
    <p class='ocr_par' dir='ltr' id='par_1_56' title="bbox 2178 1064 3781 1136">
     <span class='ocr_line' id='line_1_56' title="bbox 2178 1064 3781 1136; baseline 0.001 -17"><span class='ocrx_word' id='word_1_468' title='bbox 2178 1064 2263 1119; x_wconf 92' lang='lat' dir='ltr'>vir</span> <span class='ocrx_word' id='word_1_469' title='bbox 2291 1066 2474 1131; x_wconf 87' lang='lat' dir='ltr'>(Joan.</span> <span class='ocrx_word' id='word_1_470' title='bbox 2508 1081 2584 1130; x_wconf 81' lang='lat' dir='ltr'>1v,</span> <span class='ocrx_word' id='word_1_471' title='bbox 2620 1066 2730 1133; x_wconf 84' lang='grc'>18).</span> <span class='ocrx_word' id='word_1_472' title='bbox 2772 1089 2793 1111; x_wconf 74' lang='grc' dir='ltr'><strong><em>ιι</em></strong></span> <span class='ocrx_word' id='word_1_473' title='bbox 2830 1064 2978 1119; x_wconf 87' lang='lat' dir='ltr'>Licet</span> <span class='ocrx_word' id='word_1_474' title='bbox 3001 1081 3166 1119; x_wconf 88' lang='lat' dir='ltr'>unum</span> <span class='ocrx_word' id='word_1_475' title='bbox 3196 1064 3401 1119; x_wconf 89' lang='lat' dir='ltr'>bonum</span> <span class='ocrx_word' id='word_1_476' title='bbox 3431 1064 3674 1136; x_wconf 85' lang='lat' dir='ltr'>conjugii</span> <span class='ocrx_word' id='word_1_477' title='bbox 3691 1065 3781 1121; x_wconf 88' lang='lat' dir='ltr'>hic</span> 
     </span>
    </p>
   </div>
   <div class='ocr_carea' id='block_1_57' title="bbox 2180 1152 3782 1223">
    <p class='ocr_par' dir='ltr' id='par_1_57' title="bbox 2180 1152 3782 1223">
     <span class='ocr_line' id='line_1_57' title="bbox 2180 1152 3782 1223; baseline 0.001 -18"><span class='ocrx_word' id='word_1_478' title='bbox 2180 1152 2519 1207; x_wconf 88' lang='lat' dir='ltr'>solummodo</span> <span class='ocrx_word' id='word_1_479' title='bbox 2550 1161 2798 1223; x_wconf 90' lang='lat' dir='ltr'>reponat,</span> <span class='ocrx_word' id='word_1_480' title='bbox 2850 1153 3057 1208; x_wconf 89' lang='lat' dir='ltr'>scilicet</span> <span class='ocrx_word' id='word_1_481' title='bbox 3091 1153 3402 1208; x_wconf 91' lang='lat' dir='ltr'>vitationem</span> <span class='ocrx_word' id='word_1_482' title='bbox 3454 1153 3782 1209; x_wconf 84' lang='lat' dir='ltr'>fornicatio-</span> 
     </span>
    </p>
   </div>
   <div class='ocr_carea' id='block_1_58' title="bbox 2179 1239 3783 1306">
    <p class='ocr_par' dir='ltr' id='par_1_58' title="bbox 2179 1239 3783 1306">
     <span class='ocr_line' id='line_1_58' title="bbox 2179 1239 3783 1306; baseline 0.001 -12"><span class='ocrx_word' id='word_1_483' title='bbox 2179 1241 2283 1306; x_wconf 89' lang='lat' dir='ltr'>nis,</span> <span class='ocrx_word' id='word_1_484' title='bbox 2317 1241 2414 1294; x_wconf 89' lang='lat' dir='ltr'>ista</span> <span class='ocrx_word' id='word_1_485' title='bbox 2445 1249 2627 1296; x_wconf 88' lang='lat' dir='ltr'>tamen</span> <span class='ocrx_word' id='word_1_486' title='bbox 2656 1248 2798 1305; x_wconf 87' lang='lat' dir='ltr'>sunt,</span> <span class='ocrx_word' id='word_1_487' title='bbox 2851 1240 3060 1296; x_wconf 89' lang='lat' dir='ltr'>scilicet</span> <span class='ocrx_word' id='word_1_488' title='bbox 3093 1241 3317 1296; x_wconf 88' lang='lat' dir='ltr'>intentio</span> <span class='ocrx_word' id='word_1_489' title='bbox 3367 1241 3591 1306; x_wconf 91' lang='lat' dir='ltr'>sobolis,</span> <span class='ocrx_word' id='word_1_490' title='bbox 3642 1239 3783 1295; x_wconf 82' lang='lat' dir='ltr'>fides</span> 
     </span>
    </p>
   </div>
   <div class='ocr_carea' id='block_1_59' title="bbox 2178 1329 3783 1401">
    <p class='ocr_par' dir='ltr' id='par_1_59' title="bbox 2178 1329 3783 1401">
     <span class='ocr_line' id='line_1_59' title="bbox 2178 1329 3783 1401; baseline 0.001 -19"><span class='ocrx_word' id='word_1_491' title='bbox 2178 1330 2300 1394; x_wconf 89' lang='lat' dir='ltr'>tori,</span> <span class='ocrx_word' id='word_1_492' title='bbox 2337 1329 2390 1383; x_wconf 91' lang='lat' dir='ltr'>id</span> <span class='ocrx_word' id='word_1_493' title='bbox 2439 1338 2522 1384; x_wconf 90' lang='lat' dir='ltr'>est</span> <span class='ocrx_word' id='word_1_494' title='bbox 2568 1346 2636 1384; x_wconf 88' lang='lat' dir='ltr'>ne</span> <span class='ocrx_word' id='word_1_495' title='bbox 2683 1329 3035 1395; x_wconf 89' lang='lat' dir='ltr'>fornicentur,</span> <span class='ocrx_word' id='word_1_496' title='bbox 3071 1338 3123 1384; x_wconf 91' lang='lat' dir='ltr'>et</span> <span class='ocrx_word' id='word_1_497' title='bbox 3154 1330 3333 1401; x_wconf 84' lang='lat' dir='ltr'>figura</span> <span class='ocrx_word' id='word_1_498' title='bbox 3373 1330 3490 1384; x_wconf 90' lang='lat' dir='ltr'>veri</span> <span class='ocrx_word' id='word_1_499' title='bbox 3536 1330 3783 1401; x_wconf 89' lang='lat' dir='ltr'>conjugii</span> 
     </span>
    </p>
   </div>
   <div class='ocr_carea' id='block_1_60' title="bbox 2181 1416 3779 1488">
    <p class='ocr_par' dir='ltr' id='par_1_60' title="bbox 2181 1416 3779 1488">
     <span class='ocr_line' id='line_1_60' title="bbox 2181 1416 3779 1488; baseline 0 -16"><span class='ocrx_word' id='word_1_500' title='bbox 2181 1417 2379 1472; x_wconf 88' lang='lat' dir='ltr'>Christi</span> <span class='ocrx_word' id='word_1_501' title='bbox 2410 1426 2464 1472; x_wconf 91' lang='lat' dir='ltr'>et</span> <span class='ocrx_word' id='word_1_502' title='bbox 2492 1418 2775 1472; x_wconf 74' lang='lat' dir='ltr'>Ecclesiae.</span> <span class='ocrx_word' id='word_1_503' title='bbox 2810 1416 3040 1486; x_wconf 88' lang='lat' dir='ltr'>Quando</span> <span class='ocrx_word' id='word_1_504' title='bbox 3072 1418 3215 1473; x_wconf 91' lang='lat' dir='ltr'>enim</span> <span class='ocrx_word' id='word_1_505' title='bbox 3247 1418 3393 1471; x_wconf 88' lang='lat' dir='ltr'>Deus</span> <span class='ocrx_word' id='word_1_506' title='bbox 3423 1418 3654 1488; x_wconf 90' lang='lat' dir='ltr'>primam</span> <span class='ocrx_word' id='word_1_507' title='bbox 3690 1416 3779 1472; x_wconf 84' lang='lat' dir='ltr'>fe-</span> 
     </span>
    </p>
   </div>
   <div class='ocr_carea' id='block_1_61' title="bbox 2183 1505 3782 1579">
    <p class='ocr_par' dir='ltr' id='par_1_61' title="bbox 2183 1505 3782 1579">
     <span class='ocr_line' id='line_1_61' title="bbox 2183 1505 3782 1579; baseline 0.001 -19"><span class='ocrx_word' id='word_1_508' title='bbox 2183 1506 2384 1561; x_wconf 91' lang='lat' dir='ltr'>minam</span> <span class='ocrx_word' id='word_1_509' title='bbox 2402 1506 2574 1574; x_wconf 90' lang='lat' dir='ltr'>junxit</span> <span class='ocrx_word' id='word_1_510' title='bbox 2604 1506 2740 1569; x_wconf 84' lang='lat' dir='ltr'>viro,</span> <span class='ocrx_word' id='word_1_511' title='bbox 2772 1506 2839 1561; x_wconf 89' lang='lat' dir='ltr'>de</span> <span class='ocrx_word' id='word_1_512' title='bbox 2870 1514 3021 1561; x_wconf 91' lang='lat' dir='ltr'>costa</span> <span class='ocrx_word' id='word_1_513' title='bbox 3053 1506 3150 1561; x_wconf 86' lang='lat' dir='ltr'>viri</span> <span class='ocrx_word' id='word_1_514' title='bbox 3182 1506 3490 1571; x_wconf 85' lang='lat' dir='ltr'>formatam,</span> <span class='ocrx_word' id='word_1_515' title='bbox 3516 1505 3782 1579; x_wconf 81' lang='lat' dir='ltr'>figuravit</span> 
     </span>
    </p>
   </div>
   <div class='ocr_carea' id='block_1_62' title="bbox 2186 1594 3784 1665">
    <p class='ocr_par' dir='ltr' id='par_1_62' title="bbox 2186 1594 3784 1665">
     <span class='ocr_line' id='line_1_62' title="bbox 2186 1594 3784 1665; baseline 0.001 -16"><span class='ocrx_word' id='word_1_516' title='bbox 2186 1595 2485 1649; x_wconf 84' lang='lat' dir='ltr'>Ecclesiam</span> <span class='ocrx_word' id='word_1_517' title='bbox 2511 1595 2846 1665; x_wconf 84' lang='lat' dir='ltr'>jungendam</span> <span class='ocrx_word' id='word_1_518' title='bbox 2876 1594 3090 1649; x_wconf 87' lang='lat' dir='ltr'>Christo</span> <span class='ocrx_word' id='word_1_519' title='bbox 3118 1594 3186 1649; x_wconf 91' lang='lat' dir='ltr'>de</span> <span class='ocrx_word' id='word_1_520' title='bbox 3209 1594 3379 1649; x_wconf 88' lang='lat' dir='ltr'>latere</span> <span class='ocrx_word' id='word_1_521' title='bbox 3402 1595 3517 1664; x_wconf 90' lang='lat' dir='ltr'>ejus</span> <span class='ocrx_word' id='word_1_522' title='bbox 3539 1595 3593 1648; x_wconf 93' lang='lat' dir='ltr'>in</span> <span class='ocrx_word' id='word_1_523' title='bbox 3614 1610 3784 1650; x_wconf 89' lang='lat' dir='ltr'>cruce</span> 
     </span>
    </p>
   </div>
   <div class='ocr_carea' id='block_1_63' title="bbox 2181 1682 3771 1755">
    <p class='ocr_par' dir='ltr' id='par_1_63' title="bbox 2181 1682 3771 1755">
     <span class='ocr_line' id='line_1_63' title="bbox 2181 1682 3771 1755; baseline 0 -18"><span class='ocrx_word' id='word_1_524' title='bbox 2181 1682 2483 1738; x_wconf 90' lang='lat' dir='ltr'>formatam.</span> <span class='ocrx_word' id='word_1_525' title='bbox 2513 1684 2628 1738; x_wconf 87' lang='lat' dir='ltr'>Nec</span> <span class='ocrx_word' id='word_1_526' title='bbox 2660 1684 2729 1736; x_wconf 90' lang='lat' dir='ltr'>ita</span> <span class='ocrx_word' id='word_1_527' title='bbox 2759 1684 2843 1736; x_wconf 90' lang='lat' dir='ltr'>vir</span> <span class='ocrx_word' id='word_1_528' title='bbox 2863 1690 2914 1737; x_wconf 91' lang='lat' dir='ltr'>et</span> <span class='ocrx_word' id='word_1_529' title='bbox 2945 1699 3078 1738; x_wconf 89' lang='lat' dir='ltr'>uxor</span> <span class='ocrx_word' id='word_1_530' title='bbox 3107 1683 3426 1738; x_wconf 88' lang='lat' dir='ltr'>conveniant</span> <span class='ocrx_word' id='word_1_531' title='bbox 3458 1683 3622 1751; x_wconf 88' lang='lat' dir='ltr'>(sicut</span> <span class='ocrx_word' id='word_1_532' title='bbox 3651 1684 3771 1755; x_wconf 91' lang='lat' dir='ltr'>qui-</span> 
     </span>
    </p>
   </div>
   <div class='ocr_carea' id='block_1_64' title="bbox 2109 1771 3785 1859">
    <p class='ocr_par' dir='ltr' id='par_1_64' title="bbox 2109 1771 3785 1859">
     <span class='ocr_line' id='line_1_64' title="bbox 2109 1771 3785 1859; baseline 0.001 -34"><span class='ocrx_word' id='word_1_533' title='bbox 2109 1771 2306 1859; x_wconf 80' lang='lat' dir='ltr'>Bdam</span> <span class='ocrx_word' id='word_1_534' title='bbox 2350 1772 2559 1842; x_wconf 87' lang='lat' dir='ltr'>pseudo</span> <span class='ocrx_word' id='word_1_535' title='bbox 2615 1772 2935 1843; x_wconf 74' lang='lat' dir='ltr'>praedicant)</span> <span class='ocrx_word' id='word_1_536' title='bbox 2994 1772 3111 1825; x_wconf 90' lang='lat' dir='ltr'>sine</span> <span class='ocrx_word' id='word_1_537' title='bbox 3174 1772 3571 1835; x_wconf 78' lang='lat' dir='ltr'>commistione,</span> <span class='ocrx_word' id='word_1_538' title='bbox 3633 1772 3785 1826; x_wconf 87' lang='lat' dir='ltr'>velut</span> 
     </span>
    </p>
   </div>
   <div class='ocr_carea' id='block_1_65' title="bbox 2184 1860 3787 1924">
    <p class='ocr_par' dir='ltr' id='par_1_65' title="bbox 2184 1860 3787 1924">
     <span class='ocr_line' id='line_1_65' title="bbox 2184 1860 3787 1924; baseline 0.001 -10"><span class='ocrx_word' id='word_1_539' title='bbox 2184 1862 2347 1915; x_wconf 87' lang='lat' dir='ltr'>frater</span> <span class='ocrx_word' id='word_1_540' title='bbox 2400 1868 2453 1915; x_wconf 93' lang='lat' dir='ltr'>et</span> <span class='ocrx_word' id='word_1_541' title='bbox 2512 1876 2671 1915; x_wconf 90' lang='lat' dir='ltr'>soror</span> <span class='ocrx_word' id='word_1_542' title='bbox 2730 1860 3038 1915; x_wconf 88' lang='lat' dir='ltr'>cohabitent</span> <span class='ocrx_word' id='word_1_543' title='bbox 3072 1880 3085 1924; x_wconf 87' lang='lat'><strong>;</strong></span> <span class='ocrx_word' id='word_1_544' title='bbox 3120 1860 3217 1914; x_wconf 90' lang='lat' dir='ltr'>sed</span> <span class='ocrx_word' id='word_1_545' title='bbox 3248 1862 3333 1915; x_wconf 85' lang='lat' dir='ltr'>vir</span> <span class='ocrx_word' id='word_1_546' title='bbox 3376 1861 3573 1915; x_wconf 79' lang='lat' dir='ltr'>reddat</span> <span class='ocrx_word' id='word_1_547' title='bbox 3630 1860 3787 1915; x_wconf 76' lang='lat' dir='ltr'>debi-</span> 
     </span>
    </p>
   </div>
   <div class='ocr_carea' id='block_1_66' title="bbox 2184 1948 3787 2005">
    <p class='ocr_par' dir='ltr' id='par_1_66' title="bbox 2184 1948 3787 2005">
     <span class='ocr_line' id='line_1_66' title="bbox 2184 1948 3787 2005; baseline -0.001 -2"><span class='ocrx_word' id='word_1_548' title='bbox 2184 1953 2306 2003; x_wconf 82' lang='lat' dir='ltr'>tum</span> <span class='ocrx_word' id='word_1_549' title='bbox 2366 1950 2536 2003; x_wconf 68' lang='lat' dir='ltr'>uxori</span> <span class='ocrx_word' id='word_1_550' title='bbox 2562 1966 2575 2002; x_wconf 90' lang='lat'><strong>:</strong></span> <span class='ocrx_word' id='word_1_551' title='bbox 2607 1949 2877 2003; x_wconf 77' lang='lat' dir='ltr'>similiter</span> <span class='ocrx_word' id='word_1_552' title='bbox 2934 1953 3127 2003; x_wconf 87' lang='lat' dir='ltr'>autem</span> <span class='ocrx_word' id='word_1_553' title='bbox 3156 1952 3211 2003; x_wconf 86' lang='lat' dir='ltr'>ct</span> <span class='ocrx_word' id='word_1_554' title='bbox 3242 1965 3388 2005; x_wconf 67' lang='lat' dir='ltr'>uxor</span> <span class='ocrx_word' id='word_1_555' title='bbox 3409 1948 3603 2003; x_wconf 88' lang='lat' dir='ltr'>reddat</span> <span class='ocrx_word' id='word_1_556' title='bbox 3634 1948 3787 2002; x_wconf 89' lang='lat' dir='ltr'>debi-</span> 
     </span>
    </p>
   </div>
   <div class='ocr_carea' id='block_1_67' title="bbox 2182 2036 3782 2107">
    <p class='ocr_par' dir='ltr' id='par_1_67' title="bbox 2182 2036 3782 2107">
     <span class='ocr_line' id='line_1_67' title="bbox 2182 2036 3782 2107; baseline 0.002 -18"><span class='ocrx_word' id='word_1_557' title='bbox 2182 2045 2294 2090; x_wconf 91' lang='lat' dir='ltr'>tum</span> <span class='ocrx_word' id='word_1_558' title='bbox 2325 2038 2461 2092; x_wconf 84' lang='lat' dir='ltr'>viro.</span> <span class='ocrx_word' id='word_1_559' title='bbox 2496 2036 2685 2092; x_wconf 89' lang='lat' dir='ltr'>Sciens</span> <span class='ocrx_word' id='word_1_560' title='bbox 2706 2038 2807 2091; x_wconf 91' lang='lat' dir='ltr'>hoc</span> <span class='ocrx_word' id='word_1_561' title='bbox 2830 2036 2954 2107; x_wconf 89' lang='lat' dir='ltr'>quia</span> <span class='ocrx_word' id='word_1_562' title='bbox 2978 2037 3184 2091; x_wconf 85' lang='lat' dir='ltr'>mulier</span> <span class='ocrx_word' id='word_1_563' title='bbox 3208 2054 3320 2091; x_wconf 87' lang='lat' dir='ltr'>non</span> <span class='ocrx_word' id='word_1_564' title='bbox 3347 2036 3508 2092; x_wconf 82' lang='lat' dir='ltr'>habet</span> <span class='ocrx_word' id='word_1_565' title='bbox 3520 2041 3782 2107; x_wconf 80' lang='lat' dir='ltr'>potesta-</span> 
     </span>
    </p>
   </div>
   <div class='ocr_carea' id='block_1_68' title="bbox 2183 2124 3785 2197">
    <p class='ocr_par' dir='ltr' id='par_1_68' title="bbox 2183 2124 3785 2197">
     <span class='ocr_line' id='line_1_68' title="bbox 2183 2124 3785 2197; baseline -0.001 -17"><span class='ocrx_word' id='word_1_566' title='bbox 2183 2129 2297 2180; x_wconf 89' lang='lat' dir='ltr'>tem</span> <span class='ocrx_word' id='word_1_567' title='bbox 2327 2127 2416 2179; x_wconf 89' lang='lat' dir='ltr'>sui</span> <span class='ocrx_word' id='word_1_568' title='bbox 2447 2126 2715 2197; x_wconf 82' lang='lat' dir='ltr'>corporis,</span> <span class='ocrx_word' id='word_1_569' title='bbox 2743 2133 2797 2178; x_wconf 92' lang='lat' dir='ltr'>ut</span> <span class='ocrx_word' id='word_1_570' title='bbox 2822 2124 2867 2178; x_wconf 91' lang='lat' dir='ltr'>si</span> <span class='ocrx_word' id='word_1_571' title='bbox 2910 2124 3035 2179; x_wconf 87' lang='lat' dir='ltr'>velit</span> <span class='ocrx_word' id='word_1_572' title='bbox 3058 2124 3348 2192; x_wconf 89' lang='lat' dir='ltr'>contineat,</span> <span class='ocrx_word' id='word_1_573' title='bbox 3368 2124 3465 2179; x_wconf 87' lang='lat' dir='ltr'>sed</span> <span class='ocrx_word' id='word_1_574' title='bbox 3486 2125 3591 2179; x_wconf 87' lang='lat' dir='ltr'>vir.</span> <span class='ocrx_word' id='word_1_575' title='bbox 3618 2126 3785 2181; x_wconf 88' lang='lat' dir='ltr'>Simi-</span> 
     </span>
    </p>
   </div>
   <div class='ocr_carea' id='block_1_69' title="bbox 2186 2212 3783 2286">
    <p class='ocr_par' dir='ltr' id='par_1_69' title="bbox 2186 2212 3783 2286">
     <span class='ocr_line' id='line_1_69' title="bbox 2186 2212 3783 2286; baseline 0.001 -17"><span class='ocrx_word' id='word_1_576' title='bbox 2186 2215 2319 2269; x_wconf 82' lang='lat' dir='ltr'>liter</span> <span class='ocrx_word' id='word_1_577' title='bbox 2350 2218 2405 2269; x_wconf 92' lang='lat' dir='ltr'>et</span> <span class='ocrx_word' id='word_1_578' title='bbox 2438 2215 2525 2268; x_wconf 57' lang='lat' dir='ltr'>vi:</span> <span class='ocrx_word' id='word_1_579' title='bbox 2553 2231 2668 2268; x_wconf 91' lang='lat' dir='ltr'>non</span> <span class='ocrx_word' id='word_1_580' title='bbox 2706 2212 2869 2268; x_wconf 81' lang='lat' dir='ltr'>habet</span> <span class='ocrx_word' id='word_1_581' title='bbox 2889 2218 3227 2286; x_wconf 82' lang='lat' dir='ltr'>potestatem</span> <span class='ocrx_word' id='word_1_582' title='bbox 3258 2215 3352 2269; x_wconf 87' lang='lat' dir='ltr'>sui</span> <span class='ocrx_word' id='word_1_583' title='bbox 3380 2215 3650 2286; x_wconf 89' lang='lat' dir='ltr'>corporis,</span> <span class='ocrx_word' id='word_1_584' title='bbox 3682 2214 3783 2270; x_wconf 84' lang='lat' dir='ltr'>sed</span> 
     </span>
    </p>
   </div>
   <div class='ocr_carea' id='block_1_70' title="bbox 2182 2302 3784 2373">
    <p class='ocr_par' dir='ltr' id='par_1_70' title="bbox 2182 2302 3784 2373">
     <span class='ocr_line' id='line_1_70' title="bbox 2182 2302 3784 2373; baseline 0 -16"><span class='ocrx_word' id='word_1_585' title='bbox 2182 2304 2410 2371; x_wconf 81' lang='lat' dir='ltr'>mulier,</span> <span class='ocrx_word' id='word_1_586' title='bbox 2447 2302 2502 2356; x_wconf 92' lang='lat' dir='ltr'>id</span> <span class='ocrx_word' id='word_1_587' title='bbox 2533 2310 2616 2356; x_wconf 89' lang='lat' dir='ltr'>est</span> <span class='ocrx_word' id='word_1_588' title='bbox 2649 2311 2846 2357; x_wconf 87' lang='lat' dir='ltr'>neuter</span> <span class='ocrx_word' id='word_1_589' title='bbox 2888 2309 3208 2373; x_wconf 88' lang='lat' dir='ltr'>potestatem</span> <span class='ocrx_word' id='word_1_590' title='bbox 3256 2302 3420 2357; x_wconf 87' lang='lat' dir='ltr'>habet</span> <span class='ocrx_word' id='word_1_591' title='bbox 3462 2302 3784 2357; x_wconf 89' lang='lat' dir='ltr'>continendi</span> 
     </span>
    </p>
   </div>
   <div class='ocr_carea' id='block_1_71' title="bbox 2192 2390 3783 2462">
    <p class='ocr_par' dir='ltr' id='par_1_71' title="bbox 2192 2390 3783 2462">
     <span class='ocr_line' id='line_1_71' title="bbox 2192 2390 3783 2462; baseline 0 -15"><span class='ocrx_word' id='word_1_592' title='bbox 2192 2390 2428 2447; x_wconf 79' lang='grc'>109</span> <span class='ocrx_word' id='word_1_593' title='bbox 2461 2390 2579 2445; x_wconf 91' lang='lat' dir='ltr'>sine</span> <span class='ocrx_word' id='word_1_594' title='bbox 2609 2406 2880 2446; x_wconf 88' lang='lat' dir='ltr'>consensu</span> <span class='ocrx_word' id='word_1_595' title='bbox 2911 2390 3146 2445; x_wconf 87' lang='lat' dir='ltr'>alterius.</span> <span class='ocrx_word' id='word_1_596' title='bbox 3177 2391 3246 2444; x_wconf 90' lang='lat' dir='ltr'>Et</span> <span class='ocrx_word' id='word_1_597' title='bbox 3275 2398 3566 2462; x_wconf 87' lang='lat' dir='ltr'>propterea</span> <span class='ocrx_word' id='word_1_598' title='bbox 3596 2393 3783 2448; x_wconf 84' lang='lat' dir='ltr'>nolite</span> 
     </span>
    </p>
   </div>
   <div class='ocr_carea' id='block_1_72' title="bbox 2179 2478 3782 2551">
    <p class='ocr_par' dir='ltr' id='par_1_72' title="bbox 2179 2478 3782 2551">
     <span class='ocr_line' id='line_1_72' title="bbox 2179 2478 3782 2551; baseline 0 -16"><span class='ocrx_word' id='word_1_599' title='bbox 2179 2480 2452 2551; x_wconf 83' lang='lat' dir='ltr'>fraudare</span> <span class='ocrx_word' id='word_1_600' title='bbox 2483 2480 2745 2547; x_wconf 85' lang='lat' dir='ltr'>invicem,</span> <span class='ocrx_word' id='word_1_601' title='bbox 2762 2478 2814 2533; x_wconf 93' lang='lat' dir='ltr'>id</span> <span class='ocrx_word' id='word_1_602' title='bbox 2833 2488 2914 2534; x_wconf 92' lang='lat' dir='ltr'>est</span> <span class='ocrx_word' id='word_1_603' title='bbox 2944 2496 3049 2533; x_wconf 90' lang='lat' dir='ltr'>non</span> <span class='ocrx_word' id='word_1_604' title='bbox 3082 2480 3361 2534; x_wconf 89' lang='lat' dir='ltr'>subtrahat</span> <span class='ocrx_word' id='word_1_605' title='bbox 3383 2495 3441 2534; x_wconf 91' lang='lat' dir='ltr'>se</span> <span class='ocrx_word' id='word_1_606' title='bbox 3460 2479 3600 2534; x_wconf 90' lang='lat' dir='ltr'>alter</span> <span class='ocrx_word' id='word_1_607' title='bbox 3621 2480 3782 2535; x_wconf 89' lang='lat' dir='ltr'>alteri</span> 
     </span>
    </p>
   </div>
   <div class='ocr_carea' id='block_1_73' title="bbox 2180 2566 3782 2640">
    <p class='ocr_par' dir='ltr' id='par_1_73' title="bbox 2180 2566 3782 2640">
     <span class='ocr_line' id='line_1_73' title="bbox 2180 2566 3782 2640; baseline 0.001 -19"><span class='ocrx_word' id='word_1_608' title='bbox 2180 2567 2235 2621; x_wconf 92' lang='lat' dir='ltr'>in</span> <span class='ocrx_word' id='word_1_609' title='bbox 2256 2584 2422 2638; x_wconf 89' lang='lat' dir='ltr'>opere</span> <span class='ocrx_word' id='word_1_610' title='bbox 2451 2567 2689 2640; x_wconf 89' lang='lat' dir='ltr'>conjugii</span> <span class='ocrx_word' id='word_1_611' title='bbox 2707 2585 2718 2621; x_wconf 95' lang='lat'>:</span> <span class='ocrx_word' id='word_1_612' title='bbox 2736 2568 2849 2622; x_wconf 87' lang='lat' dir='ltr'>nisi</span> <span class='ocrx_word' id='word_1_613' title='bbox 2872 2570 3019 2639; x_wconf 77' lang='lat' dir='ltr'>forte</span> <span class='ocrx_word' id='word_1_614' title='bbox 3033 2569 3135 2622; x_wconf 90' lang='lat' dir='ltr'>hoc</span> <span class='ocrx_word' id='word_1_615' title='bbox 3150 2566 3325 2623; x_wconf 71' lang='lat' dir='ltr'>fiatex</span> <span class='ocrx_word' id='word_1_616' title='bbox 3342 2584 3621 2624; x_wconf 84' lang='lat' dir='ltr'>consensu</span> <span class='ocrx_word' id='word_1_617' title='bbox 3643 2568 3782 2622; x_wconf 88' lang='lat' dir='ltr'>utri-</span> 
     </span>
    </p>
   </div>
   <div class='ocr_carea' id='block_1_74' title="bbox 2180 2656 3780 2728">
    <p class='ocr_par' dir='ltr' id='par_1_74' title="bbox 2180 2656 3780 2728">
     <span class='ocr_line' id='line_1_74' title="bbox 2180 2656 3780 2728; baseline 0.002 -18"><span class='ocrx_word' id='word_1_618' title='bbox 2180 2672 2351 2728; x_wconf 90' lang='lat' dir='ltr'>usque</span> <span class='ocrx_word' id='word_1_619' title='bbox 2385 2674 2397 2712; x_wconf 92' lang='lat'>:</span> <span class='ocrx_word' id='word_1_620' title='bbox 2432 2665 2484 2711; x_wconf 91' lang='lat' dir='ltr'>et</span> <span class='ocrx_word' id='word_1_621' title='bbox 2513 2657 2617 2711; x_wconf 88' lang='lat' dir='ltr'>hoc</span> <span class='ocrx_word' id='word_1_622' title='bbox 2643 2672 2750 2710; x_wconf 89' lang='lat' dir='ltr'>non</span> <span class='ocrx_word' id='word_1_623' title='bbox 2785 2656 3058 2722; x_wconf 90' lang='lat' dir='ltr'>continue,</span> <span class='ocrx_word' id='word_1_624' title='bbox 3090 2656 3186 2710; x_wconf 90' lang='lat' dir='ltr'>sed</span> <span class='ocrx_word' id='word_1_625' title='bbox 3216 2657 3288 2711; x_wconf 86' lang='lat' dir='ltr'>ad</span> <span class='ocrx_word' id='word_1_626' title='bbox 3318 2660 3560 2728; x_wconf 87' lang='lat' dir='ltr'>tempus,</span> <span class='ocrx_word' id='word_1_627' title='bbox 3593 2665 3649 2712; x_wconf 92' lang='lat' dir='ltr'>et</span> <span class='ocrx_word' id='word_1_628' title='bbox 3680 2673 3780 2728; x_wconf 84' lang='lat' dir='ltr'>pm</span> 
     </span>
    </p>
   </div>
   <div class='ocr_carea' id='block_1_75' title="bbox 2180 2743 3781 2816">
    <p class='ocr_par' dir='ltr' id='par_1_75' title="bbox 2180 2743 3781 2816">
     <span class='ocr_line' id='line_1_75' title="bbox 2180 2743 3781 2816; baseline 0.002 -18"><span class='ocrx_word' id='word_1_629' title='bbox 2180 2744 2280 2799; x_wconf 89' lang='lat' dir='ltr'>hac</span> <span class='ocrx_word' id='word_1_630' title='bbox 2304 2760 2464 2800; x_wconf 90' lang='lat' dir='ltr'>causa</span> <span class='ocrx_word' id='word_1_631' title='bbox 2483 2749 2547 2799; x_wconf 86' lang='lat' dir='ltr'>ut</span> <span class='ocrx_word' id='word_1_632' title='bbox 2573 2744 2756 2815; x_wconf 89' lang='lat' dir='ltr'>purius</span> <span class='ocrx_word' id='word_1_633' title='bbox 2781 2747 2987 2800; x_wconf 84' lang='lat' dir='ltr'>vacetis</span> <span class='ocrx_word' id='word_1_634' title='bbox 3004 2746 3271 2801; x_wconf 79' lang='lat' dir='ltr'>orationi.</span> <span class='ocrx_word' id='word_1_635' title='bbox 3292 2743 3447 2813; x_wconf 90' lang='lat' dir='ltr'>Quod</span> <span class='ocrx_word' id='word_1_636' title='bbox 3467 2746 3511 2799; x_wconf 89' lang='lat' dir='ltr'>si</span> <span class='ocrx_word' id='word_1_637' title='bbox 3533 2744 3781 2816; x_wconf 88' lang='lat' dir='ltr'>legitime</span> 
     </span>
    </p>
   </div>
   <div class='ocr_carea' id='block_1_76' title="bbox 2181 2833 3779 2904">
    <p class='ocr_par' dir='ltr' id='par_1_76' title="bbox 2181 2833 3779 2904">
     <span class='ocr_line' id='line_1_76' title="bbox 2181 2833 3779 2904; baseline 0.002 -18"><span class='ocrx_word' id='word_1_638' title='bbox 2181 2842 2376 2904; x_wconf 91' lang='lat' dir='ltr'>nuptos</span> <span class='ocrx_word' id='word_1_639' title='bbox 2406 2842 2616 2903; x_wconf 91' lang='lat' dir='ltr'>oportet</span> <span class='ocrx_word' id='word_1_640' title='bbox 2645 2834 2947 2897; x_wconf 87' lang='lat' dir='ltr'>continere,</span> <span class='ocrx_word' id='word_1_641' title='bbox 2982 2840 3038 2887; x_wconf 91' lang='lat' dir='ltr'>ut</span> <span class='ocrx_word' id='word_1_642' title='bbox 3057 2833 3219 2903; x_wconf 91' lang='lat' dir='ltr'>digne</span> <span class='ocrx_word' id='word_1_643' title='bbox 3250 2841 3563 2889; x_wconf 89' lang='lat' dir='ltr'>mereantur</span> <span class='ocrx_word' id='word_1_644' title='bbox 3591 2850 3779 2901; x_wconf 89' lang='lat' dir='ltr'>orare,</span> 
     </span>
    </p>
   </div>
   <div class='ocr_carea' id='block_1_77' title="bbox 2180 2920 3778 2995">
    <p class='ocr_par' dir='ltr' id='par_1_77' title="bbox 2180 2920 3778 2995">
     <span class='ocr_line' id='line_1_77' title="bbox 2180 2920 3778 2995; baseline 0.003 -20"><span class='ocrx_word' id='word_1_645' title='bbox 2180 2922 2350 2976; x_wconf 90' lang='lat' dir='ltr'>multo</span> <span class='ocrx_word' id='word_1_646' title='bbox 2381 2922 2559 2993; x_wconf 89' lang='lat' dir='ltr'>magis</span> <span class='ocrx_word' id='word_1_647' title='bbox 2589 2921 2709 2976; x_wconf 90' lang='lat' dir='ltr'>illos</span> <span class='ocrx_word' id='word_1_648' title='bbox 2740 2922 2831 2993; x_wconf 92' lang='lat' dir='ltr'>qui</span> <span class='ocrx_word' id='word_1_649' title='bbox 2887 2920 3241 2977; x_wconf 89' lang='lat' dir='ltr'>fornicantur.</span> <span class='ocrx_word' id='word_1_650' title='bbox 3293 2922 3360 2977; x_wconf 92' lang='lat' dir='ltr'>Et</span> <span class='ocrx_word' id='word_1_651' title='bbox 3414 2938 3509 2978; x_wconf 90' lang='lat' dir='ltr'>eos</span> <span class='ocrx_word' id='word_1_652' title='bbox 3542 2923 3636 2995; x_wconf 90' lang='lat' dir='ltr'>qui</span> <span class='ocrx_word' id='word_1_653' title='bbox 3666 2940 3778 2979; x_wconf 90' lang='lat' dir='ltr'>non</span> 
     </span>
    </p>
   </div>
   <div class='ocr_carea' id='block_1_78' title="bbox 2181 3010 3780 3081">
    <p class='ocr_par' dir='ltr' id='par_1_78' title="bbox 2181 3010 3780 3081">
     <span class='ocr_line' id='line_1_78' title="bbox 2181 3010 3780 3081; baseline 0.001 -17"><span class='ocrx_word' id='word_1_654' title='bbox 2181 3010 2357 3065; x_wconf 89' lang='lat' dir='ltr'>solum</span> <span class='ocrx_word' id='word_1_655' title='bbox 2413 3018 2590 3079; x_wconf 89' lang='lat' dir='ltr'>orant,</span> <span class='ocrx_word' id='word_1_656' title='bbox 2637 3011 2733 3065; x_wconf 89' lang='lat' dir='ltr'>sed</span> <span class='ocrx_word' id='word_1_657' title='bbox 2781 3026 3010 3081; x_wconf 90' lang='lat' dir='ltr'>quorum</span> <span class='ocrx_word' id='word_1_658' title='bbox 3049 3026 3244 3064; x_wconf 89' lang='lat' dir='ltr'>manus</span> <span class='ocrx_word' id='word_1_659' title='bbox 3280 3011 3444 3065; x_wconf 91' lang='lat' dir='ltr'>etiam</span> <span class='ocrx_word' id='word_1_660' title='bbox 3490 3011 3780 3067; x_wconf 89' lang='lat' dir='ltr'>Dominica</span> 
     </span>
    </p>
   </div>
   <div class='ocr_carea' id='block_1_79' title="bbox 2183 3097 3779 3171">
    <p class='ocr_par' dir='ltr' id='par_1_79' title="bbox 2183 3097 3779 3171">
     <span class='ocr_line' id='line_1_79' title="bbox 2183 3097 3779 3171; baseline 0.003 -19"><span class='ocrx_word' id='word_1_661' title='bbox 2183 3114 2341 3153; x_wconf 87' lang='lat' dir='ltr'>sacra</span> <span class='ocrx_word' id='word_1_662' title='bbox 2380 3106 2632 3163; x_wconf 87' lang='lat' dir='ltr'>tractant,</span> <span class='ocrx_word' id='word_1_663' title='bbox 2667 3106 2720 3153; x_wconf 93' lang='lat' dir='ltr'>et</span> <span class='ocrx_word' id='word_1_664' title='bbox 2766 3097 2969 3169; x_wconf 90' lang='lat' dir='ltr'>populo</span> <span class='ocrx_word' id='word_1_665' title='bbox 3014 3098 3348 3168; x_wconf 81' lang='lat' dir='ltr'>dispensant.</span> <span class='ocrx_word' id='word_1_666' title='bbox 3382 3099 3473 3169; x_wconf 88' lang='lat' dir='ltr'>Et,</span> <span class='ocrx_word' id='word_1_667' title='bbox 3522 3107 3779 3171; x_wconf 88' lang='lat' dir='ltr'>tempore</span> 
     </span>
    </p>
   </div>
   <div class='ocr_carea' id='block_1_80' title="bbox 2181 3187 3786 3260">
    <p class='ocr_par' dir='ltr' id='par_1_80' title="bbox 2181 3187 3786 3260">
     <span class='ocr_line' id='line_1_80' title="bbox 2181 3187 3786 3260; baseline 0.001 -18"><span class='ocrx_word' id='word_1_668' title='bbox 2181 3187 2441 3242; x_wconf 88' lang='lat' dir='ltr'>orationis</span> <span class='ocrx_word' id='word_1_669' title='bbox 2467 3196 2761 3259; x_wconf 64' lang='lat' dir='ltr'>prieterito,</span> <span class='ocrx_word' id='word_1_670' title='bbox 2793 3188 3147 3242; x_wconf 83' lang='lat' dir='ltr'>revertimini</span> <span class='ocrx_word' id='word_1_671' title='bbox 3167 3189 3229 3242; x_wconf 90' lang='lat' dir='ltr'>in</span> <span class='ocrx_word' id='word_1_672' title='bbox 3266 3190 3451 3260; x_wconf 87' lang='lat' dir='ltr'>ipsum</span> <span class='ocrx_word' id='word_1_673' title='bbox 3480 3205 3619 3259; x_wconf 85' lang='lat' dir='ltr'>opus</span> <span class='ocrx_word' id='word_1_674' title='bbox 3652 3205 3786 3244; x_wconf 91' lang='lat' dir='ltr'>con-</span> 
     </span>
    </p>
   </div>
   <div class='ocr_carea' id='block_1_81' title="bbox 2173 3276 3776 3347">
    <p class='ocr_par' dir='ltr' id='par_1_81' title="bbox 2173 3276 3776 3347">
     <span class='ocr_line' id='line_1_81' title="bbox 2173 3276 3776 3347; baseline 0.003 -18"><span class='ocrx_word' id='word_1_675' title='bbox 2173 3276 2329 3347; x_wconf 87' lang='lat' dir='ltr'>jugii,</span> <span class='ocrx_word' id='word_1_676' title='bbox 2362 3292 2433 3331; x_wconf 87' lang='lat' dir='ltr'>ne</span> <span class='ocrx_word' id='word_1_677' title='bbox 2483 3292 2573 3332; x_wconf 84' lang='lat' dir='ltr'>vos</span> <span class='ocrx_word' id='word_1_678' title='bbox 2603 3292 2635 3330; x_wconf 90' lang='lat' dir='ltr'>a</span> <span class='ocrx_word' id='word_1_679' title='bbox 2665 3276 2907 3346; x_wconf 88' lang='lat' dir='ltr'>legitimo</span> <span class='ocrx_word' id='word_1_680' title='bbox 2950 3284 3229 3331; x_wconf 88' lang='lat' dir='ltr'>cessantes</span> <span class='ocrx_word' id='word_1_681' title='bbox 3275 3281 3459 3332; x_wconf 86' lang='lat' dir='ltr'>tentet</span> <span class='ocrx_word' id='word_1_682' title='bbox 3502 3280 3776 3347; x_wconf 82' lang='lat' dir='ltr'>Satanas,</span> 
     </span>
    </p>
   </div>
   <div class='ocr_carea' id='block_1_82' title="bbox 2180 3364 3779 3437">
    <p class='ocr_par' dir='ltr' id='par_1_82' title="bbox 2180 3364 3779 3437">
     <span class='ocr_line' id='line_1_82' title="bbox 2180 3364 3779 3437; baseline 0.003 -19"><span class='ocrx_word' id='word_1_683' title='bbox 2180 3365 2459 3419; x_wconf 89' lang='lat' dir='ltr'>stimulans</span> <span class='ocrx_word' id='word_1_684' title='bbox 2491 3380 2588 3419; x_wconf 90' lang='lat' dir='ltr'>vos</span> <span class='ocrx_word' id='word_1_685' title='bbox 2618 3365 2686 3418; x_wconf 90' lang='lat' dir='ltr'>ad</span> <span class='ocrx_word' id='word_1_686' title='bbox 2718 3364 2919 3419; x_wconf 91' lang='lat' dir='ltr'>illicita.</span> <span class='ocrx_word' id='word_1_687' title='bbox 2944 3366 3010 3419; x_wconf 91' lang='lat' dir='ltr'>Et</span> <span class='ocrx_word' id='word_1_688' title='bbox 3039 3365 3143 3420; x_wconf 91' lang='lat' dir='ltr'>hoc</span> <span class='ocrx_word' id='word_1_689' title='bbox 3170 3365 3291 3420; x_wconf 86' lang='lat' dir='ltr'>dico</span> <span class='ocrx_word' id='word_1_690' title='bbox 3310 3370 3544 3437; x_wconf 82' lang='lat' dir='ltr'>propter</span> <span class='ocrx_word' id='word_1_691' title='bbox 3571 3368 3779 3423; x_wconf 85' lang='lat' dir='ltr'>incon-</span> 
     </span>
    </p>
   </div>
   <div class='ocr_carea' id='block_1_83' title="bbox 2183 3452 3773 3524">
    <p class='ocr_par' dir='ltr' id='par_1_83' title="bbox 2183 3452 3773 3524">
     <span class='ocr_line' id='line_1_83' title="bbox 2183 3452 3773 3524; baseline 0.002 -17"><span class='ocrx_word' id='word_1_692' title='bbox 2183 3456 2496 3509; x_wconf 81' lang='lat' dir='ltr'>tinentiam</span> <span class='ocrx_word' id='word_1_693' title='bbox 2525 3458 2791 3509; x_wconf 84' lang='lat' dir='ltr'>vestram.</span> <span class='ocrx_word' id='word_1_694' title='bbox 2826 3453 2951 3509; x_wconf 90' lang='lat' dir='ltr'>Scio</span> <span class='ocrx_word' id='word_1_695' title='bbox 2972 3452 3113 3507; x_wconf 88' lang='lat' dir='ltr'>enim</span> <span class='ocrx_word' id='word_1_696' title='bbox 3135 3453 3477 3524; x_wconf 86' lang='lat' dir='ltr'>fragilitatem</span> <span class='ocrx_word' id='word_1_697' title='bbox 3505 3464 3773 3523; x_wconf 89' lang='lat' dir='ltr'>vestram,</span> 
     </span>
    </p>
   </div>
   <div class='ocr_carea' id='block_1_84' title="bbox 2180 3541 3781 3616">
    <p class='ocr_par' dir='ltr' id='par_1_84' title="bbox 2180 3541 3781 3616">
     <span class='ocr_line' id='line_1_84' title="bbox 2180 3541 3781 3616; baseline 0.002 -20"><span class='ocrx_word' id='word_1_698' title='bbox 2180 3560 2303 3615; x_wconf 78' lang='lat' dir='ltr'>quae</span> <span class='ocrx_word' id='word_1_699' title='bbox 2352 3542 2529 3613; x_wconf 88' lang='lat' dir='ltr'>magis</span> <span class='ocrx_word' id='word_1_700' title='bbox 2578 3559 2677 3612; x_wconf 91' lang='lat' dir='ltr'>per</span> <span class='ocrx_word' id='word_1_701' title='bbox 2722 3541 3112 3613; x_wconf 85' lang='lat' dir='ltr'>indulgentiam</span> <span class='ocrx_word' id='word_1_702' title='bbox 3161 3542 3441 3597; x_wconf 87' lang='lat' dir='ltr'>nutrienda</span> <span class='ocrx_word' id='word_1_703' title='bbox 3473 3552 3575 3610; x_wconf 90' lang='lat' dir='ltr'>est,</span> <span class='ocrx_word' id='word_1_704' title='bbox 3609 3561 3781 3616; x_wconf 89' lang='lat' dir='ltr'>quam</span> 
     </span>
    </p>
   </div>
   <div class='ocr_carea' id='block_1_85' title="bbox 2178 3630 3780 3702">
    <p class='ocr_par' dir='ltr' id='par_1_85' title="bbox 2178 3630 3780 3702">
     <span class='ocr_line' id='line_1_85' title="bbox 2178 3630 3780 3702; baseline 0.001 -17"><span class='ocrx_word' id='word_1_705' title='bbox 2178 3648 2281 3702; x_wconf 91' lang='lat' dir='ltr'>per</span> <span class='ocrx_word' id='word_1_706' title='bbox 2310 3631 2662 3702; x_wconf 88' lang='lat' dir='ltr'>asperitatem</span> <span class='ocrx_word' id='word_1_707' title='bbox 2694 3631 3040 3686; x_wconf 88' lang='lat' dir='ltr'>deterrenda.</span> <span class='ocrx_word' id='word_1_708' title='bbox 3073 3630 3220 3685; x_wconf 89' lang='lat' dir='ltr'>Licet</span> <span class='ocrx_word' id='word_1_709' title='bbox 3250 3639 3472 3702; x_wconf 85' lang='lat' dir='ltr'>prOpter</span> <span class='ocrx_word' id='word_1_710' title='bbox 3501 3631 3780 3688; x_wconf 88' lang='lat' dir='ltr'>vitandam</span> 
     </span>
    </p>
   </div>
   <div class='ocr_carea' id='block_1_86' title="bbox 2181 3718 3778 3793">
    <p class='ocr_par' dir='ltr' id='par_1_86' title="bbox 2181 3718 3778 3793">
     <span class='ocr_line' id='line_1_86' title="bbox 2181 3718 3778 3793; baseline 0.002 -19"><span class='ocrx_word' id='word_1_711' title='bbox 2181 3718 2589 3775; x_wconf 87' lang='lat' dir='ltr'>fornicationem</span> <span class='ocrx_word' id='word_1_712' title='bbox 2632 3719 3000 3774; x_wconf 87' lang='lat' dir='ltr'>concesserim</span> <span class='ocrx_word' id='word_1_713' title='bbox 3068 3720 3223 3774; x_wconf 84' lang='lat' dir='ltr'>vobis</span> <span class='ocrx_word' id='word_1_714' title='bbox 3267 3720 3471 3775; x_wconf 88' lang='lat' dir='ltr'>ducere</span> <span class='ocrx_word' id='word_1_715' title='bbox 3517 3735 3778 3793; x_wconf 88' lang='lat' dir='ltr'>uxorem,</span> 
     </span>
    </p>
   </div>
   <div class='ocr_carea' id='block_1_87' title="bbox 2179 3807 3781 3879">
    <p class='ocr_par' dir='ltr' id='par_1_87' title="bbox 2179 3807 3781 3879">
     <span class='ocr_line' id='line_1_87' title="bbox 2179 3807 3781 3879; baseline 0.001 -15"><span class='ocrx_word' id='word_1_716' title='bbox 2179 3809 2283 3864; x_wconf 88' lang='lat' dir='ltr'>hoc</span> <span class='ocrx_word' id='word_1_717' title='bbox 2315 3816 2496 3863; x_wconf 89' lang='lat' dir='ltr'>tamen</span> <span class='ocrx_word' id='word_1_718' title='bbox 2526 3807 2648 3863; x_wconf 91' lang='lat' dir='ltr'>dico</span> <span class='ocrx_word' id='word_1_719' title='bbox 2678 3808 2989 3863; x_wconf 83' lang='lat' dir='ltr'>secundum</span> <span class='ocrx_word' id='word_1_720' title='bbox 3012 3807 3452 3879; x_wconf 86' lang='lat' dir='ltr'>indulgentiam,</span> <span class='ocrx_word' id='word_1_721' title='bbox 3487 3825 3556 3864; x_wconf 90' lang='lat' dir='ltr'>ne</span> <span class='ocrx_word' id='word_1_722' title='bbox 3586 3810 3781 3866; x_wconf 89' lang='lat' dir='ltr'>videar</span> 
     </span>
    </p>
   </div>
   <div class='ocr_carea' id='block_1_88' title="bbox 2179 3897 3781 3968">
    <p class='ocr_par' dir='ltr' id='par_1_88' title="bbox 2179 3897 3781 3968">
     <span class='ocr_line' id='line_1_88' title="bbox 2179 3897 3781 3968; baseline 0.002 -17"><span class='ocrx_word' id='word_1_723' title='bbox 2179 3913 2277 3951; x_wconf 85' lang='lat' dir='ltr'>vos</span> <span class='ocrx_word' id='word_1_724' title='bbox 2309 3897 2667 3967; x_wconf 90' lang='lat' dir='ltr'>intemperate</span> <span class='ocrx_word' id='word_1_725' title='bbox 2698 3912 2917 3968; x_wconf 89' lang='lat' dir='ltr'>cogere.</span> <span class='ocrx_word' id='word_1_726' title='bbox 2963 3898 3084 3952; x_wconf 80' lang='lat' dir='ltr'>Non</span> <span class='ocrx_word' id='word_1_727' title='bbox 3142 3898 3245 3951; x_wconf 90' lang='lat' dir='ltr'>hoc</span> <span class='ocrx_word' id='word_1_728' title='bbox 3292 3897 3418 3952; x_wconf 92' lang='lat' dir='ltr'>dico</span> <span class='ocrx_word' id='word_1_729' title='bbox 3456 3899 3781 3954; x_wconf 85' lang='lat' dir='ltr'>secundum</span> 
     </span>
    </p>
   </div>
   <div class='ocr_carea' id='block_1_89' title="bbox 2178 3984 3781 4058">
    <p class='ocr_par' dir='ltr' id='par_1_89' title="bbox 2178 3984 3781 4058">
     <span class='ocr_line' id='line_1_89' title="bbox 2178 3984 3781 4058; baseline 0.002 -18"><span class='ocrx_word' id='word_1_730' title='bbox 2178 3986 2502 4058; x_wconf 87' lang='lat' dir='ltr'>imperium,</span> <span class='ocrx_word' id='word_1_731' title='bbox 2533 3993 2587 4039; x_wconf 91' lang='lat' dir='ltr'>ut</span> <span class='ocrx_word' id='word_1_732' title='bbox 2617 3986 2778 4054; x_wconf 91' lang='lat' dir='ltr'>hujus</span> <span class='ocrx_word' id='word_1_733' title='bbox 2809 3985 2889 4039; x_wconf 91' lang='lat' dir='ltr'>rei</span> <span class='ocrx_word' id='word_1_734' title='bbox 2935 3993 3268 4056; x_wconf 66' lang='lat' dir='ltr'>prmceptum</span> <span class='ocrx_word' id='word_1_735' title='bbox 3314 3984 3529 4040; x_wconf 88' lang='lat' dir='ltr'>faciam.</span> <span class='ocrx_word' id='word_1_736' title='bbox 3583 3986 3641 4040; x_wconf 92' lang='lat' dir='ltr'>Si</span> <span class='ocrx_word' id='word_1_737' title='bbox 3672 3988 3781 4043; x_wconf 91' lang='lat' dir='ltr'>hoc</span> 
     </span>
    </p>
   </div>
   <div class='ocr_carea' id='block_1_90' title="bbox 2180 4074 3780 4145">
    <p class='ocr_par' dir='ltr' id='par_1_90' title="bbox 2180 4074 3780 4145">
     <span class='ocr_line' id='line_1_90' title="bbox 2180 4074 3780 4145; baseline 0.001 -16"><span class='ocrx_word' id='word_1_738' title='bbox 2180 4075 2324 4129; x_wconf 89' lang='lat' dir='ltr'>enim</span> <span class='ocrx_word' id='word_1_739' title='bbox 2365 4081 2697 4145; x_wconf 69' lang='lat' dir='ltr'>przeceptum</span> <span class='ocrx_word' id='word_1_740' title='bbox 2741 4082 2906 4139; x_wconf 91' lang='lat' dir='ltr'>esset,</span> <span class='ocrx_word' id='word_1_741' title='bbox 2951 4074 3063 4143; x_wconf 88' lang='lat' dir='ltr'>jam</span> <span class='ocrx_word' id='word_1_742' title='bbox 3100 4090 3293 4129; x_wconf 91' lang='lat' dir='ltr'>omnes</span> <span class='ocrx_word' id='word_1_743' title='bbox 3337 4090 3402 4128; x_wconf 88' lang='lat' dir='ltr'>ex</span> <span class='ocrx_word' id='word_1_744' title='bbox 3442 4075 3780 4132; x_wconf 87' lang='lat' dir='ltr'>necessitate</span> 
     </span>
    </p>
   </div>
   <div class='ocr_carea' id='block_1_91' title="bbox 2177 4162 3779 4234">
    <p class='ocr_par' dir='ltr' id='par_1_91' title="bbox 2177 4162 3779 4234">
     <span class='ocr_line' id='line_1_91' title="bbox 2177 4162 3779 4234; baseline 0.001 -16"><span class='ocrx_word' id='word_1_745' title='bbox 2177 4180 2378 4218; x_wconf 86' lang='lat' dir='ltr'>uxores</span> <span class='ocrx_word' id='word_1_746' title='bbox 2408 4164 2687 4218; x_wconf 85' lang='lat' dir='ltr'>ducerent.</span> <span class='ocrx_word' id='word_1_747' title='bbox 2720 4164 2787 4217; x_wconf 88' lang='lat' dir='ltr'>Et</span> <span class='ocrx_word' id='word_1_748' title='bbox 2819 4162 2944 4218; x_wconf 90' lang='lat' dir='ltr'>licet</span> <span class='ocrx_word' id='word_1_749' title='bbox 2999 4163 3070 4216; x_wconf 90' lang='lat' dir='ltr'>ita</span> <span class='ocrx_word' id='word_1_750' title='bbox 3114 4162 3269 4217; x_wconf 91' lang='lat' dir='ltr'>vobis</span> <span class='ocrx_word' id='word_1_751' title='bbox 3318 4162 3652 4234; x_wconf 87' lang='lat' dir='ltr'>indulgeam,</span> <span class='ocrx_word' id='word_1_752' title='bbox 3687 4173 3779 4220; x_wconf 89' lang='lat' dir='ltr'>ta-</span> 
     </span>
    </p>
   </div>
   <div class='ocr_carea' id='block_1_92' title="bbox 2179 4251 3779 4324">
    <p class='ocr_par' dir='ltr' id='par_1_92' title="bbox 2179 4251 3779 4324">
     <span class='ocr_line' id='line_1_92' title="bbox 2179 4251 3779 4324; baseline 0.003 -17"><span class='ocrx_word' id='word_1_753' title='bbox 2179 4269 2304 4307; x_wconf 91' lang='lat' dir='ltr'>men</span> <span class='ocrx_word' id='word_1_754' title='bbox 2334 4268 2438 4323; x_wconf 88' lang='lat' dir='ltr'>ego</span> <span class='ocrx_word' id='word_1_755' title='bbox 2471 4254 2587 4307; x_wconf 87' lang='lat' dir='ltr'>voIo</span> <span class='ocrx_word' id='word_1_756' title='bbox 2617 4268 2807 4307; x_wconf 85' lang='lat' dir='ltr'>omnes</span> <span class='ocrx_word' id='word_1_757' title='bbox 2841 4251 3093 4307; x_wconf 79' lang='lat' dir='ltr'>homines</span> <span class='ocrx_word' id='word_1_758' title='bbox 3126 4268 3239 4306; x_wconf 86' lang='lat' dir='ltr'>esse</span> <span class='ocrx_word' id='word_1_759' title='bbox 3269 4253 3419 4307; x_wconf 81' lang='lat' dir='ltr'>sicut</span> <span class='ocrx_word' id='word_1_760' title='bbox 3448 4254 3730 4324; x_wconf 87' lang='lat' dir='ltr'>meipsum</span> <span class='ocrx_word' id='word_1_761' title='bbox 3759 4275 3779 4311; x_wconf 91' lang='lat'><strong><em>:</em></strong></span> 
     </span>
    </p>
   </div>
   <div class='ocr_carea' id='block_1_93' title="bbox 2179 4339 3781 4413">
    <p class='ocr_par' dir='ltr' id='par_1_93' title="bbox 2179 4339 3781 4413">
     <span class='ocr_line' id='line_1_93' title="bbox 2179 4339 3781 4413; baseline 0.001 -18"><span class='ocrx_word' id='word_1_762' title='bbox 2179 4340 2635 4413; x_wconf 88' lang='lat' dir='ltr'>quemadmodum</span> <span class='ocrx_word' id='word_1_763' title='bbox 2666 4356 2789 4411; x_wconf 86' lang='lat' dir='ltr'>ego,</span> <span class='ocrx_word' id='word_1_764' title='bbox 2823 4339 2901 4394; x_wconf 91' lang='lat' dir='ltr'>sic</span> <span class='ocrx_word' id='word_1_765' title='bbox 2930 4356 3120 4395; x_wconf 90' lang='lat' dir='ltr'>omnes</span> <span class='ocrx_word' id='word_1_766' title='bbox 3150 4339 3517 4394; x_wconf 88' lang='lat' dir='ltr'>continerent.</span> <span class='ocrx_word' id='word_1_767' title='bbox 3558 4342 3641 4395; x_wconf 89' lang='lat' dir='ltr'>Ex</span> <span class='ocrx_word' id='word_1_768' title='bbox 3672 4342 3781 4398; x_wconf 90' lang='lat' dir='ltr'>hoc</span> 
     </span>
    </p>
   </div>
   <div class='ocr_carea' id='block_1_94' title="bbox 2180 4428 3779 4501">
    <p class='ocr_par' dir='ltr' id='par_1_94' title="bbox 2180 4428 3779 4501">
     <span class='ocr_line' id='line_1_94' title="bbox 2180 4428 3779 4501; baseline 0 -16"><span class='ocrx_word' id='word_1_769' title='bbox 2180 4430 2350 4485; x_wconf 89' lang='lat' dir='ltr'>verbo</span> <span class='ocrx_word' id='word_1_770' title='bbox 2380 4429 2721 4501; x_wconf 87' lang='lat' dir='ltr'>intelligitur,</span> <span class='ocrx_word' id='word_1_771' title='bbox 2766 4428 2965 4483; x_wconf 86' lang='lat' dir='ltr'>Paulus</span> <span class='ocrx_word' id='word_1_772' title='bbox 3013 4431 3087 4495; x_wconf 91' lang='lat' dir='ltr'>(et</span> <span class='ocrx_word' id='word_1_773' title='bbox 3135 4429 3237 4483; x_wconf 91' lang='lat' dir='ltr'>hoc</span> <span class='ocrx_word' id='word_1_774' title='bbox 3279 4436 3505 4483; x_wconf 88' lang='lat' dir='ltr'>testatur</span> <span class='ocrx_word' id='word_1_775' title='bbox 3533 4430 3779 4486; x_wconf 85' lang='lat' dir='ltr'>Ambro—</span> 
     </span>
    </p>
   </div>
   <div class='ocr_carea' id='block_1_95' title="bbox 482 4516 3780 4592">
    <p class='ocr_par' dir='ltr' id='par_1_95' title="bbox 482 4516 3780 4592">
     <span class='ocr_line' id='line_1_95' title="bbox 482 4516 3780 4592; baseline 0.001 -21"><span class='ocrx_word' id='word_1_776' title='bbox 482 4517 706 4571; x_wconf 89' lang='lat' dir='ltr'>modum</span> <span class='ocrx_word' id='word_1_777' title='bbox 753 4516 1014 4586; x_wconf 80' lang='lat' dir='ltr'>religiosi,</span> <span class='ocrx_word' id='word_1_778' title='bbox 1067 4517 1160 4589; x_wconf 89' lang='lat' dir='ltr'>qui</span> <span class='ocrx_word' id='word_1_779' title='bbox 1200 4518 1447 4574; x_wconf 87' lang='lat' dir='ltr'>dicerent</span> <span class='ocrx_word' id='word_1_780' title='bbox 1494 4520 1768 4576; x_wconf 89' lang='lat' dir='ltr'>neminem</span> <span class='ocrx_word' id='word_1_781' title='bbox 1825 4520 1881 4574; x_wconf 91' lang='lat' dir='ltr'>in</span> <span class='ocrx_word' id='word_1_782' title='bbox 1911 4538 2077 4592; x_wconf 89' lang='lat' dir='ltr'>opere</span> <span class='ocrx_word' id='word_1_783' title='bbox 2107 4516 2159 4577; x_wconf 91' lang='lat' dir='ltr'>D</span> <span class='ocrx_word' id='word_1_784' title='bbox 2185 4518 2314 4588; x_wconf 88' lang='lat' dir='ltr'>sius)</span> <span class='ocrx_word' id='word_1_785' title='bbox 2346 4518 2501 4590; x_wconf 91' lang='lat' dir='ltr'>virgo</span> <span class='ocrx_word' id='word_1_786' title='bbox 2532 4518 2699 4572; x_wconf 86' lang='lat' dir='ltr'>fuisse</span> <span class='ocrx_word' id='word_1_787' title='bbox 2735 4535 2747 4572; x_wconf 91' lang='lat'>:</span> <span class='ocrx_word' id='word_1_788' title='bbox 2781 4517 2876 4571; x_wconf 90' lang='lat' dir='ltr'>sed</span> <span class='ocrx_word' id='word_1_789' title='bbox 2917 4517 3140 4589; x_wconf 89' lang='lat' dir='ltr'>quidam</span> <span class='ocrx_word' id='word_1_790' title='bbox 3184 4525 3505 4572; x_wconf 89' lang='lat' dir='ltr'>attestantur</span> <span class='ocrx_word' id='word_1_791' title='bbox 3544 4535 3780 4575; x_wconf 87' lang='lat' dir='ltr'>uxorem</span> 
     </span>
    </p>
   </div>
   <div class='ocr_carea' id='block_1_96' title="bbox 484 4604 2080 4680">
    <p class='ocr_par' dir='ltr' id='par_1_96' title="bbox 484 4604 2080 4680">
     <span class='ocr_line' id='line_1_96' title="bbox 484 4604 2080 4680; baseline 0.003 -20"><span class='ocrx_word' id='word_1_792' title='bbox 484 4604 1073 4678; x_wconf 66' lang='lat' dir='ltr'>conjugiiimanentem</span> <span class='ocrx_word' id='word_1_793' title='bbox 1138 4623 1302 4677; x_wconf 85' lang='lat' dir='ltr'>posse</span> <span class='ocrx_word' id='word_1_794' title='bbox 1350 4608 1570 4662; x_wconf 90' lang='lat' dir='ltr'>salvari.</span> <span class='ocrx_word' id='word_1_795' title='bbox 1622 4609 1730 4665; x_wconf 92' lang='lat' dir='ltr'>Sed</span> <span class='ocrx_word' id='word_1_796' title='bbox 1788 4610 2080 4680; x_wconf 85' lang='lat' dir='ltr'>Apostolus</span> 
     </span>
    </p>
   </div>
   <div class='ocr_carea' id='block_1_97' title="bbox 487 4692 2081 4767">
    <p class='ocr_par' dir='ltr' id='par_1_97' title="bbox 487 4692 2081 4767">
     <span class='ocr_line' id='line_1_97' title="bbox 487 4692 2081 4767; baseline 0.004 -20"><span class='ocrx_word' id='word_1_797' title='bbox 487 4693 667 4749; x_wconf 89' lang='lat' dir='ltr'>sciens</span> <span class='ocrx_word' id='word_1_798' title='bbox 697 4692 1059 4750; x_wconf 86' lang='lat' dir='ltr'>inﬁrmitatem</span> <span class='ocrx_word' id='word_1_799' title='bbox 1092 4693 1218 4750; x_wconf 82' lang='lat' dir='ltr'>ﬁdei</span> <span class='ocrx_word' id='word_1_800' title='bbox 1240 4711 1447 4763; x_wconf 90' lang='lat' dir='ltr'>eorum,</span> <span class='ocrx_word' id='word_1_801' title='bbox 1482 4697 1788 4767; x_wconf 90' lang='lat' dir='ltr'>patiebatur</span> <span class='ocrx_word' id='word_1_802' title='bbox 1806 4699 1909 4753; x_wconf 90' lang='lat' dir='ltr'>hoc</span> <span class='ocrx_word' id='word_1_803' title='bbox 1938 4698 1994 4752; x_wconf 93' lang='lat' dir='ltr'>in</span> <span class='ocrx_word' id='word_1_804' title='bbox 2023 4698 2081 4753; x_wconf 85' lang='lat' dir='ltr'>il-</span> 
     </span>
    </p>
   </div>
   <div class='ocr_carea' id='block_1_98' title="bbox 483 4781 2081 4854">
    <p class='ocr_par' dir='ltr' id='par_1_98' title="bbox 483 4781 2081 4854">
     <span class='ocr_line' id='line_1_98' title="bbox 483 4781 2081 4854; baseline 0.003 -19"><span class='ocrx_word' id='word_1_805' title='bbox 483 4781 571 4836; x_wconf 91' lang='lat' dir='ltr'>lis.</span> <span class='ocrx_word' id='word_1_806' title='bbox 591 4782 716 4836; x_wconf 89' lang='lat' dir='ltr'>Non</span> <span class='ocrx_word' id='word_1_807' title='bbox 745 4783 886 4854; x_wconf 91' lang='lat' dir='ltr'>quod</span> <span class='ocrx_word' id='word_1_808' title='bbox 916 4784 1167 4839; x_wconf 87' lang='lat' dir='ltr'>crederet</span> <span class='ocrx_word' id='word_1_809' title='bbox 1199 4799 1294 4839; x_wconf 90' lang='lat' dir='ltr'>eos</span> <span class='ocrx_word' id='word_1_810' title='bbox 1325 4784 1639 4853; x_wconf 88' lang='lat' dir='ltr'>salvandos,</span> <span class='ocrx_word' id='word_1_811' title='bbox 1656 4786 1754 4841; x_wconf 89' lang='lat' dir='ltr'>sed</span> <span class='ocrx_word' id='word_1_812' title='bbox 1777 4786 1928 4841; x_wconf 90' lang='lat' dir='ltr'>utsic</span> <span class='ocrx_word' id='word_1_813' title='bbox 1950 4803 2081 4841; x_wconf 90' lang='lat' dir='ltr'>enu-</span> 
     </span>
    </p>
   </div>
   <div class='ocr_carea' id='block_1_99' title="bbox 485 4865 2076 4939">
    <p class='ocr_par' dir='ltr' id='par_1_99' title="bbox 485 4865 2076 4939">
     <span class='ocr_line' id='line_1_99' title="bbox 485 4865 2076 4939; baseline 0.004 -20"><span class='ocrx_word' id='word_1_814' title='bbox 485 4865 640 4921; x_wconf 91' lang='lat' dir='ltr'>triret</span> <span class='ocrx_word' id='word_1_815' title='bbox 668 4865 969 4921; x_wconf 89' lang='lat' dir='ltr'>Ecclesiam</span> <span class='ocrx_word' id='word_1_816' title='bbox 997 4867 1253 4939; x_wconf 88' lang='lat' dir='ltr'>paulatim</span> <span class='ocrx_word' id='word_1_817' title='bbox 1292 4868 1543 4923; x_wconf 91' lang='lat' dir='ltr'>ducendo</span> <span class='ocrx_word' id='word_1_818' title='bbox 1574 4870 1628 4923; x_wconf 92' lang='lat' dir='ltr'>in</span> <span class='ocrx_word' id='word_1_819' title='bbox 1665 4870 2076 4939; x_wconf 87' lang='lat' dir='ltr'>perfectionem.</span> 
     </span>
    </p>
   </div>
   <div class='ocr_carea' id='block_1_100' title="bbox 486 4952 2078 5029">
    <p class='ocr_par' dir='ltr' id='par_1_100' title="bbox 486 4952 2078 5029">
     <span class='ocr_line' id='line_1_100' title="bbox 486 4952 2078 5029; baseline 0.004 -22"><span class='ocrx_word' id='word_1_820' title='bbox 486 4952 682 5008; x_wconf 90' lang='lat' dir='ltr'>Littera</span> <span class='ocrx_word' id='word_1_821' title='bbox 711 4954 791 5010; x_wconf 91' lang='lat' dir='ltr'>sic</span> <span class='ocrx_word' id='word_1_822' title='bbox 813 4955 1079 5029; x_wconf 87' lang='lat' dir='ltr'>jungitur.</span> <span class='ocrx_word' id='word_1_823' title='bbox 1116 4956 1421 5012; x_wconf 84' lang='lat' dir='ltr'>Fornicatio</span> <span class='ocrx_word' id='word_1_824' title='bbox 1453 4965 1535 5011; x_wconf 88' lang='lat' dir='ltr'>est</span> <span class='ocrx_word' id='word_1_825' title='bbox 1565 4957 1850 5029; x_wconf 89' lang='lat' dir='ltr'>fugienda:</span> <span class='ocrx_word' id='word_1_826' title='bbox 1879 4974 1978 5013; x_wconf 90' lang='lat' dir='ltr'>nec</span> <span class='ocrx_word' id='word_1_827' title='bbox 1991 4967 2078 5013; x_wconf 90' lang='lat' dir='ltr'>ta-</span> 
     </span>
    </p>
   </div>
   <div class='ocr_carea' id='block_1_101' title="bbox 487 5042 2083 5118">
    <p class='ocr_par' dir='ltr' id='par_1_101' title="bbox 487 5042 2083 5118">
     <span class='ocr_line' id='line_1_101' title="bbox 487 5042 2083 5118; baseline 0.004 -22"><span class='ocrx_word' id='word_1_828' title='bbox 487 5058 614 5097; x_wconf 88' lang='lat' dir='ltr'>men</span> <span class='ocrx_word' id='word_1_829' title='bbox 662 5042 741 5098; x_wconf 91' lang='lat' dir='ltr'>sic</span> <span class='ocrx_word' id='word_1_830' title='bbox 772 5050 825 5096; x_wconf 90' lang='lat' dir='ltr'>ut</span> <span class='ocrx_word' id='word_1_831' title='bbox 856 5044 1168 5116; x_wconf 90' lang='lat' dir='ltr'>conjugium</span> <span class='ocrx_word' id='word_1_832' title='bbox 1216 5044 1578 5110; x_wconf 87' lang='lat' dir='ltr'>destruamus,</span> <span class='ocrx_word' id='word_1_833' title='bbox 1631 5046 1726 5100; x_wconf 91' lang='lat' dir='ltr'>sed</span> <span class='ocrx_word' id='word_1_834' title='bbox 1781 5054 1834 5100; x_wconf 90' lang='lat' dir='ltr'>ut</span> <span class='ocrx_word' id='word_1_835' title='bbox 1864 5055 2083 5118; x_wconf 83' lang='lat' dir='ltr'>prOpter</span> 
     </span>
    </p>
   </div>
   <div class='ocr_carea' id='block_1_102' title="bbox 485 5129 2070 5204">
    <p class='ocr_par' dir='ltr' id='par_1_102' title="bbox 485 5129 2070 5204">
     <span class='ocr_line' id='line_1_102' title="bbox 485 5129 2070 5204; baseline 0.004 -20"><span class='ocrx_word' id='word_1_836' title='bbox 485 5129 897 5186; x_wconf 87' lang='lat' dir='ltr'>fornicationem</span> <span class='ocrx_word' id='word_1_837' title='bbox 927 5132 1195 5188; x_wconf 87' lang='lat' dir='ltr'>vitandam</span> <span class='ocrx_word' id='word_1_838' title='bbox 1247 5133 1622 5204; x_wconf 89' lang='lat' dir='ltr'>unusquisque</span> <span class='ocrx_word' id='word_1_839' title='bbox 1671 5134 1864 5189; x_wconf 88' lang='lat' dir='ltr'>habeat</span> <span class='ocrx_word' id='word_1_840' title='bbox 1893 5152 2070 5190; x_wconf 90' lang='lat' dir='ltr'>suam.</span> 
     </span>
    </p>
   </div>
   <div class='ocr_carea' id='block_1_103' title="bbox 486 5218 2080 5295">
    <p class='ocr_par' dir='ltr' id='par_1_103' title="bbox 486 5218 2080 5295">
     <span class='ocr_line' id='line_1_103' title="bbox 486 5218 2080 5295; baseline 0.005 -23"><span class='ocrx_word' id='word_1_841' title='bbox 486 5218 556 5273; x_wconf 87' lang='lat' dir='ltr'>Et</span> <span class='ocrx_word' id='word_1_842' title='bbox 587 5220 689 5274; x_wconf 88' lang='lat' dir='ltr'>hoc</span> <span class='ocrx_word' id='word_1_843' title='bbox 718 5219 841 5275; x_wconf 92' lang='lat' dir='ltr'>dico</span> <span class='ocrx_word' id='word_1_844' title='bbox 872 5220 1214 5291; x_wconf 89' lang='lat' dir='ltr'>respondens</span> <span class='ocrx_word' id='word_1_845' title='bbox 1256 5220 1323 5274; x_wconf 89' lang='lat' dir='ltr'>ad</span> <span class='ocrx_word' id='word_1_846' title='bbox 1357 5237 1419 5274; x_wconf 92' lang='lat' dir='ltr'>ea</span> <span class='ocrx_word' id='word_1_847' title='bbox 1449 5222 1514 5276; x_wconf 88' lang='lat' dir='ltr'>de</span> <span class='ocrx_word' id='word_1_848' title='bbox 1543 5223 1740 5294; x_wconf 85' lang='lat' dir='ltr'>quibus</span> <span class='ocrx_word' id='word_1_849' title='bbox 1774 5226 2080 5295; x_wconf 83' lang='lat' dir='ltr'>scripsistis</span> 
     </span>
    </p>
   </div>
   <div class='ocr_carea' id='block_1_104' title="bbox 485 5307 2080 5380">
    <p class='ocr_par' dir='ltr' id='par_1_104' title="bbox 485 5307 2080 5380">
     <span class='ocr_line' id='line_1_104' title="bbox 485 5307 2080 5380; baseline 0.003 -17"><span class='ocrx_word' id='word_1_850' title='bbox 485 5307 650 5373; x_wconf 83' lang='lat' dir='ltr'>mihi,</span> <span class='ocrx_word' id='word_1_851' title='bbox 670 5308 1071 5380; x_wconf 86' lang='lat' dir='ltr'>interrogantes</span> <span class='ocrx_word' id='word_1_852' title='bbox 1093 5322 1162 5361; x_wconf 89' lang='lat' dir='ltr'>an</span> <span class='ocrx_word' id='word_1_853' title='bbox 1183 5307 1369 5363; x_wconf 89' lang='lat' dir='ltr'>liceret</span> <span class='ocrx_word' id='word_1_854' title='bbox 1388 5308 1614 5379; x_wconf 89' lang='lat' dir='ltr'>nubere,</span> <span class='ocrx_word' id='word_1_855' title='bbox 1638 5326 1709 5365; x_wconf 89' lang='lat' dir='ltr'>an</span> <span class='ocrx_word' id='word_1_856' title='bbox 1732 5327 1959 5367; x_wconf 89' lang='lat' dir='ltr'>necesse</span> <span class='ocrx_word' id='word_1_857' title='bbox 1986 5330 2080 5368; x_wconf 85' lang='lat' dir='ltr'>es-</span> 
     </span>
    </p>
   </div>
   <div class='ocr_carea' id='block_1_105' title="bbox 486 5396 2082 5470">
    <p class='ocr_par' dir='ltr' id='par_1_105' title="bbox 486 5396 2082 5470">
     <span class='ocr_line' id='line_1_105' title="bbox 486 5396 2082 5470; baseline 0.004 -20"><span class='ocrx_word' id='word_1_858' title='bbox 486 5404 567 5450; x_wconf 91' lang='lat' dir='ltr'>set</span> <span class='ocrx_word' id='word_1_859' title='bbox 597 5396 893 5451; x_wconf 89' lang='lat' dir='ltr'>continere.</span> <span class='ocrx_word' id='word_1_860' title='bbox 951 5398 1019 5451; x_wconf 89' lang='lat' dir='ltr'>Et</span> <span class='ocrx_word' id='word_1_861' title='bbox 1071 5396 1139 5450; x_wconf 91' lang='lat' dir='ltr'>de</span> <span class='ocrx_word' id='word_1_862' title='bbox 1189 5396 1291 5450; x_wconf 88' lang='lat' dir='ltr'>hoc</span> <span class='ocrx_word' id='word_1_863' title='bbox 1336 5399 1643 5468; x_wconf 88' lang='lat' dir='ltr'>respondeo</span> <span class='ocrx_word' id='word_1_864' title='bbox 1683 5400 1838 5455; x_wconf 91' lang='lat' dir='ltr'>vobis</span> <span class='ocrx_word' id='word_1_865' title='bbox 1874 5418 1886 5454; x_wconf 92' lang='lat'><strong>:</strong></span> <span class='ocrx_word' id='word_1_866' title='bbox 1922 5400 2082 5470; x_wconf 89' lang='lat' dir='ltr'>Quod</span> 
     </span>
    </p>
   </div>
   <div class='ocr_carea' id='block_1_106' title="bbox 489 5482 2081 5560">
    <p class='ocr_par' dir='ltr' id='par_1_106' title="bbox 489 5482 2081 5560">
     <span class='ocr_line' id='line_1_106' title="bbox 489 5482 2081 5560; baseline 0.004 -21"><span class='ocrx_word' id='word_1_867' title='bbox 489 5484 695 5539; x_wconf 89' lang='lat' dir='ltr'>bonum</span> <span class='ocrx_word' id='word_1_868' title='bbox 724 5488 807 5540; x_wconf 88' lang='lat' dir='ltr'>est</span> <span class='ocrx_word' id='word_1_869' title='bbox 840 5485 1026 5556; x_wconf 90' lang='lat' dir='ltr'>utique</span> <span class='ocrx_word' id='word_1_870' title='bbox 1050 5482 1266 5537; x_wconf 86' lang='lat' dir='ltr'>homini</span> <span class='ocrx_word' id='word_1_871' title='bbox 1286 5486 1583 5542; x_wconf 88' lang='lat' dir='ltr'>mulierem</span> <span class='ocrx_word' id='word_1_872' title='bbox 1604 5505 1718 5542; x_wconf 88' lang='lat' dir='ltr'>non</span> <span class='ocrx_word' id='word_1_873' title='bbox 1742 5492 1972 5560; x_wconf 86' lang='lat' dir='ltr'>tangere</span> <span class='ocrx_word' id='word_1_874' title='bbox 1987 5490 2081 5546; x_wconf 91' lang='lat' dir='ltr'>illo</span> 
     </span>
    </p>
   </div>
   <div class='ocr_carea' id='block_1_107' title="bbox 493 5570 2083 5649">
    <p class='ocr_par' dir='ltr' id='par_1_107' title="bbox 493 5570 2083 5649">
     <span class='ocr_line' id='line_1_107' title="bbox 493 5570 2083 5649; baseline 0.006 -22"><span class='ocrx_word' id='word_1_875' title='bbox 493 5572 657 5633; x_wconf 86' lang='lat' dir='ltr'>modo</span> <span class='ocrx_word' id='word_1_876' title='bbox 678 5571 929 5640; x_wconf 88' lang='lat' dir='ltr'>coeundi,</span> <span class='ocrx_word' id='word_1_877' title='bbox 954 5570 1052 5626; x_wconf 85' lang='lat' dir='ltr'>sed</span> <span class='ocrx_word' id='word_1_878' title='bbox 1083 5577 1262 5625; x_wconf 86' lang='lat' dir='ltr'>tamen</span> <span class='ocrx_word' id='word_1_879' title='bbox 1291 5578 1519 5649; x_wconf 80' lang='lat' dir='ltr'>prapter</span> <span class='ocrx_word' id='word_1_880' title='bbox 1538 5576 1810 5634; x_wconf 86' lang='lat' dir='ltr'>vitandam</span> <span class='ocrx_word' id='word_1_881' title='bbox 1840 5580 2083 5649; x_wconf 76' lang='lat' dir='ltr'>fornica-</span> 
     </span>
    </p>
   </div>
   <div class='ocr_carea' id='block_1_108' title="bbox 2182 4606 3777 4679">
    <p class='ocr_par' dir='ltr' id='par_1_108' title="bbox 2182 4606 3777 4679">
     <span class='ocr_line' id='line_1_108' title="bbox 2182 4606 3777 4679; baseline 0 -17"><span class='ocrx_word' id='word_1_882' title='bbox 2182 4624 2303 4662; x_wconf 90' lang='lat' dir='ltr'>eum</span> <span class='ocrx_word' id='word_1_883' title='bbox 2332 4608 2483 4678; x_wconf 87' lang='lat' dir='ltr'>prius</span> <span class='ocrx_word' id='word_1_884' title='bbox 2511 4606 2791 4661; x_wconf 87' lang='lat' dir='ltr'>habuisse.</span> <span class='ocrx_word' id='word_1_885' title='bbox 2840 4606 2939 4661; x_wconf 86' lang='lat' dir='ltr'>Hic</span> <span class='ocrx_word' id='word_1_886' title='bbox 2988 4606 3150 4661; x_wconf 91' lang='lat' dir='ltr'>etiam</span> <span class='ocrx_word' id='word_1_887' title='bbox 3180 4606 3459 4675; x_wconf 89' lang='lat' dir='ltr'>objiciunt,</span> <span class='ocrx_word' id='word_1_888' title='bbox 3493 4607 3642 4679; x_wconf 87' lang='lat' dir='ltr'>quia,</span> <span class='ocrx_word' id='word_1_889' title='bbox 3676 4608 3777 4676; x_wconf 85' lang='lat' dir='ltr'>ait,</span> 
     </span>
    </p>
   </div>
   <div class='ocr_carea' id='block_1_109' title="bbox 2180 4694 3778 4767">
    <p class='ocr_par' dir='ltr' id='par_1_109' title="bbox 2180 4694 3778 4767">
     <span class='ocr_line' id='line_1_109' title="bbox 2180 4694 3778 4767; baseline 0.001 -16"><span class='ocrx_word' id='word_1_890' title='bbox 2180 4696 2304 4752; x_wconf 91' lang='lat' dir='ltr'>volo</span> <span class='ocrx_word' id='word_1_891' title='bbox 2344 4696 2624 4751; x_wconf 91' lang='lat' dir='ltr'>continere</span> <span class='ocrx_word' id='word_1_892' title='bbox 2673 4711 2885 4763; x_wconf 90' lang='lat' dir='ltr'>omnes,</span> <span class='ocrx_word' id='word_1_893' title='bbox 2937 4694 3083 4767; x_wconf 91' lang='lat' dir='ltr'>quod</span> <span class='ocrx_word' id='word_1_894' title='bbox 3130 4694 3445 4766; x_wconf 84' lang='lat' dir='ltr'>conjugium</span> <span class='ocrx_word' id='word_1_895' title='bbox 3489 4696 3778 4753; x_wconf 88' lang='lat' dir='ltr'>destruere</span> 
     </span>
    </p>
   </div>
   <div class='ocr_carea' id='block_1_110' title="bbox 2180 4783 3779 4855">
    <p class='ocr_par' dir='ltr' id='par_1_110' title="bbox 2180 4783 3779 4855">
     <span class='ocr_line' id='line_1_110' title="bbox 2180 4783 3779 4855; baseline -0.001 -14"><span class='ocrx_word' id='word_1_896' title='bbox 2180 4785 2359 4851; x_wconf 89' lang='lat' dir='ltr'>vellet,</span> <span class='ocrx_word' id='word_1_897' title='bbox 2394 4785 2492 4840; x_wconf 90' lang='lat' dir='ltr'>sed</span> <span class='ocrx_word' id='word_1_898' title='bbox 2535 4784 2667 4838; x_wconf 90' lang='lat' dir='ltr'>nihil</span> <span class='ocrx_word' id='word_1_899' title='bbox 2695 4792 2775 4839; x_wconf 91' lang='lat' dir='ltr'>est</span> <span class='ocrx_word' id='word_1_900' title='bbox 2807 4804 2825 4839; x_wconf 91' lang='lat'><strong><em>:</em></strong></span> <span class='ocrx_word' id='word_1_901' title='bbox 2855 4784 2982 4855; x_wconf 90' lang='lat' dir='ltr'>quia</span> <span class='ocrx_word' id='word_1_902' title='bbox 3029 4783 3075 4837; x_wconf 91' lang='lat' dir='ltr'>si</span> <span class='ocrx_word' id='word_1_903' title='bbox 3122 4798 3311 4837; x_wconf 88' lang='lat' dir='ltr'>omnes</span> <span class='ocrx_word' id='word_1_904' title='bbox 3341 4784 3591 4855; x_wconf 87' lang='lat' dir='ltr'>exemplo</span> <span class='ocrx_word' id='word_1_905' title='bbox 3620 4786 3779 4841; x_wconf 85' lang='lat' dir='ltr'>Pauli</span> 
     </span>
    </p>
   </div>
   <div class='ocr_carea' id='block_1_111' title="bbox 2180 4872 3779 4947">
    <p class='ocr_par' dir='ltr' id='par_1_111' title="bbox 2180 4872 3779 4947">
     <span class='ocr_line' id='line_1_111' title="bbox 2180 4872 3779 4947; baseline -0.001 -17"><span class='ocrx_word' id='word_1_906' title='bbox 2180 4874 2535 4939; x_wconf 91' lang='lat' dir='ltr'>continerent,</span> <span class='ocrx_word' id='word_1_907' title='bbox 2568 4872 2670 4943; x_wconf 90' lang='lat' dir='ltr'>ipsi</span> <span class='ocrx_word' id='word_1_908' title='bbox 2726 4873 2872 4927; x_wconf 89' lang='lat' dir='ltr'>idem</span> <span class='ocrx_word' id='word_1_909' title='bbox 2926 4872 3138 4944; x_wconf 88' lang='lat' dir='ltr'>aliquos</span> <span class='ocrx_word' id='word_1_910' title='bbox 3168 4888 3233 4926; x_wconf 90' lang='lat' dir='ltr'>ex</span> <span class='ocrx_word' id='word_1_911' title='bbox 3273 4872 3469 4943; x_wconf 90' lang='lat' dir='ltr'>seipsis</span> <span class='ocrx_word' id='word_1_912' title='bbox 3515 4874 3779 4947; x_wconf 74' lang='lat' dir='ltr'>conjugis.</span> 
     </span>
    </p>
   </div>
   <div class='ocr_carea' id='block_1_112' title="bbox 2180 4960 3769 5035">
    <p class='ocr_par' dir='ltr' id='par_1_112' title="bbox 2180 4960 3769 5035">
     <span class='ocr_line' id='line_1_112' title="bbox 2180 4960 3769 5035; baseline 0.002 -19"><span class='ocrx_word' id='word_1_913' title='bbox 2180 4963 2315 5018; x_wconf 91' lang='lat' dir='ltr'>inire</span> <span class='ocrx_word' id='word_1_914' title='bbox 2370 4970 2651 5035; x_wconf 86' lang='lat' dir='ltr'>cogerent,</span> <span class='ocrx_word' id='word_1_915' title='bbox 2703 4977 2771 5015; x_wconf 92' lang='lat' dir='ltr'>ne</span> <span class='ocrx_word' id='word_1_916' title='bbox 2824 4961 3024 5015; x_wconf 89' lang='lat' dir='ltr'>bonum</span> <span class='ocrx_word' id='word_1_917' title='bbox 3057 4960 3155 5015; x_wconf 90' lang='lat' dir='ltr'>Dei</span> <span class='ocrx_word' id='word_1_918' title='bbox 3203 4961 3499 5015; x_wconf 90' lang='lat' dir='ltr'>institutum</span> <span class='ocrx_word' id='word_1_919' title='bbox 3529 4963 3769 5033; x_wconf 90' lang='lat' dir='ltr'>periret.</span> 
     </span>
    </p>
   </div>
   <div class='ocr_carea' id='block_1_113' title="bbox 2181 5048 3778 5123">
    <p class='ocr_par' dir='ltr' id='par_1_113' title="bbox 2181 5048 3778 5123">
     <span class='ocr_line' id='line_1_113' title="bbox 2181 5048 3778 5123; baseline 0.001 -17"><span class='ocrx_word' id='word_1_920' title='bbox 2181 5052 2321 5107; x_wconf 90' lang='lat' dir='ltr'>Dicit</span> <span class='ocrx_word' id='word_1_921' title='bbox 2350 5052 2512 5106; x_wconf 90' lang='lat' dir='ltr'>etiam</span> <span class='ocrx_word' id='word_1_922' title='bbox 2543 5051 2680 5105; x_wconf 91' lang='lat' dir='ltr'>bene</span> <span class='ocrx_word' id='word_1_923' title='bbox 2709 5049 3043 5122; x_wconf 81' lang='lat' dir='ltr'>Augustinus</span> <span class='ocrx_word' id='word_1_924' title='bbox 3074 5048 3189 5118; x_wconf 88' lang='lat' dir='ltr'>(lib.</span> <span class='ocrx_word' id='word_1_925' title='bbox 3222 5050 3299 5105; x_wconf 87' lang='lat' dir='ltr'>De</span> <span class='ocrx_word' id='word_1_926' title='bbox 3330 5050 3466 5104; x_wconf 89' lang='lat' dir='ltr'>bono</span> <span class='ocrx_word' id='word_1_927' title='bbox 3496 5053 3778 5123; x_wconf 84' lang='lat' dir='ltr'>conjugii,</span> 
     </span>
    </p>
   </div>
   <div class='ocr_carea' id='block_1_114' title="bbox 2182 5138 3777 5211">
    <p class='ocr_par' dir='ltr' id='par_1_114' title="bbox 2182 5138 3777 5211">
     <span class='ocr_line' id='line_1_114' title="bbox 2182 5138 3777 5211; baseline 0.001 -16"><span class='ocrx_word' id='word_1_928' title='bbox 2182 5156 2304 5210; x_wconf 89' lang='lat' dir='ltr'>cap.</span> <span class='ocrx_word' id='word_1_929' title='bbox 2339 5139 2447 5209; x_wconf 79' lang='grc'>10),</span> <span class='ocrx_word' id='word_1_930' title='bbox 2493 5139 2618 5211; x_wconf 91' lang='lat' dir='ltr'>quia</span> <span class='ocrx_word' id='word_1_931' title='bbox 2665 5138 2709 5193; x_wconf 93' lang='lat' dir='ltr'>si</span> <span class='ocrx_word' id='word_1_932' title='bbox 2740 5154 2931 5192; x_wconf 88' lang='lat' dir='ltr'>omnes</span> <span class='ocrx_word' id='word_1_933' title='bbox 2979 5145 3163 5193; x_wconf 89' lang='lat' dir='ltr'>essent</span> <span class='ocrx_word' id='word_1_934' title='bbox 3209 5138 3347 5194; x_wconf 91' lang='lat' dir='ltr'>sicut</span> <span class='ocrx_word' id='word_1_935' title='bbox 3394 5138 3613 5205; x_wconf 89' lang='lat' dir='ltr'>Paulus,</span> <span class='ocrx_word' id='word_1_936' title='bbox 3665 5141 3777 5197; x_wconf 92' lang='lat' dir='ltr'>cito</span> 
     </span>
    </p>
   </div>
   <div class='ocr_carea' id='block_1_115' title="bbox 2181 5226 3484 5297">
    <p class='ocr_par' dir='ltr' id='par_1_115' title="bbox 2181 5226 3484 5297">
     <span class='ocr_line' id='line_1_115' title="bbox 2181 5226 3484 5297; baseline -0.003 -13"><span class='ocrx_word' id='word_1_937' title='bbox 2181 5229 2373 5285; x_wconf 89' lang='lat' dir='ltr'>civitas</span> <span class='ocrx_word' id='word_1_938' title='bbox 2402 5229 2500 5282; x_wconf 92' lang='lat' dir='ltr'>Dei</span> <span class='ocrx_word' id='word_1_939' title='bbox 2529 5235 2582 5282; x_wconf 90' lang='lat' dir='ltr'>et</span> <span class='ocrx_word' id='word_1_940' title='bbox 2610 5243 2867 5283; x_wconf 91' lang='lat' dir='ltr'>numerus</span> <span class='ocrx_word' id='word_1_941' title='bbox 2898 5226 3122 5282; x_wconf 86' lang='lat' dir='ltr'>fratrum</span> <span class='ocrx_word' id='word_1_942' title='bbox 3151 5226 3484 5297; x_wconf 89' lang='lat' dir='ltr'>impleretur.</span> 
     </span>
    </p>
   </div>
   <div class='ocr_carea' id='block_1_116' title="bbox 2252 5315 3779 5387">
    <p class='ocr_par' dir='ltr' id='par_1_116' title="bbox 2252 5315 3779 5387">
     <span class='ocr_line' id='line_1_116' title="bbox 2252 5315 3779 5387; baseline 0.001 -15"><span class='ocrx_word' id='word_1_943' title='bbox 2252 5318 2334 5372; x_wconf 89' lang='lat' dir='ltr'>Ne</span> <span class='ocrx_word' id='word_1_944' title='bbox 2380 5317 2594 5383; x_wconf 88' lang='lat' dir='ltr'>iterum,</span> <span class='ocrx_word' id='word_1_945' title='bbox 2659 5317 2785 5387; x_wconf 91' lang='lat' dir='ltr'>quia</span> <span class='ocrx_word' id='word_1_946' title='bbox 2832 5315 3041 5370; x_wconf 89' lang='lat' dir='ltr'>dixerat</span> <span class='ocrx_word' id='word_1_947' title='bbox 3078 5333 3090 5369; x_wconf 97' lang='lat'>:</span> <span class='ocrx_word' id='word_1_948' title='bbox 3125 5315 3261 5371; x_wconf 88' lang='lat' dir='ltr'>Volo</span> <span class='ocrx_word' id='word_1_949' title='bbox 3304 5331 3403 5370; x_wconf 89' lang='lat' dir='ltr'>vos</span> <span class='ocrx_word' id='word_1_950' title='bbox 3459 5332 3586 5372; x_wconf 89' lang='lat' dir='ltr'>esse</span> <span class='ocrx_word' id='word_1_951' title='bbox 3634 5317 3779 5373; x_wconf 90' lang='lat' dir='ltr'>sicut</span> 
     </span>
    </p>
   </div>
   <div class='ocr_carea' id='block_1_117' title="bbox 2182 5403 3775 5475">
    <p class='ocr_par' dir='ltr' id='par_1_117' title="bbox 2182 5403 3775 5475">
     <span class='ocr_line' id='line_1_117' title="bbox 2182 5403 3775 5475; baseline 0.002 -16"><span class='ocrx_word' id='word_1_952' title='bbox 2182 5422 2286 5470; x_wconf 90' lang='lat' dir='ltr'>me,</span> <span class='ocrx_word' id='word_1_953' title='bbox 2320 5413 2572 5475; x_wconf 89' lang='lat' dir='ltr'>putarent</span> <span class='ocrx_word' id='word_1_954' title='bbox 2603 5421 2661 5459; x_wconf 87' lang='lat' dir='ltr'>se</span> <span class='ocrx_word' id='word_1_955' title='bbox 2689 5420 2799 5459; x_wconf 90' lang='lat' dir='ltr'>non</span> <span class='ocrx_word' id='word_1_956' title='bbox 2830 5404 3045 5469; x_wconf 87' lang='lat' dir='ltr'>salvari,</span> <span class='ocrx_word' id='word_1_957' title='bbox 3099 5403 3201 5457; x_wconf 88' lang='lat' dir='ltr'>nisi</span> <span class='ocrx_word' id='word_1_958' title='bbox 3247 5420 3345 5474; x_wconf 91' lang='lat' dir='ltr'>per</span> <span class='ocrx_word' id='word_1_959' title='bbox 3372 5405 3775 5462; x_wconf 87' lang='lat' dir='ltr'>continentiam</span> 
     </span>
    </p>
   </div>
   <div class='ocr_carea' id='block_1_118' title="bbox 2184 5492 3779 5559">
    <p class='ocr_par' dir='ltr' id='par_1_118' title="bbox 2184 5492 3779 5559">
     <span class='ocr_line' id='line_1_118' title="bbox 2184 5492 3779 5559; baseline 0.002 -12"><span class='ocrx_word' id='word_1_960' title='bbox 2184 5494 2615 5548; x_wconf 89' lang='lat' dir='ltr'>assimilarentur</span> <span class='ocrx_word' id='word_1_961' title='bbox 2678 5493 2749 5559; x_wconf 91' lang='lat' dir='ltr'>ei,</span> <span class='ocrx_word' id='word_1_962' title='bbox 2809 5501 2995 5547; x_wconf 91' lang='lat' dir='ltr'>contra</span> <span class='ocrx_word' id='word_1_963' title='bbox 3051 5493 3155 5547; x_wconf 91' lang='lat' dir='ltr'>hoc</span> <span class='ocrx_word' id='word_1_964' title='bbox 3212 5492 3286 5547; x_wconf 90' lang='lat' dir='ltr'>ait</span> <span class='ocrx_word' id='word_1_965' title='bbox 3343 5493 3587 5549; x_wconf 89' lang='lat' dir='ltr'>Paulus:</span> <span class='ocrx_word' id='word_1_966' title='bbox 3623 5496 3779 5553; x_wconf 88' lang='lat' dir='ltr'>Licet</span> 
     </span>
    </p>
   </div>
   <div class='ocr_carea' id='block_1_119' title="bbox 2183 5580 3777 5655">
    <p class='ocr_par' dir='ltr' id='par_1_119' title="bbox 2183 5580 3777 5655">
     <span class='ocr_line' id='line_1_119' title="bbox 2183 5580 3777 5655; baseline 0.003 -17"><span class='ocrx_word' id='word_1_967' title='bbox 2183 5582 2361 5639; x_wconf 88' lang='lat' dir='ltr'>dicam</span> <span class='ocrx_word' id='word_1_968' title='bbox 2390 5582 2535 5655; x_wconf 91' lang='lat' dir='ltr'>quod</span> <span class='ocrx_word' id='word_1_969' title='bbox 2565 5582 2758 5638; x_wconf 90' lang='lat' dir='ltr'>vellem</span> <span class='ocrx_word' id='word_1_970' title='bbox 2788 5597 2883 5637; x_wconf 91' lang='lat' dir='ltr'>vos</span> <span class='ocrx_word' id='word_1_971' title='bbox 2914 5580 3113 5637; x_wconf 83' lang='lat' dir='ltr'>imitari</span> <span class='ocrx_word' id='word_1_972' title='bbox 3141 5597 3228 5635; x_wconf 91' lang='lat' dir='ltr'>me</span> <span class='ocrx_word' id='word_1_973' title='bbox 3245 5598 3345 5655; x_wconf 91' lang='lat' dir='ltr'>per</span> <span class='ocrx_word' id='word_1_974' title='bbox 3360 5582 3777 5645; x_wconf 86' lang='lat' dir='ltr'>continentiam.</span> 
     </span>
    </p>
   </div>
  </div>
