3948 6420
208 366 318 421 15⁵7

779 360 1161 421 EXPOSITIO
1217 361 1293 418 IN
1347 354 1732 418 EPISTOLAS
1786 351 2013 411 PAULI.
2062 384 2135 399 —
2181 356 2257 414 IN
2308 357 2535 415 EPIST.
2599 358 2756 415 IAD
2808 355 2977 414 COR.

3437 356 3540 409 158

213 498 403 545 tamen
427 489 815 563 unusquisque
837 493 1090 545 vestrum
1110 488 1578 560 habetproprium
1591 484 1823 545 donum,
1845 479 1901 540 Α
1930 496 2031 551 per
2061 483 2234 539 virum
2265 484 2506 553 ﬁdelem,
2538 484 2667 540 inde
2696 484 2986 541 docentem
3013 497 3157 539 eam.
3211 479 3311 537 Vel
3341 478 3498 536 aliter
3532 492 3545 531 :

215 574 500 631 sufﬁciens
530 574 634 629 sibi
662 574 734 630 ad
765 573 999 630 salutem
1034 591 1047 628 :
1081 573 1226 645 quod
1274 587 1381 645 ego
1429 568 1681 626 fortassis
1724 581 1836 622 non
1935 572 2132 629 Mulier
2158 572 2400 630 inﬁdelis
2427 574 2482 629 in
2511 573 2634 645 ipso
2672 573 2820 630 coitu
2859 571 3198 629 sanctiﬁcata
3241 577 3296 626 et
3339 566 3544 624 munda

214 664 417 720 habeo.
438 664 506 718 Et
528 664 632 720 hoc
650 663 854 719 donum
864 663 1028 718 habet
1044 679 1118 719 ea:
1142 664 1278 718 Deo.
1303 662 1465 717 Alius
1485 658 1708 733 quidem
1727 657 1831 721 sic,

218 753 347 826 quia
397 752 585 825 largus
633 752 686 807 in
735 752 1105 823 eleemosyna.
1156 752 1316 807 Alius
1359 766 1486 807 vero
1525 750 1624 816 sic,
1676 742 1833 817 quasi

217 842 375 898 fortis
404 842 460 897 in
488 840 763 913 patientia,
802 857 1033 914 magnus
1062 840 1115 895 in
1160 839 1425 895 oratione.
1479 836 1569 892 Sic
1611 834 1735 890 dico
1761 833 1831 888 de

218 931 553 1003 conjugatis.
584 931 700 987 Hoc
728 934 923 986 autem
941 930 1062 986 dico
1081 945 1199 985 non
1226 930 1440 1000 nuptis,
1465 926 1522 981 id
1551 932 1634 981 est
1662 921 1832 994 virgi-

215 1016 383 1071 nibus
410 1016 469 1071 in
515 1023 747 1087 utroque
777 1032 931 1084 sexu,
982 1022 1036 1070 et
1084 1012 1264 1069 viduis
1309 1012 1367 1067 in
1394 1017 1625 1081 utroque
1669 1024 1824 1073 sexu,

222 1105 355 1177 quia
386 1106 585 1161 bonum
614 1113 697 1160 est
727 1104 835 1159 illis
864 1104 909 1159 si
942 1103 1019 1159 sic
1050 1102 1379 1160 continendo
1423 1104 1778 1172 permaneant
1811 1110 1823 1150 :

212 1195 356 1251 sicut
386 1194 589 1265 plures,
624 1201 677 1249 et
706 1209 813 1265 ego
843 1193 1116 1249 contineo.
1154 1191 1305 1261 Quod
1332 1192 1383 1246 si
1410 1205 1525 1246 non
1554 1203 1613 1244 se
1640 1185 1825 1242 conti-

211 1288 382 1348 nent,
414 1283 471 1338 id
499 1290 579 1339 est
609 1283 887 1339 continere
915 1282 1123 1351 nolunt,
1157 1280 1245 1336 vel
1273 1295 1382 1335 non
1419 1285 1649 1350 possunt
1682 1293 1695 1331 :
1729 1291 1823 1330 se-

208 1372 455 1429 cundum
481 1371 875 1445 indulgentiam
905 1372 1030 1428 dico
1059 1371 1312 1426 nubant:
1334 1369 1459 1424 ideo
1489 1366 1698 1422 nubere
1728 1367 1824 1422 hu-

203 1461 456 1531 jusmodi
480 1461 723 1517 concedo
757 1478 770 1515 :
794 1461 926 1532 quia
954 1462 1162 1515 melius
1199 1464 1285 1515 est
1311 1459 1521 1514 nubere
1536 1457 1669 1528 (non
1697 1456 1822 1513 dico

201 1566 376 1623 quam
405 1549 702 1620 fornicari),
736 1549 833 1605 sed
864 1549 1033 1621 (quod
1062 1548 1240 1603 minus
1268 1548 1374 1617 est)
1404 1561 1567 1618 quam
1598 1545 1710 1612 uri,
1764 1544 1819 1599 id

202 1648 293 1695 est
320 1638 609 1694 desideriis
649 1638 892 1694 libidinis
937 1637 1133 1709 agitari
1165 1645 1217 1692 et
1251 1633 1414 1692 vinci.
1460 1636 1583 1690 Non
1634 1632 1818 1705 nuptis

200 1738 258 1786 et
276 1728 458 1785 viduis
479 1728 708 1783 alterum
733 1727 1031 1784 secundum
1060 1726 1458 1799 indulgentiam
1478 1725 1708 1780 alterum
1729 1738 1817 1777 se-

1935 670 2038 726 est,
2083 664 2414 733 praevalente
2461 661 2569 718 ﬁde
2624 662 2728 718 viri
2768 662 2872 718 sui.
2922 662 3047 718 Non
3098 660 3303 716 debent
3355 657 3543 729 utique

1934 750 2177 807 vicissim
2221 769 2281 807 se
2323 752 2595 807 dimittere
2623 760 2851 823 propter
2879 750 3192 822 praemissa,
3238 746 3338 804 sed
3377 743 3541 801 simul

1932 855 2159 897 manere
2191 857 2204 895 :
2239 842 2372 914 quia
2392 843 2668 914 alioquin,
2691 840 2746 895 id
2766 847 2870 908 est,
2896 840 2942 895 si
2959 840 3100 895 alter
3115 838 3350 894 alterum
3378 833 3541 890 dimi-

1933 930 2086 995 serit,
2110 930 2222 999 ﬁlii
2241 932 2416 987 vestri
2435 934 2624 986 essent
2640 929 2946 996 immundi,
2972 928 3029 984 id
3049 936 3132 983 est
3146 942 3257 983 non
3284 922 3537 998 legitimi,

1933 1018 2033 1073 sed
2062 1018 2261 1090 spurii.
2301 1019 2357 1074 Si
2387 1018 2534 1075 enim
2572 1018 2905 1074 connubium
2936 1016 3184 1085 solvitur,
3232 1013 3536 1085 legitimum

1932 1106 2103 1164 fuisse
2132 1123 2242 1163 non
2272 1108 2547 1174 creditur;
2582 1115 2635 1162 et
2662 1107 2788 1162 ideo
2830 1104 2924 1163 ﬁlii
2965 1121 3077 1161 non
3122 1102 3354 1177 legitimi
3383 1102 3432 1158 si
3478 1116 3538 1157 se

1931 1196 2227 1265 dimittunt,
2255 1196 2350 1252 ﬁlii
2381 1204 2505 1252 sunt
2552 1196 2818 1251 immundi
2854 1213 2867 1251 :
2901 1195 3000 1252 sed
3047 1210 3224 1260 nunc,
3255 1192 3311 1247 id
3338 1198 3441 1257 est,
3491 1190 3540 1245 si

1930 1285 2241 1341 cohabitant
2274 1304 2288 1341 :
2321 1285 2415 1340 ﬁlii
2442 1290 2582 1342 sunt
2605 1287 2813 1353 sancti,
2848 1284 2902 1340 id
2929 1292 3033 1350 est,
3059 1282 3375 1352 judicantur
3403 1279 3539 1353 legi-

1930 1374 2066 1429 timi.
2104 1374 2203 1430 Vel
2239 1374 2396 1430 aliter
2428 1391 2441 1430 :
2475 1375 2604 1431 Ideo
2650 1390 2762 1430 non
2805 1371 3157 1445 separemini,
3190 1369 3450 1442 alioquin,
3482 1367 3538 1423 id

1931 1471 2031 1530 est,
2064 1463 2113 1518 si
2139 1464 2299 1519 aliter
2327 1462 2437 1530 ﬁat,
2482 1462 2575 1518 ﬁlii
2617 1463 2788 1520 vestri
2836 1469 3022 1518 essent
3047 1457 3334 1528 immundi,
3366 1458 3423 1514 id
3453 1463 3538 1513 est

1929 1552 1983 1607 in
2012 1551 2328 1609 inﬁdelitate
2357 1560 2772 1625 permanerent.
2805 1552 2862 1608 Si
2879 1552 3027 1607 enim
3055 1550 3196 1607 alter
3224 1555 3531 1620 parentum,

1929 1657 2054 1697 cum
2092 1640 2326 1697 inﬁdelis
2356 1650 2521 1709 esset,
2551 1642 2621 1697 ad
2668 1641 2834 1697 ﬁdem
2881 1639 3159 1707 transiret,
3208 1636 3303 1693 ﬁlii
3346 1636 3536 1708 utique

1927 1730 2005 1786 illi
2034 1731 2246 1803 parenti
2294 1731 2650 1797 adhaererent,
2701 1730 2795 1803 qui
2834 1730 2890 1785 in
2931 1728 3102 1801 priori
3149 1735 3299 1783 secta
3344 1740 3541 1782 rema—.

200 1820 449 1876 cundum
494 1818 778 1875 consilium
823 1818 993 1876 dico:
1044 1818 1142 1874 sed
1191 1818 1279 1875 his
1315 1818 1414 1887 qui
1446 1816 1816 1872 matrimonio
1841 1844 1895 1905 B
1929 1827 2086 1875 neret
2119 1837 2133 1874 :
2164 1819 2217 1874 in
2250 1835 2361 1891 qua
2404 1818 2500 1875 ﬁlii
2545 1819 2657 1875 nati
2704 1826 2910 1885 essent,
2965 1825 3019 1874 et
3046 1818 3103 1872 in
3146 1831 3256 1888 qua
3301 1829 3537 1871 consue-

181 1909 396 1979 juncti
443 1912 627 1965 sunt:
666 1925 782 1963 non
836 1908 1012 1964 solum
1072 1908 1198 1964 dico
1245 1906 1345 1963 sed
1385 1906 1674 1979 praecipio,
1712 1920 1821 1960 non

198 2016 321 2071 ego,
391 1998 489 2054 sed
534 1999 826 2064 Dominus,
873 1996 930 2053 id
976 2004 1058 2053 est
1099 2012 1206 2052 non
1270 2010 1396 2051 mea
1458 1994 1781 2050 auctoritate
1806 2037 1819 2060 ,

197 2088 301 2143 sed
372 2086 590 2142 Domini
640 2086 1007 2158 praecipientis
1066 2086 1123 2141 in
1163 2083 1466 2169 Evangelio
1492 2126 1505 2149 ,
1580 2099 1821 2139 uxorem

201 2194 324 2234 non
380 2176 666 2232 discedere
694 2193 729 2231 a
776 2177 917 2232 viro.
973 2176 1089 2231 Hoc
1138 2181 1476 2246 praeceptum
1519 2172 1643 2244 quia
1688 2170 1820 2227 satis

201 2273 397 2321 notum
484 2272 636 2331 erat,
707 2263 1088 2335 imperfectum
1192 2262 1391 2335 posuit,
1484 2260 1819 2333 praetermit-

206 2364 333 2410 tens
365 2355 470 2409 hoc
500 2354 617 2409 nisi
647 2370 822 2410 causa
851 2354 1272 2425 fornicationis.
1319 2350 1473 2420 Quod
1508 2353 1559 2407 si
1597 2366 1747 2406 uxor
1782 2366 1819 2405 a

204 2447 329 2500 viro
360 2443 705 2510 discesserit,
740 2451 964 2514 propter
1000 2442 1418 2498 fornicationem
1446 2448 1539 2495 aut
1568 2455 1665 2511 per
1693 2454 1817 2495 con.

198 2548 426 2589 sensum
439 2531 1070 2603 continentiampraicipio
1081 2531 1230 2587 illam
1240 2547 1473 2586 manere
1486 2532 1812 2603 innuptam,

200 2627 307 2679 aut
342 2622 721 2677 reconciliari
740 2622 857 2676 viro
888 2638 1007 2677 suo.
1040 2621 1111 2675 Et
1130 2620 1215 2676 vir
1233 2619 1483 2675 similiter
1502 2634 1608 2675 non
1635 2619 1817 2675 dimit-

198 2720 278 2767 tat
314 2726 567 2775 uxorem,
614 2710 719 2765 nisi
765 2718 991 2781 propter
1049 2725 1270 2765 causam
1316 2708 1655 2781 praemissam
1698 2708 1813 2764 for-

195 2800 511 2857 nicationis.
564 2800 664 2855 Hic
709 2799 907 2855 iterum
948 2808 1278 2871 praeceptum
1304 2798 1679 2869 imperfectum
1707 2813 1812 2869 po-

195 2890 325 2955 suit,
379 2888 510 2961 quia
580 2888 935 2959 prazmiserat.
986 2888 1056 2943 Et
1102 2897 1186 2943 est
1230 2887 1302 2942 ita
1346 2886 1809 2959 intelligendum:

196 2979 295 3033 Vir
326 2994 438 3033 non
468 2977 703 3033 dimittat
723 2994 944 3033 uxorem
983 2977 1087 3032 nisi
1107 2985 1330 3049 pr0pter
1359 2976 1807 3043 fornicationem;

198 3084 362 3141 quam
392 3067 437 3122 si
461 3075 683 3139 propter
711 3068 815 3123 hoc
843 3066 1130 3133 dimiserit,
1165 3074 1382 3122 maneat
1410 3066 1689 3137 innuptus,
1723 3065 1809 3123 vel

208 3157 370 3212 uxori
410 3156 812 3212 reconcilietur.
838 3157 896 3211 In
932 3156 1069 3211 libro
1095 3157 1154 3212 B.
1180 3156 1455 3212 Ambrosii
1480 3157 1586 3212 hoc
1624 3164 1806 3211 tamen

193 3247 473 3302 invenitur
506 3262 518 3300 :
554 3245 679 3302 ideo
706 3261 816 3301 non
841 3253 1010 3302 totum
1041 3246 1110 3302 de
1152 3245 1271 3302 viro
1309 3254 1639 3317 praeceptum
1677 3262 1800 3302 esse

190 3337 338 3409 quod
366 3336 438 3391 de
489 3335 717 3391 muliere
753 3352 765 3391 :
801 3335 925 3408 quia
956 3351 1090 3391 uxor
1117 3336 1424 3390 membrum
1455 3335 1553 3390 viri
1607 3343 1709 3403 est,
1747 3343 1801 3392 et

186 3426 407 3497 penitus
437 3425 558 3480 viro
588 3425 832 3494 subjecta
866 3443 880 3480 :
913 3441 1082 3497 quare
1111 3425 1158 3480 si
1186 3440 1221 3481 a
1250 3424 1368 3480 viro
1396 3423 1649 3491 discedit,
1689 3441 1801 3481 non

187 3514 313 3570 licet
342 3514 629 3569 adhaerere
672 3514 847 3570 alteri.
900 3515 1010 3570 Sed
1039 3514 1141 3580 vir,
1176 3513 1304 3586 quia
1334 3514 1437 3569 sub
1468 3530 1528 3569 se
1571 3530 1798 3570 uxorem

190 3605 377 3673 habet,
436 3611 489 3659 et
538 3603 739 3675 ubique
789 3604 1096 3659 dominatur
1123 3604 1173 3659 ei
1208 3620 1220 3658 :
1252 3604 1375 3659 ideo
1408 3604 1574 3659 licere
1604 3603 1723 3659 viro
1752 3604 1798 3659 si

184 3690 328 3759 justa
353 3705 521 3745 causa
544 3689 616 3743 ab
634 3704 805 3745 uxore
826 3689 1160 3755 discesserit,
1180 3689 1380 3745 ducere
1409 3688 1632 3744 alteram
1651 3689 1799 3762 quod

191 3795 297 3834 non
327 3779 460 3835 licet
488 3778 666 3834 uxori.
700 3779 797 3834 His
826 3794 935 3834 non
965 3795 1069 3852 ego
1091 3779 1351 3850 praecipio
1384 3796 1398 3834 :
1431 3795 1556 3834 nam
1578 3780 1797 3837 caeteris

188 3875 391 3923 tantum
424 3883 534 3941 ego
563 3867 685 3925 dico
714 3885 830 3924 non
852 3869 1143 3935 Dominus,
1190 3868 1245 3923 id
1276 3876 1359 3924 est
1388 3884 1455 3925 ex
1483 3869 1797 3926 auctoritate

186 3974 328 4013 mea.
352 3959 479 4013 Non
508 3958 653 4029 quod
684 3957 950 4013 Dominus
1010 3974 1121 4013 non
1160 3959 1481 4027 consentiat,
1528 3959 1626 4014 sed
1670 3959 1798 4031 quia

187 4047 570 4104 auctoritatem
599 4048 717 4117 ejus
746 4047 815 4102 de
841 4047 944 4103 hac
974 4064 1035 4102 re
1063 4047 1117 4102 in
1160 4047 1439 4119 Scriptura
1485 4064 1593 4103 non
1637 4048 1797 4104 inve-

185 4136 293 4192 nio.
322 4136 549 4191 Caeteris
597 4136 741 4202 dico,
775 4136 829 4191 id
876 4144 959 4191 est
998 4134 1143 4191 ﬁdeli
1186 4145 1240 4193 et
1282 4135 1508 4203 inﬁdeli,
1543 4146 1596 4193 et
1626 4153 1795 4193 econ-

188 4241 348 4281 verso
376 4226 503 4299 lege
534 4225 771 4297 coniugii
794 4226 1020 4295 junctis.
1054 4227 1171 4282 Hoc
1200 4226 1384 4299 utique
1415 4227 1689 4300 dicoquod
1718 4233 1798 4284 st-

188 4318 307 4386 quis
331 4318 555 4387 fratrer
567 4316 751 4384 ﬁdelis
774 4314 937 4370 habet
959 4316 1247 4384 inﬁdelem
1264 4333 1524 4383 uxorem,
1556 4316 1617 4373 1
1640 4317 1794 4374 10

188 4409 240 4457 et
266 4405 381 4460 haec
403 4402 642 4458 inﬁdelis
652 4405 939 4459 consentit
954 4404 1207 4461 habitare
1228 4422 1359 4461 cum
1373 4406 1473 4462 illo
1496 4405 1662 4473 ﬁdeli,
1678 4424 1796 4464 non

185 4491 443 4548 dimittat
476 4494 663 4559 illam,
698 4508 801 4549 nec
830 4493 957 4565 quia
986 4492 1165 4549 ﬁdelis
1187 4503 1268 4549 est
1298 4504 1622 4566 aspernetur
1670 4512 1791 4553 eam

1922 1909 2150 1965 vissent.
2192 1910 2257 1964 Et
2287 1909 2412 1965 ideo
2442 1924 2632 1964 amore
2663 1908 2901 1964 ﬁliorum
2930 1907 3133 1962 bonum
3165 1913 3249 1960 est
3275 1910 3537 1975 parentes

1923 1998 2084 2053 simul
2132 2014 2382 2054 manere.
2440 1998 2560 2053 Filii
2615 1997 2802 2069 utique
2846 1996 3012 2053 vestri
3042 2002 3227 2051 essent
3272 1990 3541 2048 immundi

1920 2104 2021 2158 per
2049 2085 2448 2143 inﬁdelitatem.
2488 2087 2597 2142 Sed
2628 2102 2775 2142 nunc
2802 2086 2848 2140 si
2896 2084 3059 2140 simul
3100 2082 3401 2139 manserint
3429 2096 3534 2152 pa—

1920 2184 2123 2242 rentes,
2155 2184 2281 2230 sunt
2310 2175 2506 2241 sancti,
2541 2175 2597 2230 id
2631 2183 2714 2231 est
2742 2191 2845 2247 per
2873 2173 3040 2230 ﬁdem
3065 2172 3352 2246 puriﬁcati.
3384 2172 3533 2226 Prte-

1919 2265 2061 2336 cipio
2091 2281 2159 2321 ne
2190 2263 2389 2332 ﬁdelis,
2431 2266 2548 2320 sive
2576 2265 2678 2334 vir,
2729 2265 2848 2321 sive
2889 2264 3105 2330 mulier,
3149 2269 3439 2334 separetur
3463 2260 3531 2315 ab

1918 2353 2143 2409 inﬁdeli.
2177 2354 2330 2423 Quod
2350 2356 2398 2411 si
2414 2355 2687 2425 inﬁdelis,
2709 2354 2798 2410 vel
2827 2354 2930 2421 vir,
2965 2352 3053 2410 vel
3081 2367 3236 2419 uxor,
3269 2349 3528 2417 discedit,

1916 2451 1970 2499 et
1998 2460 2109 2499 non
2137 2443 2411 2501 consentit
2439 2444 2682 2499 habitare
2712 2458 2835 2499 cum
2884 2441 3051 2508 ﬁdeli,
3085 2440 3382 2498 discedat:
3419 2453 3531 2495 non

1917 2541 2180 2605 sequatur
2208 2550 2330 2588 eum
2361 2532 2454 2604 qui
2483 2531 2660 2588 ﬁdelis
2706 2540 2808 2588 est.
2841 2532 2971 2588 Ideo
3018 2531 3142 2587 dico
3186 2528 3529 2601 permittatur

1914 2622 2148 2678 inﬁdelis
2177 2622 2488 2687 discedere,
2537 2629 2855 2678 remanente
2900 2620 3090 2676 ﬁdeli:
3140 2621 3284 2677 Nam
3311 2621 3520 2691 frater,

1913 2719 2004 2766 aut
2034 2727 2193 2767 soror
2223 2710 2419 2775 ﬁdelis,
2443 2727 2558 2768 non
2579 2715 2666 2767 est
2684 2712 2970 2781 subjectus
2990 2709 3255 2766 servituti
3283 2707 3341 2762 in
3358 2707 3526 2763 rebus

1914 2801 2206 2870 ejusmodi,
2239 2817 2362 2872 quae
2393 2798 2556 2855 ﬁdem
2596 2800 2711 2869 ejus
2750 2800 3048 2855 destruant.
3097 2797 3314 2852 Debent
3340 2795 3527 2868 utique

1911 2891 2048 2946 alter
2075 2890 2232 2946 alteri
2257 2890 2574 2945 subservire
2603 2890 2727 2961 lege
2754 2888 3018 2962 conjugii,
3066 2886 3165 2943 sed
3194 2902 3304 2944 non
3334 2894 3528 2943 contra

1912 2979 2093 3036 ﬁdem.
2126 2979 2264 3036 Dico
2293 2979 2339 3034 si
2367 2979 2600 3035 discedit
2629 2978 2880 3035 discedat
2912 2993 2925 3033 :
2957 2977 3058 3033 sed
3086 2984 3270 3032 tamen
3304 2975 3526 3030 mallem

1910 3087 2010 3126 vos
2039 3069 2095 3124 in
2124 3085 2260 3141 pace
2297 3068 2626 3125 cohabitare.
2678 3068 2820 3124 Nam
2860 3068 2997 3123 deus
3042 3067 3257 3124 vocavit
3295 3080 3396 3121 nos
3451 3063 3523 3121 ad

1911 3158 2077 3215 ﬁdem
2105 3160 2168 3215 in
2193 3174 2355 3231 pace,
2388 3158 2440 3213 id
2474 3166 2576 3224 est,
2610 3164 2667 3212 ut
2683 3156 2924 3229 eonjugii
2953 3154 3207 3227 copulam
3237 3169 3349 3210 non
3377 3169 3526 3209 rum-

1908 3265 2181 3321 peremus.
2212 3247 2269 3303 Si
2303 3247 2449 3303 enim
2478 3247 2649 3303 nollet
2676 3262 2778 3301 nos
2816 3261 3099 3301 remanere
3138 3244 3195 3300 in
3237 3242 3514 3314 conjugio,

1900 3338 2053 3409 prius
2081 3338 2266 3411 utique
2296 3336 2590 3394 amovendi
2620 3352 2833 3392 eramus
2864 3350 2899 3391 a
2927 3333 3205 3409 conjugio,
3237 3341 3291 3391 et
3317 3332 3517 3389 deinde

1900 3428 2132 3484 vocandi
2162 3428 2233 3483 ad
2271 3426 2456 3485 ﬁdem.

1970 3518 2298 3587 Notandum,
2347 3516 2599 3589 quendam
2641 3531 2766 3571 esse
2812 3514 2868 3570 in
2914 3514 3111 3588 quibus
3161 3515 3312 3570 Deus
3360 3519 3521 3569 vocat

1899 3607 2177 3663 hominem
2211 3622 2223 3661 :
2259 3606 2313 3661 in
2344 3606 2472 3669 illis,
2524 3605 2732 3662 scilicet
2773 3621 2911 3675 opus
2956 3619 3192 3676 quorum
3239 3618 3351 3658 non
3379 3618 3518 3659 con-

1906 3696 2125 3752 tradicit
2155 3695 2281 3751 ﬁdei
2316 3713 2329 3750 :
2364 3703 2423 3750 ut
2453 3695 2674 3750 Petrum
2702 3694 2759 3749 in
2796 3693 3119 3765 piscatione,
3149 3691 3236 3748 cui
3272 3700 3397 3763 post
3424 3708 3518 3749 vo-

1899 3786 2176 3842 cationem
2243 3786 2314 3841 ad
2369 3784 2691 3857 piscandum
2744 3782 2949 3840 reverti
2995 3782 3166 3839 licuit.
3216 3782 3339 3838 Alia
3385 3790 3512 3838 sunt

1898 3891 1932 3932 a
1961 3876 2161 3949 quibus
2206 3883 2382 3944 vocat,
2440 3874 2513 3930 ad
2574 3890 2699 3946 quae
2752 3881 2878 3944 post
2933 3871 3098 3929 ﬁdem
3152 3871 3351 3929 reverti
3403 3886 3516 3928 non

1898 3965 2043 4034 licet,
2076 3972 2133 4020 ut
2164 3965 2478 4020 Matthaaum
2508 3980 2540 4019 a
2570 3962 2788 4019 teloneo
2834 3971 3105 4029 vocatum,
3143 3977 3247 4019 nec
3274 3962 3346 4017 ad
3375 3978 3513 4033 opus

1898 4054 2098 4117 telonei
2143 4062 2331 4126 postea
2377 4069 2678 4110 reversum.
2728 4052 2861 4109 Inde
2910 4059 3158 4124 apparet,
3209 4052 3335 4124 quia
3376 4051 3514 4107 ﬁdes

1898 4143 2101 4199 Christi
2129 4143 2333 4199 nemini
2379 4151 2578 4198 statum
2623 4142 2863 4213 priorem
2915 4140 3113 4221 aufert,
3164 4141 3510 4198 solummodo

1897 4232 2061 4289 ﬁdem
2092 4248 2201 4289 non
2230 4234 2496 4289 destruat.
2529 4233 2591 4286 In
2621 4247 2760 4303 pace
2790 4238 3085 4303 propterea
3104 4231 3263 4286 vobis
3288 4230 3510 4287 cohabi-

1897 4324 2123 4378 tandum
2154 4331 2258 4390 est,
2292 4321 2415 4394 quia
2438 4322 2589 4378 unde
2604 4322 2736 4386 scis,
2760 4329 2833 4388 tu,
2852 4322 3065 4377 mulier
3091 4318 3288 4387 ﬁdelis,
3320 4320 3508 4377 sisal-

1895 4430 2028 4469 vum
2056 4414 2237 4484 facies
2268 4409 2806 4485 virum‘inﬁdelem?
2836 4411 2950 4466 Aut
2972 4410 3123 4465 unde
3142 4412 3275 4476 scis,
3307 4416 3386 4473 tu,
3420 4409 3509 4465 vir

1898 4500 2097 4568 ﬁdelis,
2129 4502 2180 4557 si
2195 4502 2412 4558 salvam
2430 4500 2610 4571 facies
2626 4501 2927 4556 mulierem
2950 4496 3265 4570 inﬁdelem}?
3289 4499 3407 4555 nisi
3427 4498 3509 4555 sic

185 4579 477 4647 inﬁdelem,
515 4590 567 4637 et
597 4597 920 4638 econverso.
955 4584 1014 4639 Si
1044 4600 1154 4657 qua
1175 4585 1384 4640 mulier
1398 4585 1582 4653 ﬁdelis
1622 4577 1861 4643 habetD
1892 4590 2134 4647 ambulet
2163 4590 2395 4663 quisque
2418 4596 2679 4654 vestrum,
2714 4588 2865 4645 sicut
2911 4590 3057 4644 Deus
3104 4586 3323 4643 divisim
3372 4603 3503 4660 pro-

184 4670 365 4726 virum
394 4672 707 4740 inﬁdelem,
740 4675 794 4726 et
827 4671 919 4727 hic
943 4670 1179 4727 inﬁdelis
1208 4677 1495 4731 consentit
1531 4675 1787 4733 habitare

184 4775 307 4814 cum
330 4761 435 4816 illa
456 4760 627 4825 ﬁdeli,
647 4776 762 4816 non
784 4760 1045 4817 dimittat
1066 4764 1273 4818 virum.
1299 4763 1440 4818 Vere
1466 4763 1642 4819 ﬁdelis
1662 4782 1788 4820 mu~

184 4845 281 4901 lier
323 4864 432 4903 non
496 4849 663 4904 debet
720 4849 988 4905 dimittere
1054 4851 1230 4907 virum
1295 4851 1592 4909 inﬁdelem.
1645 4856 1788 4911 Nam

185 4935 501 5009 plerumque
532 4940 621 4994 vir
646 4938 898 5007 inﬁdelis
944 4942 1366 5011 sanctiﬁcatus,
1399 4942 1454 4997 id
1498 4950 1581 4999 est
1610 4941 1787 4999 ﬁdelis

188 5021 352 5080 factus
380 5036 483 5094 est,
514 5044 619 5100 per
644 5029 948 5084 mulierem
992 5030 1235 5097 ﬁdelem,
1281 5032 1682 5087 cohabitantem
1712 5034 1781 5100 ei,

192 5120 239 5166 et
266 5116 462 5186 sepius
489 5126 930 5174 commonentem
960 5134 1083 5173 eum
1115 5120 1184 5175 ad
1229 5119 1413 5176 ﬁdem.
1447 5122 1546 5177 Vel
1576 5122 1736 5179 aliter
1765 5141 1780 5178 :

194 5200 386 5258 Fidelis
418 5198 618 5261 mulier
660 5222 771 5260 non
818 5206 1047 5262 dimittat
1096 5208 1266 5263 virum
1312 5208 1609 5276 inﬁdelem,
1655 5227 1782 5267 nam

193 5284 272 5338 vir
296 5286 527 5345 inﬁdelis
554 5290 611 5345 in
643 5289 764 5361 ipso
792 5307 959 5361 opere
1006 5293 1248 5366 conjugii
1294 5294 1679 5361 sanctiﬁcatus,
1727 5296 1782 5352 id

189 5383 264 5427 est
290 5379 541 5447 mundus,
576 5388 681 5444 est,
716 5388 767 5434 et
796 5380 900 5436 hoc
920 5397 1020 5451 per
1040 5382 1326 5438 mulierem
1344 5381 1582 5452 ﬁdelem,
1613 5384 1668 5439 id
1699 5394 1783 5441 est

185 5477 276 5529 per
303 5464 572 5535 virtutem,
606 5467 736 5523 ﬁdei
764 5483 926 5541 quam
984 5470 1145 5526 habet
1188 5472 1405 5528 mulier.
1435 5474 1500 5529 Et
1531 5473 1729 5529 iterum
1761 5494 1775 5531 :

185 5548 273 5604 Vir
298 5550 469 5611 ﬁdelis
499 5573 609 5614 non
640 5558 873 5613 dimittat
903 5575 1131 5615 uxorem
1160 5560 1456 5618 inﬁdelem.
1489 5564 1625 5617 Nam
1656 5563 1777 5633 ple-

1888 4682 2083 4755 posuit
2110 4680 2419 4753 unicuique
2465 4682 2736 4735 vestrum.
2790 4677 2919 4732 Viro
2960 4676 3190 4746 scilicet,
3238 4684 3296 4733 ut
3343 4686 3539 4751 regat,

1889 4786 2134 4834 uxorem,
2168 4768 2330 4825 uxori
2373 4776 2431 4823 ut
2476 4767 2782 4823 subserviat
2828 4766 2990 4823 viro:
3024 4774 3078 4823 et
3126 4767 3273 4823 unde
3315 4766 3497 4825 adhuc

1888 4860 1992 4914 hoc
2045 4859 2195 4914 scitis
2242 4858 2347 4913 nisi
2398 4856 2641 4913 ambulet
2686 4857 2916 4930 quisque
2964 4864 3206 4912 vestrum
3251 4856 3319 4911 ita
3366 4855 3505 4912 sicut

1888 4943 2039 4999 Deus
2067 4942 2287 4999 vocavit
2316 4958 2779 5015 unumquemque,
2804 4949 2861 4996 ut
2889 4941 2935 4996 si
2964 4941 3020 4996 in
3050 4939 3307 5015 conjugio
3338 4955 3503 4998 voca-

1886 5040 1974 5087 tus
2002 5031 2121 5097 fuit,
2153 5039 2372 5088 maneat
2401 5032 2456 5087 in
2486 5031 2743 5104 conjugio
2763 5031 2791 5086 ‘l
2820 5030 2878 5087 Si
2922 5030 3083 5086 simul
3128 5030 3503 5087 habitaveritis

1887 5129 2016 5178 tunc
2046 5121 2174 5177 sciri
2218 5121 2438 5193 poterit,
2480 5136 2553 5176 an
2599 5119 2780 5177 ﬁdelis
2824 5119 3098 5176 inﬁdelem
3155 5120 3452 5176 lucrabitur
3485 5134 3499 5174 :

1885 5210 1984 5265 sed
2027 5210 2074 5266 si
2103 5210 2458 5281 separamini,
2508 5209 2785 5282 quomodo
2831 5210 2936 5266 hoc
2977 5209 3178 5266 scietur
3206 5210 3235 5265 Ἰ
3279 5210 3349 5265 Et
3392 5209 3500 5268 hoc

1883 5300 2011 5357 dico
2041 5300 2199 5356 vobis
2230 5300 2284 5354 in
2314 5300 2573 5373 conjugio
2602 5298 2765 5354 simul
2785 5314 3025 5366 manere,
3049 5300 3200 5356 sicut
3220 5300 3283 5355 in
3303 5300 3495 5354 omni-

1881 5390 1981 5446 bus
2010 5389 2274 5447 Ecclesiis
2305 5388 2491 5446 doceo.
2538 5390 2653 5444 Hoc
2698 5388 2826 5445 ideo
2873 5388 3037 5454 dicit,
3087 5388 3211 5459 quia
3240 5387 3494 5457 impone-

1880 5480 2011 5535 bant
2040 5478 2091 5534 ei
2122 5478 2344 5550 quidam
2376 5479 2523 5551 quod
2549 5477 2845 5534 Corinthiis
2874 5476 3025 5549 (quia
3054 5477 3216 5533 nimis
3244 5476 3495 5533 carnales

1880 5571 2060 5638 erant)
2102 5567 2359 5638 conjugia
2405 5566 2745 5640 indulgebat,
2794 5583 2915 5638 quae
2954 5566 3021 5621 ab
3068 5566 3189 5622 aliis
3229 5563 3494 5620 Ecclesiis

185 5653 395 5716 rumque
423 5647 620 5704 mulier
650 5645 885 5704 inﬁdelis
915 5649 1250 5708 sanctiﬁcata
1297 5660 1381 5709 est
1420 5659 1642 5723 accepta
1672 5651 1778 5711 ﬁde
1875 5657 2091 5732 penitus
2150 5655 2532 5715 interdicebat.
2594 5655 2747 5714 Sicut
2792 5654 2957 5711 modo
3012 5654 3148 5711 dixit
3192 5670 3302 5711 non
3367 5669 3491 5718 esse
