3948 6410
441 360 542 413 159

936 360 992 415 S.
1056 358 1414 416 BRUNONIS
1473 354 2122 416 CARTHUSIANORUM
2178 355 2666 417 INSTITUTORIS
2724 360 2874 417 OPP.
2934 359 3110 417 PARS
3168 362 3236 415 ll.

3643 360 3753 414 160

438 480 759 537 mutandum
790 489 986 538 statum
1023 484 1263 554 conjugii
1312 492 1537 555 propter
1586 483 1768 550 ﬁdem,
1820 482 1899 537 sic
1943 496 2044 551 per
2077 482 2125 540 Α
2145 496 2326 536 meum
2358 485 2647 539 tenendum
2680 493 2779 539 est.
2814 486 2929 540 Hoc
2958 484 3101 541 enim
3130 485 3285 553 dico,
3323 489 3594 558 tanquam
3621 485 3744 539 mi-

443 569 621 625 simile
651 570 786 625 alios
809 579 996 639 status,
1030 571 1086 626 in
1116 573 1310 644 quibus
1356 573 1703 637 vocatissunt,
1753 570 2039 634 concedit;

438 658 587 714 salva
653 667 833 715 tamen
909 660 1218 732 integritate
1282 661 1426 717 ﬁdei.
1488 663 1556 716 Et
1617 661 1750 715 illud
1803 678 1815 714 :
1894 660 2044 714 Sicut

441 744 496 800 in
562 746 813 802 omnibus
880 749 1145 805 Ecclesiis
1219 750 1427 815 doceo,
1522 749 1769 821 sequenti
1849 748 2043 802 litterae

447 833 510 890 1
533 833 592 891 1
616 834 676 891 1
707 836 1006 910 conjungit,
1032 838 1143 892 ita:
1168 836 1272 906 Qui
1294 846 1519 894 vocatus
1548 845 1632 892 est
1662 838 1718 891 in
1747 836 2001 908 conjugio
2025 877 2039 904 ,

438 932 757 992 permaneat
785 924 840 979 in
872 941 957 979 eo.
988 926 1057 979 Et
1086 925 1224 981 sicut
1262 942 1368 997 ego
1397 926 1451 981 in
1498 926 1750 981 omnibus
1779 924 2043 980 Ecclesiis

438 1009 611 1066 doceo
645 1026 658 1065 :
690 1012 751 1067 Si
780 1014 987 1085 aliquis
1015 1013 1370 1070 circumcisus
1390 1019 1616 1070 vocatus
1633 1018 1735 1080 est,
1768 1013 1823 1067 id
1854 1021 1954 1077 est,
1988 1012 2041 1066 in

443 1099 634 1154 ritibus
679 1100 984 1156 Judasorum
1016 1102 1107 1173 qui
1155 1101 1317 1157 ﬁdem
1363 1119 1472 1157 non
1521 1103 1744 1166 violant,
1794 1102 1884 1156 ille
1925 1118 2042 1156 non

442 1196 673 1260 cogatur
700 1188 979 1245 adducere
1005 1194 1368 1263 prwputium,
1394 1192 1448 1245 id
1472 1199 1555 1246 est
1586 1206 1794 1246 morem
1835 1190 2045 1263 gentili-

443 1276 590 1344 tatis,
623 1284 682 1331 ut
715 1286 943 1350 cogatur
969 1278 1044 1333 uti
1084 1279 1238 1346 cibis,
1287 1295 1423 1351 quos
1472 1295 1582 1335 non
1626 1287 2039 1343 consueverunt,

446 1364 540 1435 qui
567 1380 669 1421 nec
714 1374 930 1432 nocent,
983 1381 1085 1423 nec
1125 1368 1380 1437 adjuvant
1422 1368 1648 1434 comesi,
1682 1368 1765 1422 vel
1795 1384 1901 1422 non
1940 1383 2041 1423 co-

441 1453 597 1507 mesi.
630 1454 827 1509 lterum
859 1455 903 1508 si
935 1455 1129 1527 aliquis
1160 1461 1385 1512 vocatus
1414 1461 1499 1512 est
1544 1458 1607 1511 in
1640 1457 1933 1528 prmputio,
1987 1455 2041 1510 id

441 1549 521 1596 est
553 1541 608 1596 in
638 1542 959 1615 gentilitate,
982 1561 1097 1600 non
1118 1546 1582 1611 circumeidatur,
1613 1545 1665 1599 id
1696 1554 1775 1599 est
1803 1560 1913 1599 non
1949 1560 2041 1599 co-

440 1638 598 1701 gatur
626 1631 780 1703 sequi
808 1632 941 1686 ritus
963 1632 1156 1688 Judaei.
1180 1634 1387 1689 Neuter
1411 1634 1595 1705 utique
1625 1634 1906 1704 cogendus
1936 1641 2037 1694 est,

442 1720 573 1790 quia
602 1736 706 1775 nec
726 1721 1082 1776 circumcisio
1102 1722 1317 1793 aliquid
1337 1726 1440 1790 est,
1470 1739 1572 1777 nec
1588 1724 1931 1794 praeputium
1951 1722 2044 1776 ali-

2143 573 2509 627 sericordiam
2552 577 2887 629 consecutus
2917 591 2952 629 a
3003 575 3257 629 Domino.
3310 572 3740 629 Misericordiam

2144 668 2300 716 vocat
2328 661 2414 715 hic
2453 670 2505 715 et
2550 663 2927 717 remissionem
2982 670 3347 733 peccatorum,
3409 669 3461 716 et
3505 661 3751 716 maxime

2144 749 2504 820 apostolatum
2562 767 2736 816 suum,
2816 751 2960 822 quod
3008 758 3297 821 utrumque
3362 766 3460 820 per
3502 749 3746 822 gratiam

2144 838 2355 909 accepit
2404 854 2433 893 a
2478 839 2729 893 Domino.
2798 840 2875 893 Ita
2938 838 3362 894 misericordiam
3408 845 3747 893 consecutus

2144 943 2282 994 sum,
2307 931 2374 983 ut
2404 928 2511 982 sim
2531 928 2713 995 ﬁdelis
2743 927 2798 981 in
2827 927 3121 983 commisso
3150 924 3748 997 apostolatuzfideliter

2144 1015 2286 1071 enim
2317 1016 2576 1087 dispenso
2605 1016 2861 1087 mysteria
2892 1014 3018 1071 ﬁdei
3057 1016 3262 1071 credita
3289 1014 3421 1069 mihi
3450 1031 3481 1068 a
3509 1014 3644 1079 Deo,
3681 1014 3746 1068 in

2143 1120 2251 1177 quo
2278 1104 2402 1176 quia
2430 1103 2604 1159 ﬁdelis
2661 1121 2800 1170 sum,
2850 1120 2959 1159 non
3018 1112 3099 1158 est
3144 1103 3550 1173 ambigendum,
3608 1102 3750 1173 quin

2142 1193 2271 1248 utile
2302 1193 2370 1247 sit
2398 1193 2683 1248 consilium
2722 1209 2923 1248 meum.
2960 1194 3025 1247 Et
3072 1193 3194 1264 quia
3225 1192 3399 1246 ﬁdelis
3428 1207 3568 1257 sum,
3600 1207 3748 1263 ergo

2144 1282 2440 1339 secundum
2473 1282 2634 1336 ﬁdem
2663 1284 2928 1337 existimo
2980 1281 3079 1336 hoc
3106 1281 3422 1351 praedictum
3454 1280 3747 1336 consilium

2142 1387 2258 1426 esse
2302 1372 2525 1436 bonum,
2578 1370 2784 1425 scilicet
2844 1384 3168 1440 permanere
3211 1369 3265 1422 in
3308 1368 3640 1440 virginitate,
3695 1367 3749 1421 si

2140 1466 2386 1530 possunt,
2419 1467 2476 1512 ut
2505 1474 2627 1528 ego.
2660 1460 2865 1513 Bonum
2908 1458 3111 1528 utique,
3158 1465 3240 1511 est
3283 1461 3513 1529 propter
3556 1455 3750 1511 vitan-

2141 1548 2263 1602 dam
2297 1548 2694 1603 necessitatem
2722 1547 3064 1611 instantem,
3098 1545 3152 1599 id
3174 1553 3274 1607 est,
3324 1560 3446 1615 quae
3494 1544 3747 1614 quotidie

2140 1636 2305 1691 instat
2350 1635 2656 1706 conjugatis
2713 1634 2767 1688 in
2822 1632 3122 1688 nutriendis
3182 1633 3341 1701 ﬁliis,
3374 1632 3509 1687 etin
3558 1649 3616 1686 se
3658 1632 3749 1686 al-

2140 1733 2404 1780 terutrum
2436 1724 2819 1787 sustentandis,
2853 1731 2955 1777 etc.
2990 1723 3156 1791 Majus
3204 1722 3405 1775 bonum
3452 1728 3533 1776 est
3563 1720 3749 1791 virgi-

441 1806 567 1878 quid
599 1815 702 1873 est,
735 1806 788 1861 id
815 1817 895 1862 est
929 1825 1029 1865 nec
1058 1810 1331 1865 abstinere
1361 1825 1463 1865 nec
1509 1811 1795 1865 comedere
1824 1811 1924 1865 bos
1953 1810 2035 1866 ci-
2066 1831 2119 1892 Β
2140 1814 2320 1868 uitatis
2351 1812 2626 1867 beatitudo
2656 1826 3004 1882 permanens,
3055 1826 3174 1881 quae
3220 1810 3414 1864 merito
3454 1809 3750 1881 virginita-

442 1893 545 1949 bos
577 1895 820 1965 prodest,
854 1897 940 1952 vel
970 1905 1127 1952 nocet
1157 1898 1226 1952 ad
1257 1898 1662 1963 beatitudinem,
1698 1900 1791 1953 sed
1824 1899 2033 1953 solum-

441 1984 607 2038 modo
650 1985 959 2040 observatio
1019 1986 1423 2042 mandatorum
1480 1988 1579 2042 Dei
1622 1987 1689 2041 ad
1729 1987 2033 2041 habendam

443 2071 830 2128 beatitudinem
862 2073 1073 2130 suﬁicit.
1106 2075 1175 2129 Et
1206 2076 1343 2131 sicut
1375 2076 1442 2130 de
1468 2076 1791 2131 circumciso
1820 2084 1873 2130 et
1904 2092 2033 2146 pre-

441 2159 649 2231 putiato
695 2161 799 2217 hoc
847 2163 1228 2219 universaliter
1274 2164 1417 2230 dico,
1465 2164 1611 2235 quod
1662 2164 2035 2236 unusquisque

440 2249 666 2304 veniens
696 2250 766 2305 ad
798 2249 979 2317 ﬁdem,
1012 2260 1324 2322 permaneat
1354 2252 1407 2306 in
1439 2268 1505 2307 eo
1536 2260 1677 2307 statu
1709 2252 1763 2306 in
1802 2268 1910 2324 quo
1940 2268 2035 2307 vo-

444 2346 596 2392 catus
644 2347 765 2404 est;
817 2348 872 2394 et
920 2340 1055 2395 sciat
1102 2341 1248 2397 hunc
1290 2349 1485 2395 statum
1529 2342 1870 2396 vocationem
1913 2341 2033 2406 Dei,

443 2425 571 2497 quia
601 2426 763 2493 (sicut
795 2444 956 2499 supra
983 2428 1115 2497 dixi)
1142 2429 1187 2483 si
1218 2430 1365 2483 Deus
1390 2431 1533 2484 hunc
1564 2438 1759 2483 statum
1786 2430 2039 2501 neglige-

443 2521 545 2579 ret,
578 2530 855 2586 nunquam
886 2525 1135 2572 vocasset
1182 2532 1305 2571 eum
1336 2517 1407 2571 ad
1462 2517 1646 2583 ﬁdem,
1703 2518 1936 2589 quandiu
1981 2518 2035 2571 in

443 2616 509 2657 eo
539 2602 751 2668 fuisset,
784 2612 838 2659 et
884 2603 1010 2659 ideo
1048 2605 1097 2659 si
1133 2613 1186 2659 tu
1222 2610 1449 2661 vocatus
1480 2623 1538 2661 es
1563 2622 1775 2671 servus,
1817 2622 1935 2660 non
1960 2607 2036 2661 sit

445 2690 546 2745 tibi
575 2706 728 2745 cura!
756 2707 979 2747 manere
1009 2692 1061 2746 in
1093 2693 1354 2747 servitute
1386 2711 1401 2758 ;
1434 2694 1529 2749 sed
1548 2698 1605 2749 et
1636 2695 1683 2749 si
1706 2698 1866 2765 potes
1899 2696 2037 2749 liber

439 2779 566 2848 ﬁeri
602 2779 780 2851 aliquo
810 2781 991 2849 modo,
1024 2783 1207 2852 magis
1228 2786 1390 2837 utere
1418 2782 1538 2852 ipsa
1586 2783 1863 2847 servitute,
1911 2783 2037 2854 quia

438 2875 642 2938 quanto
670 2868 794 2938 plus
823 2885 967 2925 nunc
1012 2870 1353 2940 deprimeris,
1405 2878 1551 2925 tanto
1587 2871 1710 2941 plus
1752 2871 1808 2924 in
1855 2870 2035 2925 futuro

439 2955 791 3010 exaltaberis.
828 2958 956 3011 Ideo
987 2958 1109 3012 dico
1156 2960 1335 3029 magis
1374 2967 1525 3012 utere
1572 2959 1871 3024 servitute;
1905 2961 2035 3031 quia

440 3043 531 3098 ille
561 3045 658 3116 qui
677 3048 907 3099 vocatus
928 3049 1012 3100 est
1031 3062 1223 3101 servus
1239 3061 1465 3101 manens
1479 3047 1543 3100 in
1565 3048 1818 3114 Domino,
1846 3048 1936 3102 hic
1954 3051 2036 3102 est

443 3132 696 3198 libertus,
732 3131 786 3187 id
815 3141 897 3187 est
945 3148 1137 3188 servus
1165 3134 1420 3199 Domini;
1452 3141 1505 3188 et
1552 3134 1800 3189 similiter
1848 3151 2036 3189 servus

441 3227 526 3275 est
552 3220 754 3275 Christi
784 3220 896 3285 ille,
931 3222 1023 3293 qui
1070 3222 1208 3277 liber
1253 3231 1477 3278 vocatus
1504 3230 1607 3277 est.
1656 3223 1856 3278 Servus
1886 3231 1939 3278 et
1966 3223 2037 3277 li-

437 3309 626 3364 bertus
654 3309 744 3364 hic
772 3309 916 3365 idem
947 3309 1274 3381 signiﬁcant,
1326 3312 1423 3366 sed
1473 3311 1749 3366 honestius
1795 3313 2037 3367 vocabu-

404 3404 412 3411 ‘
439 3396 553 3452 lum
584 3413 742 3453 servo
772 3398 940 3464 dedit,
971 3407 1027 3453 ut
1055 3400 1229 3471 magis
1259 3400 1504 3456 alliCeret
1550 3416 1673 3455 eum
1706 3400 1828 3455 sibi.
1877 3400 2035 3469 Quod

440 3485 565 3557 quia
605 3493 831 3558 uterque
887 3486 1031 3543 servi
1088 3490 1218 3542 estis
1276 3488 1492 3553 Christi,
1543 3497 1833 3559 propterea
1870 3489 2036 3544 nolite

437 3573 555 3629 ﬁeri
583 3574 729 3631 servi
759 3575 1077 3641 hominum;
1120 3577 1186 3631 ita
1219 3577 1364 3648 quod
1397 3577 1451 3631 in
1497 3577 1654 3632 vobis
1701 3586 1885 3648 pereat
1915 3594 2039 3632 ser-

433 3662 577 3719 vitus
605 3663 834 3730 Christi;
868 3672 921 3719 et
968 3673 1051 3719 est
1096 3665 1382 3736 praemissa
1426 3681 1592 3721 causa
1626 3683 1639 3720 :
1689 3667 1864 3738 empti
1895 3666 2038 3721 enim

435 3754 572 3808 estis
601 3755 782 3824 pretio
813 3753 1095 3825 sanguinis
1129 3754 1345 3809 Christi.
1378 3755 1446 3808 Et
1472 3754 1596 3809 licet
1624 3754 1800 3809 dicam
1826 3797 1839 3821 ,
1872 3755 2040 3809 nolite

438 3839 558 3895 ﬁeri
585 3840 730 3895 servi
758 3841 1073 3907 hominum;
1106 3850 1287 3898 tamen
1334 3845 1719 3917 unusquisque
1747 3846 1953 3914 frater,
1985 3842 2039 3897 id

439 3938 523 3983 est
552 3926 727 3983 ﬁdelis
758 3934 987 3985 vocatus
1015 3935 1102 3986 est
1144 3931 1199 3985 in
1240 3931 1497 3987 servitute
1542 3931 1628 3987 vel
1677 3931 1731 3985 in
1769 3932 2036 3995 libertate,

436 4020 501 4073 in
531 4019 633 4073 hoc
660 4022 911 4085 maneat,
947 4027 1000 4073 et
1030 4019 1101 4073 ita
1131 4019 1275 4092 quod
1296 4021 1447 4091 apud
1466 4022 1661 4076 Deum.
1712 4022 1940 4091 Propter
1969 4020 2046 4075 vi-

438 4106 658 4160 tandam
708 4104 1123 4162 fornicationem
1159 4151 1174 4175 ,
1224 4109 1498 4163 concessit
1543 4109 1796 4180 superius
1837 4125 2040 4163 unum-

439 4210 712 4268 quemque
769 4195 1100 4251 voluntatem
1151 4198 1352 4251 habere
1426 4212 1600 4252 suam.
1662 4198 1821 4253 Dedit
1876 4198 2040 4253 etiam

435 4292 771 4354 praeceptum
796 4284 1012 4339 Domini
1052 4285 1122 4340 de
1168 4285 1489 4357 coniugatis,
1541 4302 1609 4341 ne
1640 4301 1673 4340 a
1702 4303 1762 4341 se
1807 4286 2040 4340 invicem

436 4372 804 4428 discederent.
840 4373 1001 4429 Dedit
1032 4383 1365 4445 praeceptum
1400 4390 1557 4428 suum
1603 4375 1671 4429 de
1700 4375 1784 4429 his
1811 4391 2039 4447 quorum

435 4460 573 4517 alter
600 4470 746 4517 esset
774 4460 971 4529 ﬁdelis,
1003 4479 1071 4518 ne
1095 4463 1163 4517 ab
1195 4461 1397 4518 inﬁdeli
1427 4463 1753 4519 discederet.

2135 1904 2204 1961 tis
2252 1901 2569 1973 acquiritur,
2629 1916 2790 1971 quam
2847 1900 3016 1953 vitare
3068 1899 3326 1969 penurias
3370 1898 3592 1960 mundi,
3639 1898 3748 1952 sed

2134 1992 2364 2049 inﬁrmis
2420 1988 2751 2044 auditoribus
2811 1987 3106 2058 temporale
3158 1988 3356 2041 bonum
3416 1986 3750 2058 virginitatis

2135 2080 2439 2155 pra-tendit.
2473 2077 2613 2146 Quia
2643 2077 2789 2131 enim
2845 2076 3116 2140 carnales,
3167 2083 3335 2143 erant,
3385 2075 3593 2130 sciebat
3640 2090 3746 2129 eos

2138 2170 2317 2239 magis
2345 2167 2571 2223 utilitate
2599 2165 2781 2221 carnis
2808 2181 2970 2235 posse
2991 2165 3057 2218 ad
3089 2165 3287 2218 bonum
3319 2162 3499 2217 induci
3523 2205 3537 2227 ,
3571 2178 3747 2234 quam

2135 2259 2362 2314 utilitate
2386 2255 2610 2326 spiritus
2633 2273 2645 2318 ;
2670 2254 2796 2325 quia
2818 2252 3122 2324 spiritualcs
3145 2268 3253 2307 non
3275 2259 3445 2307 erant.
3470 2252 3584 2305 Hoc
3614 2250 3747 2306 ideo

2137 2346 2389 2403 existimo
2435 2345 2632 2398 bonum
2656 2358 2799 2408 esse,
2824 2342 3081 2412 quoniam
3101 2341 3174 2395 ita
3194 2348 3277 2395 est
3298 2340 3351 2394 in
3380 2339 3455 2393 rei
3485 2338 3741 2395 veritate.

2138 2435 2296 2504 Quod
2341 2434 2423 2488 sic
2448 2432 2521 2487 ait
2549 2447 2561 2485 :
2587 2433 2801 2485 Bonum
2825 2434 2908 2485 est
2932 2430 3149 2485 homini
3170 2429 3453 2498 utriusque
3474 2443 3640 2482 sexus
3662 2430 3751 2482 sic

2136 2540 2256 2580 esse
2280 2535 2617 2593 permanere,
2633 2518 2839 2573 scilicet
2868 2518 2922 2571 in
2936 2517 3246 2589 virginitate
3271 2516 3358 2571 vel
3382 2516 3744 2571 continentia.

2218 2611 2277 2667 1
2303 2610 2361 2667 1
2379 2609 2453 2665 2
2475 2607 2614 2676 Quia
2635 2607 2774 2661 adeo
2804 2607 3004 2659 bonum
3035 2604 3380 2660 continentiae
3399 2604 3747 2674 prmtulcrat,

2135 2716 2204 2754 ne
2234 2699 2358 2753 ideo
2387 2704 2641 2768 putarent
2697 2694 2968 2764 conjugati
3022 2694 3227 2748 debere
3282 2692 3419 2747 solvi
3459 2691 3749 2747 matrimo-

2135 2788 2246 2856 nia,
2280 2795 2333 2841 et
2363 2785 2663 2849 continere,
2697 2791 2878 2838 contra
2907 2784 3011 2836 hoc
3057 2781 3256 2836 Paulus
3304 2796 3588 2851 Opponens
3614 2780 3693 2834 ait
3726 2798 3749 2834 :

2137 2877 2283 2931 Licet
2310 2874 2540 2929 dixerim
2585 2873 2785 2927 bonum
2815 2888 2939 2925 esse
2971 2870 3164 2925 sectari
3204 2870 3526 2937 castitatem,
3555 2877 3751 2923 tamen

2137 2964 2183 3018 si
2213 2965 2487 3033 alligatus
2507 2978 2564 3016 es
2584 2960 2774 3023 uxori,
2794 2960 2913 3013 noti
2935 2974 3181 3031 qumrerc
3209 2958 3566 3021 solutionem,
3592 2956 3747 3011 bona.

2136 3052 2279 3106 enim
2336 3059 2417 3105 est
2473 3049 2695 3104 castitas
2750 3046 3074 3118 conjugalis.
3129 3045 3393 3115 Opposita
3445 3046 3742 3100 sententia.

2138 3140 2245 3195 Sed
2276 3137 2607 3210 quiamelior
2624 3143 2702 3191 est
2726 3134 3053 3191 continentia
3075 3134 3324 3199 vidualis,
3348 3136 3396 3189 si
3415 3135 3633 3189 solutus
3682 3150 3748 3190 es

2138 3226 2206 3284 ab
2228 3244 2427 3294 uxore,
2447 3228 2569 3281 noli
2589 3226 2778 3279 iterum
2801 3240 3048 3295 quaerere
3085 3241 3153 3278 ua
3170 3240 3342 3289 orem,
3368 3223 3465 3276 sed
3494 3223 3741 3278 contine.

2138 3317 2339 3371 lterum
2385 3332 2453 3369 ne
2517 3312 2725 3384 innupti
2771 3313 3060 3367 dicerent:
3120 3312 3319 3366 Verum
3367 3310 3587 3381 quidem
3654 3319 3749 3366 est.

2141 3405 2285 3475 quod
2319 3402 2593 3473 conjugati
2624 3416 2733 3457 non
2758 3401 2960 3455 debent
2990 3400 3233 3466 dissolvi,
3268 3399 3367 3453 sed
3398 3415 3500 3453 nos
3555 3399 3650 3470 qui
3682 3399 3744 3453 in

2139 3494 2263 3564 lege
2314 3492 2553 3563 conjugii
2610 3505 2718 3544 non
2776 3498 3043 3555 tenemur,
3098 3496 3379 3558 peccatum
3412 3486 3643 3541 facimus
3691 3488 3744 3542 si

2139 3580 2530 3652 nupserimus?
2561 3587 2748 3634 contra
2796 3579 2900 3633 hoc
2955 3577 3148 3631 Paulus
3181 3595 3195 3631 :
3229 3576 3377 3632 Licet
3430 3576 3633 3630 bonum
3670 3576 3741 3630 sit

2139 3669 2345 3725 homini
2377 3685 2500 3723 esse
2530 3668 2583 3722 in
2616 3668 2882 3735 castitate,
2943 3675 3123 3720 tamen
3152 3668 3203 3720 si
3251 3673 3308 3719 tu
3336 3664 3420 3718 vir
3450 3667 3742 3735 acceperis

2141 3775 2400 3820 uxorem,
2425 3772 2541 3812 non
2559 3757 2837 3828 peccasti,-
2856 3760 2913 3810 et
2932 3757 2983 3809 si
3003 3758 3155 3826 virgo
3177 3756 3457 3825 nupserit,
3474 3770 3590 3807 non
3607 3770 3742 3825 pec-

2140 3848 2306 3903 cavit.
2340 3847 2446 3902 Sed
2480 3846 2604 3900 licet
2619 3844 2921 3914 virginibus
2943 3844 3059 3898 sine
3081 3851 3303 3912 peccato
3324 3845 3529 3896 nubere
3551 3841 3738 3909 liceat,

2143 3941 2337 3991 tamen
2368 3935 2414 3989 si
2444 3934 2749 4004 nupserint,
2775 3934 3053 3987 habebunt
3079 3932 3510 3986 tribulationem
3539 3933 3741 3987 carnis

2143 4023 2486 4095 hujusmodi,
2521 4022 2576 4076 id
2606 4030 2706 4087 est,
2758 4037 2879 4091 qua:
2929 4019 3173 4090 sequitur
3220 4020 3440 4073 modum
3471 4019 3736 4090 conjugii,

2142 4113 2349 4169 scilicet
2379 4111 2611 4182 gemitus
2659 4110 2882 4169 ventris.
2933 4109 3260 4163 nutrimenta
3289 4107 3537 4172 ﬁliorum,
3572 4115 3627 4161 et
3654 4108 3739 4161 si-

2140 4197 2312 4251 milia.
2364 4196 2681 4265 Conjugataa
2738 4193 3015 4248 habebunt
3063 4192 3278 4263 quidem
3328 4191 3737 4247 tribulationem

2139 4284 2344 4351 carnis,
2375 4285 2471 4338 sed
2502 4300 2604 4355 ego
2638 4281 2786 4338 vobis
2814 4280 3176 4351 virginitatem
3220 4279 3497 4335 custodire
3544 4279 3740 4334 volen-

2140 4375 2283 4429 tibus
2313 4390 2503 4446 parco,
2536 4373 2666 4427 dum
2704 4372 2770 4425 ad
2811 4387 2873 4426 ea
2917 4386 3017 4425 vos
3058 4385 3320 4440 provoco,
3353 4385 3475 4440 qua:
3502 4368 3739 4423 tribula-

2139 4464 2314 4518 tiones
2344 4462 2525 4517 carnis
2552 4469 2606 4515 et
2636 4468 2964 4515 memoratas
3005 4458 3391 4513 sollicitudines
3420 4457 3736 4513 excludunt.

508 4551 617 4605 Sed
668 4551 795 4622 quia
840 4559 1169 4622 prmceptum
1229 4551 1586 4621 permanendi
1630 4552 1686 4605 in
1731 4540 2110 4622 virginitateD
2142 4553 2432 4623 Postquam
2463 4549 2751 4616 concessit,
2795 4557 2853 4603 ut
2900 4564 3022 4619 quas
3067 4547 3255 4601 nolunt
3293 4546 3573 4601 continere
3624 4562 3739 4600 uu-

433 4654 545 4695 non
575 4639 818 4703 dederat,
851 4656 1095 4710 quaarere
1142 4646 1366 4710 possent
1422 4639 1705 4705 Corinthii,
1737 4657 1902 4711 quare
1930 4642 2035 4697 hoc

432 4728 786 4799 pmterisset.
846 4729 928 4783 Ad
972 4729 1076 4784 hoc
1120 4729 1415 4798 respondet
1445 4729 1661 4783 Paulus.
1706 4730 1908 4784 Littera
1955 4730 2034 4785 sic

429 4816 679 4889 jungitur
712 4834 725 4870 :
758 4817 838 4871 De
868 4816 1174 4886 conjugatis
1206 4825 1533 4887 praeceptum
1568 4816 1819 4882 Domini;
1851 4819 1919 4872 de
1952 4818 2036 4871 his

434 4912 615 4958 autem
644 4919 873 4975 quorum
920 4903 1059 4959 alter
1103 4903 1279 4959 fidelis
1325 4914 1427 4970 est,
1477 4921 1656 4959 meum
1705 4914 2035 4976 praeceptum

435 4991 583 5047 dedi.
618 4992 727 5046 Sed
756 4991 822 5047 dc
849 4993 1161 5062 virginibus
1187 4998 1535 5065 praeceptum
1564 4994 1688 5048 ideo
1716 5010 1827 5048 non
1854 4995 2036 5049 deter-

431 5080 620 5145 mino;
654 5080 780 5151 quia
798 5080 922 5135 inde
953 5089 1285 5152 praeceptum
1311 5082 1524 5136 Domini
1555 5099 1670 5137 non
1702 5082 1886 5138 habeo.
1911 5085 2035 5137 Non

434 5168 582 5223 enim
630 5167 847 5223 invenio
903 5167 956 5223 in
1015 5170 1250 5240 scriptis,
1304 5170 1592 5225 Dominum
1619 5172 1949 5241 prmcepisse
1977 5180 2034 5226 ut

432 5273 627 5312 omnes
660 5266 1012 5327 perseverent
1037 5258 1094 5313 in
1116 5258 1418 5330 virginitate
1451 5268 1536 5314 :et
1557 5259 1683 5331 quia
1701 5268 2033 5330 praeceptum

434 5345 651 5402 Domini
692 5361 857 5416 super
884 5347 987 5402 hoc
1017 5363 1125 5403 non
1157 5348 1353 5410 habeo,
1398 5357 1687 5419 propterea
1731 5349 1798 5404 do
1844 5350 2033 5405 consi-

437 5436 580 5491 lium
611 5433 743 5488 illud
773 5436 1142 5506 supradictum
1180 5450 1192 5489 :
1244 5435 1449 5490 Bonum
1478 5444 1562 5491 est
1616 5436 1938 5507 virginibus,
1986 5438 2033 5491 si

433 5522 514 5578 sic
541 5532 899 5593 permaneant
931 5533 986 5578 ut
1014 5540 1140 5596 ego,
1174 5533 1317 5589 etc.;
1350 5541 1496 5580 nunc
1534 5532 1711 5579 autem
1742 5525 2033 5580 consilium

430 5611 575 5669 istud
629 5611 914 5685 approbat,
991 5612 1229 5670 dicens:
1286 5614 1401 5669 Hoc
1482 5612 1666 5685 utique
1747 5614 2035 5672 consilium

2139 4641 2287 4701 bant,
2322 4638 2647 4694 determinat
2667 4637 2940 4709 quomodo
2963 4636 3259 4691 secundum
3289 4634 3518 4689 salutem
3539 4634 3740 4689 anima:

2138 4729 2192 4782 in
2220 4728 2477 4797 conjugio
2514 4743 2574 4781 se
2621 4727 2853 4780 debeant
2898 4725 3119 4789 habere,
3172 4724 3361 4778 dicens
3394 4738 3407 4776 :
3441 4722 3582 4791 Quia
3610 4721 3734 4777 sine

2135 4826 2360 4888 peccato
2389 4816 2641 4885 accipere
2672 4830 2897 4869 uxorem
2935 4812 3201 4875 concessi,
3226 4811 3425 4882 itaque,
3458 4812 3511 4865 id
3534 4819 3635 4875 est,
3674 4819 3737 4866 ut

2137 4906 2253 4960 sine
2283 4912 2508 4974 peccato
2540 4903 2804 4957 maneatis
2835 4902 2891 4955 in
2917 4902 3192 4973 conjugio,
3224 4900 3530 4954 determiuo
3551 4899 3730 4965 vobis,

2136 4999 2201 5049 ut
2222 4995 2317 5066 qui
2334 4994 2539 5048 habent
2561 5008 2788 5054 uxores,
2813 4993 2934 5045 sint
2948 4994 3220 5062 tanquam
3232 5004 3346 5043 non
3361 4986 3651 5055 habentes,
3674 4987 3731 5042 id

2136 5089 2235 5147 est,
2270 5097 2378 5135 non
2407 5080 2583 5151 magis
2626 5079 2886 5148 voluptati
2917 5094 3075 5148 quam
3106 5079 3220 5132 Dco
3250 5077 3629 5130 inservientes.
3666 5077 3739 5131 Et

2134 5172 2229 5242 qui
2258 5171 2401 5238 ﬂent
2438 5170 2507 5222 de
2552 5168 2768 5221 damnis
2811 5166 3178 5231 saecularibus,
3210 5166 3289 5220 sic
3321 5165 3456 5219 foris
3485 5164 3647 5218 ﬁeant
3679 5172 3740 5217 ut

2132 5257 2362 5312 interius
2386 5273 2487 5326 per
2516 5272 2669 5326 spem
2701 5256 2998 5325 gaudeant;
3031 5259 3088 5309 et
3116 5255 3212 5326 qui
3239 5254 3490 5324 gaudent
3511 5268 3578 5308 ex
3600 5266 3732 5323 pro-

2134 5346 2394 5417 spcritate
2441 5344 2745 5415 temporali,
2784 5352 2844 5397 ut
2890 5343 3033 5397 intus
3082 5341 3433 5411 spiritualiter
3482 5341 3729 5409 timeant,

2134 5451 2235 5490 nec
2266 5434 2450 5489 dolent
2481 5450 2540 5487 se
2587 5433 3019 5502 corrumpendos
3049 5430 3309 5494 felicitati,
3342 5447 3443 5485 nec
3476 5431 3731 5485 adversi-

2133 5522 2225 5577 tati
2254 5522 2602 5590 frangendos.
2655 5520 2812 5589 Quod
2841 5529 3020 5574 autem
3061 5520 3139 5573 sic
3168 5536 3227 5573 se
3260 5518 3460 5572 habere
3490 5519 3732 5575 debeant

2133 5614 2237 5667 hoc
2264 5611 2409 5676 dico,
2442 5610 2658 5675 fratres,
2690 5610 2814 5681 quia
2846 5614 3065 5680 tempus
3096 5608 3237 5662 istud
3268 5610 3424 5664 breve
3446 5612 3553 5676 est,
3587 5617 3643 5663 et
3668 5609 3724 5664 in
