3948 6442
154 355 249 408 161

785 348 1167 407 EXPOSITIO
1206 348 1282 404 IN
1318 345 1698 405 EPISTOLAS
1736 341 1962 401 PAULI.
2004 370 2077 386 -
2113 341 2188 399 IN
2224 341 2447 400 EPIST.
2489 342 2512 398 I
2546 341 2644 398 AD
2683 340 2845 400 (ΞΟΠ.

3374 340 3480 397 162

159 476 416 549 proximo
449 483 534 533 est
558 474 702 531 ﬁnis.
736 476 893 533 Unde
923 476 1051 547 quia
1081 483 1295 547 tempus
1323 474 1492 531 breve
1528 480 1632 539 est,
1662 472 1767 527 hoc
1794 471 1852 533 Α
1874 467 2173 524 observare
2215 467 2539 524 munditiam
2589 475 2847 534 vestram,
2902 480 3030 523 cum
3091 462 3163 521 ad
3203 463 3312 521 hoc
3364 478 3478 519 non

167 570 254 623 est
286 568 597 639 reliquum,
629 565 685 620 id
706 572 806 631 est,
855 566 958 620 hoc
997 564 1174 620 solum
1220 563 1382 619 saluti
1429 562 1771 634 relinquitur,

168 669 233 719 ut
263 665 362 737 qui
395 665 606 720 habent
635 680 863 731 uxores,
890 665 1014 719 sint
1043 666 1318 736 tanquam
1346 678 1462 719 non
1485 661 1774 727 habentes;

169 755 342 826 etqui
372 754 541 822 ﬂent,
588 757 861 825 tanquam
891 768 1006 808 non
1034 752 1239 821 ﬂentes
1266 752 1472 824 ;etqui
1499 750 1771 821 gaudent,

176 845 454 914 tanquam
474 858 589 897 non
608 842 941 912 gaudentes,
976 848 1034 895 ut
1060 840 1322 912 quidquid
1343 840 1397 894 in
1421 840 1525 895 hoc
1570 837 1777 893 mundo

171 934 251 981 est
282 941 384 997 pro
406 926 674 997 parvitate
715 925 975 996 temporis
1009 924 1190 997 potius
1219 940 1329 979 non
1376 940 1499 979 esse
1529 923 1779 977 videatur

173 1031 337 1087 quam
368 1031 494 1070 esse
519 1033 533 1080 ;
567 1019 624 1071 et
652 1016 749 1088 qui
781 1018 999 1079 emunt,
1026 1013 1134 1069 sint
1162 1018 1435 1087 tanquam
1465 1029 1580 1069 non
1599 1013 1779 1084 possi-

172 1106 390 1173 dentes,
412 1103 468 1158 id
493 1112 576 1158 est
604 1110 829 1158 utantur
848 1102 995 1159 velut
1015 1102 1134 1157 sine
1165 1102 1362 1173 quibus
1384 1118 1494 1156 non
1523 1107 1773 1171 possunt,

176 1193 274 1249 sed
303 1208 412 1247 non
443 1192 783 1248 delectentur
813 1196 906 1258 ;et
933 1195 1031 1264 qui
1051 1195 1302 1247 utuntur
1323 1190 1422 1246 hoc
1443 1190 1675 1255 mundo,
1693 1187 1778 1243 fa-

171 1282 315 1338 ciant
347 1286 620 1353 tanquam
656 1298 771 1337 nou
802 1284 1067 1348 utantur,
1092 1280 1146 1334 id
1178 1288 1261 1334 est
1298 1286 1468 1334 totum
1498 1294 1564 1333 ex
1586 1293 1780 1333 neces-

173 1370 351 1434 sitate,
384 1369 517 1424 nihil
537 1386 602 1425 ex
652 1369 1045 1425 delectatione:
1076 1376 1369 1440 propterea
1399 1367 1478 1423 sic
1506 1383 1779 1437 respuen-

175 1459 279 1513 dus
310 1467 394 1513 est
423 1458 676 1524 mundus,
712 1461 844 1531 quia
864 1459 1049 1530 ﬁgura
1080 1458 1248 1519 huius
1268 1456 1473 1513 mundi
1492 1456 1777 1529 prwterit.

175 1546 411 1602 Mundus
442 1547 663 1619 quidem
692 1562 802 1601 non
833 1546 1150 1617 praeteribit,
1186 1546 1282 1601 sed
1312 1546 1500 1601 formae
1532 1545 1782 1600 substan-

168 1636 370 1690 tiarum
398 1636 516 1704 ejus
545 1636 914 1699 destruentur,
960 1643 1020 1690 ut
1062 1652 1251 1689 aurum
1307 1635 1509 1690 rubore
1565 1633 1782 1705 perdito

176 1725 376 1780 redibit
408 1725 463 1779 in
493 1733 717 1791 terram,
751 1733 803 1780 et
819 1733 1017 1781 caetera
1037 1724 1306 1780 similiter.
1323 1723 1607 1779 Damnatis
1636 1723 1779 1779 enim

177 1814 381 1885 impiis,
416 1814 592 1887 figura
647 1814 809 1883 hujus
865 1813 1057 1869 mundi
1108 1814 1514 1869 mundanorum
1572 1813 1779 1885 ignium
1806 1833 1860 1894 Β

178 1903 609 1976 conﬂagratione
628 1902 845 1974 peribit,
879 1903 1019 1959 sicut
1048 1902 1249 1958 factum
1277 1911 1356 1957 est
1378 1903 1781 1958 mundanarum

175 2008 435 2065 aquarum
469 1992 818 2047 inundatione
847 1992 1129 2049 diluvium.
1162 1993 1231 2047 Et
1260 1991 1390 2063 quia
1419 1991 1596 2063 figura
1626 2008 1784 2045 mun-

179 2081 237 2135 di
269 2081 530 2152 praeterit,
563 2081 688 2136 ideo
717 2082 838 2137 volo
867 2098 959 2137 vos
988 2098 1107 2138 esse
1134 2082 1260 2137 sine
1280 2081 1689 2146 sollicitudine,
1712 2095 1783 2136 ne

178 2170 386 2241 gravati
417 2169 652 2225 terrenis
678 2170 935 2225 damnum
964 2170 1269 2227 caalestium
1306 2168 1619 2225 incurratis.
1655 2168 1783 2225 Sine

178 2258 547 2315 sollicitudine
602 2258 750 2325 dicit,
801 2267 857 2313 ut
913 2259 1185 2332 conjugati
1239 2266 1505 2331 quantum
1554 2265 1786 2330 possunt

177 2354 480 2404 exonerent
518 2363 579 2403 se
622 2348 935 2404 mundanis.
992 2347 1345 2404 Continentes
1375 2349 1483 2403 sint
1538 2355 1786 2419 expertes

177 2436 344 2493 tctius
372 2436 663 2492 mundana:
690 2436 1088 2493 sollicitudinis.

252 2528 322 2581 Et
352 2526 426 2581 ita
446 2527 764 2598 exsequitur
791 2527 978 2583 dicens
1002 2544 1014 2581 :
1038 2526 1172 2582 Volo
1202 2526 1423 2598 quidem
1442 2542 1635 2582 omnes
1663 2542 1786 2581 esse

181 2614 304 2670 sine
336 2614 723 2681 sollicitudine,
767 2616 863 2670 sed
892 2622 1074 2670 tamen
1104 2616 1241 2671 alter
1271 2615 1573 2687 expeditior
1602 2624 1685 2670 est
1716 2615 1785 2669 ad

179 2705 307 2768 hoc,
333 2704 474 2759 alter
494 2703 821 2775 impeditior.
848 2705 953 2772 Qui
973 2704 1116 2759 enim
1135 2706 1259 2761 sine
1280 2721 1460 2761 uxore
1479 2708 1584 2770 est,
1609 2704 1782 2775 virgo,

179 2793 271 2849 vel
302 2793 593 2849 continens
623 2795 905 2850 sollicitus
934 2797 1037 2860 est,
1058 2793 1114 2848 id
1141 2801 1228 2849 est
1256 2794 1519 2850 sollicitus
1544 2810 1667 2849 esse
1696 2809 1790 2864 po-

180 2890 290 2938 test
308 2882 365 2936 in
393 2882 479 2937 his
527 2899 651 2955 qua:
676 2887 815 2939 sunt
860 2884 1105 2951 Domini,
1139 2883 1191 2937 id
1223 2892 1307 2939 est
1334 2899 1455 2955 qua:
1483 2883 1553 2937 ad
1611 2884 1788 2938 Deum

177 2972 477 3043 pertinent.
511 2972 659 3027 Licet
689 2972 849 3027 etiam
877 2988 1001 3027 esse
1031 2972 1340 3041 sollicitum,
1373 2972 1644 3044 quomodo
1670 2973 1790 3044 pla-

178 3065 311 3117 ceat
328 3061 587 3117 Domino.
607 3060 709 3117 Ubi
738 3061 814 3117 ait
846 3075 858 3115 :
884 3062 1174 3118 Sollicitus
1193 3066 1276 3118 est
1305 3078 1427 3135 qua:
1446 3064 1585 3117 sunt
1603 3061 1790 3116 Domi-

178 3152 265 3213 ni,
303 3149 563 3222 intelligit
614 3150 685 3205 de
725 3150 810 3205 bis
866 3166 989 3222 qua:
1035 3150 1191 3205 saluti
1247 3149 1540 3219 sufﬁciunt,
1574 3159 1628 3205 et
1672 3150 1789 3205 sine

178 3239 389 3311 quibus
436 3255 598 3295 nemo
641 3239 892 3295 salvatur.
939 3239 1043 3296 Ubi
1064 3240 1137 3294 ait
1182 3255 1195 3295 :
1231 3240 1506 3308 Quomodo
1560 3242 1787 3313 placeat

182 3328 326 3397 Deo,
391 3328 644 3400 intelligit
714 3328 862 3383 illam
912 3344 1181 3384 summam
1227 3328 1642 3400 perfectionem,
1701 3328 1790 3385 cui

177 3432 294 3472 non
355 3414 557 3473 sufﬁcit
622 3418 726 3473 hoc
800 3417 996 3485 solum,
1070 3418 1215 3490 quod
1279 3418 1652 3474 necessarium
1709 3427 1793 3473 est

183 3506 379 3570 saluti,
464 3506 569 3561 nisi
627 3506 773 3561 bona
842 3523 941 3563 sua
1024 3507 1360 3579 pauperibus
1444 3506 1788 3579 disperserit,

179 3595 457 3650 mundum
527 3595 852 3665 deseruerit,
930 3596 1109 3651 nudus
1172 3596 1373 3651 nudam
1427 3612 1648 3653 crucem
1696 3613 1791 3653 se-

183 3692 349 3741 cutus
381 3684 472 3740 sit.
520 3684 628 3753 Qui
683 3685 801 3740 sine
853 3700 1025 3740 uxore
1092 3694 1194 3755 est,
1257 3684 1336 3740 sic
1391 3684 1445 3741 ei
1498 3683 1662 3741 licet:
1696 3688 1794 3760 qui

184 3778 391 3830 autem
420 3790 553 3829 cum
576 3790 755 3831 uxore
776 3779 881 3841 est,
912 3783 1145 3845 cogente
1161 3774 1486 3830 necessitate
1507 3776 1791 3832 sollicitus

183 3869 271 3919 est
302 3864 375 3919 de
405 3863 492 3919 his
512 3880 636 3936 qua:
662 3868 799 3919 sunt
828 3864 1049 3931 mundi,
1099 3872 1157 3918 ut
1198 3863 1468 3919 ministret
1524 3864 1683 3919 uxori
1740 3872 1796 3920 et

182 3953 392 4024 pueris,
462 3952 582 4009 sine
656 3953 853 4025 quibus
906 3953 1107 4008 durare
1162 3960 1459 4024 nequeunt.
1518 3952 1794 4009 Sollicitus

182 4042 355 4097 etiam
374 4048 462 4097 est
485 4042 752 4115 quomodo
800 4043 1027 4114 placeat
1073 4042 1263 4111 uxori,
1313 4042 1498 4097 dando
1550 4042 1790 4111 monilia,

193 4129 255 4187 1
281 4130 344 4187 1
364 4131 439 4187 3
499 4132 855 4202 praeparando
874 4140 1213 4195 ornamenta,
1247 4138 1298 4186 et
1336 4132 1417 4188 sic
1443 4132 1656 4189 divisus
1684 4136 1793 4199 est,

184 4220 318 4293 quia
350 4236 427 4275 ex
453 4220 689 4275 maxima
715 4228 868 4291 parte
899 4220 1219 4275 distrahitur
1263 4220 1318 4275 in
1349 4221 1495 4276 cultu
1516 4221 1719 4292 uxoris,
1743 4230 1798 4277 et

185 4309 410 4365 cultura
442 4308 662 4365 familia;
686 4325 698 4363 :
733 4317 785 4365 et
801 4310 933 4365 satis
976 4309 1193 4365 modica
1221 4325 1350 4382 pars
1380 4311 1498 4380 ejus
1527 4310 1797 4383 obsequio

185 4399 288 4453 Dei
319 4397 669 4469 relinquitur.
698 4398 848 4454 Sicut
899 4398 983 4453 vir
1000 4398 1285 4454 continens
1339 4399 1541 4470 COgitat
1569 4415 1636 4455 ea
1674 4415 1797 4471 quae

185 4496 314 4543 sunt
344 4487 572 4543 Domini
606 4504 621 4541 :
648 4486 728 4543 sic
758 4487 918 4543 etiam
966 4489 1176 4545 mulier
1220 4504 1344 4561 quae
1394 4490 1645 4561 innupta
1674 4496 1795 4554 est,

1873 556 2133 628 impediat
2189 573 2289 613 vos
2347 555 2621 612 tribulatio
2689 555 2905 622 carnis,
2966 571 3087 627 quae
3163 553 3482 625 conjugatas
3552 622 3558 631 ⁸

1873 645 2088 717 premit.
2169 645 2437 701 Fortassis
2510 644 2758 701 dicerent
2817 651 3075 716 parentes
3117 658 3129 698 :
3166 640 3482 713 Virginibus

1877 734 2094 805 quidem
2143 734 2346 789 nubere
2395 733 2551 800 licet,
2606 733 2704 789 sed
2760 740 2943 789 nostra
2999 732 3159 804 culpa
3204 738 3286 787 est
3334 728 3483 802 quod

1878 821 2018 877 tilias
2044 830 2278 889 nostras,
2303 821 2434 878 utin
2486 821 2793 895 virginitate
2839 827 3115 889 maneant,
3163 835 3274 876 non
3321 818 3479 891 cogi-

1875 928 2019 967 mus.
2045 912 2247 969 Contra
2267 912 2369 967 boc
2390 910 2586 966 Paulus
2602 910 2708 966 ait:
2729 910 2877 967 Licet
2892 910 3233 966 continentes
3249 907 3479 964 dixerim

1877 1000 2082 1056 habere
2112 1000 2419 1056 facultatem
2449 1006 2507 1055 ut
2536 999 2653 1055 sine
2683 998 3075 1070 impedimento
3096 997 3336 1055 serviant
3362 997 3480 1052 Do-

1877 1089 2044 1154 mino,
2070 1089 2216 1161 quod
2233 1105 2343 1145 non
2362 1089 2561 1144 habent
2579 1088 2909 1160 conjugataz,
2930 1096 3113 1143 tamen
3127 1089 3177 1143 si
3197 1087 3320 1160 quis
3330 1094 3483 1158 pater

1878 1180 2180 1234 existimat
2208 1194 2266 1233 se
2297 1178 2474 1234 videri
2500 1182 2747 1249 turpem,
2768 1177 2825 1232 id
2854 1184 2937 1232 est
2956 1177 3109 1233 timet
3141 1192 3201 1232 se
3230 1174 3480 1231 infamari

1878 1283 2066 1337 super,
2089 1266 2144 1321 id
2166 1274 2267 1334 est,
2282 1266 2352 1322 de
2373 1267 2593 1338 virgine
2610 1282 2715 1322 sua
2736 1265 2953 1322 volente
2966 1265 3173 1320 nubere
3190 1285 3209 1321 :
3226 1264 3369 1338 quod
3387 1263 3482 1319 illa

1879 1355 1956 1409 sit
1976 1370 2088 1409 non
2128 1355 2307 1410 solum
2339 1354 2666 1410 adulta:sed
2702 1362 2757 1409 et
2786 1353 3164 1425 superadulta
3187 1372 3206 1408 :
3227 1356 3283 1408 et
3317 1354 3368 1408 si
3396 1354 3485 1408 ita

1881 1448 2103 1516 Oportet
2119 1444 2267 1513 ﬁeri,
2286 1443 2417 1515 quia
2446 1443 2551 1497 nisi
2572 1442 2872 1510 maritetur,
2890 1442 2947 1497 in
2975 1441 3227 1513 proximo
3248 1449 3331 1497 est
3351 1438 3486 1496 infa-

1879 1533 2007 1599 mia,
2040 1534 2225 1603 faciat
2243 1540 2403 1604 pater
2434 1532 2580 1605 quod
2608 1533 2733 1589 vult
2761 1530 2892 1587 ﬁlia.
2927 1532 2989 1586 In
3024 1532 3130 1587 hoc
3177 1530 3322 1586 enim
3366 1546 3485 1587 non

1878 1625 2076 1693 peccat
2098 1628 2277 1692 pater,
2300 1622 2352 1677 si
2380 1622 2559 1678 nubat
2592 1618 2723 1687 ﬁlia,
2750 1636 2871 1692 qua;
2907 1619 3112 1675 mavult
3168 1618 3485 1692 conjugium

1882 1725 2047 1781 quam
2068 1710 2389 1766 castitatem.
2440 1711 2664 1774 Iterum,
2700 1708 2829 1781 quia
2858 1708 3078 1781 quidam
3107 1716 3292 1781 patres
3347 1706 3488 1763 tilias

1882 1800 1936 1852 in
1958 1798 2242 1870 proposito
2274 1797 2604 1872 virginitatis
2637 1813 2862 1854 manere
2892 1797 3158 1865 volentes,
3191 1795 3489 1868 cupiditate

1882 1887 2045 1954 dotis,
2099 1895 2153 1943 et
2202 1895 2261 1942 ut
2293 1888 2531 1943 habeant
2585 1886 2984 1943 incrementum
3031 1885 3275 1959 generis,
3311 1894 3365 1941 et
3390 1900 3489 1957 pro

1877 1974 2191 2045 ‘bujusmodi
2257 1984 2459 2049 cogunt
2562 1975 2832 2031 violenter
2902 1974 3133 2041 nubere,
3214 1972 3490 2032 interdicit

1884 2064 2102 2129 Paulus,
2128 2080 2195 2120 ne
2237 2064 2341 2121 hoc
2395 2063 2506 2120 fiat.
2556 2064 2759 2120 Littera
2797 2063 2878 2119 sic
2902 2062 3289 2135 jungiturzDe
3330 2063 3490 2118 Patre

1885 2153 1979 2225 qui
2024 2152 2193 2208 filiam
2235 2153 2509 2209 volentem
2555 2152 2818 2225 permittit
2874 2151 3104 2222 nubere,
3163 2151 3287 2209 dico
3343 2151 3491 2224 quod

1884 2258 1995 2298 non
2020 2250 2214 2314 peccat
2247 2259 2259 2298 :
2292 2258 2420 2298 nam
2462 2243 2532 2298 de
2562 2242 2657 2298 illo
2688 2242 2782 2314 qui
2837 2240 3001 2297 ﬁliam
3052 2241 3325 2297 volentem
3353 2256 3491 2297 con-

1885 2331 2030 2387 cedit
2057 2346 2283 2388 manere
2303 2332 2360 2385 in
2406 2330 2741 2402 virginitate,
2774 2329 2903 2403 quid
2951 2328 3100 2385 aliud
3129 2329 3326 2396 dicam,
3386 2328 3493 2384 nisi

1886 2420 2033 2492 quod
2063 2419 2337 2477 benefacit
2366 2419 2394 2474 τ
2424 2420 2522 2475 Ille
2555 2420 2744 2493 utique
2772 2420 2868 2492 qui
2894 2420 3105 2475 statuit
3132 2422 3194 2475 in
3215 2419 3377 2475 corde
3393 2435 3493 2475 suo

1887 2508 1943 2565 id
1971 2517 2054 2564 est
2098 2509 2193 2582 qui
2249 2508 2562 2565 rationabili
2628 2508 2870 2581 disponit
2926 2508 3165 2564 concilio
3200 2507 3328 2563 :ille
3371 2507 3495 2564 dico

1886 2599 2108 2667 ﬁrmus,
2144 2606 2198 2653 et
2244 2598 2573 2669 perdurans,
2623 2598 2678 2652 in
2727 2598 2834 2653 hoc
2886 2614 3001 2654 non
3049 2596 3234 2670 utique
3283 2595 3492 2653 habens

1888 2690 2291 2743 necessitatem
2312 2686 2631 2758 praedictam
2658 2701 2669 2740 :
2701 2686 2826 2759 quia
2855 2685 2925 2741 de
2956 2683 3066 2740 ﬁlia
3095 2700 3205 2741 non
3236 2685 3389 2740 timet
3410 2685 3493 2740 in-

1888 2775 2114 2831 famiam
2148 2794 2162 2830 :
2193 2776 2292 2833 sed
2323 2775 2532 2832 habens
2559 2779 2904 2848 potestatem
2924 2791 3041 2831 sum
3054 2775 3369 2830 voluntatis
3382 2773 3496 2830 eiii-

1889 2864 2118 2931 ciendse,
2139 2864 2266 2937 quia
2294 2862 2400 2919 tilia
2423 2864 2693 2921 consentit
2727 2879 2739 2918 :
2772 2867 2830 2921 et
2861 2863 2955 2936 qui
3004 2863 3104 2921 hoc
3159 2878 3269 2919 non
3317 2862 3493 2919 solum

1891 2953 2115 3009 statuit:
2149 2953 2248 3009 sed
2302 2954 2463 3011 etiam
2500 2954 2805 3027 judicavit,
2844 2952 2900 3008 id
2947 2960 3030 3009 est
3076 2951 3496 3009 deliberationes

1890 3045 1955 3099 in
1984 3043 2147 3100 corde
2170 3059 2271 3100 suo
2304 3042 2432 3100 fecit
2471 3060 2484 3097 :
2519 3042 2925 3098 considerando
2980 3042 3196 3113 pondus
3231 3040 3493 3114 conjugii,

1890 3132 2212 3188 admirando
2235 3132 2405 3188 decus
2436 3130 2784 3203 virginitatis.
2819 3132 2918 3187 ilic
2946 3130 3133 3203 utique
3164 3130 3211 3185 si
3233 3130 3498 3199 judicavit

1890 3238 2115 3279 servare
2144 3222 2425 3293 virginem
2454 3238 2639 3291 suam,
2665 3221 2971 3293 benefacit,
2993 3220 3123 3276 dum
3152 3236 3275 3275 eam
3305 3219 3497 3276 volen-

1890 3320 2003 3367 tem
2066 3311 2124 3367 in
2171 3310 2481 3382 virginitate
2565 3310 2822 3367 custodit.
2892 3308 3347 3382 Quandoquidem
3403 3310 3499 3382 qui

1890 3400 2168 3456 volentem
2234 3400 2496 3471 permittit
2562 3400 2793 3467 nubere,
2852 3414 2963 3455 non
3022 3406 3261 3471 peccat:
3302 3406 3356 3455 et
3405 3400 3501 3471 qui

1892 3489 2169 3545 nolentem
2197 3488 2406 3544 nubere
2446 3488 2587 3545 bene
2608 3487 2754 3555 facit,
2789 3487 2836 3542 si
2866 3497 3155 3544 causervat
3180 3487 3236 3543 in
3264 3487 3499 3562 virgini-

1892 3585 2020 3634 tate.
2036 3579 2218 3650 Igitur
2236 3582 2291 3634 et
2308 3578 2405 3651 qui
2423 3578 2791 3634 matrimonio
2791 3578 2993 3649 jungit
3017 3578 3295 3648 virginem
3307 3595 3495 3646 suam,

1892 3666 1968 3722 ita
1983 3667 2258 3723 volentem
2274 3668 2409 3723 bene
2428 3668 2572 3738 facit
2595 3683 2609 3720 :
2643 3670 2699 3723 et
2722 3666 2819 3739 qui
2850 3682 2966 3723 non
3000 3667 3201 3738 jungit
3219 3667 3499 3724 nolentem

1887 3756 2068 3831 jungi,
2101 3756 2242 3813 bene
2273 3764 2327 3811 et
2353 3757 2559 3812 melius
2574 3756 2743 3828 facit.
2768 3754 2917 3811 Sicut
2936 3755 3004 3812 de
3034 3755 3341 3828 virginibus
3362 3756 3498 3824 dixi,

1894 3861 2003 3901 non
2033 3854 2222 3917 peccat
2250 3861 2371 3917 quae
2428 3845 2612 3901 nubit:
2636 3853 2692 3901 et
2745 3861 2868 3917 quae
2896 3860 3007 3901 non
3064 3845 3240 3913 nubit,
3299 3844 3502 3902 melius

1895 3933 2027 3991 facit
2062 3949 2075 3988 :
2100 3935 2178 3991 sic
2207 3935 2276 3991 de
2304 3934 2646 4001 mulieribus,
2673 3935 2819 4006 quod
2859 3934 2952 3990 illa
2979 3950 3101 4006 quae
3153 3935 3274 3991 viro
3314 3934 3502 4005 juncta

1897 4030 1980 4079 est
2009 4039 2120 4079 non
2149 4031 2343 4096 peccat
2374 4041 2388 4078 :
2422 4023 2520 4079 sed
2549 4039 2671 4095 quae
2700 4023 2757 4079 in
2788 4023 3041 4079 castitate
3062 4023 3346 4095 manserit,
3379 4024 3503 4081 bea-

1898 4112 1999 4168 tior
2020 4112 2148 4168 erit.
2180 4111 2339 4183 Quod
2393 4112 2470 4168 ita
2520 4112 2594 4168 ait
2629 4129 2643 4167 :
2676 4113 2879 4169 Mulier
2930 4113 3171 4185 alligata
3217 4118 3306 4169 est
3359 4114 3501 4181 viro,

1898 4206 2110 4275 quanto
2143 4205 2391 4274 tempore
2420 4202 2556 4257 vivit
2623 4203 2711 4257 vir
2740 4204 2883 4274 ejus.
2921 4202 3073 4270 Quod
3101 4203 3153 4258 si
3206 4203 3507 4260 dormierit

1898 4292 1985 4346 vir
2014 4293 2156 4363 ejus,
2184 4292 2424 4347 liberata
2440 4294 2527 4346 est
2554 4308 2589 4346 a
2610 4291 2728 4362 lege
2757 4291 2889 4347 viri.
2908 4292 2978 4349 Et
3011 4294 3143 4349 licet
3173 4295 3382 4351 nubere
3410 4294 3508 4349 cui

1896 4381 2040 4447 vult,
2073 4379 2447 4435 tantummodo
2483 4382 2548 4436 in
2585 4380 2844 4448 Domino,
2902 4381 2959 4437 id
2991 4390 3076 4437 est
3133 4381 3299 4453 legali
3351 4398 3507 4439 more

1901 4469 2165 4542 conjugii.
2205 4469 2315 4525 Sed
2343 4469 2593 4541 quamvis
2622 4468 2785 4525 liceat
2816 4470 2866 4526 ei
2907 4471 3119 4527 nubere
3145 4489 3159 4526 :
3190 4479 3374 4527 tamen
3393 4473 3507 4529 erit

186 4576 240 4631 id
274 4585 365 4633 est
394 4575 559 4650 virgo
588 4584 642 4632 et
670 4576 854 4643 vidua,
879 4578 1089 4649 cogitat
1117 4593 1186 4633 ea
1362 4581 1502 4634 sunt
1534 4556 1789 4634 Domini:

1894 4560 2207 4633 perfectior
2232 4562 2286 4614 si
2310 4559 2699 4630 permanserit
2728 4559 2831 4625 sic,
2854 4558 2910 4614 id
2937 4568 3022 4615 est
3049 4560 3295 4633 innupta,
3328 4576 3505 4633 agens

187 4670 255 4723 ut
286 4668 371 4722 sit
419 4669 627 4721 sancta
681 4669 739 4721 et
796 4681 1027 4739 corpore
1082 4670 1142 4721 et
1186 4667 1422 4738 spiritu,
1446 4666 1506 4721 id
1570 4674 1654 4721 est
1699 4682 1802 4737 per

184 4764 480 4828 utramque
542 4754 914 4827 integritatem
967 4755 1216 4827 corporis
1283 4763 1337 4811 et
1401 4755 1649 4827 spiritus.
1717 4756 1802 4811 Ea

187 4861 324 4901 vero
353 4861 485 4918 qua:
498 4847 684 4915 nupta
700 4847 807 4910 est,
830 4845 1041 4917 cogitat
1068 4860 1135 4900 ea
1175 4861 1298 4917 quae
1325 4849 1465 4901 sunt
1491 4844 1712 4913 mundi,
1744 4843 1802 4899 id

191 4943 275 4990 est
304 4932 632 4991 necessaria
666 4932 871 5003 domui,
917 4937 972 4990 et
1018 4933 1290 5007 quomodo
1315 4934 1542 5006 placeat
1601 4934 1717 4989 viro
1746 4932 1805 4987 in

193 5022 537 5095 superﬂuis;
567 5029 622 5078 et
640 5036 763 5078 cum
794 5022 871 5077 ita
889 5023 1268 5079 commendem
1308 5022 1464 5079 vobis
1510 5022 1801 5079 continen-

190 5112 337 5170 tibus
364 5111 721 5170 continentiaa
750 5111 971 5178 bonum,
1002 5128 1187 5185 porro,
1220 5110 1278 5167 id
1324 5119 1406 5166 est
1460 5127 1570 5167 non
1625 5111 1803 5178 aliter,

195 5202 299 5259 hoc
328 5202 476 5268 dico,
512 5215 682 5273 quam
711 5200 784 5256 ad
811 5202 1129 5258 utilitatem
1148 5204 1417 5268 vestram,
1447 5200 1656 5257 scilicet
1685 5218 1803 5260 non

195 5296 259 5347 ut
291 5308 391 5362 per
429 5292 539 5348 hoc
585 5290 851 5361 injiciam
896 5290 1067 5346 vobis.
1094 5291 1397 5364 laqueum,
1448 5304 1653 5361 cogens
1699 5305 1804 5349 vos

197 5392 399 5433 vovere
437 5372 837 5447 virginitatem,
870 5374 1016 5446 quod
1062 5382 1245 5431 votum
1275 5382 1465 5446 postea
1494 5374 1753 5447 frangetis
1786 5392 1800 5432 :

196 5466 295 5522 sed
318 5467 427 5522 hoc
452 5463 600 5530 dico,
634 5463 908 5519 hortando
936 5480 1036 5519 vos
1061 5464 1135 5520 ad
1176 5464 1253 5530 id,
1316 5463 1459 5537 quod
1488 5468 1573 5520 est
1626 5465 1804 5519 hone-

195 5560 369 5622 stum,
404 5554 464 5611 id
520 5561 604 5610 est
652 5568 688 5608 a
733 5552 1061 5625 contagione
1108 5551 1367 5622 alienum,
1412 5552 1630 5625 etquod
1658 5568 1805 5623 prm-

198 5645 323 5702 beat
358 5644 685 5702 facultatem
714 5641 1042 5697 obsecrandi
1071 5656 1171 5697 vos
1207 5641 1444 5698 Domino
1474 5643 1598 5697 sine
1627 5642 1805 5712 impe-

199 5735 452 5793 dimento
482 5728 858 5790 tribulationis
886 5728 1094 5787 carnis.
1122 5729 1226 5787 Per
1253 5729 1360 5788 hoc
1388 5729 1534 5786 enim
1580 5726 1808 5801 potestis

1898 4647 2213 4704 secundum
2240 4648 2550 4705 consilium
2570 4663 2780 4703 meum.
2814 4646 2959 4717 Quid
2978 4648 3108 4705 inde
3128 4648 3378 4706 dicerent
3404 4649 3507 4717 illi,

1900 4736 1947 4791 si
1977 4744 2035 4792 tu
2062 4736 2138 4792 ita
2167 4735 2410 4793 consulis
2439 4735 2468 4791 Ἰ
2500 4736 2586 4792 Ad
2616 4736 2722 4793 hoc
2766 4736 2961 4794 Paulus
2997 4753 3009 4792 :
3038 4738 3164 4794 Non
3208 4747 3292 4795 est
3340 4755 3506 4811 sper-

1900 4825 2140 4881 nendum
2189 4825 2477 4883 consilium
2525 4841 2709 4882 meum
2744 4841 2757 4881 :
2791 4826 2921 4899 quia
2969 4831 3110 4901 puto
3167 4829 3311 4901 quod
3364 4829 3509 4886 sicut

1900 4914 1992 4970 alii
2022 4914 2294 4987 apostoli:
2330 4914 2410 4971 sic
2441 4919 2501 4971 et
2528 4932 2625 4987 ego
2637 4916 2870 4973 habeam
2898 4918 3167 4991 spiritum
3182 4919 3304 4987 Dei,
3337 4926 3391 4974 et
3410 4933 3512 4991 per

1900 5003 2169 5076 spiritum,
2192 5004 2425 5078 gratiam
2461 5004 2715 5062 consiliii.

2500 5221 2730 5279 CAPUT
2750 5222 2897 5280 VIII.

1980 5413 2003 5440 ιι
2038 5392 2119 5448 De
2138 5391 2225 5447 his
2254 5399 2458 5462 autem,
2490 5408 2612 5465 qua:
2642 5393 2804 5450 idolis
2850 5393 3246 5465 sacrificantur,
3298 5397 3506 5454 scimus

1909 5502 1931 5527 α
1975 5480 2105 5552 quia
2157 5495 2351 5536 omnes
2388 5481 2673 5537 scientiam
2711 5484 2978 5539 habemus
3015 5500 3029 5539 :
3062 5484 3293 5541 scientia
3334 5486 3505 5553 inﬂat,

1909 5589 1933 5619 ι
1975 5568 2212 5625 charitas
2268 5584 2399 5625 vero
2418 5568 2668 5625 mdiﬁcat.
2721 5570 2783 5627 1
2806 5570 2963 5629 14
2994 5571 3052 5628 Si
3082 5571 3206 5643 quis
3234 5580 3415 5629 autem
3447 5589 3509 5630 se

1910 5678 1934 5709 ι
1979 5657 2253 5713 existimat
2280 5656 2420 5714 scire
2457 5657 2678 5731 aliquid,
2738 5660 2981 5716 nondum
3029 5660 3290 5732 acgnovit
3317 5676 3509 5733 quem-

1910 5769 1932 5794 α
1977 5744 2270 5803 admodum
2291 5753 2540 5817 oporteat
2568 5762 2695 5801 eum
2724 5746 2885 5804 scire.
2902 5748 2959 5803 Si
2977 5745 3099 5821 quis
3117 5754 3299 5802 autem
3329 5747 3509 5821 diligit
