3948 6488
430 373 532 427 163

983 375 1038 428 S.
1081 371 1437 428 BRUNONIS
1473 367 2124 428 CARTHUSIANORUM
2161 367 2646 425 INSTITUTORIS
2685 370 2839 427 OPP.
2881 371 3057 428 PARS
3096 373 3164 427 II.

3624 376 3724 428 164

434 515 457 544 ι
489 495 684 563 Deum,
718 496 808 552 hic
835 496 1086 568 cognitus
1116 504 1198 551 est
1227 497 1392 552 abeo.
1437 498 1517 552 De
1533 497 1675 553 escis
1704 505 1883 551 autem
1899 511 2020 568 quae
2041 498 2094 556 Α
2122 492 2314 548 Modus
2343 493 2486 548 enim
2516 495 2604 550 hic
2625 504 2728 561 est,
2770 497 3052 552 scientiam
3109 497 3502 568 contemperari
3531 497 3719 552 chari-

433 609 454 635 ε
492 586 651 642 idolis
695 585 1056 651 immolantur,
1101 587 1303 641 scimus
1343 585 1472 656 quia
1525 585 1658 640 nihil
1715 595 1796 640 est
1821 586 2024 640 idolum

432 697 454 723 ιι
491 675 547 729 in
574 675 776 729 mundo
812 689 824 727 :
857 682 910 728 et
948 675 1091 746 quod
1125 675 1304 729 nullus
1334 676 1480 730 Dcus
1533 675 1638 728 nisi
1667 691 1826 730 unus.
1885 676 2024 728 Nam

432 784 454 814 ι
490 771 541 818 et
571 763 616 818 si
648 771 771 817 sunt
799 762 891 834 qui
948 763 1197 818 dicantur
1224 764 1320 830 dii,
1380 762 1495 818 sive
1525 763 1580 816 in
1637 763 1796 829 caelo,
1835 763 1950 819 sive
1971 763 2026 817 in

432 873 454 904 ι
490 859 632 907 terra
664 851 732 921 (si
778 852 995 924 quidem
1030 861 1153 906 sunt
1183 853 1259 906 dii
1307 852 1481 919 multi,
1517 860 1568 906 et
1597 852 1800 906 domini
1846 852 2022 920 multi)

432 967 454 990 ι
486 941 644 995 nobis
676 950 856 994 tamen
883 957 1022 995 unus
1044 942 1210 1008 Deus,
1227 941 1390 996 Pater
1411 957 1474 995 ex
1501 956 1608 1011 quo
1628 939 1829 1006 omnia,
1853 949 1905 995 et
1923 957 2020 995 nos

427 1051 449 1080 «
485 1030 540 1083 in
568 1029 660 1084 illo
695 1043 706 1082 :
741 1037 791 1084 et
821 1046 962 1084 unus
984 1031 1246 1084 Dominus
1262 1030 1420 1084 Jesus
1437 1030 1698 1097 Christus,
1730 1046 1830 1099 per
1858 1046 2020 1100 quem

426 1139 448 1169 ι
484 1118 668 1172 omnia
698 1126 750 1172 et
780 1133 881 1172 nos
909 1135 1009 1188 per
1038 1119 1234 1188 ipsum,
1300 1118 1396 1172 sed
1426 1134 1532 1172 non
1565 1118 1620 1172 in
1657 1117 1907 1172 omnibus
1939 1123 2021 1171 est

427 1227 452 1258 ι
487 1206 734 1262 scientia.
772 1206 1010 1276 Quidam
1067 1214 1245 1261 autem
1303 1223 1425 1261 cum
1458 1206 1790 1261 conscientia
1847 1222 2019 1276 usque

429 1318 451 1342 ιι
489 1311 631 1350 nunc
661 1295 810 1365 idoli,
846 1296 1000 1366 quasi
1029 1295 1385 1365 idolothytum
1416 1296 1741 1350 manducant
1773 1313 1787 1361 ;
1819 1303 1872 1348 et
1897 1309 2020 1348 con-

431 1407 452 1430 «
492 1383 719 1438 scientia
748 1384 988 1453 ipsomm
1019 1398 1144 1438 cum
1173 1383 1242 1436 sit
1289 1381 1520 1447 inﬁma,
1563 1383 1859 1453 polluitur;
1893 1398 2018 1437 esca

426 1494 447 1518 ιι
483 1479 662 1526 autem
711 1487 811 1526 nos
870 1487 979 1526 non
1029 1471 1373 1527 commendat
1421 1472 1556 1526 Deo.
1615 1473 1805 1542 Neque
1871 1471 2017 1526 enim

425 1581 448 1610 ι
485 1560 532 1614 si
575 1576 683 1614 non
729 1559 1254 1623 manducaverimus,
1313 1559 1682 1626 deficiemus;
1727 1576 1904 1630 neque
1972 1559 2017 1612 si

424 1672 445 1696 ιι
481 1649 1008 1713 manducaverimus,
1058 1648 1475 1703 abundabimus.
1510 1649 1700 1703 Videte
1747 1657 1924 1702 autem
1949 1665 2016 1703 ne

423 1761 444 1785 ιι
481 1737 618 1792 forte
640 1737 755 1792 haec
783 1737 1002 1792 licentia
1029 1745 1212 1792 vestra
1252 1735 1638 1792 oﬂ‘endiculum
1661 1735 2013 1791 fiatinﬁrmis.

421 1847 443 1877 α
478 1825 534 1881 Si
564 1825 685 1897 quis
714 1827 858 1880 enim
890 1825 1083 1881 viderit
1113 1843 1256 1892 eum,
1289 1826 1378 1897 qui
1411 1826 1570 1881 habet
1628 1826 1910 1880 scientiam
1958 1825 2013 1878 in
2033 1855 2085 1914 Β

420 1947 441 1971 ιι
479 1923 646 1978 idolio
676 1923 1082 1978 recumbentem
1109 1938 1121 1976 :
1154 1939 1336 1977 nonne
1368 1923 1699 1978 conscientia
1721 1923 1855 1991 ejus,
1890 1939 2012 1978 cum

422 2034 444 2063 ι
482 2011 550 2066 sit
581 2011 816 2080 infirma,
857 2011 1213 2067 aediﬁcabitur
1242 2011 1311 2066 ad
1352 2013 1790 2067 manducandum
1833 2011 2012 2066 idolo-

420 2122 442 2151 ι
478 2101 625 2172 thyta
653 2101 681 2155 Ὺ
709 2101 776 2154 Et
804 2099 1003 2170 peribit
1029 2099 1274 2154 infirmus
1295 2100 1349 2154 in
1382 2109 1468 2154 tua
1493 2100 1825 2155 conscientia
1846 2101 2013 2154 frater

419 2209 440 2241 ι
478 2198 700 2260 propter
733 2205 896 2260 quem
939 2188 1186 2242 Christus
1243 2197 1486 2244 mortuus
1517 2196 1598 2244 est
1627 2189 1654 2241 ‘P
1685 2189 1773 2244 Sic
1830 2197 2010 2243 autem

420 2298 442 2328 α
477 2286 770 2348 peccantes
801 2277 855 2331 in
885 2276 1098 2340 fratres,
1133 2286 1184 2331 et
1229 2279 1595 2348 percutientes
1624 2277 2010 2332 conscientiam

417 2390 438 2414 ιι
475 2382 664 2422 eorum
719 2364 1005 2432 inﬁrmam,
1080 2366 1134 2419 in
1184 2367 1459 2421 Christum
1531 2366 1788 2436 peccatis.
1855 2364 2009 2434 Qua-

419 2463 695 2526 «propter
741 2455 787 2509 si
819 2470 947 2510 esca
1003 2454 1332 2509 scandalizat
1383 2454 1608 2509 fratrem
1663 2471 1866 2523 meum,
1899 2470 2007 2509 non

415 2567 436 2592 ι.
474 2543 818 2600 manducabo
895 2559 1118 2599 carnem
1173 2543 1229 2598 in
1309 2551 1592 2610 aeternum,
1666 2560 1735 2598 ne
1791 2542 2006 2598 fratrem

411 2656 431 2680 ιι
471 2649 652 2688 meum
685 2631 1071 2688 scandalizem.
1110 2652 1132 2681 ι

1047 2789 1364 2829 Εχροειτιο.

475 2883 648 2937 Error
677 2888 790 2937 erat
813 2880 868 2935 in
897 2880 1190 2936 Corinthiis
1221 2880 1290 2935 de
1318 2897 1420 2934 usu
1470 2880 1734 2936 ciborum.
1767 2881 2004 2950 Quidam

404 2972 550 3027 enim
579 2970 814 3027 scientes
858 2969 1042 3024 omnia
1070 2985 1194 3024 esse
1249 2969 1474 3035 munda,
1527 2985 1658 3024 sana
1678 2969 1784 3024 fide
1814 2986 2002 3025 come-

404 3059 608 3115 debant
636 3058 836 3113 omnia.
869 3057 934 3111 Hi
963 3064 1142 3112 autem
1173 3056 1263 3128 qui
1293 3057 1398 3111 fide
1445 3056 1644 3112 infirmi
1675 3066 1846 3127 erant,
1878 3075 2000 3114 cum

401 3147 651 3204 viderent
681 3146 1060 3217 prudentiores
1109 3162 1167 3200 se
1197 3145 1493 3216 idolothyta
1531 3149 1840 3213 comedere,
1873 3165 2000 3203 cre-

2128 589 2254 637 tate.
2289 581 2554 653 Opposita
2585 586 2849 639 sententia
2883 601 2894 640 :
2930 585 3034 653 Qui
3065 585 3297 652 inﬂatur,
3333 586 3572 642 scientia:
3600 601 3721 639 mo-

2123 670 2252 724 dum
2285 687 2393 726 non
2437 673 2693 743 cognovit
2727 691 2739 726 :
2774 674 2868 728 sed
2902 674 2948 728 si
2986 674 3107 744 quis
3137 675 3312 747 diligit
3366 677 3561 740 Deum,
3595 673 3721 745 quia

2123 758 2288 813 habet
2334 759 2656 815 charitatem
2712 761 2959 831 proximi,
2995 763 3083 818 hic
3135 763 3320 834 utique
3367 763 3620 835 cognitus
3669 770 3722 815 et

2122 848 2454 918 approbatus
2484 857 2618 904 esta
2668 850 2803 904 Deo.
2862 851 3020 906 Nunc
3075 852 3393 906 determinat
3441 851 3719 909 scientiam

2121 951 2331 1001 eorum,
2363 937 2418 990 in
2447 953 2555 1007 quo
2586 938 2854 993 laudanda
2895 940 2981 1006 sit,
3016 948 3069 994 et
3114 940 3168 994 in
3211 956 3317 1011 quo
3371 940 3718 1011 reprobanda

2119 1023 2310 1080 dicens
2342 1043 2355 1078 :
2391 1027 2608 1081 Scimus
2635 1028 2777 1098 quod
2803 1029 3041 1099 diligens
3071 1031 3266 1094 Deum,
3300 1047 3335 1084 α
3366 1031 3474 1084 Deo
3504 1045 3713 1100 cogno-

2119 1115 2319 1168 scitur.
2341 1114 2416 1168 De
2445 1115 2584 1169 escis
2602 1120 2792 1169 autem
2822 1134 2942 1188 qua:
2973 1118 3351 1173 immolantur
3380 1117 3564 1181 idolis,
3589 1118 3710 1172 sci-

2118 1217 2265 1265 mus,
2295 1201 2350 1254 id
2382 1211 2480 1268 est,
2517 1218 2614 1255 vos
2637 1201 2740 1257 fide
2762 1203 3126 1260 lirmimecum
3151 1206 3478 1278 scitis,quod
3499 1205 3717 1261 idolum

2117 1289 2266 1344 nihil
2289 1294 2374 1344 est
2408 1291 2469 1344 in
2486 1292 2716 1354 mundo,
2749 1292 2802 1345 id
2834 1302 2916 1346 est
2945 1293 2998 1347 in
3038 1295 3313 1350 creatione
3333 1295 3540 1348 mundi.
3565 1295 3718 1348 Deus

2119 1377 2341 1447 quidem
2373 1378 2605 1447 lapidem
2646 1379 2730 1433 vel
2762 1380 2969 1452 lignum
2991 1383 3134 1437 unde
3191 1383 3456 1438 formatur
3485 1383 3713 1449 idolum,

2118 1466 2341 1530 creavit,
2387 1467 2481 1520 sed
2536 1467 2796 1522 facturam
2846 1470 2974 1524 idoli
3032 1487 3142 1526 non
3191 1471 3335 1527 fecit.
3390 1473 3511 1526 Non
3566 1472 3718 1526 enim

2117 1563 2379 1609 creatura:
2406 1554 2482 1608 illi
2507 1572 2572 1608 ex
2593 1557 2709 1610 Deo
2729 1557 2830 1612 hoc
2855 1561 3125 1628 provenit,
3159 1569 3216 1614 ut
3243 1561 3454 1614 dicatur
3483 1560 3712 1626 idolum,

2116 1644 2213 1698 sed
2241 1643 2307 1696 ab
2339 1641 2563 1710 artifice.
2613 1645 2682 1697 Et
2711 1646 2813 1700 hoc
2869 1648 3034 1702 etiam
3089 1649 3257 1714 scitis,
3283 1650 3424 1720 quod
3454 1665 3567 1704 non
3624 1655 3717 1704 est

2115 1733 2270 1787 ullus
2302 1733 2446 1785 Deus
2465 1732 2578 1786 nisi
2599 1750 2748 1788 unus
2769 1737 2940 1801 solus,
2975 1737 3119 1791 unde
3141 1746 3353 1792 constat
3373 1737 3576 1792 idolum
3599 1753 3715 1792 non

2115 1838 2238 1875 esse
2269 1822 2459 1874 Deum.
2492 1821 2630 1875 Vere
2678 1839 2817 1876 unus
2859 1832 3061 1879 tantum
3093 1835 3175 1879 est
3214 1827 3378 1880 Deus.
3412 1827 3554 1881 Nam
3585 1831 3640 1882 et
3659 1828 3716 1882 si

2113 1915 2250 1964 sunt
2282 1909 2377 1980 qui
2391 1909 2661 1964 dicantur
2688 1912 2767 1967 dii
2798 1932 2816 1967 :
2848 1915 2960 1968 sive
2978 1915 3039 1968 in
3066 1916 3219 1979 creto,
3256 1923 3312 1968 ut
3342 1915 3524 1986 angeli
3553 1917 3714 1980 ;sive

2114 2001 2175 2052 in
2199 2002 2374 2063 terra,
2409 2003 2465 2050 ut
2502 2000 2732 2066 apostoli
2765 2019 2779 2065 ;
2805 2002 2959 2070 juxta
3005 2002 3135 2056 illud
3168 2021 3180 2056 :
3219 2027 3238 2050 ιι
3275 2003 3394 2074 Ego
3426 2003 3534 2056 dixi
3570 2020 3584 2056 :
3619 2003 3713 2057 Dii

2112 2087 2245 2140 estis
2277 2085 2450 2148 (Psal.
2480 2099 2682 2155 xxxvr,
2710 2092 2781 2159 l').
2821 2111 2842 2139 ι
2879 2092 3022 2145 Bene
3053 2091 3175 2146 dico
3192 2091 3438 2146 dicantur
3467 2091 3560 2156 dii,
3589 2093 3710 2162 qui,

2111 2175 2381 2245 siquidem
2412 2178 2466 2232 in
2491 2177 2716 2232 veritate
2762 2186 2886 2232 sunt
2921 2179 3072 2232 multi
3101 2180 3210 2233 dii:
3233 2189 3285 2234 et
3313 2179 3367 2233 in
3399 2179 3502 2232 diis
3549 2179 3713 2232 multi

2111 2264 2336 2331 domini,
2380 2265 2439 2322 1
2463 2265 2612 2322 15
2647 2275 2704 2320 ut
2733 2267 2788 2320 in
2811 2267 2951 2322 cmlo
2991 2268 3305 2340 archangeli
3354 2268 3712 2322 dominantur

2109 2354 2340 2424 angelis,
2359 2353 2412 2407 in
2436 2363 2579 2409 terra
2599 2355 2829 2425 apostoli
2845 2356 3186 2426 martyribus.
3205 2358 3359 2412 Licet
3379 2357 3562 2426 utique
3580 2357 3708 2411 sint

2109 2443 2279 2496 multi
2299 2444 2398 2508 dii,
2421 2445 2577 2498 nobis
2603 2448 2787 2498 tamen
2809 2449 2891 2498 est
2910 2460 3060 2500 unus
3077 2446 3222 2500 Deus
3236 2447 3423 2510 Pater,
3438 2461 3511 2500 ea?
3524 2461 3628 2517 quo
3650 2445 3713 2498 in

2107 2530 2375 2600 principio
2414 2540 2593 2586 creata
2624 2541 2746 2585 sunt
2776 2533 2987 2597 omnia,
3031 2538 3086 2588 et
3115 2550 3214 2588 nos
3245 2534 3411 2589 creati
3452 2533 3716 2587 subsisti-

2106 2630 2227 2667 mus
2261 2616 2322 2668 in
2354 2617 2454 2670 illo
2479 2632 2579 2686 per
2606 2617 3054 2688 gubernationem
3089 2619 3203 2686 ejus
3237 2637 3252 2684 ;
3283 2623 3338 2673 et
3371 2635 3521 2673 unus
3551 2619 3710 2674 Deus

2105 2707 2192 2758 est
2209 2705 2476 2759 Dominus
2498 2707 2656 2760 Iesus
2677 2707 2952 2761 Christus.
2977 2707 3044 2760 Et
3066 2707 3204 2761 bene
3223 2707 3292 2761 de
3316 2707 3518 2761 unitate
3541 2707 3710 2761 Chri-

2106 2791 2172 2844 sti
2203 2807 2326 2847 cum
2359 2793 2513 2848 Patre
2560 2793 2819 2849 subdidit.
2877 2795 2958 2850 De
3013 2795 3118 2850 hoc
3175 2795 3318 2849 enim
3369 2795 3704 2850 haesitabant

2105 2880 2387 2945 Corinthii,
2416 2898 2518 2953 per
2545 2899 2706 2953 quem
2723 2883 2907 2936 Jesum
2951 2883 3223 2937 Christum
3247 2883 3384 2939 facta
3427 2891 3550 2938 sunt
3581 2901 3711 2939 om-

2102 2970 2221 3022 nia.
2254 2969 2410 3023 Pater
2436 2970 2580 3024 enim
2609 2970 2790 3025 omnia
2819 2971 3059 3026 condidit
3088 2972 3144 3025 in
3182 2971 3336 3037 Filio,
3388 2980 3440 3026 et
3470 2988 3572 3027 nos
3592 2989 3707 3044 per

2103 3058 2289 3128 ipsum
2320 3057 2590 3112 Christum
2620 3059 2948 3113 mediantem
2981 3076 3166 3113 sumus
3188 3060 3240 3114 in
3264 3061 3397 3114 Deo.
3431 3061 3535 3115 Sed
3567 3061 3709 3116 licet

2099 3144 2154 3198 in
2175 3145 2258 3198 his
2275 3161 2464 3200 sanam
2487 3147 2781 3201 habeamus
2804 3147 3107 3212 scientiam,
3149 3153 3341 3204 tamen
3363 3166 3477 3203 non
3499 3151 3561 3203 in
3586 3167 3714 3204 om-

403 3237 602 3292 debant
630 3251 724 3290 eos
751 3235 850 3290 sub
880 3235 1227 3290 veneratione
1257 3235 1386 3289 idoli
1418 3235 1496 3290 sic
1546 3251 1736 3306 agere,
1769 3245 1822 3292 et
1851 3237 2001 3292 dice—
2031 3235 2077 3272 ἐ)
2099 3235 2264 3289 nibus
2299 3235 2542 3289 scientia
2577 3240 2776 3290 nostra
2821 3251 2975 3305 aeque
3006 3235 3265 3306 perfecta.
3318 3239 3454 3291 Vere
3482 3255 3598 3292 non
3633 3240 3706 3293 in

401 3327 571 3380 bant:
603 3325 811 3378 Bonum
841 3331 923 3378 est
952 3331 1008 3377 ut
1049 3331 1385 3378 revertamur
1413 3324 1483 3378 ad
1503 3324 1823 3395 idolothyta.
1879 3325 1997 3379 Nisi

402 3414 547 3470 enim
569 3412 931 3484 intelligerent
991 3411 1193 3482 aliquid
1241 3428 1363 3467 esse
1392 3412 1617 3480 idolum,
1677 3429 1786 3468 non
1813 3429 1996 3469 come-

402 3504 592 3557 derent
620 3501 898 3555 immolata
927 3500 1033 3554 illis
1076 3500 1152 3566 hi,
1181 3500 1270 3572 qui
1301 3500 1439 3555 inter
1466 3517 1567 3556 nos
1613 3502 1993 3572 prudentiores

399 3599 542 3646 sunt.
577 3591 712 3645 Cum
743 3597 921 3643 autem
948 3588 1027 3644 sic
1080 3589 1298 3659 quidam
1328 3605 1518 3644 eorum
1568 3599 1805 3645 errarent
1834 3591 1993 3645 nole-

397 3681 525 3734 bant
554 3687 733 3734 tamen
761 3677 1027 3732 desistere
1056 3678 1435 3747 prudentiores
1466 3694 1498 3732 a
1517 3679 1653 3734 cibis
1682 3679 1806 3743 illis,
1843 3687 1893 3734 et
1915 3681 1992 3734 sic

395 3767 774 3840 percutiebant
796 3765 1159 3821 conscientias
1209 3765 1562 3821 infirmorum.
1600 3769 1666 3821 Et
1693 3768 1761 3822 de
1799 3768 1990 3835 hujus-

396 3857 542 3921 modi
571 3855 758 3925 incipit
814 3853 902 3909 hic
942 3855 1142 3909 Paulus
1171 3855 1360 3910 dicens
1395 3870 1406 3908 :
1441 3857 1520 3910 De
1578 3855 1847 3926 conjugiis
1891 3872 1992 3925 per

394 3945 681 4016 epistolam
703 3943 1077 4016 interrogastis
1107 3960 1232 4010 me;
1265 3945 1362 3999 sed
1395 3945 1460 3999 de
1492 3944 1577 3998 his
1597 3961 1718 4014 quae
1764 3945 1989 4013 sacriﬁ-

391 4038 602 4090 cantur
617 4033 812 4097 idolis,
856 4031 986 4085 nihil
1037 4032 1336 4104 requisistis
1367 4047 1400 4086 a
1428 4048 1547 4086 me:
1581 4047 1682 4087 nec
1727 4033 1984 4102 oportuit,

393 4122 517 4195 quia
551 4123 781 4185 scimus,
814 4121 869 4175 id
900 4128 982 4175 est
1021 4129 1074 4176 et
1093 4138 1191 4176 vos
1213 4121 1364 4176 scitis
1381 4128 1433 4175 et
1462 4136 1568 4193 ego
1598 4121 1744 4185 scio;
1780 4128 1833 4175 et
1863 4137 1988 4176 cum

392 4210 672 4282 aequaliter
700 4210 956 4276 sciamus,
981 4225 1089 4265 non
1118 4209 1354 4280 oportuit
1383 4225 1480 4264 vos
1511 4225 1759 4280 quaerere
1787 4225 1820 4263 a
1847 4225 1935 4264 me
1973 4225 1986 4266 :

393 4308 445 4355 et
473 4301 579 4355 hoc
617 4298 747 4354 dicit
779 4298 1011 4354 ironice.
1078 4298 1289 4354 Scimus
1345 4297 1530 4368 utique
1586 4298 1655 4352 de
1692 4297 1796 4364 his,
1859 4299 1986 4369 quia

390 4403 581 4444 omnes
610 4403 719 4443 non
748 4388 887 4442 hanc
934 4387 1126 4452 solam,
1169 4387 1268 4442 sed
1298 4386 1565 4444 habemus
1605 4402 1984 4458 quamcunque

393 4477 697 4534 scientiam.
757 4476 918 4531 Modo
983 4475 1253 4546 improbat
1334 4475 1477 4530 hanc
1533 4475 1831 4540 scientiam,
1888 4492 1986 4546 per

2095 3323 2388 3388 omnibus;
2420 3323 2650 3394 quidam
2679 3323 2824 3377 enim
2854 3340 2963 3378 non
2984 3325 3209 3395 integra:
3233 3325 3379 3391 fidei,
3405 3327 3707 3383 conscien-

2095 3411 2177 3465 tia
2193 3411 2595 3466 idolimanente
2614 3428 2784 3482 usque
2802 3429 2962 3478 nunc,
2979 3430 3081 3484 qua
3096 3415 3301 3468 idolum
3322 3417 3708 3472 venerandum

2093 3515 2216 3554 esse
2256 3500 2505 3566 credunt,
2540 3501 3066 3572 manducantquasi
3089 3505 3484 3575 idolothytum,
3518 3505 3572 3559 id
3606 3517 3702 3562 est

2092 3586 2367 3641 immolata
2397 3587 2542 3642 idolo
2572 3589 2673 3642 sub
2722 3592 3071 3646 veneratione
3128 3593 3278 3647 idoli.
3326 3594 3392 3646 Et
3448 3595 3552 3649 hoc
3603 3595 3703 3649 fa-

2091 3676 2284 3731 ciendo
2312 3677 2952 3747 polluiturconscientia
2966 3682 3234 3751 ipsorum,
3271 3699 3399 3738 cum
3418 3685 3495 3737 sit
3522 3684 3701 3752 inﬁr-

2090 3781 2182 3819 ma
2201 3779 2302 3834 pro
2328 3764 2734 3834 imperfectione
2755 3765 2881 3821 fidei
2909 3786 2922 3821 :
2943 3768 3065 3823 illos
3097 3771 3317 3840 quidem
3337 3771 3694 3841 polluitesca,

2091 3868 2193 3923 qua
2224 3860 2466 3917 utuntur,
2495 3854 2617 3924 quia
2648 3871 2749 3908 nos
2779 3856 2962 3910 vident
2997 3859 3091 3923 uti,
3118 3859 3214 3914 sed
3241 3858 3335 3913 illa
3383 3876 3509 3915 esca
3564 3877 3696 3918 non

2091 3941 2443 3997 commendat
2475 3959 2574 3997 nos
2605 3944 2732 3999 Deo.
2781 3945 3070 4016 Nunquam
3115 3947 3263 4002 enim
3293 3957 3514 4019 prepter
3545 3950 3698 4007 hanc

2089 4045 2273 4084 escam
2293 4029 2573 4085 chariores
2603 4032 2803 4086 erimus
2843 4034 2976 4089 Deo.
3013 4034 3192 4102 Quare
3238 4052 3346 4091 non
3374 4037 3428 4091 in
3450 4039 3554 4093 hoc
3574 4038 3689 4094 de-

2090 4119 2344 4172 beremus
2372 4117 2669 4174 offendere.
2706 4122 2846 4176 Vere
2883 4123 3001 4179 haec
3022 4141 3148 4180 esca
3179 4142 3295 4180 non
3319 4128 3691 4184 commendat

2086 4223 2188 4262 nos
2209 4209 2318 4262 Deo
2345 4224 2356 4262 :
2382 4225 2518 4262 nam
2548 4209 2598 4264 si
2623 4226 2738 4264 non
2760 4211 3296 4270 manducaverimus
3328 4216 3473 4270 hanc
3493 4231 3691 4271 escam

2086 4311 2264 4366 neque
2285 4295 2408 4351 ideo
2439 4295 2753 4352 deticiemus
2781 4315 2811 4352 a
2839 4301 2974 4369 Deo,
3008 4318 3185 4373 neque
3235 4303 3281 4357 si
3302 4304 3690 4361 manducave—

2085 4384 2275 4453 rimus,
2309 4392 2601 4455 propterea
2629 4388 3034 4444 abundabimus
3065 4391 3122 4445 in
3151 4392 3314 4447 bono.
3340 4393 3407 4446 Et
3429 4394 3687 4464 quando—

2086 4481 2304 4552 quidem
2333 4481 2407 4535 nil
2435 4481 2968 4552 impeditabstinere,
3002 4487 3077 4541 nil
3093 4489 3311 4556 adjuvat
3345 4491 3637 4547 comedere
3670 4511 3685 4550 :

390 4567 593 4621 malum
660 4565 806 4637 quod
869 4565 995 4619 inde
1052 4564 1314 4635 sequitur,
1384 4563 1573 4619 dicens
1631 4580 1732 4619 nos
1795 4564 1980 4636 utique
2001 4571 2054 4630 D
2091 4570 2272 4627 Videte
2303 4586 2456 4642 ergo,
2481 4587 2552 4626 ne
2572 4574 2722 4641 forte
2744 4574 2860 4629 haec
2892 4576 3126 4632 licentia
3147 4582 3334 4634 vestra
3361 4588 3571 4634 noceat.
3598 4582 3695 4636 Li-

391 4655 590 4711 scimus
621 4673 639 4709 :
662 4654 758 4708 sed
789 4654 1033 4709 scientia
1060 4652 1164 4706 ista
1197 4667 1307 4707 non
1355 4652 1484 4706 satis
1514 4652 1783 4708 laudanda
1850 4661 1930 4708 est
1967 4672 1979 4708 :

389 4744 514 4816 quia
542 4744 733 4812 inﬂat,
770 4741 825 4795 id
841 4749 923 4796 est
942 4740 1070 4796 facit
1089 4755 1188 4795 vos
1211 4739 1498 4810 superbire
1519 4749 1707 4796 contra
1737 4740 1983 4797 inﬁrmos

389 4832 603 4896 fratres,
637 4831 693 4884 in
727 4829 918 4901 quibus
949 4845 1057 4884 non
1087 4845 1152 4884 ex
1182 4829 1436 4884 charitate
1465 4830 1646 4900 agitis,
1673 4832 1769 4886 sed
1798 4833 1978 4886 male:

391 4921 513 4992 quia
543 4921 794 4976 charitas
851 4917 1112 4986 aediﬁcat,
1137 4917 1380 4972 nutriens
1435 4918 1656 4973 virtutes
1688 4919 1742 4973 in
1798 4920 1983 4992 perfe-

389 5008 584 5065 ctionis
643 5005 1194 5074 consummationem,
1229 5013 1282 5060 et
1333 5006 1456 5061 ideo
1515 5007 1742 5062 scientia
1795 5017 1981 5064 vestra

387 5097 556 5162 inﬂat,
605 5095 732 5166 quia
771 5110 881 5149 non
937 5102 1377 5165 contemperatur
1423 5097 1702 5152 charitate.
1763 5099 1978 5168 Impro-

387 5185 534 5240 bavit
563 5183 843 5238 scientiam
873 5199 1062 5237 eorum
1083 5200 1184 5254 per
1202 5183 1406 5238 malum
1457 5185 1744 5256 superbiae,
1777 5202 1978 5242 conse-

387 5288 560 5346 quens
589 5271 766 5338 illam;
796 5287 941 5327 nunc
979 5272 1150 5342 ipsam
1198 5272 1476 5327 scientiam
1509 5289 1521 5327 :
1556 5275 1852 5330 ostendens
1882 5291 1976 5329 eos

383 5360 698 5426 inscientes,
743 5360 798 5414 in
828 5376 936 5431 quo
968 5377 1027 5415 se
1053 5361 1362 5417 existimant
1388 5379 1510 5418 esse
1539 5364 1794 5418 scientes.
1828 5364 1976 5419 Licet

385 5447 609 5504 dixerim
633 5465 730 5503 vos
752 5449 1006 5519 scientes,
1023 5457 1202 5506 tamen
1224 5454 1274 5507 si
1295 5453 1418 5524 quis
1435 5453 1732 5508 existimat
1756 5469 1814 5508 se
1831 5454 1976 5508 scire

382 5535 619 5606 aliquid,
648 5537 725 5592 uti
755 5555 871 5608 vos,
906 5539 1022 5594 sine
1052 5540 1313 5595 charitate
1344 5541 1630 5611 ;profecto
1686 5541 1775 5596 hic
1824 5558 1974 5598 non-

378 5625 515 5682 dum
539 5628 793 5698 cognovit
819 5629 894 5686 ad
923 5644 1087 5702 quem
1114 5630 1344 5686 modum
1363 5634 1620 5702 oporteat
1647 5647 1778 5687 eum
1805 5632 1970 5697 scire,

2085 4668 2170 4713 cet
2201 4659 2382 4729 utique
2411 4660 2711 4714 secundum
2742 4677 2930 4716 sanam
2963 4663 3124 4719 fidem
3147 4675 3401 4737 vestram,
3435 4670 3532 4724 sed
3568 4687 3693 4727 non

2083 4747 2160 4802 ita
2188 4747 2316 4803 licet
2345 4755 2402 4801 ut
2429 4764 2526 4818 per
2540 4749 2644 4804 hoc
2654 4751 2761 4818 ﬁat
2777 4752 3179 4821 oﬂ‘endiculum
3209 4757 3456 4824 inﬁmis
3471 4762 3691 4829 fratri-

2083 4838 2200 4899 bus,
2233 4835 2376 4906 quod
2424 4837 2666 4892 contuitu
2723 4848 2905 4895 nostro
2956 4844 3338 4900 manducando
3374 4845 3688 4918 idolothyta

2081 4931 2329 4995 peccent,
2371 4925 2495 4995 quia
2526 4925 2626 4979 sub
2648 4929 2998 4985 veneratione
3036 4932 3185 4986 idoli.
3224 4934 3511 5004 Propterea
3550 4936 3686 4993 dico

2080 5029 2150 5068 ne
2181 5013 2285 5080 ﬁat
2313 5014 2746 5084 o/fendiculum;
2781 5018 2903 5088 quia
2921 5021 2974 5074 si
3003 5021 3128 5092 quis
3141 5037 3251 5076 non
3266 5038 3414 5078 same
3433 5023 3560 5079 fidei
3583 5027 3684 5080 vi-

2081 5103 2229 5158 derit
2255 5117 2384 5157 eum
2413 5104 2831 5160 recumbentem
2863 5109 2924 5162 in
2946 5109 3111 5178 idolo,
3147 5111 3201 5164 id
3232 5120 3314 5165 est
3344 5111 3400 5166 in
3415 5112 3556 5184 jloco
3576 5115 3682 5170 ubi

2079 5192 2388 5247 immolatur
2416 5190 2562 5246 idolo
2582 5210 2596 5257 ;
2630 5209 2759 5249 eum
2773 5195 2895 5252 dico
2910 5199 3006 5270 qui
3027 5198 3189 5255 habet
3208 5202 3511 5258 scientiam
3523 5205 3685 5274 quod

2079 5281 2257 5338 omnis
2304 5286 2555 5336 creatura
2600 5281 2701 5337 Dei
2745 5287 2944 5340 munda
2992 5287 3079 5351 sit,
3129 5305 3231 5343 nec
3273 5291 3685 5347 contaminetur

2077 5379 2303 5441 propter
2329 5367 2534 5422 idolum
2564 5370 2610 5423 si
2659 5387 2796 5428 sana
2841 5374 2974 5430 fides
3021 5376 3117 5446 sit,
3150 5377 3341 5433 videns
3372 5380 3475 5435 hoc
3505 5379 3675 5435 inﬁr-

2076 5476 2217 5525 mus,
2233 5477 2422 5520 nonne
2453 5460 2803 5516 conscientia
2820 5465 2940 5532 ejus
2955 5483 3084 5520 cum
3101 5468 3175 5521 sit
3189 5467 3420 5534 inﬁrma
3446 5471 3684 5524 anima-

2076 5550 2230 5604 bitur
2250 5553 2499 5623 exemplo
2520 5561 2610 5606 tuo
2634 5553 2704 5606 ad
2725 5554 3185 5610 manducandum
3209 5557 3544 5628 idolothyta,
3566 5560 3678 5613 sub

2075 5639 2423 5698 veneratione
2469 5641 2644 5696 idoli?
2685 5643 2756 5697 Et
2797 5643 2876 5699 sic
2914 5659 3016 5714 per
3061 5643 3332 5700 infirmam
3383 5648 3681 5704 conscien-
