3948 6448
183 411 276 464 165

819 405 1201 462 EXPOSITIO
1241 407 1316 463 IN
1352 405 1735 464 EPISTOLAS
1773 405 1996 462 PAULI.
2029 435 2098 445 —
2129 404 2204 460 IN
2232 403 2448 460 EPIST.
2483 405 2506 459 Ι
2544 405 2638 460 AD
2679 404 2839 460 COR.

3390 405 3493 458 166

189 534 305 588 tiam
339 531 548 605 peribit
581 533 844 601 inﬁrmus
873 535 1060 605 frater
1089 535 1150 589 in
1187 538 1283 590 tua
1313 535 1590 600 scientia,
1625 533 1778 602 cujus
1807 533 1861 592 A
1889 553 1910 578 α
1946 529 2283 600 dispensatio
2315 530 2447 585 mihi
2480 531 2689 586 credita
2719 538 2822 586 est.
2851 528 2985 598 Quae
3012 537 3093 585 est
3125 544 3261 602 ergo
3290 544 3502 584 merces

187 623 422 693 exemplo
454 623 720 677 comedit.

249 712 358 767 Nec
387 713 492 767 hoc
542 710 661 766 leve
712 719 868 782 putes
892 754 904 778 ,
955 711 1083 783 quia
1113 711 1200 766 hic
1231 719 1314 766 est
1344 711 1526 776 frater,
1560 715 1792 784 propter

187 817 339 872 quem
371 799 630 856 Christus
658 805 918 856 mortuus
941 805 1026 856 est
1050 844 1062 867 ,
1091 809 1143 856 et
1174 809 1400 872 propter
1425 817 1586 872 quem
1608 800 1788 854 modi-

191 905 306 945 cum
337 889 518 944 cibum
561 905 670 943 non
715 888 798 943 vis
846 889 1138 954 dimittere,
1192 889 1325 943 nihil
1368 889 1464 943 tibi
1493 889 1787 944 conferen-

188 979 332 1032 tem?
362 980 424 1032 Et
479 977 604 1050 quia
651 979 704 1031 in
749 987 838 1032 tua
887 978 1115 1034 scientia
1144 979 1338 1049 peribit
1369 978 1555 1044 frater,
1589 995 1786 1049 peccas

189 1068 245 1122 in
274 1069 533 1137 fratrem.
570 1067 659 1122 Sic
680 1075 859 1121 autem
888 1070 1187 1139 peccantes
1215 1069 1279 1122 in
1305 1071 1539 1138 fratres,
1572 1072 1628 1121 et
1648 1084 1784 1138 per-

188 1158 368 1210 cutie'z
378 1159 460 1211 tes
483 1155 608 1210 cibo
626 1163 807 1210 vestro
825 1155 1115 1225 inﬁrmam
1133 1157 1546 1211 conscientiam
1567 1172 1782 1221 eorum,

186 1244 420 1314 peccatis
465 1253 654 1299 contra
698 1244 967 1299 Christum
1014 1244 1106 1316 qui
1147 1252 1392 1299 mortuus
1441 1252 1523 1298 est
1561 1253 1786 1314 propter

186 1331 467 1386 inﬁrmum.
501 1335 869 1405 Quapropter,
916 1333 971 1386 id
1021 1341 1122 1401 est,
1157 1333 1286 1405 quia
1334 1349 1566 1404 peccare
1595 1333 1649 1386 in
1680 1334 1787 1387 fra-

197 1428 348 1488 trem,
383 1437 614 1491 peccare
645 1430 726 1475 est
757 1421 809 1475 in
840 1421 1132 1487 Christum,
1167 1424 1217 1477 si
1249 1439 1374 1478 esca
1403 1438 1527 1476 mea
1553 1423 1786 1478 seanda-

194 1512 324 1565 Iisat
364 1513 612 1580 fratrem
647 1527 837 1566 meum
859 1554 871 1576 ,
913 1527 1028 1565 non
1064 1510 1414 1566 manducabo
1451 1527 1683 1567 carnem
1718 1512 1781 1566 in

185 1603 478 1653 (eternum.
494 1599 699 1654 Verum
720 1599 938 1670 quidem
956 1608 1058 1665 est,
1077 1599 1202 1670 quia
1223 1599 1277 1652 in
1299 1599 1600 1655 aeternitate
1621 1615 1782 1655 nemo

183 1695 360 1741 utetur
387 1687 512 1742 cibo
543 1687 736 1753 carnis,
792 1688 888 1742 sed
936 1688 1060 1743 ideo
1090 1688 1167 1743 sic
1197 1688 1267 1742 ait
1295 1696 1353 1742 ut
1383 1688 1558 1760 magis
1594 1689 1780 1744 deter-

186 1784 300 1830 reat
329 1792 359 1829 a
389 1776 650 1831 seandalo
681 1776 878 1845 fratris,
914 1793 1035 1832 cum
1068 1778 1198 1833 dicit
1231 1795 1244 1832 :
1277 1777 1420 1846 Quia
1456 1779 1500 1832 si
1533 1778 1589 1831 in
1617 1786 1778 1833 aeter-

1895 641 1915 670 α
1952 635 2072 674 mea
2101 620 2129 673 ?
2162 621 2228 675 Ut
2258 620 2620 691 Evangelium
2653 620 2970 691 praedicans,
3004 619 3122 674 sine
3154 627 3367 690 sumptu
3392 633 3496 689 po-

1893 729 1915 759 ‹
1949 724 2076 763 nam
2106 709 2482 782 Evangelium,
2517 718 2571 763 ut
2601 725 2708 764 non
2757 709 2947 762 abutar
2993 715 3260 779 potestate
3290 723 3414 762 mea
3443 707 3498 762 in

1893 821 1913 844 ‹‹
1951 797 2274 869 Evangelio.
2336 798 2474 852 Nam
2531 813 2654 853 cum
2703 796 2843 851 liber
2896 812 3076 852 essem
3124 813 3187 851 ex
3219 796 3493 867 omnibus,

1893 908 1915 937 α
1951 886 2190 941 omnium
2219 903 2307 940 me
2357 903 2576 941 servum
2609 885 2732 951 feci,
2766 893 2825 940 ut
2871 885 3057 956 plures
3085 884 3486 941 lucrifacerem.

1891 997 1913 1026 α
1949 976 2016 1029 Et
2047 975 2219 1031 factus
2252 991 2372 1030 sum
2401 975 2604 1030 Judaeis
2637 983 2888 1047 tanquam
2919 975 3158 1042 Judzrus,
3193 982 3248 1030 ut
3275 975 3496 1030 Iudaeos

1892 1087 1913 1112 ιι
1947 1064 2232 1132 lucrarer;
2265 1064 2330 1118 iis
2361 1065 2452 1136 qui
2483 1065 2585 1118 sub
2641 1065 2764 1136 lege
2823 1071 2964 1130 sunt,
3001 1064 3157 1135 quasi
3213 1063 3313 1118 sub
3367 1063 3494 1136 lege

1891 1175 1912 1202 α
1950 1169 2130 1208 essem
2159 1155 2307 1222 (cum
2337 1153 2454 1223 ipse
2485 1170 2592 1208 non
2628 1169 2807 1208 essem
2841 1153 2939 1207 sub
2990 1152 3156 1225 lege),
3188 1160 3246 1206 ut
3273 1168 3369 1207 eos
3400 1152 3492 1224 qui

1889 1264 1910 1289 α
1949 1243 2050 1296 sub
2072 1242 2195 1313 lege
2227 1251 2378 1297 erant
2395 1241 2763 1298 lucrifacerem
2798 1242 2905 1307 ;iis
2922 1241 3014 1313 qui
3035 1241 3291 1312 sinelege
3313 1249 3489 1311 erant,

1889 1352 1910 1381 α
1949 1339 2202 1402 tanquam
2235 1331 2351 1386 sine
2380 1331 2505 1404 lege
2544 1347 2723 1386 essem
2757 1333 2902 1400 (cum
2944 1331 3060 1386 sine
3103 1330 3225 1401 lege
3257 1331 3356 1386 Dei
3385 1345 3494 1385 non

1888 1442 1908 1467 ιι
1946 1437 2146 1486 essem,
2181 1421 2276 1474 sed
2316 1421 2369 1474 in
2419 1420 2543 1493 lege
2592 1437 2771 1475 essem
2820 1419 3058 1490 Christi),
3110 1428 3164 1474 ut
3209 1418 3494 1476 lucriface-

1889 1533 1910 1557 ‹‹
1945 1526 2060 1564 rem
2095 1525 2210 1576 eos,
2238 1509 2329 1581 qui
2361 1509 2478 1564 sine
2508 1509 2632 1582 lege
2661 1516 2833 1564 erant.
2886 1509 3084 1564 Factus
3115 1525 3235 1562 sum
3264 1507 3495 1564 inﬁrmis

1888 1619 1909 1648 α
1946 1597 2216 1664 inﬁrmus,
2251 1607 2308 1653 ut
2335 1597 2576 1653 inﬁrmos
2624 1597 3018 1654 lucrifacerem.
3079 1597 3345 1653 Omnibus
3375 1614 3494 1654 om-

1887 1711 1907 1735 ιι
1944 1687 2036 1741 nia
2073 1687 2248 1743 factus
2281 1705 2419 1757 sum,
2453 1696 2511 1741 ut
2539 1704 2730 1743 omnes
2779 1687 3020 1743 facerem
3048 1687 3256 1742 salvos.
3297 1687 3492 1742 Omnia

1887 1799 1907 1824 α
1946 1785 2125 1830 autem
2157 1776 2298 1832 facio
2328 1785 2552 1848 prOpter
2572 1777 2956 1848 Evangelium,
2991 1784 3049 1830 ut
3070 1776 3342 1847 particeps
3373 1778 3490 1846 ejus

189 1882 314 1919 num
344 1865 500 1921 cibus
532 1865 717 1921 carnis
748 1867 1131 1921 comederetur
1179 1867 1302 1933 sibi,
1340 1875 1624 1937 respueret
1657 1883 1775 1922 eum
1799 1900 1854 1960 B
1887 1888 1907 1911 ιι
1949 1864 2172 1921 eﬁiciar.
2206 1866 2460 1931 Nescitis,
2523 1866 2668 1938 quod
2699 1866 2754 1920 hi
2781 1866 2874 1938 qui
2922 1865 2975 1919 in
3007 1866 3185 1921 stadio
3242 1875 3488 1936 currunt,

183 1970 248 2009 ne
278 1963 505 2025 poneret
532 1953 918 2010 oﬂ‘endiculum
953 1955 1121 2024 fratri,
1156 1956 1280 2011 ideo
1309 1956 1510 2012 nollem
1539 1956 1594 2010 in
1627 1965 1782 2012 reter-

183 2060 308 2097 num
338 2045 674 2100 manducare
714 2059 953 2099 carnem.
1004 2046 1126 2100 Non
1175 2045 1300 2100 ideo
1348 2045 1522 2100 solum
1573 2062 1640 2100 ne
1670 2046 1784 2099 fra-

185 2140 316 2187 trem
345 2149 528 2188 meum
562 2149 790 2203 peccare
823 2135 1080 2199 tacerem,
1113 2135 1210 2189 sed
1241 2151 1312 2190 ne
1343 2151 1470 2190 eum
1500 2135 1786 2191 scandali-

184 2238 322 2288 zem,
353 2221 410 2277 id
441 2230 525 2277 est
557 2221 750 2277 saltem
781 2222 963 2278 animo
1011 2223 1351 2279 contristem.

792 2363 1017 2421 CAPUT
1063 2366 1159 2420 IX.

257 2512 276 2536 ει
313 2489 438 2544 Non
469 2505 595 2544 sum
635 2488 774 2545 liber
799 2489 826 2543 ?
872 2490 997 2544 Non
1056 2506 1176 2545 sum
1221 2490 1553 2561 apostolus?
1590 2492 1786 2547 Nonne

188 2601 207 2625 ει
245 2578 521 2633 Christum
550 2579 735 2633 Jesum
764 2579 1058 2634 Dominum
1114 2588 1358 2634 nostrum
1406 2581 1564 2635 vidi?
1590 2581 1786 2636 Nonne

187 2689 207 2717 ι
241 2683 381 2738 opus
411 2684 599 2723 meum
628 2684 726 2723 vos
756 2667 886 2723 estis
928 2668 983 2722 in
1019 2669 1254 2724 Domino
1275 2669 1302 2723 Ἰ
1338 2670 1405 2723 Et
1436 2669 1482 2724 si
1528 2670 1648 2725 aliis
1677 2687 1787 2726 non

187 2778 208 2806 ι
243 2773 365 2810 sum
392 2756 696 2828 apostolus,
756 2757 853 2812 sed
900 2765 1083 2813 tamen
1112 2758 1268 2813 vobis
1314 2774 1480 2813 sum:
1531 2775 1658 2814 nam
1707 2760 1787 2815 si-

186 2869 206 2891 ει
237 2846 537 2915 gnaculum
567 2846 903 2916 apostolatus
944 2847 1054 2902 mei
1100 2862 1198 2902 vos
1244 2846 1378 2902 estis
1428 2847 1483 2902 in
1533 2849 1784 2905 Domino.

186 2955 206 2983 ι
241 2935 362 2990 Mea
393 2934 647 2990 defensio
677 2936 822 3006 apud
859 2951 956 2991 eos
999 2935 1091 3008 qui
1139 2952 1224 2990 me
1255 2940 1612 3010 interrogant,
1673 2939 1789 2994 hinc

184 3044 204 3073 ι
239 3032 340 3078 est.
396 3023 660 3094 Nunquid
705 3041 816 3080 non
875 3025 1140 3079 habemus
1194 3033 1520 3096 potestatem
1548 3027 1788 3082 mandu-

185 3133 205 3162 ι
240 3113 403 3167 candi
435 3122 492 3167 et
521 3113 790 3168 bibendi?
814 3114 1071 3185 Nunquid
1100 3130 1213 3169 non
1254 3115 1522 3171 habemus
1552 3125 1789 3187 potesta-

182 3223 203 3251 ι
238 3210 348 3256 tem
393 3201 686 3256 mulierem
759 3218 1004 3258 sororem
1035 3202 1501 3273 circumducendi,
1565 3205 1706 3262 sicut
1735 3214 1790 3262 et

182 3312 203 3336 ιι
238 3290 422 3346 ceteri
470 3290 726 3360 apostoli,
772 3300 824 3345 et
882 3291 1078 3347 fratres
1135 3292 1382 3358 Domini,
1417 3301 1470 3349 et
1524 3295 1787 3365 Cephas?

180 3403 200 3424 α
238 3381 345 3434 Aut
373 3379 532 3435 solus
562 3395 666 3450 ego
697 3388 750 3435 et
775 3381 1070 3450 Barnabas,
1104 3397 1213 3436 non
1246 3382 1512 3438 habemus
1541 3393 1785 3454 potesta—

181 3489 202 3518 ι
236 3476 347 3523 tem
395 3470 508 3524 hoc
555 3470 864 3538 operandi?
908 3470 1042 3539 Quis
1085 3470 1282 3525 militat
1327 3472 1440 3526 suis
1501 3473 1786 3543 stipendiis

184 3579 205 3608 ι
240 3574 490 3630 unquam
513 3558 540 3612 εν
591 3557 724 3627 Quis
752 3559 959 3630 plantat
996 3559 1232 3626 vineam,
1287 3569 1338 3615 et
1365 3561 1434 3617 de
1463 3561 1638 3618 fructu
1667 3564 1786 3632 ejus

183 3670 203 3692 ιι
240 3663 351 3702 non
383 3648 499 3702 edit
520 3647 547 3700 ε’
581 3645 714 3715 Quis
742 3647 918 3718 pascit
948 3665 1197 3721 gregem,
1233 3658 1284 3704 et
1313 3650 1382 3705 de
1411 3650 1552 3707 lacte
1596 3653 1786 3723 gregis

182 3756 204 3786 α
239 3751 350 3791 non
404 3737 749 3791 manducat?
829 3738 1088 3809 Nunquid
1153 3739 1457 3795 secundum
1509 3741 1788 3797 hominem

181 3845 203 3873 ι
240 3825 357 3880 haec
388 3826 564 3881 dico?
590 3828 674 3880 An
729 3834 782 3880 et
810 3826 897 3881 lex
951 3827 1070 3883 hare
1124 3843 1234 3883 non
1283 3829 1460 3884 dicit?
1517 3830 1786 3901 Scriptum

182 3933 202 3962 α
237 3923 321 3968 est
349 3915 503 3970 enim
534 3914 586 3968 in
616 3914 737 3985 lege
770 3915 944 3986 Moysi
976 3933 989 3970 :
1027 3939 1048 3963 α
1094 3918 1220 3972 Non
1265 3918 1520 3986 alligabis
1570 3936 1633 3974 os
1664 3920 1790 3976 bovi

181 4022 202 4051 σι
239 4003 521 4058 trituranti
549 4005 733 4073 (Deut.
768 4019 905 4073 xxv,
941 4005 1008 4070 4;
1043 4005 1069 4059 I
1093 4007 1228 4061 Tim.
1257 4008 1436 4078 v,l8).
1477 4029 1499 4058 ι
1533 4009 1790 4081 Nunquid

185 4112 206 4141 ι
241 4093 308 4148 de
342 4093 526 4147 bobus
549 4108 676 4148 cura
706 4101 788 4148 est
817 4094 933 4148 Deo
962 4094 989 4147 ?
1044 4097 1130 4149 An
1179 4104 1406 4167 prOpter
1448 4113 1550 4153 nos
1605 4098 1790 4169 utique

185 4204 204 4227 «ι
243 4182 347 4238 hoc
394 4181 588 4238 dicit?
620 4183 762 4236 Nam
791 4191 1014 4254 propter
1063 4200 1166 4238 nos
1213 4184 1414 4256 scripta
1456 4195 1599 4256 sunt,
1649 4203 1790 4259 quo-

183 4292 203 4314 υ
230 4270 380 4325 niam
421 4271 486 4328 1
513 4269 664 4326 16
696 4271 859 4326 debet
888 4272 942 4326 in
975 4288 1072 4344 spe
1101 4273 1192 4344 qui
1219 4282 1333 4328 arat
1381 4290 1542 4331 arare
1567 4294 1581 4342 ;
1617 4285 1670 4331 et
1699 4276 1792 4348 qui

185 4380 207 4409 ι
242 4361 481 4425 triturat,
517 4359 571 4413 in
606 4376 704 4430 spe
762 4359 966 4418 fructus
1007 4363 1363 4433 percipiendi.
1416 4364 1474 4419 Si
1502 4381 1604 4420 nos
1633 4366 1790 4421 vobis

183 4466 203 4498 ι
240 4447 553 4518 spiritualia
583 4449 987 4517 seminavimus,
1045 4467 1306 4524 magnum
1353 4461 1436 4509 est
1466 4453 1511 4508 si
1541 4470 1642 4510 nos
1671 4471 1792 4511 car-

183 4559 203 4586 «
239 4537 389 4593 nalia
441 4545 627 4594 vestra
672 4540 988 4594 metamus?
1035 4540 1092 4596 Si
1119 4541 1210 4596 alii
1268 4542 1548 4612 potestatis
1595 4553 1793 4601 vestrae

183 4647 205 4676 ε
240 4628 548 4700 participes
579 4635 722 4696 sunt,
756 4645 922 4700 quare
969 4644 1077 4684 non
1109 4630 1286 4700 potius
1317 4647 1418 4686 nos
1447 4631 1476 4685 ‘l
1530 4633 1629 4688 sed
1685 4650 1794 4689 non
1815 4625 1868 4686 D

186 4738 208 4767 ι
245 4717 332 4772 usi
374 4733 570 4772 sumus
599 4717 702 4772 hac
729 4725 1017 4787 potestate.
1080 4719 1188 4774 Sed
1217 4720 1397 4775 omnia
1441 4722 1790 4790 sustinemus,

186 4827 207 4855 α
242 4822 312 4861 ne
359 4805 516 4878 quod
566 4805 950 4862 oﬂendiculum
994 4807 1188 4862 demus
1230 4809 1535 4882 Evangelio
1575 4811 1791 4867 Christi.

183 4917 202 4938 α
240 4894 504 4961 Nescitis,
539 4895 797 4966 quoniam
827 4895 920 4967 qui
948 4895 1004 4950 in
1049 4897 1292 4953 sacrario
1321 4907 1640 4970 operantur,
1673 4917 1798 4972 quae

184 5006 204 5028 α
242 4983 311 5038 de
343 4983 590 5040 sacrario
621 4992 773 5050 sunt,
809 4985 1022 5041 edunt?
1049 4987 1120 5041 Et
1151 4987 1243 5059 qui
1270 4987 1429 5042 altari
1453 4989 1793 5054 deserviunt,

190 5092 211 5121 ι
244 5088 368 5128 cum
400 5072 565 5128 altari
594 5073 969 5144 participant?
998 5075 1073 5128 Ita
1113 5083 1166 5130 et
1215 5076 1482 5131 Dominus
1529 5078 1800 5134 ordinavit

187 5184 207 5206 «
244 5160 329 5216 his
361 5161 456 5234 qui
505 5161 866 5233 Evangelium
913 5163 1250 5234 annuntiant,
1281 5165 1349 5220 de
1381 5166 1682 5239 Evangelia
1711 5167 1798 5223 vi-

191 5271 211 5295 ιι
248 5266 400 5305 vere.
461 5249 584 5320 Ego
639 5258 817 5305 autem
877 5252 1024 5307 nullo
1066 5253 1260 5308 horum
1312 5270 1446 5309 usus
1503 5271 1643 5310 sum.
1675 5257 1800 5311 Non

190 5360 211 5384 α
249 5347 435 5394 autem
467 5339 660 5407 scripsi
689 5340 826 5407 haec,
856 5348 911 5394 ut
943 5341 1016 5396 ita
1066 5341 1196 5397 ﬁant
1226 5342 1281 5397 in
1309 5359 1416 5398 me.
1480 5344 1686 5399 Bonum
1719 5353 1802 5399 est

193 5449 213 5472 α
250 5429 397 5482 enim
427 5428 564 5482 mihi
623 5428 802 5498 magis
857 5429 1025 5498 mori,
1062 5447 1221 5502 quam
1252 5439 1308 5486 ut
1339 5431 1575 5504 gloriam
1619 5449 1800 5488 meam

190 5538 211 5566 ε
248 5516 370 5588 quis
403 5524 652 5574 evacuet.
676 5518 819 5571 Nam
841 5517 886 5571 si
916 5519 1389 5592 evangelizavero,
1415 5537 1525 5577 non
1557 5531 1639 5577 est
1671 5522 1802 5578 mihi

192 5625 215 5650 ι·
248 5606 429 5676 gloria
462 5622 474 5661 :
506 5606 812 5662 necessitas
845 5606 988 5661 enim
1018 5609 1148 5662 mihi
1198 5609 1466 5665 incumbit
1498 5628 1510 5665 :
1543 5627 1626 5667 vae
1656 5610 1802 5665 enim

193 5717 212 5738 α
248 5695 386 5750 mihi
418 5703 518 5764 est,
553 5696 601 5751 si
650 5710 762 5750 non
810 5696 1276 5768 evangelizavero.
1332 5698 1389 5754 Si
1420 5699 1566 5754 enim
1611 5698 1803 5755 volens

193 5803 215 5833 α
250 5782 355 5841 hoc
394 5799 520 5855 ago,
583 5783 902 5841 mercedem
959 5785 1181 5854 habeo;
1240 5787 1286 5843 si
1345 5795 1525 5845 autem
1581 5787 1799 5858 invitus,

1893 1977 1914 2000 ‹‹
1951 1969 2142 2009 omnes
2175 1955 2394 2026 quidem
2417 1963 2660 2022 currunt,
2686 1955 2782 2010 sed
2806 1971 2944 2009 unus
2971 1955 3168 2026 accipit
3198 1955 3444 2011 bravium
3463 1957 3493 2011 ?

1894 2065 1914 2093 α
1953 2044 2042 2099 Sic
2070 2044 2273 2099 currite
2322 2053 2380 2098 ut
2423 2044 2919 2115 comprehendatis.
2954 2043 3146 2100 Omnis
3189 2053 3368 2099 autem
3401 2043 3494 2116 qui

1893 2155 1914 2179 α
1949 2133 2003 2186 in
2036 2149 2216 2206 agone
2262 2135 2558 2200 contendit,
2594 2134 2664 2188 ab
2723 2133 2978 2188 omnibus
3011 2150 3070 2188 se
3129 2134 3365 2189 abstinet
3396 2151 3409 2188 :
3442 2143 3495 2190 et

1894 2245 1915 2268 α
1951 2221 2030 2276 illi
2060 2223 2280 2294 quidem
2329 2231 2384 2277 ut
2445 2223 2857 2294 corruptibilem
2908 2238 3168 2278 coronam
3200 2222 3488 2294 accipiant,

1893 2334 1914 2357 «ι
1950 2327 2052 2365 nos
2084 2319 2262 2366 autem
2288 2311 2685 2383 incorruptam.
2720 2313 2839 2382 Ego
2872 2311 3038 2382 igitur
3065 2311 3143 2367 sic
3172 2327 3350 2377 curro,
3382 2327 3496 2366 non

1894 2423 1914 2447 u
1955 2399 2112 2471 quasi
2143 2401 2197 2454 in
2227 2400 2532 2467 incertum;
2567 2401 2646 2456 sic
2694 2416 2900 2472 pugno,
2958 2417 3070 2455 non
3097 2400 3254 2472 quasi
3311 2416 3492 2456 aerem

1894 2512 1915 2532 «
1953 2489 2295 2556 verberans;
2330 2490 2427 2544 sed
2458 2490 2667 2562 castigo
2693 2505 2893 2560 corpus
2949 2505 3150 2557 meum,
3201 2497 3256 2544 et
3285 2489 3337 2543 in
3370 2505 3494 2544 ser-

1895 2599 1916 2627 α
1953 2577 2176 2632 vitutem
2208 2578 2420 2650 redigo,
2477 2595 2547 2633 ne
2577 2578 2719 2634 forte
2751 2595 2875 2634 cum
2904 2577 3024 2633 aliis
3053 2577 3490 2650 praedicaverim,

1894 2686 1916 2717 ι
1953 2666 2070 2738 ipse
2101 2667 2372 2738 reprobus
2406 2665 2625 2724 eﬁiciar.
2665 2688 2687 2717 ι

2495 2831 2815 2872 EXPOSI‘I‘IO.

1961 2947 2256 3003 Dissuadet
2294 2949 2491 3004 iterum
2530 2949 2600 3005 ab
2630 2947 2962 3005 oﬂ'endiculo
3017 2947 3202 3005 fratris
3256 2949 3445 3007 dicens
3479 2967 3492 3007 :

1889 3037 2039 3094 Licet
2069 3054 2200 3092 sana
2232 3038 2301 3092 sit
2331 3037 2466 3093 fides
2497 3047 2702 3106 vestra,
2727 3038 2940 3094 debetis
2970 3047 3151 3094 tamen
3172 3039 3444 3097 abstinere
3466 3057 3497 3095 a

1889 3127 2026 3182 cibis
2059 3144 2159 3197 pro
2191 3128 2389 3200 quibus
2419 3127 2711 3183 offenditur
2739 3127 3025 3182 inﬁrmitas
3055 3127 3275 3198 fratris;
3307 3146 3496 3201 quem-

1891 3216 2188 3271 admodum
2225 3217 2421 3272 videtis
2453 3234 2559 3284 me,
2620 3217 2712 3289 qui
2743 3234 2864 3273 cum
2913 3218 3141 3273 habeam
3173 3227 3500 3289 potestatem

1888 3305 2191 3376 accipiendi
2220 3307 2538 3378 temporalia
2567 3324 2596 3361 a
2629 3306 2944 3374 Corinthiis,
2995 3307 3190 3379 quibus
3235 3309 3499 3380 praedico,

1887 3395 2014 3450 nolo
2049 3405 2230 3450 tamen
2260 3395 2648 3452 offendiculum
2678 3397 2929 3467 prabere
2958 3395 3252 3452 inﬁrmitati
3283 3414 3497 3456 eorum.

1888 3485 1955 3538 Et
1989 3484 2134 3555 quod
2166 3494 2354 3556 posset
2412 3485 2664 3556 accipere
2730 3486 2798 3540 ab
2849 3485 2928 3541 eis
2951 3486 3071 3555 jure
3093 3487 3501 3556 praedicationis

1888 3573 2194 3644 praemittit,
2231 3573 2420 3629 dicens
2455 3592 2468 3629 :
2501 3575 2731 3629 Possum
2761 3573 2982 3646 quidem
3012 3592 3043 3629 a
3073 3575 3228 3630 vobis
3258 3577 3501 3632 carnalia

1888 3662 2160 3732 accipere,
2195 3663 2241 3716 si
2291 3663 2518 3718 voluero
2553 3683 2566 3729 ;
2599 3663 2724 3736 quia
2771 3681 2962 3720 nonne
3001 3681 3129 3719 sum
3160 3681 3266 3737 ego
3316 3666 3502 3722 liber?

1889 3751 2084 3806 Nonne
2117 3751 2292 3807 habeo
2324 3751 2634 3806 libertatem
2651 3752 2801 3807 illam
2833 3769 2995 3824 quam
3028 3753 3229 3808 habent
3257 3753 3347 3808 alii
3376 3771 3504 3825 apo-

1891 3840 2034 3910 stoli,
2069 3840 2161 3913 qui
2192 3840 2260 3895 de
2301 3841 2693 3904 praedicatione
2752 3850 3000 3913 sumptus
3059 3842 3380 3914 accipiunt?
3411 3843 3500 3900 Sic

1890 3929 2016 3985 ideo
2047 3929 2120 3984 ait
2149 3930 2277 4001 quia
2308 3930 2512 3984 bonum
2544 3947 2703 3986 suum
2752 3931 2828 3985 illi
2877 3931 3086 4002 pseudo
3142 3940 3414 3988 verterant
3445 3933 3501 3987 in

1891 4019 2096 4074 malum
2128 4019 2373 4076 dicentes
2408 4037 2420 4075 :
2457 4021 2585 4076 Ideo
2615 4037 2726 4076 non
2753 4037 2784 4075 a
2815 4021 2971 4076 vobis
3003 4022 3321 4078 necessaria
3351 4022 3502 4079 acci-

1891 4108 2007 4179 pit;
2045 4108 2170 4180 quia
2203 4109 2304 4165 scit
2330 4125 2389 4164 se
2429 4125 2539 4164 non
2578 4127 2703 4165 esse
2730 4110 3057 4182 apostolum,
3082 4127 3207 4167 cum
3228 4111 3306 4166 illi
3322 4112 3501 4167 solum

1894 4197 2000 4251 sint
2031 4197 2285 4268 apostoli,
2319 4197 2410 4270 qui
2440 4214 2565 4254 cum
2617 4199 2830 4254 Christo
2889 4199 2942 4253 in
3001 4200 3162 4255 terris
3191 4201 3503 4257 conversati

1893 4294 2037 4356 sunt,
2071 4285 2159 4341 hic
2189 4295 2370 4341 autem
2401 4303 2512 4342 non
2540 4287 2674 4342 vidit
2705 4305 2850 4343 eum.
2885 4290 3027 4344 Vere
3079 4290 3218 4345 liber
3264 4307 3411 4358 sum,
3446 4299 3503 4346 ut

1894 4374 1984 4428 alii
2016 4391 2029 4428 :
2065 4375 2261 4430 Nonne
2293 4391 2398 4446 ego
2429 4393 2557 4432 sum
2589 4377 2877 4448 apostolus
2901 4377 3079 4445 ?Non,
3114 4376 3360 4433 dicerent
3382 4377 3461 4432 illi
3487 4397 3503 4447 ;

1895 4462 2024 4535 quia
2053 4479 2162 4517 non
2191 4463 2374 4518 vidisti
2405 4464 2697 4519 Christum.
2724 4465 2923 4520 Contra
2953 4465 3056 4520 hoc
3087 4465 3286 4520 Paulus
3320 4484 3332 4520 :
3372 4466 3504 4523 Sum

1894 4552 2080 4623 utique
2129 4551 2426 4623 apostolus.
2474 4553 2668 4609 Nonne
2715 4554 2826 4609 vidi
2863 4553 3151 4609 Christum
3198 4557 3505 4612 Dominum

1899 4646 2159 4698 nostrum
2185 4646 2208 4697 ?
2236 4641 2380 4696 Vidit
2411 4657 2535 4696 eum
2565 4642 2620 4696 in
2647 4642 2781 4697 hora
2810 4642 3133 4710 vocationis,
3165 4644 3386 4715 quando
3415 4643 3506 4699 di-

1897 4734 2041 4781 ctum
2073 4733 2155 4781 est
2186 4724 2237 4780 ei
2270 4743 2282 4780 :
2312 4750 2332 4773 α
2364 4725 2548 4792 Saule,
2581 4725 2762 4794 Saule,
2788 4726 2919 4798 quid
2950 4743 3037 4782 me
3065 4727 3501 4800 persequeris?»

1897 4816 2043 4888 (Aet.
2081 4829 2160 4883 ιχ,
2198 4815 2273 4886 4.)
2306 4815 2452 4869 Vidit
2479 4815 2676 4870 iterum
2709 4832 2854 4884 eum,
2891 4817 3106 4888 quando
3134 4816 3211 4871 illi
3241 4817 3418 4873 oranti
3450 4817 3508 4874 in

1899 4903 2102 4976 templo
2133 4903 2336 4960 dictum
2364 4913 2447 4960 est
2470 4922 2483 4959 :
2509 4928 2530 4954 α
2567 4905 2816 4960 Portabis
2847 4922 3047 4961 nomen
3078 4923 3260 4962 meum
3291 4906 3346 4962 in
3375 4924 3508 4979 gen-

1901 4993 2064 5058 tibus,
2109 5017 2129 5040 »
2163 5001 2268 5050 etc.
2305 4995 2452 5067 (Act.
2495 5009 2663 5062 χχιιι,
2719 4995 2832 5066 tt.)
2860 4996 2998 5052 Sum
3035 4997 3345 5070 apostolus,
3377 4997 3508 5070 quia

1899 5081 2010 5137 vidi
2041 5082 2336 5138 Christum.
2389 5085 2526 5141 Sum
2556 5084 2721 5140 etiam
2751 5083 2896 5152 ideo,
2957 5085 3085 5157 quia
3127 5102 3319 5142 nonne
3368 5103 3508 5159 opus

1900 5188 2112 5238 meum,
2147 5170 2202 5226 id
2236 5180 2317 5227 est
2349 5173 2461 5228 mei
2491 5174 2847 5246 apostolatus
2879 5190 2971 5230 vos
3019 5175 3154 5230 estis
3185 5194 3202 5230 :
3233 5182 3285 5231 et
3313 5176 3418 5232 hoc
3445 5178 3509 5232 in

1902 5261 2158 5331 Domino,
2211 5261 2364 5330 cujus
2412 5262 2589 5335 gratia
2632 5263 2687 5317 in
2735 5279 2842 5330 me,
2880 5271 2932 5318 et
2963 5263 3018 5318 in
3046 5263 3203 5318 vobis
3252 5273 3510 5335 operatur

1903 5349 2020 5404 sine
2051 5349 2199 5404 omni
2247 5349 2464 5406 merito.
2517 5351 2628 5406 Vos
2654 5351 2840 5423 utique
2891 5351 3021 5406 estis
3053 5369 3236 5407 meum
3285 5369 3423 5424 opus
3453 5354 3510 5408 in

1904 5438 2136 5493 Domino
2167 5440 2300 5511 quia
2328 5441 2456 5506 etsi,
2489 5439 2544 5494 id
2568 5448 2650 5496 est
2680 5439 2827 5507 licet,
2850 5441 2983 5496 aliis
3012 5457 3128 5495 non
3159 5446 3512 5513 sumaposto—

1907 5527 1994 5582 lus
2023 5527 2193 5598 (quod
2222 5528 2409 5599 utique
2442 5536 2607 5595 sum),
2641 5529 2739 5584 sed
2788 5533 2982 5584 tamen
3011 5529 3180 5598 vobis,
3229 5529 3512 5602 apostolus

1904 5633 2049 5672 sum.
2085 5616 2227 5671 Vere
2255 5619 2402 5673 vobis
2433 5618 2726 5688 praecipue.
2763 5619 2904 5673 Nam
2935 5634 3026 5673 vos
3074 5620 3210 5675 estis
3239 5621 3510 5690 signacu-

1908 5706 2028 5760 lum
2058 5706 2410 5776 apostolatus
2432 5708 2565 5773 mei,
2593 5705 2649 5760 id
2671 5713 2753 5760 est
2775 5705 2898 5777 quia
2915 5706 3145 5778 signatae
3162 5716 3216 5762 et
3237 5721 3511 5776 expressae

1905 5800 2030 5849 sunt
2057 5791 2112 5847 in
2144 5792 2300 5848 vobis
2331 5793 2523 5866 gratim
2551 5792 2672 5861 Dei,
2707 5809 2808 5862 per
2846 5793 3206 5848 ministerium
3236 5792 3342 5848 mei
3373 5807 3513 5862 apo-
