3948 6492
441 394 545 450 16⁸1

974 394 1029 450 8.
1065 391 1418 451 BRUNONIS
1456 392 2104 451 CARTHUSIANORUM
2157 396 2644 455 INSTITUTORIS
2696 397 2847 454 OPP.
2909 398 3085 455 PARS
3116 397 3190 452 Il.

3640 399 3742 452 168

444 518 698 576 stolatus.
729 519 859 574 Ideo
893 534 992 574 vos
1021 518 1151 573 estis
1181 516 1500 589 approbatio
1528 517 1865 589 apostolatus
1895 517 2003 573 mei
2027 535 2040 572 :
2063 522 2116 582 Α
2147 536 2243 574 nas
2291 520 2619 577 infidelitatis
2664 522 2940 578 eradicare
2985 521 3055 577 de
3085 522 3230 576 bono
3287 519 3431 586 fidei,
3482 535 3603 575 eum
3652 519 3747 591 qui

437 616 491 662 et
518 609 623 663 hoc
653 616 822 663 totum
852 608 914 663 in
938 609 1196 676 Domino,
1230 606 1355 678 quia
1384 614 1439 661 et
1481 606 1817 677 apostolatus
1846 606 1954 661 mei
1983 614 2037 661 et

436 696 625 769 gratiae
655 696 811 751 vobis
839 696 981 751 datae
1008 703 1152 761 sunt,
1185 711 1285 765 per
1312 694 1740 750 misericordiam
1770 694 1889 749 Dei.
1920 695 2037 750 Hoc

438 782 562 840 ideo
582 784 818 851 dicebat,
843 784 971 856 quia
986 782 1249 838 Corinthii
1269 791 1591 854 acceperant
1631 783 1876 838 diversas
1910 797 2039 853 gra-

441 872 562 940 tias,
596 880 651 928 ut
681 872 1013 937 curationes,
1046 880 1099 927 et
1128 887 1332 943 genera
1363 870 1691 943 linguarum,
1721 887 1882 943 quam
1911 886 2037 942 gra-

439 965 568 1020 tiam
589 962 708 1017 aliis
754 961 1146 1033 praeferebant,
1194 976 1318 1015 cum
1348 968 1492 1015 esset
1512 960 1755 1026 minima,
1800 958 1860 1016 1
1884 958 1944 1015 1
1964 958 2030 1015 ’7

440 1060 497 1109 ιιι
526 1052 644 1123 ipse
664 1050 911 1106 dicturus
952 1057 1053 1104 est.
1097 1049 1167 1103 Et
1208 1049 1353 1120 quod
1401 1064 1500 1120 per
1541 1048 1747 1121 gratias
1784 1055 2039 1117 acceptas

437 1140 570 1197 estis
598 1139 939 1211 signaculum
970 1136 1076 1193 mei
1107 1136 1459 1208 apostolatus,
1509 1138 1625 1192 haec
1668 1140 1750 1192 est
1783 1152 1908 1191 mea
1938 1134 2037 1191 de-

435 1230 644 1301 fensio,
676 1227 732 1282 id
763 1235 865 1295 est,
898 1242 999 1296 per
1027 1226 1129 1281 hoc
1159 1224 1425 1279 defendor
1456 1231 1510 1278 et
1555 1223 1887 1295 comprobor
1915 1238 2038 1277 esse

437 1316 717 1388 apostolus
746 1315 898 1388 apud
936 1330 1048 1377 eos,
1078 1315 1177 1385 qui
1205 1330 1293 1368 me
1315 1315 1692 1384 interrogant,
1726 1312 1781 1366 id
1811 1319 1913 1376 est,
1946 1310 2038 1382 qui

439 1406 687 1461 dubitant
715 1404 784 1459 de
808 1419 897 1458 me
923 1420 938 1470 ;
974 1402 1096 1474 quia
1125 1416 1233 1457 non
1263 1416 1491 1471 corpore
1519 1416 1640 1456 cum
1672 1400 1882 1455 Christo
1909 1414 2040 1455 con-

436 1501 682 1550 versatus
719 1492 840 1558 sim,
895 1500 1078 1546 utrum
1120 1489 1223 1544 sim
1253 1492 1549 1560 apostolus,
1596 1504 1667 1543 an
1714 1504 1843 1543 non.
1880 1489 2039 1543 Post-

438 1599 599 1654 quam
625 1580 876 1653 probavit
906 1596 966 1634 se
992 1577 1313 1649 apostolum,
1346 1578 1540 1648 probat
1590 1576 1737 1649 quod
1760 1577 1881 1646 jure
1908 1590 2041 1646 apo-

436 1670 664 1726 stolatus
694 1668 867 1741 possit
908 1668 1152 1739 accipere
1207 1666 1525 1737 temporalia
1580 1666 1647 1719 ab
1706 1665 1809 1731 his,
1842 1664 2039 1736 quibus

435 1759 700 1813 ministrat
729 1756 1047 1828 spiritualia,
1096 1754 1286 1811 dicens
1320 1772 1334 1809 :
1368 1754 1822 1825 Quandoquidem
1878 1756 2040 1819 (sicut

2138 607 2372 663 infidelis
2395 618 2477 664 est
2498 610 2769 666 excolere.
2811 609 3085 664 Triturare
3123 608 3271 677 dicit,
3303 616 3597 681 postquam
3628 609 3745 677 jam

2140 704 2264 751 sunt
2294 697 2349 752 in
2380 698 2645 765 Ecclesia,
2678 706 2906 768 accepta
2950 696 3055 752 fide
3083 697 3299 752 triturat
3348 713 3445 752 eos
3472 696 3744 768 pradica-

2136 792 2242 851 tor,
2275 802 2533 857 separans
2562 803 2734 860 grana
2763 802 2796 841 a
2847 787 3041 857 paleis,
3074 786 3247 841 bonos
3276 802 3307 840 a
3340 785 3517 840 malis.
3552 787 3620 840 Et
3651 783 3743 856 qui

2137 882 2272 939 arat,
2324 884 2375 930 et
2421 875 2513 947 qui
2555 876 2783 945 triturat,
2830 884 3071 930 meretur
3114 874 3364 945 accipere
3394 873 3738 944 temporalia.

2140 962 2337 1017 Probat
2381 972 2575 1019 iterum
2621 964 2765 1019 idem
2815 964 2938 1018 aliis
2985 963 3284 1018 rationibus
3326 963 3559 1017 dicens:
3592 963 3746 1018 Etsi

2138 1068 2239 1108 nos
2260 1052 2646 1122 praedicatores
2667 1054 3070 1108 seminavimus
3094 1052 3237 1107 vobis
3250 1052 3597 1124 spiritualia,
3620 1067 3747 1106 ma-

2138 1156 2314 1210 gnum
2343 1145 2428 1195 est
2459 1141 2643 1205 modo,
2674 1140 2729 1195 id
2762 1149 2862 1206 est,
2895 1140 3093 1194 nullius
3122 1140 3280 1211 pretii
3312 1139 3550 1210 reputari
3578 1138 3744 1194 debet

2138 1229 2185 1282 si
2216 1244 2318 1283 nos
2338 1233 2660 1285 metamusa
2681 1229 2837 1284 vobis
2858 1233 3043 1284 vestra
3065 1230 3326 1284 carnalia
3348 1229 3452 1283 ?Et
3471 1230 3520 1283 si
3539 1229 3663 1292 alii,
3684 1227 3744 1282 id

2141 1324 2222 1370 est
2253 1318 2737 1386 pseudodoctores,
2762 1321 2898 1372 sunt
2918 1317 3225 1389 participes
3246 1321 3446 1371 vestra:
3466 1316 3564 1384 rei,
3590 1315 3661 1369 ita
3684 1322 3746 1370 ut

2138 1407 2411 1475 potestati
2441 1421 2553 1459 sua:
2584 1404 2783 1460 faciant
2821 1405 2890 1459 de
2936 1405 3128 1459 vestris
3159 1404 3301 1475 quod
3333 1404 3529 1475 placet,
3563 1419 3742 1476 quare

2138 1509 2257 1547 non
2285 1495 2475 1565 potius
2506 1510 2627 1558 nos,
2654 1493 2746 1565 qui
2778 1509 2963 1549 sanam
2997 1493 3294 1548 doctrinam
3324 1492 3694 1546 ministramus
3713 1492 3744 1547 ‘l

2141 1582 2369 1636 Probato
2399 1582 2543 1654 quod
2573 1582 2641 1635 sit
2683 1581 2979 1652 apostolus,
3014 1589 3066 1637 et
3114 1582 3257 1652 quod
3285 1581 3408 1653 lege
3454 1580 3744 1635 ministerii

2139 1678 2469 1740 potestatem
2519 1670 2714 1725 habeat
2739 1669 3039 1740 accipiendi
3077 1670 3145 1724 ab
3192 1669 3292 1737 eis,
3323 1670 3542 1725 tandem
3588 1668 3744 1724 venit

2139 1759 2208 1813 ad
2237 1759 2388 1826 illud,
2420 1767 2641 1829 propter
2684 1759 2829 1829 quod
2874 1758 3097 1829 inccnpit
3138 1758 3329 1814 dicens
3365 1773 3377 1812 :
3423 1758 3572 1814 Licet
3600 1772 3742 1828 apo-

434 1848 723 1919 probatum
749 1849 853 1909 est)
873 1843 1153 1915 θροειοιιιε
1175 1860 1316 1898 sum.
1338 1842 1603 1914 Nunquid
1627 1859 1743 1897 ηοη
1773 1841 2036 1896 habemus
2065 1874 2117 1934 Β
2142 1847 2266 1903 stoli
2296 1863 2542 1902 essemus
2573 1855 2622 1901 et
2653 1855 2974 1918 potestatem
3031 1864 3096 1901 ex
3142 1846 3444 1918 apostolatu
3500 1846 3742 1901 habere-

432 1939 775 2010 potestatem
795 1933 1186 1989 manducandi
1205 1936 1260 1988 et
1291 1932 1508 1988 bibendi
1538 1930 1682 2002 apud
1712 1946 1808 1985 eos
1839 1929 2034 2001 quibus

431 2022 834 2096 praedicamus?
863 2024 930 2077 Et
962 2021 1221 2093 nunquid
1250 2036 1367 2075 non
1398 2018 1664 2075 habemus
1691 2022 2033 2090 potestatem

433 2111 899 2169 circumducendi
926 2110 1246 2173 mulierem,
1280 2108 1335 2163 id
1365 2117 1465 2176 est,
1500 2115 1558 2162 ut
1609 2107 2032 2178 circumquaque

430 2201 718 2257 nobiscum
774 2199 1035 2255 ducamus
1087 2197 1364 2265 mulieres,
1423 2213 1542 2268 quae
1586 2195 1745 2251 nobis
1804 2195 1872 2249 de
1919 2194 2033 2249 suis

434 2288 828 2360 temporalibus
891 2286 1219 2342 ministrent.
1299 2286 1586 2341 Mulierem
1642 2284 1764 2339 dico
1816 2298 1933 2349 non
1975 2283 2033 2337 in

429 2393 598 2451 opere
628 2377 825 2443 carnis,
859 2376 957 2432 sed
984 2374 1090 2431 fide
1119 2383 1171 2431 et
1201 2374 1289 2446 pia
1318 2372 1730 2430 conversatione
1762 2387 2027 2427 sororem.

432 2467 584 2522 Hanc
614 2466 845 2521 formam
878 2463 1116 2520 habendi
1154 2462 1344 2518 fideles
1382 2461 1641 2517 mulieres
1670 2461 1725 2515 in
1780 2459 2031 2515 comitatu

428 2571 528 2611 suo
559 2562 838 2610 traxerunt
867 2552 1099 2624 apostoli
1126 2568 1156 2606 a
1178 2550 1411 2606 Domino
1439 2551 1587 2617 Jesu,
1632 2548 1724 2621 qui
1754 2548 1877 2604 ideo
1906 2564 2029 2602 mu-

425 2644 591 2700 lieres
619 2658 805 2699 secum
837 2641 1148 2697 cohabitare
1195 2639 1383 2705 voluit,
1431 2647 1488 2693 ut
1546 2637 1860 2692 ostenderet
1890 2635 2030 2691 sicut

426 2733 625 2798 virum,
658 2731 734 2786 ita
762 2747 823 2785 se
852 2730 1119 2785 redimere
1145 2728 1449 2783 mulierem.
1488 2726 1642 2783 Unde
1675 2724 1895 2797 quidam
1921 2724 2029 2779 du-

427 2820 503 2877 bii
553 2826 709 2876 erant
756 2827 1069 2891 propterea,
1117 2816 1245 2889 quia
1297 2815 1492 2871 mulier
1532 2829 1700 2871 causa
1729 2812 1828 2868 fuit
1869 2812 2030 2869 totius

425 2908 767 2983 perditionis.
801 2906 1081 2979 Nunquid,
1115 2905 1369 2977 inquam,
1404 2919 1694 2976 possumus
1724 2903 1828 2958 hoc
1880 2904 2029 2958 sicut

424 3002 485 3055 et
509 2998 703 3053 caeteri
729 2996 972 3067 apostoli
1003 3001 1232 3065 possunt
1265 3011 1280 3059 ;
1314 2992 1477 3048 etiam
1520 2995 1736 3063 fratres
1779 2990 2027 3055 Domini,

429 3084 659 3151 scilicet,
691 3084 931 3140 Jacobus
960 3081 1507 3153 Hierosolymitanus,
1534 3082 1626 3136 etJ
1635 3079 1766 3133 udas
1796 3078 2026 3143 Zelotes,

429 3172 522 3245 qui
550 3172 741 3229 Jacobi
787 3171 981 3227 fratrer
1025 3170 1242 3237 dicitur,
1289 3174 1347 3226 et
1393 3169 1530 3225 sicut
1576 3167 1805 3241 Cephas,
1837 3166 1893 3222 id
1924 3173 2025 3233 est,

428 3261 621 3317 Petrus
651 3261 744 3333 qui
772 3260 956 3333 utique
996 3258 1250 3314 mulieres
1298 3258 1351 3313 in
1382 3274 1480 3313 suo
1510 3256 1769 3313 comitatu
1798 3253 2031 3310 habuit?

426 3350 493 3405 Et
522 3365 647 3405 cum
676 3365 869 3405 omnes
898 3348 1148 3413 habeant,
1183 3351 1285 3403 aut
1316 3362 1412 3417 ego
1442 3347 1597 3402 solus
1641 3349 1698 3401 et
1724 3344 2031 3410 Barnabas,

426 3438 519 3511 qui
547 3454 758 3494 mecum
786 3437 992 3493 laborat
1018 3436 1074 3492 in
1103 3436 1427 3509 Evangelio,
1459 3452 1575 3489 non
1598 3435 1862 3490 habemus
1876 3436 2032 3505 pote—

437 3531 648 3583 statem
678 3526 953 3600 aperandi
982 3525 1101 3595 hoc,
1134 3525 1189 3580 id
1218 3532 1318 3590 est,
1350 3531 1408 3579 ut
1454 3520 1911 3595 quemadmodum
1940 3520 2033 3575 alii

432 3616 511 3672 sic
542 3624 595 3672 et
624 3632 726 3671 nos
756 3615 1086 3687 accipiamus
1116 3629 1151 3669 a
1191 3612 1423 3668 subditis
1443 3613 1472 3667 ἵ
1520 3610 1682 3681 Quod
1713 3610 1919 3665 licitum
1963 3608 2032 3663 sit

431 3704 481 3760 ei
528 3704 777 3776 accipere
820 3704 1015 3775 probat
1061 3711 1115 3759 et
1162 3700 1413 3757 humanis
1462 3699 1783 3764 rationibus,
1834 3704 1887 3752 et
1932 3711 2033 3768 per

425 3792 608 3865 legem
637 3800 897 3858 veterem,
930 3800 981 3847 et
1024 3807 1122 3863 per
1176 3788 1554 3862 Evangelium,
1612 3787 1803 3843 dicens
1836 3803 1849 3839 :
1886 3785 2029 3840 Vere

427 3881 689 3937 debemus
718 3897 785 3936 ex
813 3881 962 3937 licito
990 3879 1097 3935 hoc
1124 3878 1361 3950 cperari.
1409 3878 1540 3946 Quis
1582 3876 1737 3930 enim
1775 3889 2027 3947 unquam

426 3971 646 4026 militat
676 3969 731 4025 in
751 3970 969 4037 castris,
992 3968 1183 4025 vivens
1194 3967 1263 4022 de
1289 3965 1537 4040 pr0priis
1556 3962 1854 4036 stipendiis
1875 3968 1898 4018 ?
1918 3963 2026 4018 Lex

424 4058 631 4114 militiae
657 4074 768 4114 non
797 4058 992 4132 patitur
1019 4057 1143 4112 hoc.
1162 4057 1248 4121 Et,
1283 4055 1407 4127 quis
1433 4054 1664 4126 plantat
1693 4052 1936 4117 vineam,
1969 4056 2027 4107 et

424 4165 541 4205 non
553 4148 670 4203 edit
690 4151 948 4219 fructum
969 4145 1127 4217 ejus?
1142 4146 1229 4209 Et,
1244 4146 1366 4217 quis
1384 4144 1570 4216 pascit
1578 4157 1820 4213 gregem,
1840 4145 1894 4195 et
1908 4156 2023 4196 non

422 4237 736 4293 manducet
771 4237 837 4293 de
870 4237 1015 4292 lacte
1044 4235 1225 4306 gregis
1244 4237 1266 4288 ?
1284 4232 1412 4297 Sed,
1433 4230 1693 4302 nunquid
1707 4229 2023 4284 secundum

426 4321 731 4389 hominem,
761 4320 819 4376 id
847 4327 949 4387 est,
983 4317 1285 4375 secundum
1312 4317 1581 4370 humanas
1608 4314 1847 4369 rationes
1876 4314 2018 4382 dico,

422 4418 477 4466 et
508 4409 748 4482 approbo
791 4409 895 4465 hoc
952 4406 1098 4481 quod
1154 4404 1391 4462 carnalia
1421 4420 1453 4459 a
1496 4402 1727 4459 subditis
1772 4402 2022 4473 accipere

420 4498 650 4554 debeam
678 4499 707 4554 ‘l
736 4498 869 4554 Dico
900 4496 1062 4552 etiam
1082 4495 1187 4550 hoc
1201 4509 1301 4565 per
1328 4492 1539 4565 legem;
1581 4491 1705 4564 quia
1736 4508 1812 4547 an
1844 4492 2022 4547 etiam

425 4588 522 4644 lex
584 4587 701 4643 haec
747 4603 863 4643 non
909 4586 1096 4641 dicit?
1141 4582 1347 4654 utique,
1420 4582 1550 4655 quia
1607 4581 1685 4636 sic
1742 4581 2018 4653 scriptum
2043 4586 2093 4646 ι)

422 4684 509 4738 est
549 4685 612 4738 in
645 4679 759 4753 tege
784 4676 951 4747 Moysi
981 4693 999 4729 :
1031 4673 1152 4730 Non
1180 4672 1440 4742 alligabis
1469 4688 1527 4727 os
1560 4671 1678 4727 bovi
1710 4668 2019 4725 trituranti

420 4770 608 4840 (Deut.
645 4782 778 4835 xxv,
814 4766 883 4830 4;
915 4763 943 4818 Ι
974 4762 1111 4818 Tim.
1145 4775 1201 4831 v,
1236 4763 1324 4831 18)
1363 4760 1419 4815 in
1446 4775 1595 4826 area,
1627 4757 1727 4815 sed
1769 4756 2019 4813 comedet

420 4857 490 4913 de
517 4856 603 4911 his
635 4872 755 4927 quae
785 4852 1021 4907 triturat.

491 4945 711 5000 Diceret
740 4930 976 4999 carnalis
1009 4959 1023 4997 :
1054 4940 1195 5011 Quid
1226 4940 1294 4995 ad
1324 4946 1377 4995 te
1398 4939 1426 4996 ?
1455 4939 1536 4994 De
1566 4937 1705 4993 bove
1738 4935 1879 4991 enim
1908 4935 2016 4990 hoc

418 5040 747 5106 praeceptum
775 5040 876 5099 est,
900 5046 1010 5087 non
1037 5031 1106 5086 de
1134 5028 1375 5085 homine.
1416 5028 1612 5082 Contra
1639 5026 1745 5081 hoc
1775 5022 1972 5079 Paulus
1997 5038 2010 5078 :

416 5121 683 5194 Nunquid
702 5122 811 5178 Deo
840 5136 979 5176 cura
1009 5123 1093 5176 est
1123 5117 1287 5176 bobus
1316 5117 1373 5172 in
1401 5116 1543 5188 lege,
1578 5121 1635 5170 ut
1664 5114 1733 5169 de
1764 5113 1845 5169 eis
1870 5127 2013 5184 prae-

417 5204 634 5281 ceptum
662 5209 738 5265 ibi
763 5208 1048 5281 posuerit?
1075 5209 1156 5263 De
1196 5206 1371 5262 bobus
1414 5204 1599 5276 utique
1646 5218 1754 5258 non
1786 5208 1870 5258 est
1894 5201 2012 5256 haec

416 5312 548 5354 cura
568 5299 702 5354 Deo.
727 5297 834 5353 Sed
854 5315 931 5354 an
941 5300 1177 5369 propter
1192 5312 1293 5351 nos
1315 5296 1512 5366 utique
1532 5294 1630 5348 hoc
1651 5291 1791 5347 dicit
1819 5294 1842 5345 .9
1872 5289 2011 5344 Vere

414 5394 642 5457 propter
669 5402 771 5441 nos
803 5401 815 5440 :
840 5400 968 5440 nam
986 5385 1149 5440 etiam
1168 5385 1285 5439 haec
1297 5382 1401 5438 alia
1410 5386 1642 5455 propter
1658 5395 1760 5434 nos
1788 5378 2011 5448 scripta

413 5479 573 5541 sunt,
602 5474 808 5531 scilicet
838 5474 983 5547 quod
1004 5473 1121 5541 ille,
1152 5474 1248 5546 qui
1274 5475 1425 5535 arat,
1448 5470 1607 5525 debet
1637 5483 1806 5523 arare
1828 5468 1891 5521 in
1911 5480 2009 5537 spe

409 5564 767 5637 percipiendi
796 5562 1125 5635 temporales
1144 5565 1390 5634 fructus,
1415 5564 1473 5615 et
1500 5557 1591 5613 ille
1621 5559 1718 5630 qui
1744 5556 2004 5622 triturat,

412 5651 476 5707 in
508 5669 605 5725 spe
631 5650 968 5727 percipiendi
998 5651 1202 5708 fructus
1237 5651 1498 5706 triturat.
1531 5648 1701 5702 Arare
1730 5643 1860 5701 dicit
1890 5641 2007 5714 spi-

2135 1953 2277 2002 mus,
2311 1944 2491 1990 tamen
2520 1952 2634 1990 non
2665 1952 2863 1991 sumus
2894 1935 2976 1990 usi
2998 1936 3101 1992 hac
3121 1939 3420 2008 potestate,
3443 1942 3500 1991 ut
3528 1934 3742 2006 aliquid

2132 2040 2165 2080 a
2194 2023 2350 2080 vobis
2380 2024 2777 2095 acciperemus.

2203 2154 2460 2210 Dicerent
2488 2154 2564 2209 illi
2600 2169 2613 2208 :
2662 2154 2915 2210 Fortasse
2962 2170 3071 2210 non
3114 2154 3443 2228 indiguistis.
3494 2156 3743 2224 Egemus

2130 2242 2333 2315 utique,
2367 2243 2463 2297 sed
2492 2251 2672 2299 tamen
2700 2244 3047 2299 sustinemus
3067 2243 3267 2309 omnia,
3292 2250 3525 2314 famem,
3548 2245 3738 2314 sitim,

2131 2332 2473 2387 nuditatem.
2492 2333 2781 2403 Propterea
2798 2349 2868 2388 ne
2888 2332 3082 2389 demus
3093 2332 3308 2405 aliquid
3326 2332 3739 2402 o/fendiculum

2130 2422 2428 2491 Evangelia
2453 2420 2681 2486 Christi,
2706 2420 2758 2474 id
2777 2429 2878 2488 est,
2899 2438 2966 2476 ne
2982 2421 3035 2475 in
3058 2420 3239 2491 aliquo
3257 2420 3539 2475 videamur
3556 2420 3740 2491 impe-

2130 2508 2249 2564 dire
2279 2510 2480 2563 bonum
2508 2516 2706 2564 nostra:
2746 2508 3170 2579 praedicationis.
3229 2509 3475 2563 Timebat
3531 2509 3739 2563 Paulus

2130 2597 2183 2652 in
2217 2598 2314 2652 hac
2332 2614 2391 2652 re
2418 2596 2478 2653 1
2502 2596 2559 2653 1
2578 2597 2653 2653 8
2677 2598 2829 2668 plura
2851 2596 3175 2654 offendicula
3196 2617 3210 2663 ;
3244 2597 3370 2669 quia
3392 2596 3438 2651 si
3456 2596 3739 2667 acciperet

2127 2686 2196 2741 ab
2226 2687 2306 2741 eis
2337 2686 2429 2757 qui
2470 2686 2649 2741 minus
2697 2694 2849 2741 erant
2902 2687 3067 2755 avari,
3113 2686 3336 2741 mallent
3390 2701 3499 2741 non
3544 2685 3743 2743 audire

2128 2774 2588 2848 praedicationem,
2641 2789 2804 2847 quam
2851 2775 2978 2830 dare
3041 2774 3381 2846 temporalia.
3434 2774 3734 2843 Prmterea,

2130 2864 2257 2935 quia
2288 2863 2335 2927 si
2352 2862 2551 2918 Paulus
2571 2863 2861 2934 acciperet,
2880 2863 3187 2934 acciperent
3207 2862 3454 2918 similiter
3474 2862 3688 2933 pseudo
3718 2877 3735 2917 :

2131 2953 2222 3024 qui
2268 2951 2394 3007 licet
2440 2950 2609 3006 Paulo
2655 2952 3094 3018 adversarentur,
3139 2961 3321 3007 tamen
3351 2950 3406 3006 in
3433 2951 3537 3007 hoc
3585 2958 3638 3006 et
3669 2950 3736 3007 in

2131 3040 2455 3112 quibusdam
2503 3055 2626 3094 eum
2659 3040 3048 3110 sequebantur,
3092 3055 3203 3095 non
3250 3040 3511 3095 audentes
3541 3038 3734 3095 facere

2133 3129 2279 3201 quod
2311 3127 2508 3182 Paulus
2534 3143 2641 3183 non
2689 3128 3026 3199 accipiebat;
3059 3128 3151 3199 qui
3179 3128 3225 3182 si
3271 3128 3521 3200 exemplo
3567 3128 3735 3183 Pauli

2060 3217 2474 3289 Coccasionem
2516 3215 2819 3286 accipiendi
2868 3215 3151 3283 baberent,
3202 3232 3303 3288 pro
3350 3216 3537 3288 paucis
3584 3216 3734 3272 cibis

2134 3305 2280 3377 (quia
2324 3304 2502 3376 gulosi
2551 3305 2727 3374 erant)
2782 3304 3130 3359 absolverent
3158 3321 3253 3359 eos
3281 3320 3314 3359 a
3344 3304 3560 3377 magnis
3588 3319 3731 3374 pec-

2131 3394 2284 3460 catis,
2343 3400 2396 3447 et
2452 3393 2556 3447 hac
2612 3392 2899 3448 occasione
2969 3393 3072 3463 ipsi
3152 3393 3416 3449 Corinthii
3472 3392 3732 3448 securius

2130 3488 2439 3553 peccarent.
2462 3482 2585 3535 Non
2615 3481 2815 3535 utimur
2843 3488 3128 3551 potestate,
3161 3499 3229 3537 ne
3260 3481 3522 3539 faciamus
3548 3480 3734 3536 offen-

2129 3570 2386 3626 diculum.
2447 3570 2575 3624 Ideo
2629 3569 2773 3624 enim
2831 3585 2939 3625 non
2986 3570 3303 3625 dimittimus
3359 3570 3487 3642 quin
3560 3569 3732 3625 nobis

2128 3658 2287 3715 liceat
2320 3672 2333 3711 :
2366 3658 2603 3713 nescitis
2631 3660 2805 3727 enim,
2829 3659 2971 3731 quod
2991 3661 3086 3731 qui
3105 3660 3168 3714 in
3188 3661 3457 3725 sacrario,
3478 3658 3532 3713 id
3563 3665 3649 3713 est
3667 3657 3731 3712 in

2128 3762 2292 3818 opere
2321 3746 2526 3816 templi,
2562 3753 2620 3800 ut
2664 3746 2721 3800 in
2767 3747 3007 3814 cortinis,
3042 3747 3129 3801 vel
3158 3747 3213 3801 in
3257 3748 3442 3819 aliqua
3482 3760 3731 3817 repara-

2126 3835 2251 3891 ione
2280 3843 2597 3906 operantur,
2631 3834 2810 3890 edunt
2847 3836 2953 3890 illa
2997 3851 3119 3908 quae
3164 3840 3305 3891 sunt
3329 3836 3395 3892 de
3425 3837 3683 3893 sacrario
3702 3842 3736 3896 Ἰ

2127 3923 2440 4002 Sacrarium
2495 3923 2692 3979 dicitur
2748 3923 2906 3995 quasi
2953 3924 3307 3980 secretarium
3367 3934 3490 3997 post
3520 3927 3729 3988 altare.

2124 4014 2212 4081 Et,
2247 4029 2324 4068 an
2363 4013 2617 4074 nescitis.
2641 4013 2783 4085 quod
2820 4013 3134 4068 sacerdotes
3163 4015 3259 4084 qui
3283 4014 3615 4073 deserviunt
3638 4023 3734 4077 al-

2127 4104 2262 4170 tari,
2288 4105 2511 4173 partem
2542 4102 2779 4173 capiunt
2800 4118 2930 4157 cum
2956 4102 3201 4158 altario?
3234 4102 3367 4157 Pars
3384 4103 3525 4159 enim
3554 4122 3736 4178 super

2122 4190 2293 4245 altare
2336 4189 2777 4256 comburebatur,
2810 4198 2864 4245 et
2917 4206 3045 4261 pars
3075 4191 3446 4247 sacerdotibus
3498 4192 3553 4248 in
3590 4195 3731 4254 cibo

2122 4278 2525 4334 reservabatur.
2576 4277 2674 4333 Vel
2734 4278 2910 4344 aliter,
2976 4286 3033 4333 ut
3079 4279 3214 4334 illud
3258 4281 3604 4351 praemissum
3649 4286 3733 4344 de

2120 4367 2415 4441 gentilibus
2444 4366 2691 4422 dicamus
2726 4382 2738 4420 :
2771 4367 3004 4422 Nescitis
3050 4368 3307 4439 quoniam
3354 4369 3408 4424 bi
3455 4370 3547 4441 qui
3576 4386 3731 4443 ope-

2120 4463 2309 4510 rantur
2336 4455 2391 4509 in
2419 4455 2657 4511 sacrario
2696 4455 2999 4527 gentilium,
3050 4456 3216 4511 edunt
3244 4471 3306 4511 ea
3346 4473 3468 4528 quae
3498 4466 3621 4513 sunt
3649 4461 3732 4518 de

2121 4543 2359 4600 sacrario
2378 4545 2407 4599 τ
2436 4545 2503 4598 Et
2532 4542 2623 4616 qui
2652 4544 2893 4598 serviunt
2934 4543 3092 4599 altari
3118 4545 3452 4610 Iudaeorum,
3484 4546 3730 4617 partici-

2118 4640 2318 4704 pantur
2344 4648 2467 4688 cum
2496 4631 2688 4687 altario
2708 4632 2735 4686 ?
2757 4634 2857 4698 ita,
2878 4632 2933 4687 id
2954 4641 3036 4687 est
3055 4634 3248 4688 eodem
3269 4634 3479 4700 ordine,
3504 4636 3724 4707 vivere,

2120 4720 2341 4786 scilicet,
2375 4721 2444 4775 de
2472 4720 2875 4791 prmdicatione,
2908 4722 3191 4777 ordinavit
3209 4723 3484 4779 Dominus
3514 4724 3601 4780 his
3615 4730 3732 4796 qui

2118 4811 2477 4865 annuntiant
2492 4809 2975 4880 Evangelium,ubi
2986 4810 3060 4864 ait
3074 4810 3130 4864 in
3149 4810 3469 4882 Evangelia.
3490 4834 3510 4858 «ι
3530 4813 3728 4869 Eden-

2118 4905 2200 4953 tes
2228 4905 2282 4953 et
2310 4898 2558 4952 bibentes
2579 4913 2697 4969 quae
2726 4899 2871 4968 apud
2892 4898 3013 4953 illos
3035 4906 3157 4954 sunt
3177 4899 3329 4968 (Luc.
3354 4915 3413 4966 ι,
3444 4902 3522 4970 7),
3552 4924 3574 4948 ι
3599 4910 3723 4971 etc,

2115 4986 2185 5041 Et
2212 4986 2337 5040 licet
2364 4984 2628 5040 Dominus
2657 4985 2735 5041 sic
2749 4985 3095 5053 ordinaverit,
3120 4994 3302 5042 tamen
3319 5003 3414 5059 ego
3433 5005 3550 5045 non
3579 5006 3723 5048 sum

2114 5090 2252 5131 usus
2281 5074 2470 5146 aliqno
2502 5073 2724 5142 horum,
2757 5074 2843 5130 vel
2897 5074 3039 5142 cibo,
3094 5075 3180 5131 vel
3209 5084 3359 5148 potu,
3410 5076 3497 5132 vel
3540 5085 3722 5151 tegu-

2115 5169 2315 5218 mento.

2180 5285 2434 5342 Dicerent
2462 5286 2537 5341 illi
2570 5301 2581 5341 :
2617 5286 2822 5344 Callide
2879 5286 3077 5343 Paulus
3123 5287 3235 5362 agit
3265 5286 3340 5343 ita
3368 5288 3619 5361 loquens,
3655 5301 3719 5349 ut

2111 5374 2257 5445 quod
2285 5375 2437 5446 prius
2468 5376 2787 5447 simpliciter
2830 5392 2941 5432 non
2967 5376 3201 5448 accepit,
3259 5378 3424 5432 modo
3453 5379 3717 5450 duplica-

2109 5470 2223 5547 tum
2252 5463 2497 5534 recipiat.
2531 5465 2731 5519 Contra
2758 5465 2863 5521 hoc
2893 5466 3086 5520 Paulus
3119 5481 3132 5520 :
3165 5465 3308 5521 Licet
3338 5466 3409 5520 ita
3438 5451 3712 5538 scribam,

2111 5554 2303 5607 tamen
2333 5569 2448 5608 non
2475 5553 2600 5608 ideo
2628 5554 2829 5626 scripsi
2860 5554 2995 5622 haec,
3027 5554 3250 5621 scilicet,
3277 5570 3362 5609 me
3392 5571 3503 5611 non
3532 5555 3714 5617 fuisse

2107 5656 2266 5695 usum
2296 5638 2479 5712 aliquo
2505 5642 2717 5711 horum,
2751 5647 2821 5699 ut
2836 5643 2923 5699 ita
2940 5643 3086 5712 ﬁant
3116 5645 3179 5699 in
3210 5659 3299 5701 me
3329 5643 3615 5719 deinceps,
3652 5648 3712 5705 id
