3948 6432
181 372 280 439 169

816 385 1198 443 EXPOSITIO
1237 385 1310 443 IN
1345 383 1728 443 EPISTOLAS
1769 382 1991 440 PAULI.
2024 414 2092 424 —
2118 383 2193 440 IN
2230 382 2450 441 EPIST.
2492 385 2516 440 Ι
2554 382 2649 442 AD
2688 382 2850 443 COR.

3396 386 3500 443 I70

186 519 284 577 est,
318 518 377 566 ut
410 510 561 584 quod
602 510 759 583 prius
814 527 923 567 non
980 511 1141 583 coepi,
1176 511 1341 567 modo
1371 510 1785 582 multiplicatum
1805 509 1862 569 Α
1890 510 2202 566 mercedem
2234 509 2424 566 habeo.
2447 511 2597 585 Ergo
2615 512 2864 568 dicamus
2890 510 3056 568 modo
3086 527 3209 585 quae
3236 515 3321 568 est
3350 527 3501 567 mer-

191 600 456 673 recipiam
489 618 501 655 :
535 602 659 657 ideo
688 616 790 657 nec
812 600 937 668 feci,
966 618 1069 658 nec
1088 602 1286 657 amodo
1316 601 1440 657 volo
1462 600 1580 656 ﬁeri
1610 599 1664 654 in
1684 616 1793 666 me,

191 691 319 763 quia
348 692 535 763 magis
567 691 773 747 bonum
805 695 894 746 est
925 691 1065 747 mihi
1094 693 1239 748 mori
1260 690 1462 746 nedum
1494 689 1605 761 pati
1633 705 1798 760 penu-

192 780 346 845 riam,
372 796 543 852 quam
564 784 629 836 ut
648 781 772 853 quis
795 785 1027 837 evacuet
1048 780 1290 853 gloriam
1308 795 1512 845 meam,
1537 778 1593 834 id
1610 784 1693 833 est
1711 793 1798 832 re-

193 868 628 924 munerationem
658 885 820 941 quam
848 877 1107 940 exspecto
1136 868 1205 924 de
1230 868 1548 940 Evangelio.
1574 867 1631 923 Si
1651 866 1796 922 enim

193 973 312 1013 cum
343 956 670 1014 offendicqu
702 957 881 1013 fratris
929 958 1386 1031 evangelizarem,
1422 956 1656 1029 gloriam
1684 956 1795 1010 uti-

195 1062 297 1117 que
327 1046 509 1101 meriti
539 1047 644 1101 mei
693 1062 1034 1102 evacuarem.
1098 1047 1196 1101 Vel
1240 1046 1313 1101 ita
1371 1064 1384 1100 :
1447 1046 1657 1100 Bonum
1714 1051 1796 1099 est

193 1134 321 1189 mihi
356 1135 533 1208 magis
574 1136 738 1201 mori,
789 1152 949 1207 quam
979 1135 1145 1190 modo
1201 1134 1428 1190 moriar.
1460 1135 1620 1190 Nunc
1650 1132 1794 1189 enim

193 1223 377 1278 multis
394 1223 833 1279 tribulationibus
854 1224 1081 1291 morior,
1108 1225 1206 1279 sed
1228 1224 1449 1279 mallem
1471 1223 1650 1278 adhuc
1671 1238 1791 1276 ma-

183 1307 285 1378 jori
317 1316 564 1382 egestate
624 1309 765 1364 mori
790 1352 803 1375 ,
840 1324 1005 1382 quam
1032 1316 1091 1363 ut
1120 1309 1242 1381 quis
1299 1316 1528 1365 evacuet
1560 1306 1793 1381 gloriam

191 1413 396 1452 meam.
438 1399 581 1453 Vere
620 1397 797 1471 gloria
849 1414 973 1454 mea
1029 1414 1099 1453 ne
1148 1405 1441 1454 evacuetur
1491 1396 1789 1452 timendum

188 1486 318 1541 mihi
350 1493 454 1542 est.
489 1488 629 1544 Nam
650 1488 700 1543 si
732 1503 836 1560 ego
857 1488 1315 1560 euangelizavero
1347 1487 1444 1555 sic,
1469 1486 1526 1542 id
1555 1494 1639 1542 est
1668 1502 1792 1543 cum

187 1573 516 1632 offendicula
544 1575 747 1643 fratris,
778 1576 1076 1647 cupiditate
1123 1576 1431 1647 accipiendi
1478 1583 1725 1647 sumptus
1757 1590 1790 1630 a

1897 615 1987 653 ces
2017 616 2163 668 mea,
2198 599 2249 653 id
2286 608 2367 655 est
2400 601 2576 672 qualis
2607 601 2769 656 debet
2799 617 2923 657 esse
2956 600 3228 667 voluntas,
3265 616 3367 672 pro
3392 615 3500 673 qua

1897 687 2031 742 mihi
2057 704 2272 744 merces
2302 689 2518 745 veniat:
2546 689 2667 744 talis
2698 690 2991 746 essedebet
3010 690 3362 758 voluntas,ut
3393 704 3500 762 ego

1893 777 2218 849 praedicans
2297 779 2669 849 Evangelium
2724 796 2954 851 ponam,
2986 778 3042 833 id
3098 786 3179 834 est
3234 778 3500 834 collocem

1898 866 2280 938 Evangelium,
2317 873 2371 922 et
2398 866 2807 922 fundamentum
2839 868 2957 937 ejus
2987 867 3333 933 constituam,
3374 869 3500 923 sine

1896 955 2133 1023 sumptu
2162 959 2435 1023 acceptoa
2458 952 2752 1007 Corinthiis
2781 968 2884 1023 pro
2931 968 3038 1023 quo
3069 951 3496 1008 oﬂ’enderentur.

1896 1039 2025 1095 Ideo
2042 1042 2167 1096 sine
2197 1044 2452 1113 sumptu,
2482 1045 2549 1096 ut
2579 1058 2694 1097 non
2726 1042 2949 1107 abutar,
2974 1040 3029 1096 id
3044 1049 3195 1096 estut
3214 1056 3326 1097 non
3354 1040 3498 1097 male

1894 1136 2019 1184 utar
2028 1133 2185 1202 potes
2196 1133 2315 1185 tate
2341 1147 2488 1196 mea,
2523 1145 2786 1186 concessa
2816 1130 2947 1184 mihi
2967 1132 3030 1185 in
3046 1131 3371 1202 Evangelia.
3393 1131 3499 1185 Po-

1895 1224 2018 1272 tens
2046 1218 2194 1273 enim
2226 1235 2345 1273 sum
2378 1219 2448 1274 de
2477 1219 2785 1292 Evangelio
2813 1226 3062 1290 sumptus
3094 1219 3365 1290 accipere,
3398 1218 3497 1274 sed

1895 1306 1940 1361 si
1970 1306 2198 1363 fratrem
2227 1307 2283 1362 in
2306 1308 2414 1364 hoc
2444 1306 2747 1375 oﬂ‘endero,
2781 1308 2923 1363 male
2946 1316 3068 1363 utor
3085 1308 3190 1364 hac
3204 1315 3495 1379 potestate.

1892 1396 2239 1451 Credendum
2270 1404 2355 1452 est
2394 1398 2540 1469 quod
2561 1398 2685 1453 sine
2720 1401 2956 1471 sumptu
2998 1413 3209 1470 ponam
3239 1399 3497 1468 Evange-

1894 1485 2055 1551 lium,
2077 1501 2145 1541 ne
2167 1484 2473 1541 offendatur
2494 1484 2780 1542 infirmitas
2798 1486 3105 1542 auditorum
3132 1504 3146 1541 :
3167 1502 3305 1542 nam
3325 1485 3496 1559 (quod

1891 1582 2109 1646 sumptu
2140 1575 2314 1644 majus
2358 1575 2465 1644 est)
2486 1591 2615 1631 cum
2664 1575 2803 1631 liber
2818 1592 2994 1632 essem
3025 1592 3100 1631 ea:
3128 1577 3407 1643 omnibus,
3441 1583 3496 1631 et

187 1664 365 1731 vobis,
391 1664 505 1733 jam
534 1682 650 1721 non
679 1669 765 1721 est
815 1667 961 1721 mihi
988 1666 1190 1735 gloria,
1226 1665 1326 1720 sed
1357 1664 1495 1736 perit
1526 1680 1787 1720 remune-
1890 1663 2024 1718 nulli
2057 1679 2248 1719 eorum
2278 1664 2482 1737 aliquid
2513 1664 2795 1731 deberem,
2828 1667 2944 1736 feci
2972 1681 3063 1721 me
3100 1681 3327 1721 servum
3368 1681 3493 1720 om-

185 1753 322 1808 ratio
354 1753 484 1808 mei.
520 1754 661 1810 Vere
681 1770 791 1810 non
811 1754 1038 1809 debetur
1071 1755 1218 1810 mihi
1255 1755 1440 1825 gloria
1473 1770 1485 1809 :
1521 1770 1658 1808 nam
1689 1771 1789 1809 ne-
1888 1754 2073 1820 nium,
2107 1757 2176 1808 ut
2209 1752 2286 1808 sic
2319 1754 2717 1825 lucrifacerem
2736 1755 2951 1825 plures.
2974 1754 3041 1808 Et
3072 1753 3165 1825 qui
3209 1770 3312 1825 pro
3341 1754 3494 1809 utili-

182 1843 432 1908 cessitas,
459 1842 515 1897 id
536 1851 618 1897 est
631 1851 850 1915 egestas
878 1843 1160 1899 incumbit
1190 1843 1331 1899 mihi
1351 1859 1471 1914 quae
1501 1858 1590 1897 me
1613 1858 1782 1898 evan-
1815 1873 1868 1934 Β
1890 1842 1996 1897 tate
2018 1857 2204 1898 eorum
2220 1843 2415 1915 jugum
2435 1842 2711 1898 servitutis
2736 1842 2838 1897 sub
2859 1842 3113 1897 omnibus
3125 1842 3289 1897 habui
3321 1859 3334 1898 :
3367 1858 3494 1899 cre-

182 1931 416 2004 gelizare
447 1931 614 2004 cogit,
644 1939 702 1986 ut
723 1932 801 1988 sic
830 1932 1067 1987 habeam
1100 1930 1392 2003 stipendia.
1429 1931 1564 1987 Vere
1594 1947 1786 1987 neces-
1816 1930 1859 1934 ⁷
1889 1930 2128 1986 dendum
2160 1940 2241 1986 est
2263 1931 2405 2003 quod
2424 1947 2457 1986 a
2478 1938 2696 2002 sumptu
2713 1930 3041 1997 contineam,
3073 1931 3273 1987 timens
3319 1930 3495 1987 offen-

181 2023 319 2076 sitas
339 2021 625 2076 incumbit
646 2041 663 2077 :
684 2038 819 2076 nam
839 2022 890 2076 si
911 2037 1027 2077 non
1047 2022 1519 2091 evangelizavero,
1536 2024 1621 2076 est
1644 2021 1787 2075 mihi
1888 2018 2097 2075 sionem
2114 2018 2320 2086 fratris,
2349 2035 2455 2090 pro
2476 2036 2584 2092 quo
2607 2019 2870 2076 lucrando
2894 2036 3107 2076 servum
3127 2035 3217 2075 me
3248 2019 3489 2076 exhibui.

182 2126 278 2176 vae,
303 2109 358 2163 id
389 2118 472 2165 est
500 2109 658 2166 dolor
677 2110 958 2183 egestatis,
981 2108 1139 2164 famis
1170 2109 1377 2165 scilicet
1411 2117 1463 2164 et
1489 2108 1774 2163 nuditatis.
1887 2108 2028 2164 Vere
2061 2125 2279 2164 servum
2315 2094 2556 2164 omnium
2575 2125 2661 2164 me
2690 2108 2829 2175 feci;
2861 2124 2989 2164 nam
3019 2110 3355 2175 Judaeorum,
3382 2109 3489 2164 Sa-

184 2198 238 2253 Si
266 2214 331 2253 ex
360 2198 689 2254 necessitate
719 2199 1195 2272 evangelizavero,
1238 2213 1349 2253 non
1381 2206 1463 2252 est
1493 2197 1625 2251 mihi
1655 2197 1782 2271 glo-
1884 2197 2606 2269 maritanorum,gentilium,
2626 2205 2680 2252 et
2703 2196 3043 2253 infirmorum
3061 2197 3307 2253 fratrum.
3328 2196 3490 2267 Quod

177 2287 346 2344 ria.Si
365 2292 564 2344 autem
577 2287 676 2344 hoc
705 2304 807 2361 ago
837 2289 1046 2355 volens,
1080 2288 1137 2343 id
1158 2295 1241 2342 est
1269 2302 1335 2342 ex
1364 2287 1640 2342 voluntate
1658 2296 1781 2342 tan-
1881 2286 1955 2341 ita
1987 2286 2330 2358 exsequitur:
2349 2289 2555 2343 Factus
2574 2302 2701 2342 sum
2714 2287 2923 2343 Judceis
2953 2288 3484 2360 tanqmmludwus,

179 2383 308 2442 tum,
328 2393 443 2432 non
469 2392 571 2448 pro
592 2376 884 2448 cupiditate
906 2384 1217 2448 sumptuum
1250 2394 1263 2430 :
1288 2384 1415 2431 tunc
1447 2375 1614 2432 habeo
1632 2392 1783 2432 mer—
1882 2376 2337 2432 condescendens
2364 2376 2561 2431 ritibus
2599 2391 2820 2444 eorum,
2878 2376 3205 2431 abstinendo
3236 2391 3269 2431 a
3297 2375 3486 2432 carni-

178 2466 365 2521 cedem
385 2465 497 2521 mei
516 2466 819 2538 Evangelii.
872 2465 969 2521 Vel
998 2466 1169 2533 aliter,
1195 2465 1266 2520 ad
1294 2467 1399 2521 hoc
1431 2465 1578 2536 quod
1624 2481 1780 2536 supe-

175 2554 284 2609 rius
303 2554 443 2609 dixit
474 2554 647 2610 :Malo
674 2554 1002 2627 mori,quam
1036 2554 1270 2626 gloriam
1299 2569 1477 2610 meam
1500 2553 1776 2610 evacuari.

246 2644 469 2700 Diceret
497 2643 692 2715 aliquis
722 2661 735 2697 :
770 2643 826 2699 Si
855 2642 1218 2717 Evangelium
1236 2650 1388 2698 tuum
1419 2659 1509 2698 res
1539 2642 1662 2698 talis
1683 2659 1776 2698 es-

175 2739 275 2800 set,
306 2748 412 2804 pro
442 2747 571 2805 qua,
607 2732 653 2787 si
682 2748 788 2788 non
806 2730 981 2800 fieret,
1003 2748 1113 2788 non
1133 2731 1493 2788 deﬁceremus
1518 2751 1532 2799 ;
1565 2731 1651 2787 vel
1674 2748 1774 2803 pro

172 2838 297 2894 qua,
332 2821 379 2876 si
411 2821 501 2887 sit,
534 2837 644 2877 non
673 2821 727 2875 in
757 2821 954 2877 melius
982 2821 1344 2891 abundamus,
1395 2828 1453 2876 ut
1482 2829 1627 2876 esset
1648 2821 1772 2876 ido-

170 2910 378 2983 lothyta
410 2926 546 2966 sana
574 2909 682 2967 fide
709 2910 1020 2980 comedere,
1053 2910 1205 2967 credi
1234 2917 1424 2982 posset
1471 2910 1615 2981 quod
1646 2909 1771 2980 glo-

170 2999 248 3054 ria
285 3007 375 3055 tua
400 2999 638 3071 periret,
672 2999 719 3054 si
747 3016 867 3055 cum
901 2998 1230 3056 offendicula
1260 2998 1438 3053 fratris
1487 2999 1769 3070 evangeli-

170 3104 345 3143 zares.
380 3088 492 3144 Sed
523 3088 649 3160 quia
677 3088 1038 3162 Evangelium
1069 3096 1218 3143 tuum
1249 3104 1341 3144 res
1393 3095 1554 3144 tanta:
1582 3088 1768 3161 digni-

169 3178 289 3233 tatis
319 3186 425 3248 est,
460 3194 559 3249 per
586 3194 751 3250 quam
782 3178 1057 3234 salventur
1085 3178 1353 3244 homines,
1387 3194 1498 3233 non
1534 3186 1618 3233 est
1647 3194 1767 3233 cre-

168 3268 335 3323 dibile
392 3267 544 3339 quod
597 3283 699 3338 pro
746 3266 1051 3324 offensione
1104 3266 1306 3322 infirmi
1356 3266 1543 3322 fratris
1582 3275 1772 3338 pereat

166 3352 342 3426 gloria
373 3360 467 3407 tua
497 3352 567 3407 de
589 3353 906 3424 Evangelio.
948 3351 1316 3409 Evacuabitur
1360 3368 1464 3424 pro
1493 3361 1665 3422 certo,
1698 3353 1771 3406 ait

167 3441 365 3497 Paulus
399 3457 413 3496 :
447 3443 591 3496 Nam
613 3441 658 3496 si
678 3441 1126 3514 evangelizavero
1147 3450 1373 3507 tantum,
1406 3449 1461 3496 et
1490 3441 1559 3495 ab
1591 3440 1769 3497 offen-

169 3529 353 3587 dicqu
381 3530 571 3585 fratris
599 3545 709 3585 non
737 3530 1118 3598 declinavere,
1152 3546 1262 3586 non
1288 3529 1390 3585 erit
1433 3529 1565 3585 mihi
1594 3529 1770 3603 gloria

166 3635 262 3690 pro
319 3621 442 3675 solo
516 3619 916 3691 evangelizare.
989 3618 1206 3675 Nullius
1264 3619 1410 3674 enim
1475 3618 1657 3675 meriti
1686 3627 1770 3675 est

165 3709 241 3766 sic
269 3708 676 3783 evangelizare,
709 3717 767 3763 ut
795 3707 1153 3764 offensionem
1184 3707 1366 3763 fratris
1403 3724 1513 3764 non
1570 3724 1768 3764 cavea-

165 3815 304 3853 mus.
324 3800 474 3855 Vere
493 3814 605 3854 non
634 3806 715 3854 est
744 3798 970 3853 multum
996 3797 1379 3871 evangelizare
1402 3797 1764 3854 solummodo.

166 3888 301 3942 Nam
346 3888 653 3944 necessitas
710 3886 1121 3961 evangelizandi
1179 3886 1443 3943 incumbit
1508 3886 1668 3954 mihi,
1702 3902 1768 3942 ex

167 3975 408 4046 injuncto
485 3976 683 4034 officio.
766 3977 837 4031 Et
888 3992 1021 4033 vere
1091 3975 1395 4031 necessitas
1445 3974 1605 4032 ofﬁcii
1660 3975 1769 4031 mei

164 4066 551 4138 evangelizare
579 4082 667 4121 me
695 4066 864 4137 cogit.
930 4066 1068 4120 Nam
1116 4080 1217 4133 vae,
1252 4064 1307 4119 id
1356 4073 1454 4131 est,
1488 4065 1769 4121 damnatio

164 4155 294 4210 mihi
323 4164 409 4211 est
450 4155 499 4210 si
529 4171 637 4210 non
668 4155 1133 4229 evangelizavero.
1196 4156 1265 4210 Et
1287 4155 1416 4210 inde
1472 4154 1655 4226 palam
1684 4161 1768 4210 est

165 4245 309 4316 quod
334 4260 450 4300 non
498 4253 584 4301 est
638 4244 770 4299 tanti
816 4244 1211 4316 evangelizare,
1244 4246 1400 4315 cujus
1431 4244 1604 4315 gloria
1633 4259 1767 4315 pro-

161 4339 280 4403 pter
297 4332 696 4390 offendiculum
719 4333 902 4388 fratris
924 4349 1034 4389 non
1052 4341 1254 4405 pereat.
1278 4333 1336 4388 Si
1358 4349 1423 4389 ex
1440 4332 1767 4389 necessitate

170 4420 230 4477 1
252 4421 409 4479 19
446 4422 735 4479 ministerii
768 4423 876 4479 mei
908 4430 1118 4478 tantum
1150 4422 1620 4495 evangelizavero,
1655 4438 1765 4477 non

163 4519 240 4566 est
260 4512 395 4567 mihi
427 4511 641 4586 gloria:
667 4512 764 4567 sed
793 4513 842 4568 si
862 4513 962 4569 hoc
992 4529 1092 4585 ago
1122 4514 1457 4580 volens,uon
1486 4519 1545 4567 ut
1565 4511 1767 4583 cupidi-

1883 2464 1986 2519 bus
2013 2480 2046 2519 a
2080 2465 2276 2537 quibus
2306 2465 2673 2533 abstinebant,
2698 2469 2764 2521 ut
2782 2465 2858 2521 sic
2875 2466 3134 2521 lucrarer
3149 2464 3388 2532 Iudaeos,
3412 2464 3483 2519 Ii-

1881 2553 2097 2609 bentius
2127 2553 2260 2607 mihi
2291 2553 2725 2626 acquiescentes,
2747 2553 2870 2626 quia
2890 2555 3025 2609 ritus
3047 2569 3236 2610 eorum
3258 2569 3368 2610 non
3385 2568 3482 2609 as-

1877 2658 2164 2714 pernarer.
2197 2644 2293 2697 His
2329 2643 2491 2697 etiam
2519 2644 2618 2715 qui
2650 2645 2749 2699 sub
2780 2644 2896 2715 lege
2928 2646 3082 2709 sunt,
3104 2643 3160 2698 id
3176 2650 3260 2699 est
3279 2643 3479 2699 Sama-

1877 2732 2086 2795 ritanis,
2121 2731 2216 2804 qui
2246 2731 2485 2804 quinque
2540 2731 2709 2787 libros
2755 2731 2933 2803 Moysi
2987 2740 3194 2799 tenent,
3223 2732 3323 2788 sed
3353 2747 3481 2804 pro-

1874 2821 2065 2892 phetas
2096 2836 2206 2876 non
2234 2820 2458 2891 habent,
2481 2820 2655 2876 factus
2677 2836 2798 2876 sum
2819 2823 2980 2894 quasi
3015 2822 3117 2877 sub
3134 2822 3249 2893 lege
3260 2838 3474 2878 essem:

1873 2926 2005 2966 cum
2037 2914 2230 2966 tamen
2251 2912 2372 2982 ipse
2399 2926 2515 2966 non
2546 2926 2726 2966 essem
2754 2910 2857 2966 sub
2890 2911 3037 2983 lege;
3069 2910 3168 2966 sed
3196 2909 3324 2966 ideo
3370 2909 3475 2967 feci

1871 3003 1938 3055 ut
1967 2999 2073 3055 hoc
2101 2998 2268 3054 modo
2300 3000 2704 3071 lucrifacerem
2733 3014 2823 3055 eos
2853 3001 2949 3072 qui
2978 3003 3147 3055 erant
3200 3000 3303 3056 sub
3334 3000 3472 3073 lege,

1869 3088 1925 3143 id
1956 3096 2039 3143 est
2060 3088 2447 3143 Samaritanos.
2482 3087 2809 3143 Samaritani
2837 3096 2963 3143 sunt
2992 3103 3129 3160 quos
3160 3104 3254 3144 rex
3298 3090 3476 3161 Assy-

1870 3177 2077 3233 riorum
2107 3176 2432 3248 captivitatis
2462 3175 2585 3232 filiis
2632 3177 2801 3233 Israel
2854 3178 3036 3249 posuit
3063 3178 3132 3232 ad
3187 3177 3474 3234 incolenda

1870 3266 1986 3322 loca
2019 3265 2272 3321 Samariae
2292 3310 2305 3333 ,
2339 3274 2393 3322 et
2422 3274 2546 3321 sunt
2575 3282 2640 3322 ex
2669 3266 2884 3340 origine
2912 3268 3199 3322 Persarum
3226 3267 3320 3339 (IV
3345 3270 3471 3339 Reg.

1870 3370 2008 3424 xvn,
2041 3357 2172 3426 24);
2216 3355 2307 3427 qui
2334 3354 2573 3427 quinque
2594 3355 2760 3410 libros
2786 3355 2962 3427 Moysi
2981 3364 3327 3428 receperunt,
3350 3372 3475 3412 cum

1868 3444 2052 3500 multis
2079 3444 2523 3499 tribulationibus
2549 3452 2771 3500 vexaret
2799 3461 2897 3500 eos
2926 3447 3093 3512 Deus,
3120 3445 3245 3517 quia
3264 3453 3472 3501 terram

1868 3533 2057 3605 populi
2087 3533 2170 3588 sui
2194 3533 2361 3590 Israel
2391 3533 2496 3589 sibi
2524 3533 2710 3590 illicite
2750 3541 3130 3606 usurpassent.
3182 3535 3276 3590 His
3306 3534 3471 3591 etiam

1868 3624 1965 3695 qui
1995 3626 2166 3679 erant
2191 3624 2316 3678 sine
2379 3623 2513 3695 lege,
2548 3622 2602 3677 id
2634 3630 2714 3678 est
2774 3623 3093 3694 gentilibus,
3142 3622 3317 3680 factus
3347 3640 3470 3679 sum

1870 3716 2144 3786 tanquam
2172 3728 2350 3768 essem
2371 3713 2495 3768 sine
2528 3714 2661 3784 lege,
2697 3720 2921 3768 coutens
2952 3712 3055 3767 sibi
3076 3728 3271 3768 eorum
3300 3721 3354 3768 et
3381 3728 3470 3769 as-

1869 3816 2062 3858 serens
2101 3802 2278 3857 Deum
2312 3800 2549 3873 elegisse
2584 3817 2699 3870 eos,
2738 3819 2870 3859 cum
2905 3807 3098 3858 tamen
3125 3819 3245 3858 non
3291 3818 3469 3859 essem

1868 3893 1993 3947 sine
2024 3897 2137 3963 lege
2166 3891 2287 3956 Dei,
2319 3891 2415 3947 sed
2461 3907 2638 3948 essem
2683 3893 2743 3947 in
2778 3893 2897 3964 lege
2957 3891 3201 3959 Christi;
3235 3891 3316 3948 sic
3343 3891 3470 3948 ideo

1869 3978 2043 4035 factus
2074 3995 2194 4034 sum
2216 3983 2284 4035 ut
2308 3981 2709 4052 lucrifacerem
2747 3980 2984 4053 gentiles
3020 3983 3117 4053 qui
3146 3985 3315 4037 erant
3343 3981 3469 4038 sine

1871 4069 2006 4139 lege.
2040 4069 2247 4125 Factus
2269 4086 2396 4124 sum
2418 4069 2582 4124 etiam
2612 4070 2861 4139 infirmis
2883 4068 3140 4125 fratribus
3159 4070 3427 4139 inﬁrmus
3452 4084 3465 4124 :

1866 4158 2146 4213 abstinens
2176 4173 2210 4213 a
2239 4157 2400 4214 licitis
2428 4157 2585 4223 cibis,
2621 4174 2691 4214 ne
2712 4173 3037 4231 generarem
3078 4156 3466 4215 oﬁ‘endiculum

1867 4262 2056 4303 eorum
2086 4246 2407 4313 infirmitati,
2440 4252 2506 4303 ut
2534 4247 2615 4303 sic
2661 4248 3061 4319 lucrifacerem
3091 4248 3367 4317 inﬁrmos.
3398 4249 3470 4303 Et

1867 4336 1997 4408 quid
2027 4351 2343 4391 enumerem
2374 4336 2592 4408 singula
2610 4335 2639 4389 Ἰ
2673 4337 2940 4394 Omnibus
2974 4339 3166 4408 factus
3185 4353 3313 4393 sum
3340 4353 3466 4393 om-

1864 4427 1967 4481 nia
2000 4442 2013 4479 :
2045 4423 2322 4496 perfectus
2352 4424 2640 4495 perfectis;
2675 4433 2728 4480 et
2758 4424 2838 4481 sic
2868 4425 2924 4480 in
2970 4425 3218 4498 singulis,
3243 4429 3310 4481 ut
3338 4443 3464 4482 om-

1866 4530 1970 4570 nes
1996 4515 2181 4570 salvos
2199 4517 2470 4585 facerem.
2494 4514 2625 4570 Haec
2645 4521 2828 4570 autem
2847 4515 3041 4571 omnia
3068 4516 3219 4586 facio
3230 4518 3467 4587 propter

162 4607 265 4656 tate
295 4610 553 4673 sumptus
578 4601 801 4657 fratrem
858 4601 1150 4669 offendam,
1201 4610 1326 4657 tunc
1375 4602 1544 4658 habeo
1575 4617 1681 4674 ego
1697 4601 1765 4656 de
1786 4599 1840 4660 D
1870 4602 2254 4659 collocandum
2297 4602 2707 4673 Evangelium;
2740 4602 2885 4674 quod
2912 4602 3017 4657 nisi
3064 4602 3143 4658 sic
3199 4603 3459 4669 facerem,

164 4688 471 4764 Evangelio
485 4706 612 4747 meo
632 4690 973 4747 mercedem.
1004 4691 1111 4746 Sed
1132 4692 1183 4746 si
1212 4691 1317 4747 hoc
1345 4692 1495 4762 facio
1522 4690 1761 4757 invitus,

162 4778 213 4833 id
230 4788 312 4835 est
327 4780 661 4836 necessitate
682 4788 921 4847 coactus,
941 4779 1347 4852 parvipendens
1368 4778 1650 4835 offendere
1664 4778 1766 4833 fra-

163 4874 317 4935 trem,
341 4871 451 4927 hoc
473 4869 696 4942 quidem
713 4885 900 4925 verum
939 4877 1020 4925 est
1037 4869 1182 4941 quod
1222 4870 1568 4943 dispensatio
1585 4868 1765 4924 dono-

163 4972 279 5013 rum
295 4959 397 5014 Dei
414 4959 639 5016 credita
657 4963 740 5015 est
763 4960 924 5027 mihi,
940 4959 995 5014 id
1022 4966 1105 5014 est
1125 4958 1272 5031 quod
1292 4973 1400 5014 non
1422 4958 1602 5013 minus
1631 4973 1763 5029 pro-

161 5053 277 5117 pter
290 5056 586 5120 peccatum
606 5064 788 5103 meum
799 5048 1081 5120 dispensat
1100 5049 1248 5104 Deus
1279 5047 1485 5121 gratias
1502 5062 1650 5115 suas,
1666 5046 1764 5103 sed

162 5142 336 5193 tamen
357 5138 480 5193 sine
498 5137 757 5194 mercede
771 5153 915 5193 mea.
960 5138 1022 5192 In
1062 5138 1165 5194 hoc
1203 5137 1375 5193 verbo
1417 5136 1563 5192 mihi
1594 5135 1764 5191 invito

163 5232 213 5279 et
240 5227 491 5297 peccanti
524 5242 627 5298 per
653 5224 1043 5282 offendiculum
1066 5226 1253 5281 fratris
1288 5226 1505 5284 credita
1525 5231 1611 5283 est
1641 5226 1763 5281 dis-

164 5318 417 5386 pensatio
449 5315 760 5388 gratiarum
788 5316 911 5383 Dei,
943 5315 1218 5387 accipiunt
1246 5314 1420 5371 sancti
1462 5313 1763 5371 auctorita-

164 5410 269 5459 tem
301 5422 314 5459 :
348 5405 499 5478 quod
530 5404 657 5461 licet
684 5404 930 5461 minister
957 5405 1132 5461 malus
1163 5404 1250 5473 sit,
1285 5404 1429 5459 dona
1452 5411 1636 5459 tamen
1662 5401 1764 5458 Dei

161 5508 255 5563 per
275 5510 398 5549 eum
432 5494 758 5565 dispensata
787 5510 895 5550 non
922 5493 1257 5560 minuuntur,
1296 5500 1522 5565 prOpter
1559 5506 1763 5563 pecca-

166 5588 272 5636 tum
300 5582 464 5650 illius,
496 5582 642 5639 sicut
673 5598 774 5640 nec
803 5590 1078 5655 augentur
1107 5581 1599 5655 propterjustitiam
1620 5580 1759 5649 ejus.

168 5669 231 5725 Et
256 5672 379 5744 quia
398 5672 514 5728 dixi
544 5666 616 5729 ἐἰ
670 5674 860 5730 volens
891 5673 991 5730 hoc
1021 5689 1144 5745 ago,
1204 5679 1335 5728 tunc
1363 5686 1430 5727 ex
1483 5668 1764 5728 voluntate

302 5788 547 5845 ΡΑτιιοι.
588 5787 773 5846 CLIII.

1865 4698 2225 4748 evacuaretur
2271 4699 2494 4762 propter
2549 4689 2881 4747 offendicula
2929 4689 3177 4747 fratrum.
3229 4693 3463 4764 Propter

1864 4780 2228 4853 Evangelium
2255 4779 2400 4846 ideo,
2432 4783 2500 4835 ut
2532 4781 2748 4852 eﬁiciar
2782 4782 3069 4855 particeps
3118 4783 3261 4854 ejus,
3293 4780 3349 4837 id
3380 4789 3465 4837 est

1865 4876 1923 4924 ut
1939 4877 2151 4941 partem
2168 4869 2377 4941 capiam
2409 4869 2880 4937 remunerationis,
2916 4886 3076 4942 quam
3098 4870 3463 4942 Evangelium

1864 4965 2164 5026 attestatur,
2196 4966 2251 5014 et
2281 4958 2534 5014 fidelibus
2564 4958 2848 5030 promittit.
2880 4959 2981 5016 Hic
3010 4967 3180 5015 totum
3213 4960 3358 5032 quod
3390 4960 3460 5017 de

1864 5063 1924 5102 se
1942 5047 2152 5102 induxit
2181 5047 2476 5119 adoptavit.
2517 5046 2686 5117 Quasi
2699 5047 2908 5104 diceret
2939 5067 2952 5102 :
2985 5047 3459 5117 Quemadmodum

1863 5137 2119 5194 omnibus
2147 5137 2341 5192 omnia
2359 5139 2555 5209 factus
2573 5153 2702 5193 sum
2722 5142 2950 5211 propter
2967 5139 3356 5212 Evangelium,
3383 5139 3465 5195 sic

1863 5234 1916 5281 et
1943 5225 2318 5298 compatimini
2352 5224 2653 5281 infirmitati
2682 5225 2913 5282 fratrum
2949 5235 3007 5282 ut
3027 5228 3324 5300 participes
3346 5227 3463 5283 sitis

1861 5312 2147 5385 promissae
2178 5313 2549 5369 beatitudinis.
2572 5314 2694 5369 Dixi
2728 5314 3113 5370 abstinendum
3143 5331 3267 5372 esse
3306 5316 3463 5373 vobis

1862 5418 1897 5458 a
1924 5402 2106 5470 licitis,
2141 5417 2307 5458 causa
2335 5400 2676 5459 inﬁrmorum
2721 5402 2982 5469 fratrum,
3014 5403 3155 5460 sicut
3185 5420 3291 5478 ego
3321 5419 3461 5476 apo-

1863 5491 2038 5546 stolus
2066 5498 2250 5545 vester
2277 5506 2312 5546 a
2341 5490 2503 5546 licitis
2529 5489 2799 5557 abstineo,
2832 5507 2901 5546 ne
2931 5492 3058 5547 dem
3072 5490 3460 5550 oﬂ‘endiculum

1862 5577 2163 5650 Evangelio
2192 5578 2426 5646 Christi;
2457 5578 2604 5652 quod
2648 5585 2817 5634 totum
2849 5579 2973 5635 ideo
3003 5579 3145 5636 facio
3177 5596 3191 5635 :
3224 5588 3284 5636 ut
3310 5580 3460 5637 acci-

1862 5683 1993 5740 pere
2021 5682 2238 5723 merear
2277 5667 2425 5740 quod
2465 5674 2740 5739 exspecto.
2775 5667 3031 5724 Inductus
3078 5669 3332 5741 exemplo
3362 5683 3461 5723 eo-

3289 5782 3321 5833 6
