3948 6438
465 363 561 417 171

997 363 1054 417 S.
1107 359 1457 418 BRUNONIS
1503 356 2149 417 CARTHUSIANORUM
2194 355 2676 413 INSTITUTORIS
2714 358 2873 415 OPP.
2923 359 3097 416 PARS
3145 362 3211 415 II.

3647 365 3757 420 172

458 501 578 541 rum
599 485 800 558 qui,,ut
820 485 1173 556 temporalem
1195 500 1456 541 coronam
1476 483 1761 555 accipiant,
1787 482 2059 537 abstinent
2085 487 2139 547 Α
2169 502 2191 531 ιι
2229 497 2405 552 neque
2433 480 2735 537 idololatrse
2768 480 3072 538 eﬂiciamini
3102 482 3239 537 sicut
3268 483 3485 556 quidam
3505 499 3573 540 ex
3587 484 3749 557 ipsis,

460 574 531 629 ab
586 574 835 630 omnibus
865 591 985 646 quae
1014 573 1084 629 ad
1111 573 1487 645 accipiendam
1524 589 1776 629 coronam
1816 571 2051 629 120

462 678 559 718 eos
579 662 895 734 impediant.
920 661 1056 731 Quia
1077 678 1149 717 an
1172 663 1406 718 nescitis
1426 661 1568 735 quod
1590 663 1652 718 hi
1670 664 1765 734 qui
1788 662 1848 716 in
1868 661 2052 716 stadio

462 756 727 819 currunt,
760 767 952 808 omnes
981 752 1205 824 quidem
1235 755 1501 817 currunt,
1533 750 1633 807 sed
1661 766 1812 806 unus
1840 751 2051 821 accipit

460 840 734 908 bravium,
755 839 812 896 id
840 848 925 895 est
953 855 1215 896 coronam
1245 839 1330 896 vel
1360 840 1643 911 premium
1663 840 1899 895 cursus?
1925 838 2051 893 Sta-

460 928 609 984 dium
635 929 831 985 dicitur
854 930 1091 1001 spatium
1118 930 1470 986 ducentorum
1504 937 1557 984 et
1585 928 1774 1002 viginti
1815 928 2052 1000 quinque

455 1033 738 1089 passuum,
781 1026 1043 1090 quantum
1080 1018 1341 1075 Hercules
1371 1033 1479 1074 uno
1525 1018 1762 1073 anhelitu
1791 1017 2047 1085 cucurrit,

459 1114 513 1161 et
536 1122 647 1162 non
677 1107 1002 1179 respiravit;
1033 1115 1085 1162 et
1108 1107 1307 1163 dicitur
1354 1107 1585 1161 stadium
1616 1122 1648 1162 a
1678 1106 1893 1173 stando,
1926 1106 2050 1177 quia

458 1203 631 1250 statur
675 1196 731 1251 in
779 1194 888 1251 ﬁne
917 1212 1129 1251 cursus.
1174 1196 1623 1268 Quandoquidem
1672 1203 1958 1252 currentes
1996 1195 2052 1249 in

459 1284 635 1340 stadio
662 1284 892 1340 sollicite
948 1284 1230 1340 intendunt
1257 1284 1324 1338 ad
1365 1284 1742 1355 accipiendum
1781 1284 2045 1353 brevium,

459 1372 540 1429 sic
567 1388 704 1445 ergo
733 1373 931 1428 currite
960 1373 1285 1428 abstinendo
1315 1373 1382 1426 ab
1439 1374 1692 1428 omnibus
1719 1390 1840 1446 quae
1869 1372 2048 1444 impe-

457 1460 577 1517 dire
635 1477 734 1516 vos
786 1469 1031 1532 possunt,
1067 1468 1123 1516 ut
1165 1477 1357 1516 omnes
1412 1462 1889 1533 comprehendatis
1922 1463 2049 1517 bra-

459 1548 607 1605 vium
636 1558 852 1605 aeterna:
882 1549 1171 1605 felicitatis.
1201 1549 1257 1604 Si
1286 1550 1429 1605 enim
1459 1568 1650 1607 omnes
1683 1551 1771 1607 hic
1799 1557 2047 1608 currunt

457 1637 552 1693 ubi
581 1655 731 1694 unus
762 1646 963 1692 tantum
996 1639 1204 1708 accipit
1235 1639 1512 1705 brevium,
1546 1639 1717 1695 multo
1764 1641 2050 1697 sollicitius

460 1743 685 1783 currere
712 1726 943 1793 debetis,
977 1727 1069 1781 ubi
1100 1744 1294 1783 omnes
1324 1736 1587 1783 aeternum
1618 1729 1868 1784 bravium
1898 1731 2049 1786 acci-

459 1815 641 1887 pietis.
699 1816 789 1872 Sic
836 1816 1023 1887 utique
1078 1832 1301 1872 currere
1352 1817 1561 1872 debetis
1617 1818 1937 1874 abstinendo
1979 1821 2051 1875 ab

458 1904 605 1960 omni
634 1905 778 1976 quod
805 1920 904 1959 vos
935 1905 1199 1976 impedire
1227 1906 1421 1976 possit.
1456 1906 1593 1960 Nam
1624 1909 1811 1962 omnis
1838 1907 1927 1963 ille
1957 1910 2053 1981 qui

463 1994 757 2049 contendit
788 1995 853 2050 in
883 2010 1079 2066 agone,
1121 1994 1177 2049 id
1207 2003 1288 2049 est
1319 1995 1375 2049 in
1404 1995 1703 2051 certamine
1734 2013 1946 2063 cursus,
1967 1998 2055 2053 ab-

461 2082 639 2137 stinet
668 2098 726 2137 se
754 2083 822 2138 ab
852 2084 1110 2139 omnibus
1137 2082 1558 2153 impedientibus
1587 2100 1831 2140 cursum.
1865 2088 1933 2141 Et
1960 2087 2055 2142 illi

458 2171 682 2243 quidem
708 2180 988 2226 currentes
1019 2171 1073 2226 in
1103 2172 1278 2227 stadio
1307 2172 1385 2228 sic
1414 2188 1473 2227 se
1503 2172 1796 2241 abstinent,
1820 2178 1886 2229 ut
1907 2177 2056 2230 acci-

454 2259 623 2331 piant
645 2260 1070 2332 corruptibilem
1094 2276 1360 2316 coronam
1391 2280 1410 2316 :
1440 2278 1542 2317 nos
1570 2262 1842 2333 accepturi
1868 2264 2055 2319 incor-

456 2348 806 2420 ruptibilem,
840 2348 1006 2421 longe
1033 2348 1265 2420 amplius
1309 2349 1583 2405 abstinere
1620 2366 1721 2405 nos
1767 2351 2049 2417 debemus,

456 2444 661 2507 quanto
686 2436 923 2507 digniori
953 2453 1157 2493 corona
1189 2438 1680 2494 remunerabimur.
1712 2440 1779 2495 Et
1810 2440 1935 2511 quia
1964 2440 2053 2494 in-

457 2533 765 2596 corruptam
796 2541 1057 2581 coronam
1089 2536 1363 2597 exspecto,
1418 2527 1585 2600 igitur
1615 2543 1721 2599 ego
1749 2530 1832 2585 sic
1862 2544 2050 2595 curro,

460 2630 577 2670 non
593 2616 755 2687 quasi
775 2615 838 2669 in
868 2615 1179 2671 incertum.
1214 2616 1309 2671 Ille
1339 2616 1508 2672 currit
1534 2617 1599 2671 in
1644 2618 1931 2673 incertum
1961 2618 2054 2689 qui

457 2702 623 2758 modo
651 2702 815 2769 male,
847 2703 1011 2759 modo
1043 2704 1183 2759 bene
1211 2705 1342 2777 agit.
1378 2706 1510 2761 Cum
1541 2705 1687 2760 enim
1744 2706 1883 2761 bene
1914 2707 2051 2777 agit,

458 2798 643 2863 sperat
664 2807 725 2846 se
770 2799 1155 2863 accepturum;
1191 2794 1408 2865 quando
1451 2810 1585 2849 vero
1616 2794 1778 2861 male,
1834 2794 2049 2849 diﬂidit.

458 2880 693 2935 Currere
723 2879 852 2936 dicit
884 2880 1021 2935 bene
1049 2881 1285 2952 cperari,
1318 2882 1436 2938 sine
1466 2883 1858 2953 impedimento
1890 2884 2055 2939 illatae

456 2967 821 3022 tribulationis
872 2982 884 3021 :
931 2969 1180 3041 Pugnare
1224 2970 1351 3026 dicit
1396 2971 1612 3042 quando
1664 2970 1896 3027 infertur
1953 2972 2054 3026 tri-

459 3054 685 3125 bulatio,
709 3064 763 3111 et
792 3055 1004 3112 fortiter
1024 3058 1242 3113 resistit.
1262 3059 1354 3115 Sic
1372 3059 1534 3114 etiam
1558 3076 1743 3132 pugno
1762 3076 1877 3115 non
1895 3062 2056 3133 quasi

461 3145 761 3200 verberans
789 3161 999 3211 aerem,
1032 3154 1091 3201 ut
1119 3147 1264 3217 quod
1295 3147 1434 3203 bene
1463 3148 1662 3217 dicam,
1694 3164 1861 3219 Opere
1890 3149 1947 3202 in
1967 3165 2053 3203 me

456 3248 569 3287 non
625 3234 967 3303 compleam:
1004 3234 1095 3305 qui
1146 3234 1292 3290 enim
1347 3236 1403 3289 in
1442 3252 1641 3293 vanum
1688 3237 1855 3293 verba
1902 3237 2051 3303 dicit,

456 3335 644 3375 aerem
672 3321 849 3376 solum
883 3322 1172 3379 verberare
1206 3323 1419 3380 dicitur.
1455 3326 1553 3380 Vel
1583 3325 1658 3380 ita
1688 3343 1702 3381 :
1737 3327 1858 3382 Non
1894 3327 2056 3398 quasi

456 3424 647 3465 aerem
668 3411 984 3477 verberans,
1018 3411 1072 3466 id
1103 3420 1187 3467 est
1223 3429 1331 3469 non
1366 3414 1562 3469 frustra
1590 3414 1728 3470 ictus
1758 3430 1912 3470 meos
1930 3431 2057 3486 pro-

446 3497 664 3567 jiciens,
699 3498 839 3555 sicut
871 3499 962 3556 ille
1001 3500 1093 3572 qui
1119 3510 1325 3573 pugnat
1383 3518 1509 3559 cum
1564 3503 1741 3570 hoste,
1802 3505 2053 3575 quando,

454 3586 703 3657 projecto
731 3587 862 3656 ictu,
896 3604 1006 3644 non
1037 3590 1207 3662 tangit
1236 3591 1467 3657 hostem,
1520 3592 1717 3647 dicitur
1763 3593 2057 3650 verberare

454 3690 674 3743 aerem;
710 3676 808 3732 sed
867 3693 972 3750 ego
1020 3687 1311 3734 conterens
1359 3680 1605 3747 hostem,
1656 3697 1765 3736 non
1822 3682 2056 3738 verbero

457 3779 643 3819 aerem
666 3805 679 3832 ,
703 3766 799 3821 sed
819 3769 1034 3839 castigo
1064 3784 1265 3841 corpus
1296 3786 1503 3838 meum,
1523 3768 1577 3823 id
1602 3779 1685 3824 est
1712 3770 1896 3826 carnis
1926 3787 2057 3827 con-

464 3851 831 3923 cupiscentias
868 3855 1170 3926 comprimo
1204 3874 1217 3910 :
1251 3861 1308 3912 et
1336 3857 1409 3912 ita
1463 3858 1610 3929 quod
1641 3874 1842 3930 corpus
1869 3861 2057 3932 redigo

456 3940 523 3995 in
543 3942 900 4008 servitutem,
931 3943 988 3998 id
1022 3952 1105 3998 est
1132 3952 1188 3999 ut
1218 3960 1346 4001 caro
1375 3962 1485 4001 non
1542 3946 1718 4002 solum
1747 3964 1857 4003 non
1889 3965 2057 4020 repu-

460 4036 613 4099 gnet,
642 4029 741 4084 sed
769 4029 930 4085 etiam
962 4031 1163 4087 serviat
1213 4033 1444 4104 spiritui.
1481 4035 1608 4090 Ideo
1657 4036 1737 4092 sic
1767 4037 1976 4109 castigo
2004 4046 2059 4093 et

458 4116 674 4188 redigo,
708 4134 781 4173 ne
805 4120 957 4189 forte
986 4121 1263 4193 contingat
1309 4122 1455 4193 quod
1495 4124 1816 4196 contingere
1845 4134 2052 4196 posset,

460 4212 539 4271 ut,
572 4221 704 4261 cum
733 4208 869 4262 aliis
896 4209 1347 4279 prtedicaverim,
1382 4214 1500 4283 ipse
1530 4214 1745 4283 eﬂiciar
1790 4216 2055 4285 reprobus

459 4300 513 4347 et
542 4292 884 4350 damnabilis.
920 4297 1024 4353 Ubi
1052 4297 1127 4352 ait
1154 4315 1225 4354 ne
1253 4302 1424 4371 forte,
1460 4301 1597 4356 bene
1617 4302 1853 4357 ostendit
1881 4302 2057 4358 Deum

461 4381 542 4438 sic
571 4382 779 4454 eligere
810 4402 938 4441 suos
974 4395 1034 4441 ut
1062 4403 1171 4442 non
1227 4396 1388 4461 cogat
1419 4405 1515 4445 eos
1563 4407 1576 4443 :
1626 4406 1695 4446 ne
1751 4391 2055 4447 libertatem

464 4470 676 4525 arbitrii
705 4472 761 4527 in
791 4474 871 4530 eis
901 4475 1163 4545 destruat,
1194 4477 1325 4548 quin
1355 4477 1402 4533 si
1430 4477 1597 4534 velint
1616 4478 1812 4534 iterum
1832 4479 2053 4550 cadere,

462 4559 697 4629 possint.

1019 4636 1245 4693 CAPUT
1292 4636 1372 4692 Χ.

542 4756 565 4786 ι
599 4736 739 4793 Nolo
769 4737 914 4793 enim
944 4756 1042 4796 vos
1084 4741 1363 4811 ignorare,
1423 4741 1642 4812 fratres,
1677 4743 1932 4815 quoniam
1959 4760 2065 4815 pa-

471 4847 492 4871 ιι
524 4831 638 4879 tres
668 4827 837 4881 nostri
891 4844 1084 4883 omnes
1112 4829 1214 4883 sub
1270 4829 1415 4885 nube
1469 4830 1706 4899 fuerunt,
1766 4840 1820 4887 et
1876 4848 2066 4888 omnes

472 4935 493 4959 ιι
533 4915 1056 4983 maretransierunt,
1085 4925 1139 4971 et
1158 4933 1350 4972 omnes
1378 4917 1433 4972 in
1455 4920 1642 4989 Moyse
1663 4919 1915 4990 baptizati
1944 4928 2069 4975 sunt

476 5022 497 5046 ιι
537 4999 590 5053 in
639 5001 783 5057 nube
827 5011 878 5058 et
930 5004 983 5058 in
1024 5004 1162 5059 mari
1192 5005 1394 5075 (Exod.
1425 5022 1553 5072 xm,
1584 5009 1697 5077 2t).
1749 5008 1820 5062 Et
1875 5025 2068 5064 omnes

478 5110 499 5134 ιι
535 5088 786 5143 eamdem
818 5107 996 5146 escam
1024 5092 1323 5163 spiritalem
1353 5094 1835 5162 manducaverunt,
1860 5105 1912 5152 et
1949 5113 2068 5152 om-

480 5195 503 5226 α
530 5191 630 5231 nes
660 5178 913 5235 eumdem
942 5188 1127 5250 potum
1161 5181 1454 5252 spiritalem
1504 5183 1775 5239 biberunt.
1809 5186 2070 5242 Bibebant

479 5283 503 5314 α
541 5272 720 5320 autem
751 5267 820 5323 de
850 5268 1100 5339 spiritali,
1150 5278 1522 5343 consequente
1574 5288 1671 5328 eos
1705 5282 1877 5344 petra.
1908 5275 2070 5331 Petra

480 5381 504 5410 ιι
549 5365 732 5412 autem
764 5366 882 5412 erat
912 5358 1177 5414 Christus.
1212 5359 1320 5414 Sed
1352 5375 1460 5415 non
1488 5361 1545 5414 in
1572 5361 1823 5432 pluribus
1877 5379 2069 5419 eorum

482 5468 507 5500 ι
543 5445 941 5517 heneplacitum
1001 5454 1084 5502 est
1151 5448 1289 5504 Deo.
1347 5450 1488 5504 Nam
1528 5451 1783 5520 prostrati
1836 5462 1960 5507 sunt
2013 5454 2070 5508 in

483 5558 505 5583 ιι
541 5535 756 5590 deserto
813 5534 1003 5604 (Num.
1054 5551 1213 5604 xxvr,
1250 5536 1359 5609 65).
1421 5539 1549 5595 Haec
1575 5547 1756 5595 autem
1784 5540 1841 5595 in
1893 5540 2071 5614 ﬁgura

483 5647 507 5674 ιι
539 5624 679 5680 facta
723 5634 848 5679 sunt
904 5624 1096 5692 nostri,
1139 5634 1195 5681 ut
1249 5642 1360 5682 non
1400 5627 1567 5682 simus
1624 5629 2071 5701 concupiscentes

483 5736 507 5762 ιι
542 5713 832 5777 malorum,
867 5712 1005 5770 sicut
1036 5721 1089 5768 et
1115 5712 1193 5769 illi
1238 5715 1628 5787 concupierunt
1655 5716 1830 5779 (Psat.
1863 5733 1951 5785 cv,
1980 5719 2070 5789 14)

2157 597 2178 620 α
2219 568 2681 643 quemadmodum
2712 570 2975 642 scriptum
3006 579 3089 626 est
3119 590 3132 627 :
3166 572 3316 627 Sedit
3335 573 3570 644 populus
3591 589 3753 629 man-

2157 685 2177 710 α
2213 662 2411 717 ducere
2451 666 2504 714 et
2532 658 2739 726 bibere,
2802 667 2855 714 et
2904 669 3259 716 surrexerunt
3306 661 3497 718 ludere
3529 664 3741 733 (Exod.

2156 773 2178 798 ιι
2214 764 2396 805 xxxii.
2457 750 2532 819 6).
2594 748 2784 819 Neque
2842 748 3189 818 fornicemur,
3245 752 3383 806 sicut
3427 751 3649 824 quidam
3679 768 3753 808 ex

2156 860 2179 889 ι
2212 838 2346 909 ipsis
2377 835 2625 892 fornicati
2655 845 2777 892 sunt
2810 838 3005 906 (Num.
3060 854 3194 892 xxv.
3231 842 3303 911 1),
3336 848 3390 895 et
3430 832 3755 897 ceciderunt

2156 948 2179 978 ι
2214 943 2320 982 una
2349 926 2437 981 die
2468 925 2658 998 viginti
2689 926 2791 981 tria
2820 926 3005 981 millia.
3038 927 3229 999 Neque
3275 936 3542 984 tentemus
3587 930 3753 985 Chri-

2154 1038 2176 1063 ιι
2214 1023 2376 1083 stum,
2418 1014 2555 1070 sicut
2610 1014 2830 1086 quidam
2860 1031 3049 1071 eorum
3106 1024 3466 1084 tentaverunt,
3491 1026 3544 1073 et
3570 1034 3602 1072 a
3630 1034 3757 1074 ser-

2154 1127 2176 1151 ιι
2211 1104 2467 1175 pentibus
2496 1103 2774 1174 perierunt
2806 1105 2994 1174 (Num.
3029 1120 3125 1159 ιιι
3152 1106 3227 1175 6).
3275 1106 3467 1178 Neque
3495 1123 3752 1162 murmu-

2155 1214 2178 1243 ιι
2214 1192 2476 1259 raveritis,
2510 1192 2648 1247 sicut
2699 1192 2919 1264 quidam
2949 1209 3139 1249 eorum
3171 1205 3658 1264 murmuraverunt,
3694 1204 3754 1252 et

2155 1304 2177 1328 ιι
2219 1280 2498 1353 perierunt
2555 1280 2623 1335 ab
2671 1282 3115 1337 exterminatore.
3161 1283 3291 1339 Haec
3338 1292 3517 1339 autem
3562 1284 3756 1340 omnia

2154 1392 2178 1422 ι
2224 1370 2280 1424 in
2339 1368 2515 1442 ﬁgura
2564 1370 2953 1442 contingebant
2994 1371 3135 1437 illis;
3167 1372 3365 1444 scripta
3412 1381 3537 1428 sunt
3565 1382 3757 1429 autem

2155 1481 2177 1506 ιι
2214 1458 2284 1513 ad
2313 1458 2711 1529 correptionem
2767 1468 3029 1526 nostram,
3062 1460 3119 1514 in
3149 1476 3287 1531 quos
3344 1459 3482 1517 fines
3512 1462 3754 1518 saeculo-

2155 1570 2176 1595 ιι
2214 1563 2334 1601 rum
2356 1547 2714 1602 devenerunt.
2747 1548 2932 1619 Itaque
2962 1549 3054 1620 qui
3087 1565 3146 1604 se
3177 1549 3446 1605 existimat
3467 1559 3635 1618 stare,
3670 1552 3757 1606 vi-

2155 1659 2176 1683 ιι
2213 1636 2338 1690 deat
2367 1652 2436 1690 ne
2466 1636 2646 1691 cadat.
2680 1636 2925 1692 Tentatio
2955 1653 3054 1692 vos
3081 1653 3190 1692 non
3220 1640 3610 1710 apprehendat,
3643 1640 3758 1695 nisi

2159 1745 2181 1775 ιι
2216 1726 2471 1779 humana.
2510 1724 2709 1779 Fidelis
2738 1733 2922 1780 autem
2950 1726 3099 1781 Deus
3128 1734 3231 1794 est,
3257 1727 3349 1799 qui
3380 1744 3491 1783 non
3520 1728 3759 1800 patietur

2083 1850 2134 1911 Β
2160 1837 2181 1859 ι·
2217 1829 2316 1868 vos
2375 1813 2570 1868 tentari
2624 1829 2792 1884 supra
2825 1814 2877 1868 id
2945 1815 3092 1886 quod
3138 1816 3385 1887 potestis,
3436 1817 3536 1872 sed
3589 1816 3760 1874 faciet

2159 1923 2182 1953 α
2217 1902 2377 1957 etiam
2408 1917 2530 1956 cum
2564 1903 2858 1957 tentatione
2888 1911 3235 1974 proventum,
3267 1912 3324 1960 ut
3354 1906 3574 1976 possitis
3621 1922 3756 1961 sus-

2162 2010 2182 2043 ι
2221 1991 2414 2045 tinere.
2467 1991 2698 2061 Pr0pter
2751 1992 2916 2062 quod,
2960 1992 3264 2047 charissimi
3308 1994 3459 2063 mihi,
3491 1994 3662 2066 fugite
3681 1996 3757 2049 ab

2156 2100 2179 2126 ιι
2215 2078 2480 2133 idolorum
2500 2078 2731 2134 cultura.
2758 2079 2827 2134 Ut
2848 2080 3208 2150 prudentibus
3237 2081 3431 2153 loquor
3462 2100 3476 2137 :
3510 2084 3618 2139 Vos
3645 2082 3759 2153 ipsi

2158 2188 2180 2217 ιι
2209 2167 2446 2235 iudicate
2476 2184 2597 2239 quae
2636 2167 2781 2223 dico.
2845 2168 2996 2223 Calix
3028 2169 3422 2226 benedictionis
3444 2171 3531 2227 cui
3575 2172 3746 2227 bene-

2158 2277 2180 2303 ιι
2216 2255 2469 2322 dicimus,
2502 2271 2683 2311 nonne
2739 2258 3160 2313 communicatio
3221 2260 3505 2333 sanguinis
3552 2260 3760 2316 Christi

2160 2367 2182 2390 ιι
2218 2352 2301 2399 est
2324 2349 2347 2400 ?
2373 2345 2442 2399 Et
2470 2345 2629 2415 panis
2688 2362 2851 2416 quem
2894 2345 3197 2419 frangimus
3246 2364 3424 2403 nonne
3454 2349 3759 2421 participa-

2159 2456 2181 2479 ιι
2218 2432 2291 2488 tio
2332 2433 2586 2504 corporis
2615 2434 2831 2488 Domini
2860 2435 2988 2489 est?
3019 2434 3291 2503 Quoniam
3320 2454 3458 2493 unus
3486 2438 3665 2509 panis,
3701 2447 3762 2495 et

2161 2541 2181 2572 ι
2216 2537 2383 2576 unum
2412 2538 2612 2592 corpus
2632 2522 2785 2577 multi
2803 2540 2990 2577 sumus
3018 2539 3243 2580 :omnes
3281 2525 3481 2582 121
3531 2526 3760 2598 quidem

2160 2630 2183 2660 ι
2217 2610 2285 2664 de
2315 2626 2423 2665 uno
2454 2626 2619 2681 pane,
2651 2619 2704 2665 et
2749 2612 2817 2666 de
2850 2628 2959 2667 uno
2988 2612 3159 2669 calice
3213 2614 3620 2685 participamus.
3656 2616 3760 2670 Vi—

2160 2720 2182 2749 ι
2219 2699 2345 2754 dete
2385 2699 2551 2754 Israel
2603 2701 2899 2755 secundum
2944 2716 3165 2757 carnem
3195 2719 3208 2755 :
3240 2719 3421 2758 nonne
3465 2704 3558 2775 qui
3586 2704 3761 2760 edunt

2160 2809 2183 2838 ι
2217 2788 2441 2853 hostias,
2473 2788 2765 2859 participes
2796 2796 2921 2844 sunt
2959 2790 3149 2844 altaris
3170 2791 3197 2843 ?
3231 2790 3372 2860 Quid
3402 2808 3537 2865 ergo
3559 2792 3586 2846 ?
3617 2794 3759 2850 Dico

2160 2897 2183 2926 ι
2217 2876 2364 2948 quod
2394 2876 2554 2931 idolis
2585 2876 2922 2932 immolatum
2951 2879 3020 2932 sit
3047 2878 3275 2950 aliquid,
3324 2888 3416 2935 aut
3444 2881 3591 2953 quod
3633 2881 3762 2938 ido-

2160 2985 2183 3016 ι
2217 2964 2331 3018 lum
2360 2964 2426 3019 sit
2456 2965 2661 3037 aliquid
2680 2966 2711 3022 ἵ
2742 2966 2849 3021 Sed
2881 2983 3001 3039 quae
3023 2967 3305 3023 immolant
3325 2978 3538 3041 gentes,
3575 2993 3597 3019 ιι
3636 2971 3765 3027 daa-

2161 3076 2182 3099 ιι
2217 3052 2415 3108 moniis
2445 3053 2744 3121 immolant,
2779 3063 2834 3110 et
2863 3071 2973 3109 non
3003 3056 3119 3111 Deo
3150 3057 3339 3128 (Deut.
3372 3072 3551 3121 χχχιι,
3587 3060 3699 3130 17).
3733 3081 3757 3110 ι

2163 3160 2184 3193 ι
2218 3140 2359 3196 ΝοΙο
2386 3150 2566 3196 autem
2597 3158 2695 3198 vos
2724 3143 2904 3199 socios
2933 3143 3051 3199 fieri
3066 3145 3480 3202 daemoniorum.
3510 3147 3634 3202 Non
3664 3164 3769 3219 po-

2160 3250 2184 3280 ι
2216 3231 2371 3285 testis
2400 3230 2623 3286 calicem
2670 3232 2888 3286 Domini
2945 3233 3134 3288 bibere
3154 3275 3168 3302 ,
3203 3242 3257 3288 et
3286 3235 3514 3291 calicem
3543 3236 3768 3293 daemo-

2161 3339 2184 3371 ι
2216 3318 2432 3373 niorum
2482 3335 2637 3375 :non
2663 3320 2890 3391 potestis
2933 3337 3138 3376 mensae
3185 3323 3400 3378 Domini
3461 3324 3765 3396 participes

2159 3430 2180 3455 ιι
2216 3424 2357 3473 esse,
2392 3416 2446 3462 et
2476 3424 2681 3464 mensae
2709 3409 3129 3465 daemoniorum.
3162 3413 3247 3465 An
3274 3412 3589 3467 aemulemur
3634 3414 3763 3470 Do-

2157 3519 2179 3543 ιι
2215 3496 2421 3551 miuum
2438 3496 2466 3550 τ
2505 3497 2763 3568 Nunquid
2784 3496 3031 3553 fortiores
3046 3499 3140 3553 illo
3161 3515 3349 3554 sumus
3369 3501 3396 3555 ?
3418 3500 3611 3556 Omnia
3621 3503 3767 3558 mihi

2162 3608 2183 3632 ιι
2217 3584 2401 3651 licent,
2426 3586 2524 3640 sed
2544 3601 2651 3640 non
2673 3586 2852 3641 omnia
2874 3587 3181 3658 expediunt.
3198 3588 3396 3644 Omnia
3415 3590 3547 3644 mihi
3565 3591 3762 3660 licent,

2161 3695 2184 3725 ι
2220 3673 2319 3728 sed
2346 3689 2455 3729 non
2494 3675 2677 3729 omnia
2721 3673 3006 3730 aedificant.
3060 3676 3235 3732 Nemo
3275 3677 3420 3749 quod
3468 3695 3627 3734 suum
3674 3689 3769 3736 est.

2161 3783 2185 3813 ι
2221 3770 2443 3833 quaerat,
2477 3763 2575 3818 sed
2605 3763 2753 3834 quod
2778 3764 3022 3819 alterius.
3057 3764 3233 3820 Omne
3263 3767 3409 3837 quod
3438 3766 3495 3821 in
3520 3769 3767 3826 macello

2161 3873 2183 3898 ιι
2216 3851 2383 3919 venit,
2417 3851 2763 3919 manducate,
2798 3852 2933 3907 nihil
2960 3853 3367 3927 interrogantes
3379 3865 3604 3927 propter
3622 3874 3767 3914 con-

2161 3960 2185 3992 ι
2220 3940 2524 3996 scientiam.
2562 3962 2585 3992 ιι
2623 3940 2840 3997 Domini
2897 3949 2980 3996 est
3030 3949 3194 4009 terra,
3226 3951 3279 3998 et
3328 3944 3608 4015 plenitudo
3639 3948 3768 4016 ejus

2160 4051 2182 4075 ιι
2220 4030 2394 4097 (Psal.
2428 4043 2569 4096 xxv,
2604 4030 2684 4100 1).
2738 4051 2761 4080 ι
2813 4029 2870 4085 Si
2891 4030 3012 4102 quis
3040 4040 3201 4087 vocat
3230 4048 3328 4088 vos
3356 4032 3654 4089 infidelium
3685 4038 3765 4091 ad

2161 4139 2183 4164 «
2219 4133 2451 4184 cumam,
2483 4126 2537 4173 et
2562 4118 2723 4174 vultis
2754 4118 2831 4174 ire
2866 4134 2878 4173 :
2912 4136 3077 4174 omne
3103 4121 3247 4191 quod
3265 4121 3423 4176 vobis
3441 4123 3761 4193 apponitur,

2164 4229 2185 4253 «
2220 4206 2561 4273 manducate,
2596 4206 2729 4260 nihil
2762 4207 3167 4281 interrogantes
3194 4218 3418 4281 propter
3465 4212 3767 4269 conscien-

2162 4315 2184 4345 ι
2220 4294 2368 4349 tiam.
2403 4294 2460 4350 Si
2489 4294 2611 4367 quis
2639 4304 2824 4351 autem
2853 4296 3047 4351 dixerit
3081 4312 3093 4350 :
3124 4298 3241 4354 Hoc
3296 4298 3629 4355 immolatum
3673 4311 3767 4358 est

2161 4406 2184 4429 ιι
2219 4382 2381 4438 idolis
2412 4398 2424 4437 :
2459 4383 2627 4439 nolite
2657 4384 2982 4440 manducare
3026 4394 3250 4457 propter
3273 4387 3446 4455 illum,
3488 4389 3580 4460 qui
3608 4390 3766 4445 indi-

2164 4494 2186 4519 ιι
2219 4472 2391 4538 cavit,
2426 4481 2480 4527 et
2523 4480 2747 4544 propter
2774 4474 3183 4530 conscientiam.
3216 4476 3621 4533 Conscientiam
3660 4494 3768 4534 au-

2079 4560 2133 4621 D
2167 4581 2189 4610 ι
2226 4568 2332 4616 tem
2356 4560 2500 4631 dico,
2530 4576 2640 4616 non
2664 4569 2813 4615 tuam
2843 4562 2943 4617 sed
2973 4562 3217 4618 alterius.
3250 4565 3317 4620 Ut
3347 4565 3479 4637 quid
3510 4566 3658 4621 enim
3686 4568 3769 4623 li-

2170 4670 2191 4695 ιι
2230 4648 2412 4704 bertas
2440 4664 2566 4704 mea
2587 4650 2859 4718 judicatur
2888 4650 2956 4705 ab
2978 4650 3153 4706 aliena
3172 4654 3505 4710 conscientia
3524 4654 3552 4708 ?
3580 4655 3637 4711 Si
3654 4672 3770 4728 ego

2172 4760 2193 4784 α
2219 4753 2344 4792 cum
2398 4737 2575 4809 gratia
2625 4739 2907 4809 participo,
2967 4740 3098 4811 quid
3146 4740 3500 4813 blasphcmor
3534 4759 3635 4814 pro
3667 4762 3767 4808 eo.

2170 4848 2192 4872 ιι
2231 4825 2377 4896 quod
2415 4825 2616 4898 gratias
2663 4828 2814 4899 ago?
2838 4852 2859 4874 ιι
2896 4828 3022 4883 Sive
3066 4845 3204 4901 ergo
3242 4831 3599 4899 manducatis,
3642 4833 3768 4890 sive

2171 4937 2191 4960 ιι
2231 4913 2431 4981 bibitis,
2466 4915 2552 4973 vel
2609 4915 2755 4971 aliud
2800 4916 2930 4988 quid
2980 4916 3178 4985 facitis,
3231 4919 3412 4974 omnia
3439 4919 3496 4975 in
3521 4920 3767 4993 gloriam

2172 5025 2193 5050 ιι
2228 5002 2329 5058 Dei
2359 5002 2520 5060 facile
2554 5004 2783 5077 (Coloss.
2816 5020 2895 5071 ιιι,
2922 5008 3031 5075 17).
3059 5027 3082 5056 ι
3109 5006 3236 5062 Sine
3253 5006 3554 5064 offensione
3585 5019 3767 5067 estote

2170 5117 2192 5140 ιι
2230 5093 2432 5148 Judaais
2462 5102 2515 5150 et
2543 5094 2796 5167 gentibus
2826 5102 2880 5150 et
2917 5094 3183 5151 Ecclesia
3223 5096 3326 5151 Dei
3356 5115 3371 5150 :
3406 5097 3545 5152 sicut
3572 5108 3626 5154 et
3653 5116 3768 5173 ego

2176 5205 2195 5230 ιι
2219 5198 2322 5253 per
2361 5183 2547 5239 omnia
2598 5184 2853 5239 omnibus
2881 5184 3097 5255 placeo,
3156 5200 3265 5240 non
3308 5202 3559 5257 quaerens
3614 5190 3771 5259 quod

2174 5294 2195 5319 ιι
2229 5271 2362 5327 mihi
2415 5272 2544 5339 utile
2582 5280 2685 5340 est,
2724 5272 2822 5329 sed
2878 5273 3027 5345 quod
3054 5273 3262 5341 multis,
3293 5283 3351 5329 ut
3379 5274 3519 5331 salvi
3546 5274 3703 5333 ﬁant.
3736 5302 3764 5326 ιι

2854 5431 3159 5473 EXPOSITIO.

2242 5540 2381 5611 Quia
2401 5542 2601 5598 Paulus
2623 5542 2835 5600 dixerat
2865 5561 2880 5599 :
2916 5546 3136 5617 Castigo
3157 5562 3359 5619 corpus
3379 5563 3591 5615 meum,
3622 5557 3730 5606 etc.
3744 5592 3762 5618 ,

2167 5647 2240 5687 ne
2268 5633 2389 5703 ipse
2442 5634 2711 5705 reprobus
2739 5635 2962 5703 emciar,
3020 5634 3092 5690 ad
3122 5635 3227 5692 hoc
3282 5635 3487 5692 diceret
3510 5637 3710 5710 aliquis
3748 5654 3765 5695 :

2169 5717 2348 5788 Quare
2378 5728 2660 5791 tantopere
2688 5721 2927 5793 laboras,
2961 5739 3030 5778 ne
3076 5723 3430 5795 reproberis?
3456 5726 3581 5781 Non
3611 5727 3763 5783 enim
