3948 6444
157 359 250 412 1Ἷ3

783 352 1164 411 EXPOSITIO
1211 353 1285 408 ΙΝ
1330 349 1712 408 EPISTOLAS
1759 349 1985 406 PAULI.
2027 381 2096 392 ——
2137 351 2210 407 IN
2248 349 2464 409 EPIST.
2504 353 2525 408 Ι
2562 353 2656 408 ΑΙ)
2695 351 2856 410 COR.

3371 356 3473 410 174

161 481 502 539 credendum
533 489 616 537 est
647 481 817 537 Deum
847 479 1037 536 leviter
1081 479 1380 550 reprobare
1409 493 1530 545 nos,
1566 475 1762 548 quibus
1790 475 1847 535 A
1869 491 2062 532 eorum
2092 479 2508 551 beneplacitum
2539 483 2622 534 est
2659 481 2766 534 Deo
2795 499 2814 547 ,-
2848 478 2971 551 quia
3001 477 3297 550 peccando,
3333 478 3476 535 datis

167 572 519 642 baptismum,
567 570 726 625 ﬁdem
773 578 826 625 et
874 578 1076 626 caetera
1115 577 1459 623 sacramenta
1509 563 1767 621 Ecclesiae

169 660 411 728 contulit,
477 659 688 715 etiamsi
741 658 940 727 injuste
983 657 1276 728 aliquando
1308 656 1478 710 simus
1526 651 1760 725 Operati.

171 751 368 805 Contra
398 750 507 804 hoc
556 748 751 803 Paulus
799 747 992 818 probat
1039 745 1172 800 nihil
1219 744 1403 800 valere
1445 743 1512 798 ad
1542 742 1772 796 salutem

171 846 530 904 sacramenta,
565 837 610 892 si
641 835 819 892 desint
847 836 992 891 bona
1021 851 1206 906 opera.
1239 834 1424 888 Patres
1471 831 1616 887 enim
1659 831 1771 884 Ve-

171 927 299 983 teris
327 925 655 982 Testamenti
701 925 898 980 eadem
945 940 1065 995 quae
1111 923 1378 976 habemus
1421 919 1477 974 in
1521 919 1768 982 veritate,

173 1016 480 1071 habuerunt
511 1015 566 1068 in
611 1013 786 1085 ﬁgura
817 1031 831 1078 ;
864 1013 962 1067 sed
1009 1011 1134 1082 quia
1183 1011 1325 1065 male
1369 1008 1576 1080 operati
1608 1014 1771 1072 sunt,

172 1120 278 1160 non
325 1103 651 1176 profuerunt
681 1102 789 1156 illis
818 1109 1198 1165 sacramenta;
1222 1099 1299 1153 sic
1328 1113 1430 1152 nec
1451 1095 1610 1151 nobis
1639 1111 1774 1166 pro-

175 1194 393 1258 derunt,
428 1194 474 1247 si
525 1192 672 1246 mala
723 1190 926 1246 fuerint
969 1205 1139 1260 opera
1183 1195 1391 1242 nostra.
1440 1187 1639 1240 Littera
1697 1183 1776 1239 sic

172 1283 419 1352 jungitur
451 1297 462 1335 :
497 1283 796 1351 Pr0pterea
843 1287 1125 1349 tantOpere
1161 1276 1370 1344 laboro,
1405 1291 1474 1330 ne
1514 1273 1777 1344 reprobus

177 1370 404 1427 eﬁiciar.
441 1370 612 1425 Video
643 1368 788 1423 enim
819 1384 929 1422 non
959 1366 1088 1420 mihi
1135 1363 1388 1419 sufﬁcere
1419 1371 1645 1433 accepta
1684 1377 1778 1415 sa-

177 1469 474 1525 cramenta,
496 1459 542 1514 si
563 1457 836 1514 defuerint
853 1472 1021 1527 opera
1045 1474 1059 1521 ;
1080 1452 1542 1526 quemadmodum
1564 1467 1665 1506 nec
1682 1466 1778 1521 pa-

177 1551 353 1604 tribus
383 1548 587 1604 nostris
610 1548 711 1601 sub
744 1547 923 1601 Veteri
956 1561 1064 1599 non
1097 1542 1446 1608 suffecerunt,
1481 1541 1607 1612 quia
1638 1539 1780 1594 male

181 1638 391 1710 Operati
424 1646 567 1691 sunt.
602 1635 760 1704 Quod
783 1644 838 1688 ut
869 1633 1119 1700 videatis,
1153 1633 1282 1687 nolo
1313 1648 1404 1685 vos
1436 1632 1717 1700 ignorare,
1752 1644 1781 1683 0

179 1732 416 1799 fratres,
442 1727 708 1799 quoniam
726 1728 920 1796 patres
942 1722 1171 1789 nostri,,
1192 1721 1244 1774 id
1259 1719 1550 1785 estJudzei,
1570 1717 1660 1788 qui
1683 1731 1783 1771 nos

181 1818 233 1871 iu
263 1817 418 1872 cultu
453 1814 550 1869 Dei
580 1819 1001 1884 praecesserunt,
1037 1818 1088 1865 et
1116 1809 1434 1872 docuerunt,
1467 1816 1520 1862 et
1546 1821 1780 1877 quorum
1801 1836 1853 1896 Β

181 1905 373 1978 ﬁgurae
427 1903 710 1958 veritatem
756 1908 1000 1955 nostram
1057 1915 1320 1971 genuere.
1376 1896 1477 1964 Illi,
1535 1895 1777 1966 inquam,

177 2002 371 2066 patres
389 2009 604 2058 omnes,
631 1990 780 2045 nullo
802 1995 1074 2060 separato,
1099 1990 1339 2058 fuerunt
1359 1986 1458 2040 sub
1478 1984 1641 2040 nube.
1667 1983 1780 2037 Nu-

178 2084 272 2138 bes
301 2082 401 2136 illa
433 2097 555 2153 quae
602 2081 745 2134 inter
791 2077 1073 2149 {Egyptios
1123 2085 1175 2130 et
1217 2075 1434 2129 Judzeos
1465 2073 1639 2144 posita
1681 2070 1782 2125 fuit

181 2188 354 2244 usque
384 2171 456 2224 ad
485 2184 638 2224 mare
667 2168 932 2232 Rubrum,
984 2163 1312 2237 signiﬁcavit
1342 2163 1583 2218 divinam
1611 2160 1780 2215 mise-

183 2260 496 2322 ricordiam,
530 2274 653 2328 quae
703 2256 1124 2312 catechumenos
1164 2252 1422 2324 protegit,
1463 2251 1639 2305 donec
1681 2265 1780 2304 ve-

180 2349 323 2403 niant
352 2348 421 2402 ad
455 2346 806 2417 baptismum.
841 2345 908 2397 Et
950 2359 1142 2400 omnes
1171 2349 1354 2412 patres
1381 2339 1552 2395 nostri
1585 2343 1781 2393 trans-

178 2441 369 2494 ierunt
393 2453 552 2492 mare
576 2435 844 2502 Rubrum,
861 2434 930 2487 ita
953 2441 1006 2487 et
1022 2447 1122 2487 nos
1143 2447 1333 2487 omnes
1346 2445 1442 2500 per
1454 2427 1781 2499 baptismum

179 2527 472 2582 transimus
506 2545 520 2591 ;
550 2529 604 2579 et
621 2540 814 2578 omnes
845 2530 1030 2593 patres
1077 2520 1249 2575 nostri
1284 2521 1346 2573 in
1390 2519 1585 2590 Moyse,
1616 2517 1670 2570 id
1700 2525 1783 2571 est

174 2615 228 2671 in
259 2615 529 2687 regimine
559 2612 730 2683 Moysi
749 2611 1024 2684 baptizati
1044 2614 1199 2675 sunt,
1226 2608 1280 2662 id
1303 2615 1385 2662 est
1409 2606 1636 2677 profecti
1657 2613 1782 2659 sunt

177 2706 231 2760 in
276 2706 445 2768 nube,
497 2709 783 2773 separante
831 2716 926 2755 eos
971 2699 1038 2753 ab
1084 2697 1373 2770 ngyptiis,
1424 2704 1476 2750 et
1514 2696 1571 2750 in
1614 2695 1782 2748 maris

175 2793 426 2849 transitu.
462 2791 746 2864 Baptizati
775 2789 923 2856 dicit,
975 2804 1097 2844 cum
1147 2801 1250 2842 nec
1294 2785 1398 2839 ista
1447 2800 1549 2840 vox
1576 2783 1644 2838 de
1674 2782 1781 2837 illis

180 2892 304 2939 tunc
332 2882 482 2937 dicta
511 2881 600 2946 sit,
633 2895 735 2935 nec
765 2893 915 2932 mare
944 2877 1078 2931 illud
1094 2874 1296 2932 veritas
1318 2873 1569 2944 baptismi
1599 2871 1779 2938 fuerit,

178 2972 297 3043 quia
331 2969 513 3043 ﬁgura
544 2977 770 3033 tantum,
804 2966 902 3021 sed
949 2982 1148 3021 nomen
1192 2961 1515 3036 signiﬁcata:
1546 2961 1648 3027 rei,
1681 2977 1782 3032 pro

179 3061 298 3132 ipso
324 3057 671 3132 signiﬁcante
702 3054 852 3127 ponit
884 3073 900 3122 ;
932 3053 1056 3126 quia
1104 3051 1561 3124 quemadmodum
1603 3049 1681 3104 illi
1729 3049 1783 3102 in

177 3150 376 3206 ducatu
407 3147 585 3218 Moysi
619 3145 848 3216 protecti
877 3151 1022 3210 sunt,
1053 3143 1219 3214 longe
1265 3140 1459 3195 melius
1505 3155 1606 3195 nos
1645 3139 1783 3194 duce

179 3238 394 3294 Christo
421 3234 762 3307 protegimur
800 3233 856 3287 in
905 3232 1192 3304 baptismo,
1225 3230 1279 3284 in
1328 3245 1434 3300 quo
1463 3228 1620 3284 nobis
1648 3244 1784 3298 pec-

177 3334 294 3381 cata
326 3325 577 3390 remittit,
610 3332 662 3378 et
689 3323 920 3378 liberum
964 3320 1244 3376 arbitrium
1293 3326 1540 3373 nostrum
1568 3316 1785 3372 confor-

179 3424 253 3470 tat
281 3423 339 3469 ut
366 3413 547 3486 possit
593 3412 848 3466 resistere
891 3410 1108 3465 diabolo
1153 3409 1291 3464 male
1335 3407 1605 3462 suadenti.
1655 3405 1785 3460 Ideo

177 3504 337 3560 etiam
369 3504 465 3568 ait,
500 3502 778 3573 baptizati
806 3504 944 3555 sunt
977 3519 996 3567 ;
1027 3499 1154 3571 quia
1197 3514 1358 3569 quam
1387 3496 1581 3553 efﬁcax
1626 3494 1785 3550 nobis

178 3601 260 3647 est
305 3591 614 3663 baptismus
658 3589 726 3644 ad
776 3589 1024 3654 salutem,
1074 3587 1150 3642 sic
1197 3595 1343 3642 esset
1401 3586 1479 3641 eis
1528 3583 1786 3638 transitus

177 3682 365 3748 maris,
391 3682 441 3735 si
462 3679 752 3736 credentes
772 3677 1039 3732 mandatis
1055 3677 1152 3732 Dei
1168 3676 1476 3731 obedirent.
1504 3677 1573 3730 Et
1592 3688 1785 3729 omnes

176 3778 357 3841 patres
387 3768 566 3825 nostri
594 3767 1087 3823 manducaverunt
1120 3765 1373 3821 eamdem
1395 3779 1602 3828 escam,
1627 3761 1683 3815 id
1703 3767 1787 3815 est

178 3875 396 3914 manna.
433 3859 640 3913 Escam
669 3856 793 3912 dico
820 3856 1206 3928 spiritualem,
1257 3853 1312 3908 id
1359 3861 1440 3908 est
1490 3849 1788 3922 spiritualis

180 3964 320 4004 escze
369 3946 628 4018 corporis
677 3953 730 3999 et
770 3944 1053 4017 sanguinis
1094 3942 1294 3998 Christi
1331 3938 1776 4014 signiﬁcativam.

179 4038 305 4093 Ideo
337 4036 508 4091 etiam
540 4033 873 4105 spiritualem
909 4052 923 4097 ;
955 4033 1083 4105 quia
1113 4032 1259 4104 quod
1302 4047 1427 4087 esca
1458 4027 1704 4100 corporis
1735 4034 1789 4081 et

179 4125 464 4199 sanguinis
497 4124 695 4179 Christi
728 4121 853 4178 facit
901 4123 957 4176 in
1001 4121 1180 4186 nobis,
1214 4121 1356 4175 idem
1388 4119 1679 4191 prodesset
1708 4116 1788 4171 eis

177 4215 248 4270 ad
278 4214 512 4269 salutem
545 4227 748 4267 manna
795 4211 946 4276 illud,
1001 4210 1047 4264 si
1092 4210 1148 4264 in
1197 4210 1340 4264 bono
1389 4207 1778 4280 perstitissent.

177 4305 298 4359 Non
328 4303 479 4376 quod
512 4301 662 4356 aliud
694 4300 856 4356 fuerit
887 4316 1050 4372 quam
1079 4315 1298 4354 manna.
1333 4299 1401 4352 Et
1425 4313 1617 4354 omnes
1637 4295 1787 4351 bibe-

175 4397 311 4448 runt
325 4391 592 4448 eumdem
613 4390 891 4462 potum,id
911 4398 992 4444 est
1015 4405 1212 4460 aquam
1230 4389 1483 4443 fluentem
1505 4385 1574 4440 de
1599 4392 1786 4456 petra:

177 4487 373 4550 potum
403 4481 535 4535 dico
565 4480 968 4550 spiritualem;
1001 4478 1124 4549 quia
1154 4485 1341 4548 potum
1382 4473 1618 4531 122
1654 4488 1784 4527 san-

1819 3199 1866 3259 C

1869 567 2223 622 sacramentis
2254 567 2510 638 indignos
2541 585 2599 622 se
2620 568 2886 623 fecerunt.
2913 569 3054 624 Vere
3075 567 3263 638 plures
3285 583 3474 622 eorum

1870 670 1979 710 non
2009 656 2328 726 placuerunt
2359 658 2504 723 Deo;
2526 674 2660 712 nam
2682 659 2962 729 prostrati
2983 661 3119 712 sunt
3142 657 3205 712 in
3225 656 3468 716 deserto.

1871 753 2233 814 provocantes
2263 761 2424 816 super
2453 761 2512 801 se
2545 745 2682 800 iram
2713 746 2812 800 Dei
2835 746 2976 801 male
3005 746 3240 818 agendo.
3259 746 3326 800 Et
3358 746 3473 800 hare

1871 833 2130 903 praedicta
2170 850 2279 889 non
2324 833 2498 890 solum
2547 849 2716 889 causa
2754 850 2939 889 eorum
2971 838 3131 905 facta
3177 839 3335 903 sunt,
3379 833 3476 888 sed

1874 922 2036 977 etiam
2067 923 2131 978 in
2157 925 2342 994 ﬁgura
2368 925 2574 979 nostri.
2624 924 2685 977 In
2733 923 2985 978 omnibus
3015 923 3160 978 enim
3202 921 3478 995 praedictis

1877 1009 2103 1083 ﬁgurata
2158 1021 2241 1066 est
2267 1011 2469 1067 veritas
2528 1022 3012 1082 sacramentorum,
3065 1029 3186 1084 quae
3216 1013 3345 1067 data
3393 1020 3477 1066 est

1874 1101 2034 1156 nobis
2064 1117 2164 1172 per
2194 1101 2486 1156 Christum.
2522 1101 2650 1156 Ideo
2681 1101 2734 1155 in
2767 1100 2942 1173 ﬁgura
2972 1101 3144 1156 nostri
3166 1102 3308 1155 facta
3330 1109 3473 1168 sunt,

1875 1195 1942 1246 ut
1972 1208 2086 1246 non
2109 1192 2285 1245 simus
2317 1191 2780 1262 concupiscentes
2812 1192 3117 1258 milorum,
3143 1193 3292 1246 sicut
3315 1191 3477 1246 etilli

1877 1279 2156 1334 multoties
2189 1279 2331 1334 mala
2359 1280 2798 1352 concupierunt.

1949 1369 2049 1424 Hic
2079 1368 2274 1423 Paulus
2305 1385 2364 1424 se
2394 1368 2584 1424 inserit
2617 1367 2716 1438 eis,
2751 1376 2806 1423 ut
2855 1368 3048 1423 melius
3079 1385 3173 1424 eos
3217 1368 3479 1436 retrahat,

1878 1465 2100 1528 peccata
2132 1473 2364 1529 quorum
2395 1456 2777 1527 compatiendo
2817 1474 2914 1512 sua
2946 1457 3088 1512 facit.
3121 1458 3280 1514 Nunc
3329 1474 3482 1530 qua":-

1880 1543 2003 1596 dam
2033 1550 2262 1612 peccata
2290 1542 2601 1596 Judaeorum
2651 1542 2882 1612 reponit,
2919 1559 3038 1614 quae
3087 1542 3220 1598 vidit
3266 1542 3320 1596 in
3370 1542 3482 1597 Co-

1883 1631 2090 1684 rinthiis
2118 1647 2260 1696 esse,
2294 1631 2482 1686 dicens
2517 1649 2529 1685 :
2562 1632 2644 1685 Ne
2676 1631 2796 1685 sitis
2827 1623 3281 1702 concupiscentes
3312 1630 3486 1686 malo-

1882 1737 2025 1785 rum,
2055 1720 2278 1788 scilicet,
2313 1736 2490 1792 neque
2537 1718 2848 1774 efﬁciamini
2892 1720 3213 1776 idololatrae.
3249 1720 3348 1776 Hic
3372 1721 3484 1789 jam

1883 1817 2098 1879 separat
2128 1825 2186 1864 se
2209 1809 2279 1862 ab
2307 1808 2414 1863 illis
2443 1809 2642 1880 quibus
2683 1809 2739 1862 in
2770 1809 3074 1864 idololatria
3104 1825 3214 1864 non
3245 1825 3483 1864 consen-

1883 1898 1970 1962 sit,
1994 1915 2081 1962 ne,
2105 1897 2350 1970 inquam,
2374 1899 2500 1953 sitis
2521 1898 2841 1954 idololatra:
2865 1899 3014 1953 sicut
3040 1899 3267 1970 quidam
3287 1915 3482 1955 eorum

1881 1987 2120 2042 fuerunt.
2152 1987 2414 2042 Corinthii
2444 1995 2622 2042 autem
2670 1986 2974 2042 idololatrae
3005 1995 3158 2042 erant
3191 2006 3205 2054 ;
3239 1987 3365 2060 quia
3395 1986 3481 2042 vel

1883 2075 2348 2148 suvaeneratione
2371 2076 2503 2130 idoli
2523 2076 2822 2147 idolothyta
2843 2076 3200 2132 comedebant
3224 2095 3239 2143 ;
3272 2076 3358 2132 vel
3375 2091 3484 2131 non

1881 2173 2134 2222 curantes
2164 2164 2445 2220 offendere
2489 2164 2714 2220 fratrem
2743 2165 3128 2222 manducando
3160 2165 3477 2236 idolothyta,

1881 2270 2048 2310 causa
2077 2261 2230 2309 erant
2261 2271 2425 2326 quare
2473 2253 2718 2309 inﬁrmus
2767 2254 2936 2310 frater
2981 2253 3266 2309 idololatra
3313 2262 3479 2322 esset,

1882 2353 1936 2400 et
1965 2344 2042 2399 sic
2069 2344 2137 2398 de
2167 2344 2472 2399 idololatria
2502 2344 2862 2400 accusabiles.
2915 2344 3219 2416 Idololatrze
3263 2342 3484 2399 fuerunt

1882 2432 2104 2505 quidam
2132 2433 2463 2499 Iudaeorum,
2498 2433 2968 2506 quemadmodum
2999 2433 3066 2487 de
3090 2432 3169 2487 eis
3201 2434 3482 2504 scriptum

1883 2527 1966 2577 est
1982 2522 2037 2576 in
2057 2521 2250 2577 Exodo
2269 2539 2281 2575 :
2300 2522 2455 2578 Sedit
2464 2526 2712 2593 populus
2726 2522 3037 2577 Iudaeorum
3058 2521 3407 2577 manducare
3424 2525 3482 2577 et

1883 2611 2081 2675 bibere,
2115 2627 2236 2682 qua:
2261 2610 2682 2665 immolaverunt
2710 2611 2875 2666 vitulo
2909 2610 3184 2677 conﬁatili,
3209 2614 3267 2666 et
3291 2616 3484 2680 postea

1883 2704 2265 2755 surrexerunt
2298 2699 2489 2755 ludere
2519 2699 2720 2770 (Exod.
2755 2714 2940 2766 xxx",
2967 2703 3042 2770 6),
3076 2699 3131 2753 id
3153 2707 3234 2753 est
3255 2699 3486 2755 choreas

1883 2789 2108 2856 ducere,
2141 2795 2194 2843 et
2223 2795 2423 2843 caetera
2454 2803 2642 2844 coram
2673 2787 2839 2844 idolo.
2872 2788 2971 2845 Vel
3019 2795 3368 2843 surrexerunt
3396 2787 3483 2843 lu-

1883 2877 2033 2942 dere,
2067 2877 2122 2932 id
2151 2884 2233 2932 est
2263 2876 2468 2932 idolum
2498 2877 2732 2932 adorare
2766 2895 2779 2932 :
2815 2877 2962 2949 quod
2993 2876 3152 2932 ludus
3200 2884 3251 2932 et
3280 2876 3485 2932 derisio

1883 2966 2172 3021 videbatur
2216 2965 2286 3020 de
2328 2965 2432 3032 his,
2494 2966 2584 3038 qui
2630 2982 2729 3036 per
2771 2973 2847 3020 tot
2885 2965 3144 3021 miracula
3194 2973 3348 3020 erant
3395 2965 3484 3019 in-

1885 3055 2095 3110 structi.
2117 3056 2299 3127 Neque
2311 3056 2684 3125 fornicemur,
2704 3055 3095 3127 sicutquidam
3115 3071 3190 3111 ea:
3211 3055 3351 3126 ipsis
3367 3056 3486 3126 for-

1885 3145 2068 3200 nicati
2097 3147 2235 3199 sunt
2264 3159 2387 3199 cum
2406 3143 2732 3211 Madianitis,
2757 3148 2811 3199 et
2834 3151 3128 3215 propterea
3151 3144 3482 3200 ceciderunt

1888 3234 2093 3304 viginti
2124 3235 2238 3288 tria
2267 3232 2456 3288 millia
2503 3234 2693 3304 (Num.
2728 3247 2870 3299 xxv,
2906 3236 2979 3302 1).
3012 3232 3324 3288 Fornicatio
3367 3238 3486 3287 erat

1885 3322 1940 3376 in
1973 3321 2285 3390 Corinthiis,
2318 3322 2451 3376 utin
2500 3337 2566 3376 eo
2615 3321 2706 3393 qui
2759 3321 2986 3376 duxerat
3024 3337 3251 3377 uxorem
3298 3320 3484 3392 patris,

1887 3412 2043 3480 cujus
2071 3408 2171 3482 per
2199 3425 2529 3466 consensum
2559 3410 2652 3465 alii
2681 3420 2835 3465 erant
2856 3411 2956 3465 rei.
2983 3411 3168 3482 Aeque
3197 3413 3486 3466 tentemus

1890 3500 2196 3566 Christum,
2229 3501 2378 3556 sicut
2400 3501 2629 3572 quidam
2660 3517 2851 3556 eorum
2879 3504 3268 3566 tentaverunt,
3303 3498 3488 3554 dicen-

1887 3597 1996 3644 tes:
2023 3612 2043 3640 ι
2065 3589 2321 3661 Nunquid
2335 3589 2532 3660 poterit
2548 3590 2690 3644 Deus
2713 3604 2909 3660 parare
2930 3605 3173 3643 mensam
3196 3587 3250 3641 in
3267 3589 3487 3646 deserto

1887 3680 2062 3749 (Psal.
2097 3693 2314 3744 Lxxvn,
2376 3678 2466 3749 19)
2502 3699 2524 3727 ν
2561 3686 2613 3733 et
2643 3677 2719 3732 illi
2751 3677 3081 3749 perierunta
3113 3676 3486 3748 serpentibus,

1886 3768 2276 3823 venenantibus
2308 3785 2424 3835 eos,
2458 3768 2632 3823 donec
2661 3769 2879 3838 Moyses
2923 3763 3237 3838 serpentem
3286 3781 3485 3821 aereum

1889 3857 2060 3912 erexit
2091 3857 2146 3912 in
2173 3858 2344 3930 ligno,
2376 3873 2537 3930 quem
2567 3857 2655 3928 qui
2685 3857 2998 3912 Judaeorum
3029 3855 3266 3920 videbat,
3303 3870 3369 3908 ea
3399 3853 3487 3910 die

1887 3962 1916 4000 a
1947 3946 2170 4002 laesione
2200 3955 2518 4018 serpentum
2549 3963 2772 4002 securus
2803 3955 2917 4001 erat
2951 3963 2963 3999 :
2999 3945 3087 4016 qui
3137 3961 3368 4015 serpens
3408 3943 3488 3997 si-

1887 4034 2167 4107 gniﬁcavit
2197 4035 2471 4091 Christum
2504 4035 2804 4092 secundum
2829 4034 3238 4099 humanitatem,
3262 4040 3320 4088 ut
3344 4031 3490 4088 idem

1887 4124 1942 4179 in
1972 4123 2276 4198 Evangelio
2303 4124 2556 4196 perhibet
2589 4139 2601 4178 :
2631 4145 2653 4174 ‹
2682 4124 2830 4180 Sicut
2853 4122 3111 4178 exaltavit
3138 4123 3354 4194 Moyses
3376 4137 3490 4176 ser-

1888 4221 2107 4284 pentem
2134 4213 2188 4267 in
2219 4214 2458 4282 deserto,
2504 4213 2584 4269 sic
2631 4220 2847 4284 oportet
2892 4211 3114 4267 exaltari
3147 4211 3336 4266 Filium
3381 4211 3487 4266 ho-

1888 4301 2050 4356 minis
2081 4304 2265 4373 (Joan.
2299 4317 2378 4371 ιιι,
2415 4305 2524 4372 14).
2566 4323 2588 4352 ι
2621 4301 2926 4356 Tentabant
2971 4300 3235 4356 Corinthii
3289 4301 3484 4363 Deum,

1890 4391 2020 4446 dum
2050 4390 2117 4446 de
2149 4390 2546 4446 resurrectione
2592 4390 2929 4458 dubitabant,
2981 4389 3139 4461 quasi
3191 4390 3338 4444 Deus
3381 4403 3490 4444 non

1889 4488 2095 4551 posset,
2130 4479 2391 4551 quidquid
2423 4496 2488 4534 ex
2515 4478 2754 4534 bonitate
2794 4478 2977 4533 vellet.
3015 4479 3198 4550 Neque
3219 4492 3485 4532 murmu-

179 4570 359 4641 guinis
377 4569 587 4625 Christi
609 4567 955 4640 ﬁgurantem,
980 4575 1032 4621 et
1053 4567 1198 4621 idem
1218 4566 1273 4619 in
1295 4563 1400 4620 ﬁde
1418 4563 1687 4619 valentem
1709 4561 1788 4616 eis
1815 4560 1868 4620 D
1891 4570 2176 4634 raveritis,
2213 4568 2356 4640 quod
2387 4568 2574 4640 utique
2606 4565 2876 4623 faciebant
2919 4565 3202 4630 Corinthii,
3256 4581 3487 4638 quorum

177 4658 221 4712 si
253 4659 380 4712 boni
404 4665 616 4712 essent.
634 4657 749 4712 Nec
771 4655 941 4710 semel
965 4655 1090 4710 inde
1115 4655 1385 4713 biberunt.
1412 4652 1509 4706 sed
1532 4651 1786 4707 bibebant

177 4747 393 4801 assidue
425 4747 496 4802 de
524 4750 711 4818 petra,
745 4745 799 4799 id
829 4752 912 4799 est
942 4745 1010 4799 de
1041 4760 1180 4815 aqua
1213 4749 1464 4797 manante
1513 4741 1582 4796 de
1630 4748 1788 4810 petra

179 4841 562 4908 consequente
591 4851 698 4900 eos,
733 4833 861 4905 quia
893 4848 1222 4904 quocunque
1270 4832 1417 4885 ibant
1449 4829 1505 4884 in
1545 4829 1782 4896 deserto,

183 4940 319 4996 aqua
349 4925 447 4980 illa
490 4924 821 4995 sequebatur
861 4922 1003 4978 illos.
1058 4923 1228 4977 Petra
1258 4921 1381 4976 dico
1413 4917 1696 4990 spirituali,
1732 4916 1788 4970 id

185 5022 263 5068 est
285 5012 634 5085 spiritualem
665 5021 872 5083 petram
903 5011 1176 5065 Christum
1208 5006 1571 5082 signiﬁcante.
1607 5006 1788 5075 Quare

182 5117 286 5157 non
315 5102 514 5167 semel,
551 5101 651 5155 sed
681 5100 935 5156 continue
962 5099 1223 5154 bibebant
1255 5117 1269 5165 ;
1305 5097 1433 5169 quia
1463 5112 1572 5151 non
1595 5093 1788 5150 sufﬁcit

182 5191 336 5246 nobis
367 5191 461 5264 qui
493 5189 738 5262 quotidie
777 5189 831 5242 in
864 5195 1147 5259 peccatum
1197 5186 1433 5241 labimur
1479 5183 1651 5240 semel
1695 5201 1785 5238 su-

184 5295 324 5334 mere
358 5279 691 5352 sanguinem
723 5276 943 5342 Christi,
987 5277 1109 5348 quia
1159 5275 1299 5333 sicut
1349 5273 1592 5346 quotidie
1631 5273 1788 5328 cadi-

185 5385 317 5437 mus,
352 5370 432 5426 sic
457 5367 582 5441 jugi
615 5366 972 5422 medicamine
1003 5381 1252 5436 egemus.
1288 5366 1460 5419 Petra
1480 5366 1675 5418 autem
1695 5361 1789 5416 illa

184 5458 321 5513 unde
351 5457 613 5513 manabat
643 5471 808 5527 aqua,
851 5459 975 5511 erat
1025 5454 1299 5521 Christus,
1333 5453 1402 5508 de
1431 5453 1588 5520 cujus
1619 5451 1788 5506 latere

187 5545 327 5601 fluxit
356 5563 502 5619 aqua
532 5552 743 5600 nostrae
773 5543 1223 5616 regenerationis.
1259 5543 1328 5596 Et
1349 5541 1475 5598 licet
1498 5549 1577 5596 tot
1599 5556 1789 5596 sacra-

186 5643 358 5692 menta
375 5634 868 5706 habuerintpatres
880 5633 1071 5700 nostri,
1093 5636 1287 5689 tamen
1309 5647 1425 5687 non
1446 5632 1507 5686 in
1531 5630 1789 5703 pluribus

1888 4658 2106 4730 quidam
2155 4657 2410 4714 dicebant
2458 4656 2681 4711 Paulum
2732 4672 2842 4710 non
2883 4671 3006 4711 esse
3054 4654 3381 4726 apostolum,
3433 4661 3487 4708 et

1888 4747 2085 4802 similia
2110 4766 2124 4803 :
2147 4749 2294 4804 sicut
2311 4747 2538 4820 quidam
2557 4746 2865 4802 Iudaeorum
2890 4747 3483 4808 murmuraverunt,ut

1888 4835 1982 4891 filii
2014 4837 2154 4892 Core
2185 4845 2238 4892 et
2271 4837 2481 4891 Dathan
2511 4843 2562 4890 et
2596 4835 2818 4900 Abiron,
2850 4834 3096 4890 dicentes
3129 4833 3355 4904 Moysen
3371 4847 3481 4887 non

1888 4942 1953 4981 ex
1984 4935 2260 4997 praecepto
2292 4926 2390 4981 Dei
2429 4940 2756 4981 consecrare
2788 4926 2970 4979 Aaron
3020 4923 3074 4976 in
3120 4921 3482 4990 sacerdotem,

1887 5015 1984 5070 sed
2012 5031 2113 5086 pro
2144 5015 2472 5071 exaltatione
2505 5014 2589 5069 sui
2621 5014 2842 5087 generis
2875 5032 2889 5079 ;
2925 5018 2983 5069 et
3013 5013 3134 5069 ideo
3184 5013 3484 5083 perierunt

1888 5105 1955 5160 ab
1984 5107 2458 5172 exterminatore,
2489 5103 2544 5158 id
2573 5111 2654 5158 est
2709 5119 2738 5156 a
2769 5101 3106 5174 percutiente
3135 5101 3352 5174 angelo.

1957 5193 2265 5247 Notandum
2296 5201 2378 5248 est
2406 5191 2570 5264 quod,
2605 5191 2731 5264 quia
2757 5191 2929 5247 Judaei
2978 5190 3139 5245 rudes
3178 5196 3352 5254 erant,
3385 5203 3489 5245 nec

1887 5279 2191 5350 spiritualia
2219 5297 2418 5352 capere
2445 5288 2671 5352 possent
2702 5300 2720 5346 ;
2751 5279 2874 5334 ideo
2904 5279 2959 5333 in
2999 5279 3314 5335 carnalibus
3364 5293 3490 5332 ser-

1887 5368 2004 5424 vire
2037 5371 2149 5425 Deo
2179 5369 2522 5441 propositum
2566 5368 2664 5423 fuit
2704 5367 2831 5422 illis.
2885 5368 2952 5422 Et
3002 5367 3138 5423 sicut
3189 5367 3243 5420 in
3286 5365 3493 5422 carnali

1885 5458 2145 5514 servitute
2174 5459 2534 5524 oﬂ'endentes,
2587 5456 2886 5513 secundum
2924 5472 3149 5513 carnem
3179 5454 3489 5526 punieban-

1891 5553 1979 5601 tur
2007 5567 2021 5610 ς
2055 5548 2134 5604 sic
2165 5556 2217 5603 et
2247 5563 2348 5603 nos
2372 5548 2568 5620 quibus
2598 5545 2899 5617 spiritualia
2930 5546 3052 5601 data
3085 5553 3228 5611 sunt,
3257 5543 3303 5596 si
3334 5543 3387 5596 in
3410 5543 3492 5597 eis

1891 5635 2236 5705 oﬁ'enditnus,
2273 5637 2573 5693 secundum
2617 5633 2852 5690 animam
2898 5633 3202 5706 puniemur.
3247 5632 3370 5687 Non
3402 5646 3492 5685 so-
