3948 6486
502 391 607 446 175

1059 389 1115 445 S.
1155 387 1509 445 BRUNONIS
1546 385 2192 445 CARTHUSIANORUM
2230 387 2712 445 lNSTlTUTORIS
2751 386 2904 444 OPP.
2946 386 3122 443 PARS
3160 388 3227 442 Il.

3692 386 3793 439 176

501 515 613 571 lum
636 515 898 587 prazdicta
930 523 1270 571 sacramenta
1300 514 1355 569 in
1385 514 1561 586 ﬁgura
1589 514 1759 570 nostri
1788 530 2090 585 prazcesse-
2111 516 2167 575 Α
2196 512 2241 567 si
2269 513 2433 584 digne
2464 513 2749 578 sumimus,
2772 522 2825 568 et
2846 528 2878 568 a
2900 512 3173 584 prioribus
3193 511 3434 583 peccatis
3468 509 3792 575 liberamur,

504 613 646 673 runt,
680 605 776 659 sed
821 605 984 659 etiam
1028 604 1144 660 haec
1183 605 1383 670 omnia,
1424 613 1477 659 et
1523 612 1770 675 peccata,
1820 612 1874 657 et
1918 620 2095 674 prima:

501 702 868 765 peccatorum,
892 694 1293 765 contingebant
1318 695 1437 749 illis
1454 695 1515 749 in
1535 693 1718 765 ﬁgura
1738 691 1945 758 nostri;
1970 691 2099 763 quia

503 781 550 837 si
578 781 653 836 illi
692 780 923 837 123
958 789 1239 837 manentes
1286 781 1342 836 in
1371 782 1581 849 umbra,
1616 796 1714 852 pro
1746 789 2096 852 transgressu

501 870 709 925 umbra:
737 870 978 925 damnati
1030 878 1173 938 sunt,
1217 879 1415 942 quanto
1446 870 1624 942 magis
1662 886 1783 938 nos,
1818 869 1863 922 si
1892 868 1946 922 in
1977 868 2097 939 ipsa

499 959 729 1014 veritate
768 974 1060 1030 peccamus
1081 960 1109 1013 ‘l
1132 958 1256 1013 Non
1286 958 1462 1015 solum
1512 958 1627 1013 haec
1673 958 1780 1012 illis
1822 960 1884 1013 in
1914 958 2097 1029 ﬁgura

501 1048 676 1102 nostri
705 1048 1015 1120 contigere,
1047 1048 1142 1104 sed
1173 1048 1335 1103 etiam
1364 1048 1577 1119 scripta
1601 1051 1736 1102 sunt
1759 1046 1873 1101 haec
1890 1047 1961 1101 ad
1981 1063 2096 1102 cor—

499 1137 816 1209 reptionem
838 1141 1112 1204 nostram,
1145 1144 1203 1191 ut
1227 1153 1323 1207 per
1352 1136 1598 1207 exempla
1620 1152 1807 1190 eorum
1828 1134 2095 1205 corripia-

500 1241 637 1279 mur.
671 1225 933 1280 Nostram
962 1224 1105 1291 dico,
1140 1226 1201 1279 in
1231 1241 1364 1297 quos
1386 1225 1730 1279 devenerunt
1747 1224 1891 1293 ﬁnes
1912 1239 2094 1278 saecu-

503 1314 683 1369 lorum
718 1333 736 1379 ,-
768 1313 893 1385 quia
914 1322 1393 1384 quantumcunque
1423 1313 1682 1367 duratura
1711 1313 1818 1366 sint
1848 1314 1964 1367 hinc
1994 1330 2095 1367 sre-

502 1402 655 1469 cula,
687 1417 787 1457 nos
818 1410 999 1456 tamen
1027 1402 1167 1470 ﬁnes
1200 1404 1462 1457 habemus
1495 1421 1508 1467 ;
1542 1401 1670 1473 quia
1708 1401 1763 1455 hi
1793 1402 1947 1468 ritus,
2001 1400 2095 1471 qui

501 1506 598 1561 per
624 1490 984 1561 Evangelium
1015 1489 1122 1544 dati
1153 1499 1297 1558 sunt,
1330 1489 1460 1545 ﬁunt
1488 1491 1661 1545 ultimi
1684 1490 1835 1544 ritus.
1868 1489 1936 1543 Et
1966 1488 2089 1560 ipsi,

502 1579 743 1652 quandiu
772 1580 1006 1634 mundus
1037 1580 1160 1649 erit,
1195 1596 1304 1634 non
1325 1578 1597 1634 ﬁnientur.
1627 1578 1725 1634 Vel
1747 1579 1820 1633 ita
1855 1593 1866 1631 :
1898 1578 1961 1633 In
1992 1594 2092 1631 nos

500 1668 847 1724 devenerunt
875 1669 1017 1738 fines
1046 1669 1382 1724 saeculorum
1414 1709 1428 1736 ,
1476 1667 1600 1740 quia
1631 1666 1775 1721 ﬁnita
1806 1675 1888 1721 est
1916 1666 2093 1721 omnis

501 1756 854 1822 saecularitas,
910 1756 1119 1813 scilicet
1160 1766 1407 1811 veterum
1447 1757 1648 1811 rituum
1698 1756 2012 1820 carnalitas,
2041 1763 2093 1809 et

2197 610 2251 657 et
2280 610 2467 656 contra
2505 603 2779 658 venientia
2808 601 3196 669 confortamur;
3220 604 3314 658 cui
3334 600 3488 656 calici
3505 616 3606 655 nos
3628 599 3793 655 bene-

2198 689 2457 759 dicimus,
2490 691 2774 746 laudantes
2803 708 2949 758 eum,
2983 691 3129 762 quod
3157 706 3435 762 nunquam
3480 686 3796 758 hujusmodi

2195 780 2330 835 calix
2364 779 2543 847 fuerit,
2592 781 2684 853 qui
2731 790 2783 835 et
2821 797 2851 835 a
2879 780 3118 852 peccatis
3149 780 3425 847 liberaret,
3458 786 3512 833 et
3551 793 3620 833 ne
3652 777 3796 831 ultra

2195 885 2550 940 peccaremus
2578 869 2933 925 confortaret.
2966 869 3063 925 Vel
3091 871 3251 925 calix
3283 868 3714 932 benedictionis,
3735 865 3793 920 id

2196 967 2278 1013 est
2306 976 2466 1030 quem
2497 959 2613 1030 ipse
2644 960 2791 1014 Deus
2836 959 3110 1014 benedicit
3157 967 3208 1013 et
3255 964 3559 1023 consecrat,
3610 963 3662 1011 et
3706 953 3796 1011 cui

2195 1063 2296 1101 nos
2327 1047 2698 1103 bcnedicimus
2734 1064 2836 1119 per
2874 1047 3113 1103 ofﬁcium
3142 1056 3389 1102 nostrum
3423 1064 3436 1100 :
3466 1047 3614 1100 Deus
3644 1042 3793 1099 enim

2196 1132 2299 1187 hoc
2328 1131 2489 1188 efﬁcit
2510 1149 2607 1203 per
2636 1133 2974 1188 sacerdotem
3006 1132 3333 1187 ministrum.
3370 1130 3467 1187 llic
3485 1131 3667 1202 itaque
3690 1144 3794 1185 ca-

2193 1219 2267 1274 lix
2298 1238 2485 1276 nonne
2517 1225 2601 1276 est
2630 1224 3073 1277 communicatio
3110 1222 3412 1293 sanguinis
3440 1218 3704 1276 Christi?
3738 1218 3797 1272 id

2194 1317 2277 1363 est
2302 1324 2313 1362 :
2348 1326 2527 1364 nonne
2546 1326 2645 1380 per
2667 1310 2986 1381 sanguinem
3008 1318 3344 1380 assumptum
3370 1308 3590 1363 unimur
3609 1304 3798 1361 Chris-

2194 1406 2268 1463 to,
2285 1398 2493 1470 ipsique
2513 1398 2921 1453 conformamur
2938 1400 2965 1453 ?
2984 1399 3051 1453 Et
3074 1399 3257 1471 panis,
3280 1398 3333 1451 id
3359 1406 3439 1451 est
3458 1412 3648 1451 verum
3665 1410 3794 1451 cor-

2193 1504 2294 1557 pus
2317 1487 2535 1553 Christi,
2556 1487 2647 1559 qui
2676 1488 2776 1542 sub
2795 1487 2975 1558 specie
2998 1487 3111 1541 sola
3132 1487 3289 1558 panis
3312 1485 3591 1557 accipitur.
3611 1486 3794 1540 Panis

2193 1575 2314 1630 dico
2340 1593 2502 1649 quem
2534 1593 2633 1630 nos
2663 1576 2718 1630 in
2746 1576 2900 1630 altari
2946 1576 3285 1648 frangimus,
3317 1582 3375 1629 ut
3423 1575 3567 1646 quod
3616 1589 3791 1628 unum

2192 1674 2273 1719 est
2302 1665 2353 1719 in
2386 1666 2608 1720 veritate
2639 1665 2784 1735 (licet
2814 1665 2883 1719 ita
2915 1664 3207 1733 videatur),
3233 1663 3447 1719 sciendi
3470 1672 3652 1718 tamen
3672 1677 3787 1717 non

2192 1762 2386 1824 potest,
2446 1754 2749 1808 dividentes
2800 1752 3170 1826 signiﬁcemus
3220 1768 3341 1820 nos,
3400 1752 3489 1825 qui
3547 1751 3789 1806 diversae

504 1844 701 1899 tradita
732 1853 813 1899 est
840 1845 999 1899 nobis
1028 1844 1147 1916 ipsa
1176 1846 1393 1900 veritas.
1426 1844 1880 1915 Quandoquidem
1913 1844 2092 1913 priora
2120 1872 2172 1932 B
2193 1859 2442 1912 persona:
2473 1859 2675 1909 sumus,
2709 1859 2874 1896 unum
2903 1841 3021 1897 ﬁeri
3046 1842 3101 1896 in
3132 1841 3365 1896 Christo.
3402 1840 3519 1907 llic,
3538 1839 3785 1911 inquam,

500 1942 843 1989 sacramenta
870 1934 1111 2004 patribus
1140 1934 1341 1989 nostris
1362 1934 1492 1988 nihil
1524 1933 1843 2004 profuerunt
1871 1940 2095 2003 propter

504 2030 808 2094 peccatum,
839 2030 891 2077 et
921 2023 1036 2077 hazc
1056 2023 1126 2077 ad
1150 2031 1390 2077 nostram
1411 2022 1712 2077 doctrinam
1732 2021 1928 2091 scripta
1946 2028 2089 2074 sunt.

575 2112 789 2183 Itaque,
823 2110 877 2165 id
894 2119 972 2164 est
995 2119 1283 2181 pr0pterea
1304 2110 1393 2165 ille
1423 2119 1656 2165 vestrum
1679 2110 1773 2181 qui
1802 2126 1859 2163 se
1889 2109 2092 2163 existi-

501 2203 625 2254 mat
644 2203 815 2269 stare,
849 2199 1054 2254 scilicet
1104 2199 1197 2271 qui
1243 2215 1373 2254 sane
1421 2198 1674 2269 intelligit
1722 2197 1790 2251 de
1826 2196 2092 2253 creaturis

503 2286 623 2356 Dei,
659 2286 871 2358 sibique
901 2287 1069 2342 licere
1098 2286 1301 2356 omnia,
1322 2288 1503 2342 videat
1524 2304 1595 2341 ne
1616 2286 1781 2341 cadat
1803 2302 1901 2356 per
1920 2285 2091 2340 oﬂen-

498 2374 736 2431 diculum
767 2375 965 2430 fratris.
997 2375 1082 2439 Et,
1118 2392 1185 2430 ne
1218 2376 1270 2429 in
1303 2376 1405 2431 hoc
1435 2375 1602 2429 verbo
1634 2373 1759 2446 quia
1779 2375 1991 2428 dixerat
2012 2376 2091 2429 vi-

498 2464 627 2521 deat
652 2480 723 2520 ne
744 2465 931 2530 cadat,
952 2464 1304 2519 turbarentur
1319 2462 1603 2530 Corinthii,
1630 2463 1867 2519 scientes
1883 2464 2090 2531 justum

497 2552 663 2608 etiam
716 2552 918 2623 septies
964 2552 1020 2607 in
1049 2552 1137 2607 die
1187 2552 1403 2617 cadere,
1439 2552 1764 2607 determinat
1795 2552 1990 2605 Paulus
2022 2552 2089 2606 de

499 2658 605 2713 quo
634 2656 766 2696 casu
799 2640 1087 2713 intelligat,
1132 2640 1319 2696 dicens
1353 2657 1366 2697 :
1410 2642 1598 2697 Videat
1625 2642 1854 2713 quisque
1885 2659 1955 2695 ne
1994 2656 2087 2695 ca-

494 2730 612 2795 dat,
646 2730 724 2785 sic
744 2737 801 2785 ut
822 2747 937 2785 non
958 2730 1343 2803 apprehendat
1366 2748 1456 2786 vos
1481 2732 1744 2796 tentatio,
1770 2729 1825 2784 id
1846 2738 1928 2785 est
1946 2729 2090 2783 dele-

496 2817 657 2874 ctatio
685 2818 914 2890 peccati,
945 2821 1061 2874 nisi
1090 2836 1210 2890 qua:
1239 2819 1307 2872 sit
1335 2818 1606 2884 humana,
1640 2817 1695 2873 id
1726 2828 1809 2873 est
1837 2818 2085 2873 necessi-

493 2914 603 2962 tate
632 2908 813 2963 carnis
849 2907 1094 2973 veniens,
1129 2907 1335 2963 scilicet
1372 2907 1620 2962 venialis.
1671 2905 1827 2974 Quod
1875 2907 1942 2961 ad
1988 2922 2086 2962 vos

452 2995 747 3067 fpertinet,
781 2994 960 3050 videte
991 3003 1046 3049 ut
1078 2994 1286 3051 faciatis
1321 3014 1336 3062 ;
1365 2995 1489 3066 quia
1528 2996 1663 3050 Deus
1694 2995 1877 3063 ﬁdelis
1912 2998 1995 3049 est
2034 3002 2087 3048 et

494 3098 658 3139 verax
687 3082 741 3136 in
773 3082 1074 3153 promissis,
1110 3082 1199 3154 qui
1230 3081 1422 3138 ﬁdeles
1452 3098 1579 3137 suos
1609 3083 1663 3136 in
1686 3083 1832 3137 nullo
1849 3082 2082 3148 deserit;

491 3170 582 3242 qui
612 3171 758 3226 Deus
779 3188 895 3228 non
911 3175 1173 3243 patietur
1198 3188 1285 3228 vos
1305 3172 1522 3226 tentari
1542 3189 1713 3244 supra
1736 3172 1792 3226 id
1812 3170 1955 3243 quod
1976 3171 2083 3241 pati

490 3260 754 3332 potestis.
794 3260 1103 3315 Secundum
1153 3260 1296 3315 enim
1341 3260 1486 3332 quod
1525 3259 1672 3314 videt
1713 3259 2083 3315 fortitudinem

493 3347 579 3403 vel
610 3348 950 3404 teneritatem
981 3349 1262 3420 cujusque,
1296 3348 1671 3404 tribulationes
1692 3348 1949 3419 disponit.
1967 3349 2084 3404 Nec

493 3436 667 3492 solum
700 3454 815 3494 non
840 3439 1099 3511 patietur
1136 3454 1222 3493 vos
1260 3455 1434 3509 supra
1472 3439 1693 3493 modum
1726 3438 1956 3503 tentari,
1990 3438 2085 3493 sed

490 3525 652 3581 etiam
682 3528 859 3597 faciet
886 3526 1039 3583 vobis
1061 3544 1191 3582 cum
1215 3529 1534 3583 tentatione
1550 3531 1908 3599 proventum,
1932 3527 1988 3581 id
2001 3534 2085 3581 est

488 3622 543 3671 et
571 3623 925 3687 augmentum
964 3615 1176 3671 virtutis
1204 3632 1311 3688 qua
1340 3615 1719 3687 perseveretis,
1744 3623 1801 3670 et
1827 3631 2085 3686 augmen-

489 3712 598 3757 tum
614 3702 1007 3759 tribulationis:
1030 3705 1227 3775 faciet,
1251 3703 1393 3770 dico,
1418 3705 1503 3759 ita
1526 3708 1590 3759 ut
1615 3721 1705 3759 vos
1721 3704 1948 3776 possitis
1969 3721 2085 3759 sus-

490 3793 692 3858 tinere,
723 3808 793 3847 ne
830 3792 885 3846 in
924 3791 1267 3847 tribulatione
1297 3790 1583 3847 deﬁciatis.

560 3882 801 3952 PrOpter
829 3880 992 3952 quod,
1025 3880 1080 3935 id
1109 3888 1191 3935 est
1221 3880 1343 3951 quia
1373 3880 1669 3936 videndum
1700 3889 1781 3935 est
1805 3880 1983 3947 stanti,
2009 3896 2082 3936 ne

492 3968 680 4035 cadat,
713 3974 766 4023 et
794 3968 941 4023 Deus
956 3975 1156 4039 praesto
1185 3976 1267 4023 est
1297 3968 1389 4039 qui
1411 3985 1627 4023 manum
1654 3968 1919 4040 porrigat.
1952 3969 2081 4024 Ideo

486 4058 671 4128 fugite
701 4074 736 4111 a
765 4057 998 4113 cultura
1029 4057 1343 4125 idolorum;
1367 4057 1411 4111 si
1434 4059 1540 4113 hoc
1562 4056 1755 4124 facitis,
1782 4065 1907 4114 tunc
1929 4057 2081 4112 eritis

486 4144 630 4200 mihi
658 4145 1001 4201 charissimi.
1027 4144 1238 4217 Fugere
1260 4163 1294 4201 a
1315 4147 1546 4202 cultura
1566 4146 1843 4202 idolorum
1868 4147 2007 4202 dicit
2028 4154 2082 4202 et

484 4231 710 4288 inﬁrmis
740 4232 833 4305 qui
874 4233 977 4289 sub
1025 4234 1376 4290 veneratione
1422 4234 1551 4289 idoli
1596 4234 1974 4302 comedebant,
2027 4243 2081 4290 et

486 4323 572 4377 his
601 4321 712 4394 qui,
743 4321 869 4377 licet
900 4338 1045 4377 sanie
1089 4321 1214 4377 ﬁdei
1264 4331 1468 4391 essent,
1520 4331 1697 4379 tamen
1729 4339 1896 4379 causa
1927 4331 2081 4378 erant

487 4428 593 4483 qua
623 4410 851 4466 fratrum
867 4410 1145 4465 inﬁrmitas
1175 4421 1639 4483 corrumperetur.
1664 4414 1730 4467 Et
1759 4420 1816 4467 ut
1840 4413 2079 4485 fugiatis

484 4518 520 4556 a
548 4501 778 4557 cultura
814 4501 1110 4569 idolorum,
1145 4518 1258 4556 rem
1290 4501 1542 4557 subtilem
1572 4501 1819 4558 dicturus
1850 4518 1992 4568 sum,
2025 4500 2081 4555 in

487 4604 595 4661 qua
625 4590 816 4662 loquor
845 4589 999 4645 vobis
1029 4606 1139 4643 non
1167 4598 1221 4644 ut
1243 4589 1600 4661 simplicibus,
1626 4590 1724 4646 sed
1745 4594 1809 4644 ut
1824 4590 2080 4662 pruden-
2107 4580 2160 4640 D

488 4677 637 4734 tibus
668 4698 688 4746 ;
718 4685 770 4732 et
788 4677 914 4732 ideo
943 4695 1033 4734 vos
1066 4679 1177 4748 ipsi
1196 4678 1474 4747 judicate,
1510 4677 1566 4732 id
1588 4685 1669 4732 est
1691 4685 1893 4748 quanto
1909 4678 2081 4732 subti-

483 4766 588 4820 lius
618 4766 862 4836 potestis,
888 4766 1034 4836 apud
1056 4781 1152 4820 vos
1181 4766 1430 4821 discutite
1456 4767 1562 4821 hoc
1592 4767 1733 4838 quod
1759 4765 1916 4820 vobis
1936 4767 2077 4822 dico.

486 4854 763 4909 Summam
793 4854 1072 4908 sententia:
1116 4854 1358 4909 breviter
1380 4862 1536 4909 extra
1563 4854 1920 4925 colligamus:
1953 4854 2080 4910 Ideo

488 4940 684 5013 fugere
709 4941 921 4996 debetis
950 4957 984 4995 a
1035 4940 1242 4995 cultura
1288 4941 1560 4996 idolorum
1595 4960 1609 5008 ;
1644 4942 1790 5013 quia,
1824 4941 1962 4997 sicut
1989 4942 2080 4998 ille

489 5029 581 5100 qui
609 5028 827 5099 corpori
858 5036 911 5084 et
940 5028 1194 5099 sanguini
1238 5028 1438 5084 Christi
1482 5029 1861 5101 communicat,
1912 5048 2080 5086 unum

487 5116 890 5189 quodammodo
915 5114 974 5170 ﬁt
1005 5132 1126 5172 cum
1157 5116 1391 5184 Christo,
1424 5117 1503 5174 sic
1533 5118 1625 5173 ille
1656 5118 1748 5190 qui
1777 5120 2079 5175 communi-

485 5213 568 5261 cat
599 5203 765 5271 idolo,
796 5202 1095 5276 idolothyta
1124 5206 1462 5262 comedendo
1518 5206 1898 5279 incorporatur
1953 5207 2077 5264 dia-

487 5292 635 5349 bolo.

557 5382 714 5439 Nunc
740 5382 973 5438 litteram
1004 5398 1334 5454 exponamus
1368 5401 1382 5438 :
1416 5382 1755 5457 Fugiendum
1784 5385 1939 5441 vobis
1996 5394 2079 5442 est

485 5488 521 5526 a
549 5474 779 5528 cultura
809 5470 1107 5539 idolorum,
1134 5472 1261 5544 quia
1283 5473 1462 5540 calix,
1486 5473 1539 5527 id
1568 5487 1648 5528 est
1678 5474 1900 5546 sanguis
1918 5474 2076 5529 Chri-

485 5559 573 5615 sti.
610 5558 775 5616 Calix
803 5560 926 5616 dico
943 5561 1470 5633 benedictionis,per
1482 5578 1645 5633 quem
1665 5563 2076 5619 benedictiones

484 5648 777 5721 gratiarum
803 5648 1098 5722 accipimus
1132 5667 1146 5707 :
1178 5648 1305 5722 quia
1330 5666 1431 5723 per
1459 5650 1787 5723 sanguinem
1852 5651 2071 5721 Christi,

2115 3224 2163 3285 Ο

2190 1933 2357 2003 panis
2388 1949 2550 2004 quem
2577 1934 2918 2003 frangimus,
2945 1948 3133 1988 nonne
3160 1935 3243 1986 est
3271 1930 3634 2003 participatio
3664 1945 3792 1984 cor-

2190 2023 2342 2090 poris
2375 2020 2644 2076 Domini?
2672 2021 2725 2074 id
2755 2029 2835 2075 est
2871 2036 2883 2075 :
2917 2035 3095 2075 nonne
3124 2036 3224 2089 per
3241 2020 3345 2074 hoc
3375 2034 3571 2089 corpus
3605 2018 3790 2073 Deum

2191 2108 2246 2161 in
2264 2108 2419 2163 nobis
2448 2109 2711 2179 capimus,
2747 2125 2979 2180 eumque
3002 2107 3157 2162 nobis
3174 2108 3585 2178 incorporamus
3604 2106 3632 2160 Ἰ
3653 2106 3789 2161 ldeo

2192 2197 2247 2250 in
2277 2197 2489 2252 duabus
2528 2198 2863 2264 substantiis,
2897 2198 3141 2268 corporis
3184 2197 3391 2252 scilicet
3422 2205 3474 2251 et
3503 2194 3790 2268 sanguinis

2193 2285 2519 2341 sacriﬁcium
2549 2285 2608 2341 1
2625 2285 2785 2342 24
2798 2287 2899 2342 hoc
2916 2288 3060 2341 Deus
3074 2286 3298 2340 instituit
3319 2305 3333 2352 ;
3363 2293 3417 2340 ut
3441 2301 3541 2356 per
3561 2300 3789 2340 carnem

2189 2374 2242 2428 in
2274 2375 2426 2429 altari
2475 2376 2727 2430 traditam
2776 2376 3086 2431 ostenderet
3133 2392 3191 2430 se
3237 2375 3508 2429 redimere
3556 2389 3786 2429 carnem

2190 2472 2453 2531 nostram,
2511 2480 2610 2535 per
2656 2465 2769 2519 haec
2817 2473 3162 2519 sacramenta
3206 2463 3260 2518 in
3320 2462 3791 2534 incorruptionem

2191 2554 2517 2625 quandoque
2541 2553 2973 2608 transferendam
3005 2573 3018 2620 ;
3053 2562 3105 2609 et
3136 2570 3235 2625 per
3266 2552 3589 2623 sanguinem
3619 2567 3789 2623 quem

2191 2641 2373 2707 tradit,
2408 2642 2709 2696 insinuaret
2738 2658 2795 2696 se
2828 2642 3072 2696 similiter
3100 2642 3385 2697 redimisse
3412 2642 3651 2695 animam
3684 2655 3790 2695 no-

2189 2739 2355 2785 stram
2388 2730 2490 2797 ;ad
2521 2731 2666 2802 quod
2696 2732 2765 2786 de
2795 2731 2973 2786 anima
3004 2731 3389 2786 insinuandum
3413 2749 3425 2785 :
3452 2730 3579 2803 quia
3602 2746 3657 2785 re
3698 2729 3788 2784 in—

2188 2819 2455 2889 corporali
2485 2820 2561 2873 uti
2614 2836 2721 2874 non
2750 2819 2943 2891 potuit,
2976 2819 3141 2892 digne
3171 2836 3271 2891 per
3311 2820 3659 2892 sanguinem,
3692 2817 3794 2890 qui

2186 2908 2348 2963 sedes
2378 2908 2572 2963 animae
2600 2908 2815 2974 dicitur,
2848 2907 3083 2963 animam
3117 2908 3387 2980 ﬁguravit.
3411 2909 3526 2964 Nec
3555 2908 3611 2962 in
3641 2907 3792 2962 duas

2187 2996 2521 3051 substantias
2551 2996 2844 3061 distribuit,
2877 3005 2934 3051 ut
2962 2997 3208 3053 diversas
3246 3005 3433 3068 partes
3462 2997 3579 3067 ejus
3610 2996 3788 3052 intel-

2185 3083 2401 3157 ligeret.
2441 3083 2545 3153 Qui
2574 3086 2719 3141 enim
2746 3086 3070 3158 sanguinem
3102 3094 3328 3153 tantum,
3354 3086 3440 3141 vel
3462 3102 3664 3157 corpus
3688 3101 3787 3141 so-

2186 3172 2317 3239 lum,
2378 3182 2548 3229 totum
2602 3174 2844 3245 accipit:
2892 3174 2985 3247 qui
3038 3183 3326 3246 utrumque
3383 3174 3599 3245 accipit,
3663 3190 3786 3230 non

2187 3261 2363 3335 magis
2408 3280 2507 3333 per
2548 3271 2857 3335 utrumque,
2908 3279 3075 3335 quam
3121 3281 3222 3335 per
3264 3264 3491 3319 alterum
3546 3262 3781 3334 accipit.
3828 3316 3833 3319 .

2187 3349 2347 3418 Quod
2375 3367 2571 3423 corpus
2602 3352 2738 3407 sicut
2769 3368 2897 3406 vera
2945 3367 3070 3407 caro
3118 3352 3318 3406 Christi
3348 3360 3431 3407 est
3463 3352 3563 3406 sub
3593 3353 3790 3423 specie

2182 3438 2356 3510 panis,
2388 3440 2460 3495 ita
2497 3457 2593 3511 per
2620 3440 2789 3495 solam
2835 3440 3074 3511 speciem
3112 3441 3384 3508 atteritur,
3431 3440 3781 3509 diminuitur,

2182 3528 2238 3583 in
2268 3538 2452 3599 partes
2501 3528 2771 3589 dividitur.
2806 3545 2929 3585 cum
2978 3529 3033 3584 in
3081 3529 3303 3585 veritate
3346 3529 3787 3600 incorruptibile,

2183 3617 2535 3684 indivisihile,
2567 3617 2836 3689 impotens
2866 3617 3091 3673 diminui
3122 3626 3459 3689 permaneat.
3504 3618 3648 3673 Vere
3676 3635 3791 3689 per

2183 3704 2556 3776 acceptionem
2587 3706 2866 3779 sanguinis
2914 3714 2969 3761 et
3012 3707 3262 3777 corporis
3309 3706 3511 3761 Christi
3558 3707 3791 3763 unimur

2183 3795 2427 3861 Christo;
2449 3797 2715 3867 quoniam
2734 3796 2907 3850 multi
2925 3812 3120 3851 sumus
3141 3812 3291 3851 unus
3310 3796 3562 3869 panis,id
3574 3804 3657 3851 est
3678 3796 3795 3854 sic-

2181 3891 2237 3937 ut
2266 3883 2321 3937 in
2349 3900 2487 3954 pane
2528 3884 2743 3939 diversa
2781 3900 2952 3955 grana
3000 3883 3054 3938 in
3092 3884 3351 3939 unitatem
3396 3884 3551 3956 panis
3593 3893 3791 3940 trans-

2182 3981 2330 4040 eunt,
2364 3972 2436 4027 ita
2466 3981 2518 4028 et
2546 3990 2647 4028 nos
2675 3973 2891 4027 unimur
2927 3971 3052 4041 ﬁde,
3101 3989 3197 4043 spe
3249 3981 3302 4028 et
3350 3973 3633 4029 charitate.
3666 3975 3792 4031 Su-

2180 4077 2308 4117 mus
2341 4062 2505 4117 etiam
2534 4063 2707 4117 multi
2729 4079 2909 4117 unum
2927 4078 3128 4133 corpus
3151 4062 3449 4117 secundum
3480 4062 3791 4119 diversita-

2182 4152 2291 4200 tem
2321 4146 2686 4201 membrorum
2718 4146 2821 4201 sibi
2850 4146 3082 4201 invicem
3133 4145 3189 4199 in
3215 4145 3420 4200 unitate
3470 4146 3792 4202 dilectionis

2183 4234 2659 4289 subservientium.
2693 4235 2808 4289 Nos
2865 4250 3057 4289 omnes
3104 4250 3291 4289 sumus
3335 4251 3486 4290 unus
3518 4236 3686 4306 panis
3722 4241 3787 4292 et

2182 4339 2363 4377 unum
2390 4340 2592 4395 corpus
2627 4341 2640 4377 :
2674 4323 2768 4395 qui
2781 4324 3194 4395 participamus
3229 4323 3295 4378 de
3326 4338 3437 4378 uno
3453 4339 3603 4394 pane
3624 4328 3679 4379 et
3710 4325 3786 4380 de

2181 4427 2294 4465 uno
2325 4412 2522 4478 calice,
2555 4411 2610 4466 id
2640 4419 2721 4466 est
2749 4411 2816 4466 de
2846 4427 3073 4483 corpore
3091 4420 3143 4466 et
3172 4411 3437 4484 sanguine
3459 4411 3659 4466 Christi
3677 4428 3789 4482 per

2181 4516 2344 4569 quem
2372 4500 2658 4556 connimur
2685 4500 2921 4569 Christo,
2971 4500 3387 4571 incorporantes
3434 4516 3560 4555 eum
3587 4500 3778 4556 nobis.

2252 4588 2414 4643 Modo
2446 4588 2747 4645 secundum
2776 4589 3148 4658 Ambrosium,
3173 4588 3317 4660 quod
3351 4588 3594 4660 sequitur
3621 4589 3790 4645 dica—

2182 4695 2304 4731 mus
2339 4695 2351 4731 :
2388 4678 2427 4733 0
2462 4678 2655 4746 Israel,
2689 4677 2744 4732 id
2774 4685 2856 4733 est
2885 4694 2919 4733 o
2949 4676 3125 4733 ﬁdelis
3167 4676 3369 4743 anima,
3421 4693 3541 4748 quas
3591 4677 3783 4734 Deum

2181 4766 2428 4832 intueris,
2463 4766 2608 4838 quod
2653 4765 2707 4819 in
2736 4765 3099 4837 spiritualibus
3127 4766 3291 4821 modo
3330 4765 3487 4821 vobis
3533 4767 3782 4834 ostendi,

2181 4855 2362 4911 videte
2382 4855 2525 4910 idem
2546 4852 2664 4910 ﬁeri
2678 4855 2986 4911 secundum
3006 4872 3258 4920 carnem,
3277 4854 3328 4908 id
3347 4862 3429 4909 est
3448 4870 3550 4925 per
3570 4870 3787 4911 carna-

2179 4942 2287 4998 lem
2315 4943 2780 5015 participationem
2798 4942 3082 5014 idolothyti
3102 4942 3319 4998 diabolo
3342 4943 3780 5001 communicare.

2180 5032 2374 5089 Nonne
2430 5032 2573 5088 enim
2604 5034 2699 5105 qui
2735 5032 2913 5088 edunt
2949 5032 3162 5088 hostias
3191 5031 3498 5087 immolatas
3529 5032 3780 5100 diabolo,

2177 5123 2486 5195 participes
2506 5126 2643 5177 sunt
2674 5123 2815 5177 alta:
2832 5121 2879 5175 is
2908 5120 3109 5177 diaboli
3129 5121 3156 5176 τ
3185 5120 3241 5174 id
3271 5128 3354 5176 est
3384 5138 3397 5175 :
3422 5136 3603 5176 nonne
3618 5136 3786 5177 com-

2180 5209 2455 5265 municant
2483 5209 2586 5281 ipsi
2616 5209 2832 5265 diabolo
2870 5226 2968 5280 per
2994 5210 3098 5265 hoc
3128 5208 3273 5281 quod
3302 5209 3625 5280 participant
3656 5227 3788 5282 qua:

2179 5314 2345 5368 super
2372 5298 2545 5354 altare
2584 5297 2716 5353 idoli
2763 5297 3152 5353 immolantur?
3199 5296 3673 5366 Quemadmodum
3720 5298 3785 5355 in

2180 5385 2567 5457 spiritualibus,
2601 5386 2681 5443 sic
2708 5385 2764 5440 in
2792 5386 3109 5443 carnalibus
3140 5386 3267 5458 quin
3299 5384 3409 5454 ﬁat,
3444 5386 3635 5458 negari
3662 5403 3786 5444 non

2178 5482 2377 5546 potest.
2410 5474 2547 5544 Quia
2577 5474 2699 5530 dico
2729 5475 3082 5531 comedentes
3121 5474 3394 5530 immolata
3423 5473 3569 5529 idolo
3599 5476 3785 5545 parti-

2179 5563 2365 5634 cipare
2396 5563 2635 5634 diabolo,
2660 5580 2786 5636 ergo
2824 5564 2957 5637 quid
2983 5564 3126 5631 dico,
3159 5563 3214 5618 id
3245 5570 3327 5619 est
3354 5579 3423 5617 an
3452 5564 3558 5619 hoc
3587 5563 3784 5622 dicere

2179 5651 2460 5709 existimor
2488 5655 2633 5725 quod
2663 5654 3028 5710 immolatum
3067 5653 3233 5709 idolis
3270 5654 3348 5709 sit
3375 5650 3594 5725 aliquid
3624 5652 3783 5710 aliud
