  <div class='ocr_page' id='page_1' title='image "/cluster/home/n/w/nwhite01/storage/ocr_20150623/153-154/uc1.31175019678096/095.png"; bbox 0 0 3948 6502; ppageno 0'>
   <div class='ocr_carea' id='block_1_1' title="bbox 466 409 569 463">
    <p class='ocr_par' dir='ltr' id='par_1_1' title="bbox 466 409 569 463">
     <span class='ocr_line' id='line_1_1' title="bbox 466 409 569 463; baseline 0 -1"><span class='ocrx_word' id='word_1_1' title='bbox 466 409 569 463; x_wconf 78' lang='grc' dir='ltr'>1Ἶ9</span> 
     </span>
    </p>
   </div>
   <div class='ocr_carea' id='block_1_2' title="bbox 1006 401 3212 462">
    <p class='ocr_par' dir='ltr' id='par_1_2' title="bbox 1006 401 3212 462">
     <span class='ocr_line' id='line_1_2' title="bbox 1006 401 3212 462; baseline -0.002 -1"><span class='ocrx_word' id='word_1_2' title='bbox 1006 406 1063 461; x_wconf 84' lang='grc'>8.</span> <span class='ocrx_word' id='word_1_3' title='bbox 1104 402 1461 462; x_wconf 82' lang='lat' dir='ltr'>BRUNONIS</span> <span class='ocrx_word' id='word_1_4' title='bbox 1500 401 2153 461; x_wconf 78' lang='lat' dir='ltr'>CARTHUSIANORUM</span> <span class='ocrx_word' id='word_1_5' title='bbox 2190 401 2671 461; x_wconf 83' lang='lat' dir='ltr'>lNSTlTUTORlS</span> <span class='ocrx_word' id='word_1_6' title='bbox 2711 402 2864 459; x_wconf 90' lang='lat' dir='ltr'>OPP.</span> <span class='ocrx_word' id='word_1_7' title='bbox 2907 402 3102 459; x_wconf 79' lang='lat' dir='ltr'>PARS.</span> <span class='ocrx_word' id='word_1_8' title='bbox 3145 403 3212 458; x_wconf 84' lang='lat' dir='ltr'>ll.</span> 
     </span>
    </p>
   </div>
   <div class='ocr_carea' id='block_1_3' title="bbox 3661 404 3770 458">
    <p class='ocr_par' dir='ltr' id='par_1_3' title="bbox 3661 404 3770 458">
     <span class='ocr_line' id='line_1_3' title="bbox 3661 404 3770 458; baseline 0 -1"><span class='ocrx_word' id='word_1_9' title='bbox 3661 404 3770 458; x_wconf 77' lang='grc'>180</span> 
     </span>
    </p>
   </div>
   <div class='ocr_carea' id='block_1_4' title="bbox 467 525 3765 600">
    <p class='ocr_par' dir='ltr' id='par_1_4' title="bbox 467 525 3765 600">
     <span class='ocr_line' id='line_1_4' title="bbox 467 525 3765 600; baseline -0 -19"><span class='ocrx_word' id='word_1_10' title='bbox 467 552 489 581; x_wconf 74' lang='grc' dir='ltr'>ι</span> <span class='ocrx_word' id='word_1_11' title='bbox 532 529 633 587; x_wconf 87' lang='lat' dir='ltr'>Dei</span> <span class='ocrx_word' id='word_1_12' title='bbox 663 538 763 598; x_wconf 89' lang='lat' dir='ltr'>est,</span> <span class='ocrx_word' id='word_1_13' title='bbox 798 529 991 585; x_wconf 82' lang='lat' dir='ltr'>mulier</span> <span class='ocrx_word' id='word_1_14' title='bbox 1034 536 1214 585; x_wconf 91' lang='lat' dir='ltr'>autem</span> <span class='ocrx_word' id='word_1_15' title='bbox 1243 529 1421 600; x_wconf 81' lang='lat' dir='ltr'>gloria</span> <span class='ocrx_word' id='word_1_16' title='bbox 1467 528 1565 585; x_wconf 91' lang='lat' dir='ltr'>viri</span> <span class='ocrx_word' id='word_1_17' title='bbox 1595 538 1695 585; x_wconf 91' lang='lat' dir='ltr'>est.</span> <span class='ocrx_word' id='word_1_18' title='bbox 1745 527 1870 584; x_wconf 85' lang='lat' dir='ltr'>Non</span> <span class='ocrx_word' id='word_1_19' title='bbox 1906 526 2050 583; x_wconf 91' lang='lat' dir='ltr'>enim</span> <span class='ocrx_word' id='word_1_20' title='bbox 2073 528 2127 588; x_wconf 76' lang='grc' dir='ltr'><strong>Α</strong></span> <span class='ocrx_word' id='word_1_21' title='bbox 2156 534 2368 582; x_wconf 82' lang='lat' dir='ltr'>orarent</span> <span class='ocrx_word' id='word_1_22' title='bbox 2399 527 2452 581; x_wconf 90' lang='lat' dir='ltr'>in</span> <span class='ocrx_word' id='word_1_23' title='bbox 2481 526 2758 594; x_wconf 84' lang='lat' dir='ltr'>Ecclesia;</span> <span class='ocrx_word' id='word_1_24' title='bbox 2791 526 3048 582; x_wconf 84' lang='lat' dir='ltr'>mulieres</span> <span class='ocrx_word' id='word_1_25' title='bbox 3078 542 3207 583; x_wconf 89' lang='lat' dir='ltr'>vero</span> <span class='ocrx_word' id='word_1_26' title='bbox 3236 526 3508 582; x_wconf 91' lang='lat' dir='ltr'>denudato</span> <span class='ocrx_word' id='word_1_27' title='bbox 3542 543 3555 581; x_wconf 90' lang='lat'><strong>:</strong></span> <span class='ocrx_word' id='word_1_28' title='bbox 3611 525 3765 598; x_wconf 90' lang='lat' dir='ltr'>quod</span> 
     </span>
    </p>
   </div>
   <div class='ocr_carea' id='block_1_5' title="bbox 471 617 2061 683">
    <p class='ocr_par' dir='ltr' id='par_1_5' title="bbox 471 617 2061 683">
     <span class='ocr_line' id='line_1_5' title="bbox 471 617 2061 683; baseline -0.004 -7"><span class='ocrx_word' id='word_1_29' title='bbox 471 642 493 666; x_wconf 77' lang='grc' dir='ltr'><strong><em>α</em></strong></span> <span class='ocrx_word' id='word_1_30' title='bbox 537 620 622 676; x_wconf 90' lang='lat' dir='ltr'>vir</span> <span class='ocrx_word' id='word_1_31' title='bbox 650 636 715 675; x_wconf 91' lang='lat' dir='ltr'>ex</span> <span class='ocrx_word' id='word_1_32' title='bbox 745 619 973 674; x_wconf 84' lang='lat' dir='ltr'>muliere</span> <span class='ocrx_word' id='word_1_33' title='bbox 1006 626 1107 683; x_wconf 91' lang='lat' dir='ltr'>est,</span> <span class='ocrx_word' id='word_1_34' title='bbox 1133 618 1232 672; x_wconf 93' lang='lat' dir='ltr'>sed</span> <span class='ocrx_word' id='word_1_35' title='bbox 1247 618 1442 673; x_wconf 87' lang='lat' dir='ltr'>mulier</span> <span class='ocrx_word' id='word_1_36' title='bbox 1460 635 1525 673; x_wconf 82' lang='lat' dir='ltr'>ex</span> <span class='ocrx_word' id='word_1_37' title='bbox 1548 618 1687 673; x_wconf 93' lang='lat' dir='ltr'>viro.</span> <span class='ocrx_word' id='word_1_38' title='bbox 1708 617 1918 672; x_wconf 89' lang='lat' dir='ltr'>Etenim</span> <span class='ocrx_word' id='word_1_39' title='bbox 1951 632 2061 670; x_wconf 93' lang='lat' dir='ltr'>non</span> 
     </span>
    </p>
   </div>
   <div class='ocr_carea' id='block_1_6' title="bbox 472 704 2062 778">
    <p class='ocr_par' dir='ltr' id='par_1_6' title="bbox 472 704 2062 778">
     <span class='ocr_line' id='line_1_6' title="bbox 472 704 2062 778; baseline 0.001 -19"><span class='ocrx_word' id='word_1_40' title='bbox 472 729 495 759; x_wconf 78' lang='grc' dir='ltr'>ι</span> <span class='ocrx_word' id='word_1_41' title='bbox 538 716 621 763; x_wconf 91' lang='lat' dir='ltr'>est</span> <span class='ocrx_word' id='word_1_42' title='bbox 649 717 861 764; x_wconf 90' lang='lat' dir='ltr'>creatus</span> <span class='ocrx_word' id='word_1_43' title='bbox 892 706 972 762; x_wconf 93' lang='lat' dir='ltr'>vir</span> <span class='ocrx_word' id='word_1_44' title='bbox 998 716 1219 778; x_wconf 79' lang='lat' dir='ltr'>propter</span> <span class='ocrx_word' id='word_1_45' title='bbox 1244 706 1549 772; x_wconf 84' lang='lat' dir='ltr'>mulierem,</span> <span class='ocrx_word' id='word_1_46' title='bbox 1582 707 1681 761; x_wconf 91' lang='lat' dir='ltr'>sed</span> <span class='ocrx_word' id='word_1_47' title='bbox 1710 704 1907 761; x_wconf 91' lang='lat' dir='ltr'>mulier</span> <span class='ocrx_word' id='word_1_48' title='bbox 1934 720 2062 776; x_wconf 81' lang='lat' dir='ltr'>pro-</span> 
     </span>
    </p>
   </div>
   <div class='ocr_carea' id='block_1_7' title="bbox 471 795 2065 868">
    <p class='ocr_par' dir='ltr' id='par_1_7' title="bbox 471 795 2065 868">
     <span class='ocr_line' id='line_1_7' title="bbox 471 795 2065 868; baseline -0.002 -18"><span class='ocrx_word' id='word_1_49' title='bbox 471 820 493 844; x_wconf 78' lang='grc' dir='ltr'>ιι</span> <span class='ocrx_word' id='word_1_50' title='bbox 536 805 659 868; x_wconf 88' lang='lat' dir='ltr'>pter</span> <span class='ocrx_word' id='word_1_51' title='bbox 695 796 897 851; x_wconf 87' lang='lat' dir='ltr'>virum.</span> <span class='ocrx_word' id='word_1_52' title='bbox 936 796 1065 851; x_wconf 90' lang='lat' dir='ltr'>Ideo</span> <span class='ocrx_word' id='word_1_53' title='bbox 1095 796 1259 851; x_wconf 93' lang='lat' dir='ltr'>debet</span> <span class='ocrx_word' id='word_1_54' title='bbox 1278 796 1471 851; x_wconf 88' lang='lat' dir='ltr'>mulier</span> <span class='ocrx_word' id='word_1_55' title='bbox 1489 796 1738 851; x_wconf 83' lang='lat' dir='ltr'>velamen</span> <span class='ocrx_word' id='word_1_56' title='bbox 1755 795 1959 849; x_wconf 91' lang='lat' dir='ltr'>habere</span> <span class='ocrx_word' id='word_1_57' title='bbox 1981 811 2065 847; x_wconf 89' lang='lat' dir='ltr'>su-</span> 
     </span>
    </p>
   </div>
   <div class='ocr_carea' id='block_1_8' title="bbox 477 884 2065 956">
    <p class='ocr_par' dir='ltr' id='par_1_8' title="bbox 477 884 2065 956">
     <span class='ocr_line' id='line_1_8' title="bbox 477 884 2065 956; baseline -0.005 -14"><span class='ocrx_word' id='word_1_58' title='bbox 477 903 497 935; x_wconf 74' lang='grc'><strong>(</strong></span> <span class='ocrx_word' id='word_1_59' title='bbox 535 901 635 956; x_wconf 89' lang='lat' dir='ltr'>per</span> <span class='ocrx_word' id='word_1_60' title='bbox 664 892 823 955; x_wconf 87' lang='lat' dir='ltr'>caput</span> <span class='ocrx_word' id='word_1_61' title='bbox 865 901 1042 953; x_wconf 90' lang='lat' dir='ltr'>suum,</span> <span class='ocrx_word' id='word_1_62' title='bbox 1074 892 1126 939; x_wconf 89' lang='lat' dir='ltr'>et</span> <span class='ocrx_word' id='word_1_63' title='bbox 1157 893 1384 955; x_wconf 89' lang='lat' dir='ltr'>propter</span> <span class='ocrx_word' id='word_1_64' title='bbox 1404 884 1651 956; x_wconf 83' lang='lat' dir='ltr'>angelos.</span> <span class='ocrx_word' id='word_1_65' title='bbox 1678 884 2065 938; x_wconf 83' lang='lat' dir='ltr'>Verumtamen</span> 
     </span>
    </p>
   </div>
   <div class='ocr_carea' id='block_1_9' title="bbox 471 969 2063 1044">
    <p class='ocr_par' dir='ltr' id='par_1_9' title="bbox 471 969 2063 1044">
     <span class='ocr_line' id='line_1_9' title="bbox 471 969 2063 1044; baseline -0.001 -20"><span class='ocrx_word' id='word_1_66' title='bbox 471 994 493 1024; x_wconf 74' lang='grc' dir='ltr'>ι</span> <span class='ocrx_word' id='word_1_67' title='bbox 536 989 713 1043; x_wconf 92' lang='lat' dir='ltr'>neque</span> <span class='ocrx_word' id='word_1_68' title='bbox 758 972 843 1027; x_wconf 89' lang='lat' dir='ltr'>vir</span> <span class='ocrx_word' id='word_1_69' title='bbox 874 973 991 1027; x_wconf 88' lang='lat' dir='ltr'>sine</span> <span class='ocrx_word' id='word_1_70' title='bbox 1013 972 1257 1039; x_wconf 87' lang='lat' dir='ltr'>muliere,</span> <span class='ocrx_word' id='word_1_71' title='bbox 1282 988 1459 1044; x_wconf 91' lang='lat' dir='ltr'>neque</span> <span class='ocrx_word' id='word_1_72' title='bbox 1488 971 1681 1026; x_wconf 91' lang='lat' dir='ltr'>mulier</span> <span class='ocrx_word' id='word_1_73' title='bbox 1701 972 1817 1026; x_wconf 88' lang='lat' dir='ltr'>sine</span> <span class='ocrx_word' id='word_1_74' title='bbox 1849 970 1986 1033; x_wconf 89' lang='lat' dir='ltr'>viro,</span> <span class='ocrx_word' id='word_1_75' title='bbox 2010 969 2063 1023; x_wconf 90' lang='lat' dir='ltr'>in</span> 
     </span>
    </p>
   </div>
   <div class='ocr_carea' id='block_1_10' title="bbox 474 1058 2067 1128">
    <p class='ocr_par' dir='ltr' id='par_1_10' title="bbox 474 1058 2067 1128">
     <span class='ocr_line' id='line_1_10' title="bbox 474 1058 2067 1128; baseline -0.003 -12"><span class='ocrx_word' id='word_1_76' title='bbox 474 1085 495 1110; x_wconf 80' lang='grc' dir='ltr'>ι</span> <span class='ocrx_word' id='word_1_77' title='bbox 538 1060 797 1116; x_wconf 91' lang='lat' dir='ltr'>Domino.</span> <span class='ocrx_word' id='word_1_78' title='bbox 834 1061 970 1116; x_wconf 83' lang='lat' dir='ltr'>Nam</span> <span class='ocrx_word' id='word_1_79' title='bbox 1002 1061 1139 1115; x_wconf 82' lang='lat' dir='ltr'>sicut</span> <span class='ocrx_word' id='word_1_80' title='bbox 1170 1060 1366 1115; x_wconf 90' lang='lat' dir='ltr'>mulier</span> <span class='ocrx_word' id='word_1_81' title='bbox 1396 1061 1466 1115; x_wconf 89' lang='lat' dir='ltr'>de</span> <span class='ocrx_word' id='word_1_82' title='bbox 1494 1060 1630 1126; x_wconf 89' lang='lat' dir='ltr'>viro,</span> <span class='ocrx_word' id='word_1_83' title='bbox 1679 1059 1749 1113; x_wconf 89' lang='lat' dir='ltr'>ita</span> <span class='ocrx_word' id='word_1_84' title='bbox 1780 1067 1832 1114; x_wconf 92' lang='lat' dir='ltr'>et</span> <span class='ocrx_word' id='word_1_85' title='bbox 1861 1058 1941 1113; x_wconf 91' lang='lat' dir='ltr'>vir</span> <span class='ocrx_word' id='word_1_86' title='bbox 1967 1074 2067 1128; x_wconf 90' lang='lat' dir='ltr'>per</span> 
     </span>
    </p>
   </div>
   <div class='ocr_carea' id='block_1_11' title="bbox 473 1145 2065 1218">
    <p class='ocr_par' dir='ltr' id='par_1_11' title="bbox 473 1145 2065 1218">
     <span class='ocr_line' id='line_1_11' title="bbox 473 1145 2065 1218; baseline -0.001 -18"><span class='ocrx_word' id='word_1_87' title='bbox 473 1170 495 1200; x_wconf 75' lang='grc' dir='ltr'>ι</span> <span class='ocrx_word' id='word_1_88' title='bbox 558 1148 845 1204; x_wconf 89' lang='lat' dir='ltr'>mulierem</span> <span class='ocrx_word' id='word_1_89' title='bbox 881 1167 895 1204; x_wconf 89' lang='lat'>:</span> <span class='ocrx_word' id='word_1_90' title='bbox 943 1150 1125 1204; x_wconf 90' lang='lat' dir='ltr'>omnia</span> <span class='ocrx_word' id='word_1_91' title='bbox 1168 1157 1347 1203; x_wconf 88' lang='lat' dir='ltr'>autem</span> <span class='ocrx_word' id='word_1_92' title='bbox 1386 1164 1451 1204; x_wconf 88' lang='lat' dir='ltr'>ex</span> <span class='ocrx_word' id='word_1_93' title='bbox 1482 1149 1617 1203; x_wconf 92' lang='lat' dir='ltr'>Deo.</span> <span class='ocrx_word' id='word_1_94' title='bbox 1652 1148 1763 1202; x_wconf 86' lang='lat' dir='ltr'>Vos</span> <span class='ocrx_word' id='word_1_95' title='bbox 1791 1145 1891 1218; x_wconf 88' lang='lat' dir='ltr'>ipsi</span> <span class='ocrx_word' id='word_1_96' title='bbox 1913 1146 2065 1215; x_wconf 91' lang='lat' dir='ltr'>judi-</span> 
     </span>
    </p>
   </div>
   <div class='ocr_carea' id='block_1_12' title="bbox 470 1235 2067 1293">
    <p class='ocr_par' dir='ltr' id='par_1_12' title="bbox 470 1235 2067 1293">
     <span class='ocr_line' id='line_1_12' title="bbox 470 1235 2067 1293; baseline -0.001 -4"><span class='ocrx_word' id='word_1_97' title='bbox 470 1258 492 1289; x_wconf 78' lang='grc' dir='ltr'>ι</span> <span class='ocrx_word' id='word_1_98' title='bbox 535 1236 713 1293; x_wconf 91' lang='lat' dir='ltr'>dicate</span> <span class='ocrx_word' id='word_1_99' title='bbox 745 1256 758 1292; x_wconf 90' lang='lat'><strong>:</strong></span> <span class='ocrx_word' id='word_1_100' title='bbox 791 1238 948 1293; x_wconf 88' lang='lat' dir='ltr'>decet</span> <span class='ocrx_word' id='word_1_101' title='bbox 977 1236 1257 1292; x_wconf 88' lang='lat' dir='ltr'>mulierem</span> <span class='ocrx_word' id='word_1_102' title='bbox 1279 1253 1386 1291; x_wconf 91' lang='lat' dir='ltr'>non</span> <span class='ocrx_word' id='word_1_103' title='bbox 1409 1237 1638 1292; x_wconf 82' lang='lat' dir='ltr'>velatam</span> <span class='ocrx_word' id='word_1_104' title='bbox 1660 1251 1818 1291; x_wconf 90' lang='lat' dir='ltr'>orare</span> <span class='ocrx_word' id='word_1_105' title='bbox 1844 1237 2017 1290; x_wconf 92' lang='lat' dir='ltr'>Deum</span> <span class='ocrx_word' id='word_1_106' title='bbox 2039 1235 2067 1289; x_wconf 85' lang='lat'><strong>?</strong></span> 
     </span>
    </p>
   </div>
   <div class='ocr_carea' id='block_1_13' title="bbox 474 1322 2067 1397">
    <p class='ocr_par' dir='ltr' id='par_1_13' title="bbox 474 1322 2067 1397">
     <span class='ocr_line' id='line_1_13' title="bbox 474 1322 2067 1397; baseline -0.001 -20"><span class='ocrx_word' id='word_1_107' title='bbox 474 1348 498 1377; x_wconf 79' lang='grc' dir='ltr'>ι</span> <span class='ocrx_word' id='word_1_108' title='bbox 541 1326 657 1382; x_wconf 89' lang='lat' dir='ltr'>Nec</span> <span class='ocrx_word' id='word_1_109' title='bbox 704 1326 825 1397; x_wconf 90' lang='lat' dir='ltr'>ipsa</span> <span class='ocrx_word' id='word_1_110' title='bbox 870 1334 1065 1381; x_wconf 88' lang='lat' dir='ltr'>natura</span> <span class='ocrx_word' id='word_1_111' title='bbox 1108 1325 1267 1380; x_wconf 92' lang='lat' dir='ltr'>docet</span> <span class='ocrx_word' id='word_1_112' title='bbox 1307 1341 1423 1392; x_wconf 92' lang='lat' dir='ltr'>vos,</span> <span class='ocrx_word' id='word_1_113' title='bbox 1469 1325 1615 1396; x_wconf 92' lang='lat' dir='ltr'>quod</span> <span class='ocrx_word' id='word_1_114' title='bbox 1664 1325 1744 1379; x_wconf 92' lang='lat' dir='ltr'>vir</span> <span class='ocrx_word' id='word_1_115' title='bbox 1770 1324 1989 1396; x_wconf 85' lang='lat' dir='ltr'>quidem</span> <span class='ocrx_word' id='word_1_116' title='bbox 2021 1322 2067 1377; x_wconf 91' lang='lat' dir='ltr'>si</span> 
     </span>
    </p>
   </div>
   <div class='ocr_carea' id='block_1_14' title="bbox 475 1406 2068 1483">
    <p class='ocr_par' dir='ltr' id='par_1_14' title="bbox 475 1406 2068 1483">
     <span class='ocr_line' id='line_1_14' title="bbox 475 1406 2068 1483; baseline -0.003 -17"><span class='ocrx_word' id='word_1_117' title='bbox 475 1434 497 1458; x_wconf 75' lang='grc' dir='ltr'>ι</span> <span class='ocrx_word' id='word_1_118' title='bbox 542 1422 753 1466; x_wconf 89' lang='lat' dir='ltr'>comam</span> <span class='ocrx_word' id='word_1_119' title='bbox 782 1410 995 1480; x_wconf 79' lang='lat' dir='ltr'>nutriat,</span> <span class='ocrx_word' id='word_1_120' title='bbox 1044 1409 1342 1483; x_wconf 79' lang='lat' dir='ltr'>ignominia</span> <span class='ocrx_word' id='word_1_121' title='bbox 1370 1418 1453 1465; x_wconf 93' lang='lat' dir='ltr'>est</span> <span class='ocrx_word' id='word_1_122' title='bbox 1482 1409 1560 1464; x_wconf 87' lang='lat' dir='ltr'>illi</span> <span class='ocrx_word' id='word_1_123' title='bbox 1595 1428 1608 1465; x_wconf 92' lang='lat'>:</span> <span class='ocrx_word' id='word_1_124' title='bbox 1642 1408 1839 1464; x_wconf 89' lang='lat' dir='ltr'>mulier</span> <span class='ocrx_word' id='word_1_125' title='bbox 1868 1424 1999 1464; x_wconf 90' lang='lat' dir='ltr'>vero</span> <span class='ocrx_word' id='word_1_126' title='bbox 2022 1406 2068 1462; x_wconf 90' lang='lat' dir='ltr'>si</span> 
     </span>
    </p>
   </div>
   <div class='ocr_carea' id='block_1_15' title="bbox 478 1496 2067 1570">
    <p class='ocr_par' dir='ltr' id='par_1_15' title="bbox 478 1496 2067 1570">
     <span class='ocr_line' id='line_1_15' title="bbox 478 1496 2067 1570; baseline -0.002 -16"><span class='ocrx_word' id='word_1_127' title='bbox 478 1522 499 1547; x_wconf 74' lang='grc' dir='ltr'><strong><em>α</em></strong></span> <span class='ocrx_word' id='word_1_128' title='bbox 542 1514 752 1554; x_wconf 83' lang='lat' dir='ltr'>comam</span> <span class='ocrx_word' id='word_1_129' title='bbox 785 1498 1001 1563; x_wconf 86' lang='lat' dir='ltr'>nutriat,</span> <span class='ocrx_word' id='word_1_130' title='bbox 1031 1498 1208 1570; x_wconf 87' lang='lat' dir='ltr'>gloria</span> <span class='ocrx_word' id='word_1_131' title='bbox 1239 1507 1319 1553; x_wconf 91' lang='lat' dir='ltr'>est</span> <span class='ocrx_word' id='word_1_132' title='bbox 1348 1498 1459 1565; x_wconf 91' lang='lat' dir='ltr'>illi;</span> <span class='ocrx_word' id='word_1_133' title='bbox 1480 1498 1737 1570; x_wconf 89' lang='lat' dir='ltr'>quoniam</span> <span class='ocrx_word' id='word_1_134' title='bbox 1765 1496 1947 1568; x_wconf 89' lang='lat' dir='ltr'>capilli</span> <span class='ocrx_word' id='word_1_135' title='bbox 1966 1511 2067 1567; x_wconf 91' lang='lat' dir='ltr'>pro</span> 
     </span>
    </p>
   </div>
   <div class='ocr_carea' id='block_1_16' title="bbox 481 1586 2068 1658">
    <p class='ocr_par' dir='ltr' id='par_1_16' title="bbox 481 1586 2068 1658">
     <span class='ocr_line' id='line_1_16' title="bbox 481 1586 2068 1658; baseline -0.003 -16"><span class='ocrx_word' id='word_1_136' title='bbox 481 1611 502 1634; x_wconf 75' lang='grc' dir='ltr'>ι</span> <span class='ocrx_word' id='word_1_137' title='bbox 544 1586 812 1642; x_wconf 85' lang='lat' dir='ltr'>velamine</span> <span class='ocrx_word' id='word_1_138' title='bbox 844 1587 893 1641; x_wconf 91' lang='lat' dir='ltr'>ei</span> <span class='ocrx_word' id='word_1_139' title='bbox 924 1587 1031 1641; x_wconf 90' lang='lat' dir='ltr'>dati</span> <span class='ocrx_word' id='word_1_140' title='bbox 1062 1594 1205 1642; x_wconf 90' lang='lat' dir='ltr'>sunt.</span> <span class='ocrx_word' id='word_1_141' title='bbox 1242 1586 1299 1641; x_wconf 88' lang='lat' dir='ltr'>Si</span> <span class='ocrx_word' id='word_1_142' title='bbox 1329 1586 1448 1658; x_wconf 91' lang='lat' dir='ltr'>quis</span> <span class='ocrx_word' id='word_1_143' title='bbox 1479 1595 1660 1641; x_wconf 86' lang='lat' dir='ltr'>autem</span> <span class='ocrx_word' id='word_1_144' title='bbox 1692 1586 1903 1641; x_wconf 83' lang='lat' dir='ltr'>videtur</span> <span class='ocrx_word' id='word_1_145' title='bbox 1930 1600 2068 1641; x_wconf 88' lang='lat' dir='ltr'>con-</span> 
     </span>
    </p>
   </div>
   <div class='ocr_carea' id='block_1_17' title="bbox 478 1674 2068 1742">
    <p class='ocr_par' dir='ltr' id='par_1_17' title="bbox 478 1674 2068 1742">
     <span class='ocr_line' id='line_1_17' title="bbox 478 1674 2068 1742; baseline -0.002 -12"><span class='ocrx_word' id='word_1_146' title='bbox 478 1699 499 1723; x_wconf 76' lang='grc' dir='ltr'><strong><em>α</em></strong></span> <span class='ocrx_word' id='word_1_147' title='bbox 546 1675 807 1730; x_wconf 91' lang='lat' dir='ltr'>tentiosus</span> <span class='ocrx_word' id='word_1_148' title='bbox 850 1691 992 1742; x_wconf 88' lang='lat' dir='ltr'>esse,</span> <span class='ocrx_word' id='word_1_149' title='bbox 1026 1690 1127 1729; x_wconf 90' lang='lat' dir='ltr'>nos</span> <span class='ocrx_word' id='word_1_150' title='bbox 1151 1674 1313 1729; x_wconf 89' lang='lat' dir='ltr'>talem</span> <span class='ocrx_word' id='word_1_151' title='bbox 1358 1674 1804 1730; x_wconf 88' lang='lat' dir='ltr'>consuetudinem</span> <span class='ocrx_word' id='word_1_152' title='bbox 1826 1690 1936 1729; x_wconf 90' lang='lat' dir='ltr'>non</span> <span class='ocrx_word' id='word_1_153' title='bbox 1964 1675 2068 1727; x_wconf 86' lang='lat' dir='ltr'>ha-</span> 
     </span>
    </p>
   </div>
   <div class='ocr_carea' id='block_1_18' title="bbox 479 1761 2066 1835">
    <p class='ocr_par' dir='ltr' id='par_1_18' title="bbox 479 1761 2066 1835">
     <span class='ocr_line' id='line_1_18' title="bbox 479 1761 2066 1835; baseline 0.001 -21"><span class='ocrx_word' id='word_1_154' title='bbox 479 1785 506 1814; x_wconf 77' lang='grc' dir='ltr'><strong><em>α</em></strong></span> <span class='ocrx_word' id='word_1_155' title='bbox 546 1764 755 1829; x_wconf 87' lang='lat' dir='ltr'>bemus,</span> <span class='ocrx_word' id='word_1_156' title='bbox 784 1780 961 1835; x_wconf 89' lang='lat' dir='ltr'>neque</span> <span class='ocrx_word' id='word_1_157' title='bbox 992 1763 1239 1819; x_wconf 89' lang='lat' dir='ltr'>Ecclesia</span> <span class='ocrx_word' id='word_1_158' title='bbox 1268 1762 1386 1818; x_wconf 89' lang='lat' dir='ltr'>Dei.</span> <span class='ocrx_word' id='word_1_159' title='bbox 1418 1764 1532 1818; x_wconf 81' lang='lat' dir='ltr'>Hoc</span> <span class='ocrx_word' id='word_1_160' title='bbox 1564 1771 1744 1817; x_wconf 90' lang='lat' dir='ltr'>autem</span> <span class='ocrx_word' id='word_1_161' title='bbox 1773 1761 2066 1833; x_wconf 66' lang='lat' dir='ltr'>praecipio:</span> 
     </span>
    </p>
   </div>
   <div class='ocr_carea' id='block_1_19' title="bbox 480 1850 2070 1923">
    <p class='ocr_par' dir='ltr' id='par_1_19' title="bbox 480 1850 2070 1923">
     <span class='ocr_line' id='line_1_19' title="bbox 480 1850 2070 1923; baseline 0 -19"><span class='ocrx_word' id='word_1_162' title='bbox 480 1874 502 1904; x_wconf 83' lang='grc'><strong>«</strong></span> <span class='ocrx_word' id='word_1_163' title='bbox 546 1868 655 1907; x_wconf 91' lang='lat' dir='ltr'>non</span> <span class='ocrx_word' id='word_1_164' title='bbox 684 1851 929 1917; x_wconf 90' lang='lat' dir='ltr'>laudans,</span> <span class='ocrx_word' id='word_1_165' title='bbox 964 1851 1108 1923; x_wconf 90' lang='lat' dir='ltr'>quod</span> <span class='ocrx_word' id='word_1_166' title='bbox 1139 1866 1248 1906; x_wconf 93' lang='lat' dir='ltr'>non</span> <span class='ocrx_word' id='word_1_167' title='bbox 1276 1851 1330 1905; x_wconf 93' lang='lat' dir='ltr'>in</span> <span class='ocrx_word' id='word_1_168' title='bbox 1360 1851 1574 1920; x_wconf 91' lang='lat' dir='ltr'>melius,</span> <span class='ocrx_word' id='word_1_169' title='bbox 1620 1851 1716 1905; x_wconf 83' lang='lat' dir='ltr'>sed</span> <span class='ocrx_word' id='word_1_170' title='bbox 1747 1851 1801 1905; x_wconf 93' lang='lat' dir='ltr'>in</span> <span class='ocrx_word' id='word_1_171' title='bbox 1830 1850 2070 1904; x_wconf 90' lang='lat' dir='ltr'>deterius</span> 
     </span>
    </p>
   </div>
   <div class='ocr_carea' id='block_1_20' title="bbox 482 1938 2072 2011">
    <p class='ocr_par' dir='ltr' id='par_1_20' title="bbox 482 1938 2072 2011">
     <span class='ocr_line' id='line_1_20' title="bbox 482 1938 2072 2011; baseline 0.001 -19"><span class='ocrx_word' id='word_1_172' title='bbox 482 1963 504 1992; x_wconf 79' lang='grc' dir='ltr'>ι</span> <span class='ocrx_word' id='word_1_173' title='bbox 549 1940 876 1997; x_wconf 89' lang='lat' dir='ltr'>convenitis.</span> <span class='ocrx_word' id='word_1_174' title='bbox 917 1939 1156 1995; x_wconf 89' lang='lat' dir='ltr'>Primum</span> <span class='ocrx_word' id='word_1_175' title='bbox 1188 1940 1409 2011; x_wconf 86' lang='lat' dir='ltr'>quidem</span> <span class='ocrx_word' id='word_1_176' title='bbox 1438 1939 1886 1995; x_wconf 87' lang='lat' dir='ltr'>convenientibus</span> <span class='ocrx_word' id='word_1_177' title='bbox 1918 1938 2072 1994; x_wconf 88' lang='lat' dir='ltr'>vobis</span> 
     </span>
    </p>
   </div>
   <div class='ocr_carea' id='block_1_21' title="bbox 482 2028 2073 2095">
    <p class='ocr_par' dir='ltr' id='par_1_21' title="bbox 482 2028 2073 2095">
     <span class='ocr_line' id='line_1_21' title="bbox 482 2028 2073 2095; baseline 0 -14"><span class='ocrx_word' id='word_1_178' title='bbox 482 2052 505 2081; x_wconf 72' lang='grc' dir='ltr'><strong>α</strong></span> <span class='ocrx_word' id='word_1_179' title='bbox 548 2028 605 2083; x_wconf 90' lang='lat' dir='ltr'>in</span> <span class='ocrx_word' id='word_1_180' title='bbox 635 2028 959 2095; x_wconf 89' lang='lat' dir='ltr'>Ecclesiam,</span> <span class='ocrx_word' id='word_1_181' title='bbox 993 2028 1154 2083; x_wconf 84' lang='lat' dir='ltr'>audio</span> <span class='ocrx_word' id='word_1_182' title='bbox 1185 2028 1455 2083; x_wconf 86' lang='lat' dir='ltr'>scissuras</span> <span class='ocrx_word' id='word_1_183' title='bbox 1482 2044 1605 2083; x_wconf 90' lang='lat' dir='ltr'>esse</span> <span class='ocrx_word' id='word_1_184' title='bbox 1634 2028 1773 2083; x_wconf 90' lang='lat' dir='ltr'>inter</span> <span class='ocrx_word' id='word_1_185' title='bbox 1802 2043 1918 2094; x_wconf 89' lang='lat' dir='ltr'>vos,</span> <span class='ocrx_word' id='word_1_186' title='bbox 1942 2035 2073 2083; x_wconf 82' lang='lat' dir='ltr'>etex</span> 
     </span>
    </p>
   </div>
   <div class='ocr_carea' id='block_1_22' title="bbox 485 2117 2077 2189">
    <p class='ocr_par' dir='ltr' id='par_1_22' title="bbox 485 2117 2077 2189">
     <span class='ocr_line' id='line_1_22' title="bbox 485 2117 2077 2189; baseline -0.002 -17"><span class='ocrx_word' id='word_1_187' title='bbox 485 2141 507 2165; x_wconf 78' lang='grc' dir='ltr'><strong><em>α</em></strong></span> <span class='ocrx_word' id='word_1_188' title='bbox 551 2125 705 2189; x_wconf 90' lang='lat' dir='ltr'>parte</span> <span class='ocrx_word' id='word_1_189' title='bbox 736 2117 923 2173; x_wconf 91' lang='lat' dir='ltr'>credo.</span> <span class='ocrx_word' id='word_1_190' title='bbox 955 2117 1092 2171; x_wconf 88' lang='lat' dir='ltr'>Nam</span> <span class='ocrx_word' id='word_1_191' title='bbox 1134 2124 1345 2188; x_wconf 90' lang='lat' dir='ltr'>oportet</span> <span class='ocrx_word' id='word_1_192' title='bbox 1374 2125 1427 2172; x_wconf 92' lang='lat' dir='ltr'>et</span> <span class='ocrx_word' id='word_1_193' title='bbox 1456 2118 1693 2172; x_wconf 64' lang='lat' dir='ltr'>haereses</span> <span class='ocrx_word' id='word_1_194' title='bbox 1743 2133 1884 2185; x_wconf 90' lang='lat' dir='ltr'>esse,</span> <span class='ocrx_word' id='word_1_195' title='bbox 1936 2122 1993 2170; x_wconf 94' lang='lat' dir='ltr'>ut</span> <span class='ocrx_word' id='word_1_196' title='bbox 2022 2121 2077 2170; x_wconf 91' lang='lat' dir='ltr'>et</span> 
     </span>
    </p>
   </div>
   <div class='ocr_carea' id='block_1_23' title="bbox 485 2203 2075 2279">
    <p class='ocr_par' dir='ltr' id='par_1_23' title="bbox 485 2203 2075 2279">
     <span class='ocr_line' id='line_1_23' title="bbox 485 2203 2075 2279; baseline -0.001 -18"><span class='ocrx_word' id='word_1_197' title='bbox 485 2231 506 2254; x_wconf 82' lang='grc' dir='ltr'>α</span> <span class='ocrx_word' id='word_1_198' title='bbox 551 2206 642 2279; x_wconf 89' lang='lat' dir='ltr'>qui</span> <span class='ocrx_word' id='word_1_199' title='bbox 672 2205 889 2278; x_wconf 86' lang='lat' dir='ltr'>probati</span> <span class='ocrx_word' id='word_1_200' title='bbox 924 2212 1069 2274; x_wconf 91' lang='lat' dir='ltr'>sunt,</span> <span class='ocrx_word' id='word_1_201' title='bbox 1100 2204 1373 2260; x_wconf 86' lang='lat' dir='ltr'>manifesti</span> <span class='ocrx_word' id='word_1_202' title='bbox 1405 2203 1536 2260; x_wconf 77' lang='lat' dir='ltr'>fiant</span> <span class='ocrx_word' id='word_1_203' title='bbox 1566 2205 1619 2259; x_wconf 93' lang='lat' dir='ltr'>in</span> <span class='ocrx_word' id='word_1_204' title='bbox 1652 2205 1825 2260; x_wconf 88' lang='lat' dir='ltr'>vobis.</span> <span class='ocrx_word' id='word_1_205' title='bbox 1858 2204 2075 2260; x_wconf 90' lang='lat' dir='ltr'>Conve-</span> 
     </span>
    </p>
   </div>
   <div class='ocr_carea' id='block_1_24' title="bbox 488 2292 2077 2366">
    <p class='ocr_par' dir='ltr' id='par_1_24' title="bbox 488 2292 2077 2366">
     <span class='ocr_line' id='line_1_24' title="bbox 488 2292 2077 2366; baseline -0.003 -16"><span class='ocrx_word' id='word_1_206' title='bbox 488 2318 509 2344; x_wconf 77' lang='grc' dir='ltr'>ι</span> <span class='ocrx_word' id='word_1_207' title='bbox 553 2294 827 2350; x_wconf 89' lang='lat' dir='ltr'>nientibus</span> <span class='ocrx_word' id='word_1_208' title='bbox 856 2309 991 2366; x_wconf 87' lang='lat' dir='ltr'>ergo</span> <span class='ocrx_word' id='word_1_209' title='bbox 1020 2293 1175 2348; x_wconf 90' lang='lat' dir='ltr'>vobis</span> <span class='ocrx_word' id='word_1_210' title='bbox 1203 2292 1258 2349; x_wconf 92' lang='lat' dir='ltr'>in</span> <span class='ocrx_word' id='word_1_211' title='bbox 1290 2310 1475 2360; x_wconf 90' lang='lat' dir='ltr'>unum,</span> <span class='ocrx_word' id='word_1_212' title='bbox 1499 2293 1613 2363; x_wconf 90' lang='lat' dir='ltr'>jam</span> <span class='ocrx_word' id='word_1_213' title='bbox 1643 2309 1751 2348; x_wconf 90' lang='lat' dir='ltr'>non</span> <span class='ocrx_word' id='word_1_214' title='bbox 1780 2300 1863 2348; x_wconf 90' lang='lat' dir='ltr'>est</span> <span class='ocrx_word' id='word_1_215' title='bbox 1892 2292 2077 2348; x_wconf 91' lang='lat' dir='ltr'>Domi-</span> 
     </span>
    </p>
   </div>
   <div class='ocr_carea' id='block_1_25' title="bbox 487 2381 2077 2453">
    <p class='ocr_par' dir='ltr' id='par_1_25' title="bbox 487 2381 2077 2453">
     <span class='ocr_line' id='line_1_25' title="bbox 487 2381 2077 2453; baseline 0 -18"><span class='ocrx_word' id='word_1_216' title='bbox 487 2406 509 2435; x_wconf 73' lang='grc' dir='ltr'>ι</span> <span class='ocrx_word' id='word_1_217' title='bbox 545 2383 725 2439; x_wconf 92' lang='lat' dir='ltr'>nicam</span> <span class='ocrx_word' id='word_1_218' title='bbox 742 2397 955 2438; x_wconf 89' lang='lat' dir='ltr'>coenam</span> <span class='ocrx_word' id='word_1_219' title='bbox 973 2381 1328 2437; x_wconf 91' lang='lat' dir='ltr'>manducare.</span> <span class='ocrx_word' id='word_1_220' title='bbox 1351 2381 1735 2453; x_wconf 88' lang='lat' dir='ltr'>Unusquisque</span> <span class='ocrx_word' id='word_1_221' title='bbox 1760 2381 1902 2436; x_wconf 89' lang='lat' dir='ltr'>enim</span> <span class='ocrx_word' id='word_1_222' title='bbox 1926 2397 2077 2435; x_wconf 91' lang='lat' dir='ltr'>suam</span> 
     </span>
    </p>
   </div>
   <div class='ocr_carea' id='block_1_26' title="bbox 487 2470 2078 2543">
    <p class='ocr_par' dir='ltr' id='par_1_26' title="bbox 487 2470 2078 2543">
     <span class='ocr_line' id='line_1_26' title="bbox 487 2470 2078 2543; baseline -0.004 -14"><span class='ocrx_word' id='word_1_223' title='bbox 487 2496 508 2521; x_wconf 73' lang='grc' dir='ltr'><strong><em>α</em></strong></span> <span class='ocrx_word' id='word_1_224' title='bbox 555 2487 769 2529; x_wconf 69' lang='lat' dir='ltr'>cmnam</span> <span class='ocrx_word' id='word_1_225' title='bbox 790 2470 1073 2543; x_wconf 71' lang='lat' dir='ltr'>prazsumit</span> <span class='ocrx_word' id='word_1_226' title='bbox 1100 2471 1169 2525; x_wconf 91' lang='lat' dir='ltr'>ad</span> <span class='ocrx_word' id='word_1_227' title='bbox 1198 2470 1658 2526; x_wconf 91' lang='lat' dir='ltr'>manducandum.</span> <span class='ocrx_word' id='word_1_228' title='bbox 1692 2471 1758 2525; x_wconf 90' lang='lat' dir='ltr'>Et</span> <span class='ocrx_word' id='word_1_229' title='bbox 1788 2470 1927 2524; x_wconf 86' lang='lat' dir='ltr'>alius</span> <span class='ocrx_word' id='word_1_230' title='bbox 1954 2470 2078 2542; x_wconf 91' lang='lat' dir='ltr'>qui-</span> 
     </span>
    </p>
   </div>
   <div class='ocr_carea' id='block_1_27' title="bbox 487 2558 2079 2630">
    <p class='ocr_par' dir='ltr' id='par_1_27' title="bbox 487 2558 2079 2630">
     <span class='ocr_line' id='line_1_27' title="bbox 487 2558 2079 2630; baseline 0.002 -20"><span class='ocrx_word' id='word_1_231' title='bbox 487 2585 509 2610; x_wconf 77' lang='grc' dir='ltr'>ιι</span> <span class='ocrx_word' id='word_1_232' title='bbox 553 2561 677 2616; x_wconf 92' lang='lat' dir='ltr'>dem</span> <span class='ocrx_word' id='word_1_233' title='bbox 707 2558 892 2627; x_wconf 87' lang='lat' dir='ltr'>esurit,</span> <span class='ocrx_word' id='word_1_234' title='bbox 924 2559 1062 2614; x_wconf 90' lang='lat' dir='ltr'>alius</span> <span class='ocrx_word' id='word_1_235' title='bbox 1106 2566 1285 2614; x_wconf 89' lang='lat' dir='ltr'>autem</span> <span class='ocrx_word' id='word_1_236' title='bbox 1325 2559 1510 2614; x_wconf 91' lang='lat' dir='ltr'>ebrius</span> <span class='ocrx_word' id='word_1_237' title='bbox 1557 2567 1657 2615; x_wconf 88' lang='lat' dir='ltr'>est.</span> <span class='ocrx_word' id='word_1_238' title='bbox 1686 2558 1943 2630; x_wconf 86' lang='lat' dir='ltr'>Nunquid</span> <span class='ocrx_word' id='word_1_239' title='bbox 1974 2558 2079 2613; x_wconf 86' lang='lat' dir='ltr'>do-</span> 
     </span>
    </p>
   </div>
   <div class='ocr_carea' id='block_1_28' title="bbox 488 2646 2080 2711">
    <p class='ocr_par' dir='ltr' id='par_1_28' title="bbox 488 2646 2080 2711">
     <span class='ocr_line' id='line_1_28' title="bbox 488 2646 2080 2711; baseline 0.001 -12"><span class='ocrx_word' id='word_1_240' title='bbox 488 2674 509 2699; x_wconf 78' lang='grc' dir='ltr'><strong><em>α</em></strong></span> <span class='ocrx_word' id='word_1_241' title='bbox 554 2664 674 2705; x_wconf 84' lang='lat' dir='ltr'>mos</span> <span class='ocrx_word' id='word_1_242' title='bbox 704 2664 812 2703; x_wconf 94' lang='lat' dir='ltr'>non</span> <span class='ocrx_word' id='word_1_243' title='bbox 842 2647 1074 2711; x_wconf 86' lang='lat' dir='ltr'>habetis,</span> <span class='ocrx_word' id='word_1_244' title='bbox 1103 2648 1172 2703; x_wconf 91' lang='lat' dir='ltr'>ad</span> <span class='ocrx_word' id='word_1_245' title='bbox 1200 2647 1635 2703; x_wconf 90' lang='lat' dir='ltr'>manducandum</span> <span class='ocrx_word' id='word_1_246' title='bbox 1664 2654 1715 2702; x_wconf 91' lang='lat' dir='ltr'>et</span> <span class='ocrx_word' id='word_1_247' title='bbox 1743 2646 2080 2702; x_wconf 83' lang='lat' dir='ltr'>bibendum?</span> 
     </span>
    </p>
   </div>
   <div class='ocr_carea' id='block_1_29' title="bbox 490 2735 2080 2806">
    <p class='ocr_par' dir='ltr' id='par_1_29' title="bbox 490 2735 2080 2806">
     <span class='ocr_line' id='line_1_29' title="bbox 490 2735 2080 2806; baseline -0.001 -15"><span class='ocrx_word' id='word_1_248' title='bbox 490 2760 512 2791; x_wconf 73' lang='grc' dir='ltr'>ι</span> <span class='ocrx_word' id='word_1_249' title='bbox 556 2740 662 2794; x_wconf 79' lang='lat' dir='ltr'>Aut</span> <span class='ocrx_word' id='word_1_250' title='bbox 690 2736 994 2793; x_wconf 90' lang='lat' dir='ltr'>Ecclesiam</span> <span class='ocrx_word' id='word_1_251' title='bbox 1023 2736 1123 2792; x_wconf 89' lang='lat' dir='ltr'>Dei</span> <span class='ocrx_word' id='word_1_252' title='bbox 1147 2736 1509 2806; x_wconf 86' lang='lat' dir='ltr'>contemnitis,</span> <span class='ocrx_word' id='word_1_253' title='bbox 1543 2744 1595 2791; x_wconf 90' lang='lat' dir='ltr'>et</span> <span class='ocrx_word' id='word_1_254' title='bbox 1623 2735 1955 2792; x_wconf 85' lang='lat' dir='ltr'>confunditis</span> <span class='ocrx_word' id='word_1_255' title='bbox 1984 2752 2080 2790; x_wconf 92' lang='lat' dir='ltr'>eos</span> 
     </span>
    </p>
   </div>
   <div class='ocr_carea' id='block_1_30' title="bbox 489 2823 2082 2900">
    <p class='ocr_par' dir='ltr' id='par_1_30' title="bbox 489 2823 2082 2900">
     <span class='ocr_line' id='line_1_30' title="bbox 489 2823 2082 2900; baseline -0.001 -20"><span class='ocrx_word' id='word_1_256' title='bbox 489 2848 511 2880; x_wconf 75' lang='grc' dir='ltr'>ι</span> <span class='ocrx_word' id='word_1_257' title='bbox 556 2825 649 2900; x_wconf 89' lang='lat' dir='ltr'>qui</span> <span class='ocrx_word' id='word_1_258' title='bbox 669 2842 778 2881; x_wconf 90' lang='lat' dir='ltr'>non</span> <span class='ocrx_word' id='word_1_259' title='bbox 806 2825 1044 2881; x_wconf 82' lang='lat' dir='ltr'>habent?</span> <span class='ocrx_word' id='word_1_260' title='bbox 1066 2824 1208 2894; x_wconf 88' lang='lat' dir='ltr'>Quid</span> <span class='ocrx_word' id='word_1_261' title='bbox 1231 2826 1408 2881; x_wconf 92' lang='lat' dir='ltr'>dicam</span> <span class='ocrx_word' id='word_1_262' title='bbox 1431 2825 1624 2881; x_wconf 84' lang='lat' dir='ltr'>vobis?</span> <span class='ocrx_word' id='word_1_263' title='bbox 1654 2825 1836 2879; x_wconf 89' lang='lat' dir='ltr'>Laudo</span> <span class='ocrx_word' id='word_1_264' title='bbox 1856 2841 1952 2879; x_wconf 88' lang='lat' dir='ltr'>vos</span> <span class='ocrx_word' id='word_1_265' title='bbox 1971 2824 1999 2878; x_wconf 85' lang='lat'><strong>?</strong></span> <span class='ocrx_word' id='word_1_266' title='bbox 2027 2823 2082 2878; x_wconf 91' lang='lat' dir='ltr'>in</span> 
     </span>
    </p>
   </div>
   <div class='ocr_carea' id='block_1_31' title="bbox 492 2912 2083 2986">
    <p class='ocr_par' dir='ltr' id='par_1_31' title="bbox 492 2912 2083 2986">
     <span class='ocr_line' id='line_1_31' title="bbox 492 2912 2083 2986; baseline -0.001 -19"><span class='ocrx_word' id='word_1_267' title='bbox 492 2938 515 2967; x_wconf 74' lang='grc' dir='ltr'>ι</span> <span class='ocrx_word' id='word_1_268' title='bbox 559 2916 661 2971; x_wconf 90' lang='lat' dir='ltr'>hoc</span> <span class='ocrx_word' id='word_1_269' title='bbox 690 2930 800 2969; x_wconf 91' lang='lat' dir='ltr'>non</span> <span class='ocrx_word' id='word_1_270' title='bbox 828 2913 1012 2969; x_wconf 92' lang='lat' dir='ltr'>laudo.</span> <span class='ocrx_word' id='word_1_271' title='bbox 1046 2914 1166 2986; x_wconf 87' lang='lat' dir='ltr'>Ego</span> <span class='ocrx_word' id='word_1_272' title='bbox 1197 2913 1342 2969; x_wconf 91' lang='lat' dir='ltr'>enim</span> <span class='ocrx_word' id='word_1_273' title='bbox 1372 2913 1557 2984; x_wconf 87' lang='lat' dir='ltr'>accepi</span> <span class='ocrx_word' id='word_1_274' title='bbox 1586 2929 1617 2967; x_wconf 90' lang='lat' dir='ltr'>a</span> <span class='ocrx_word' id='word_1_275' title='bbox 1650 2912 1901 2979; x_wconf 91' lang='lat' dir='ltr'>Domino,</span> <span class='ocrx_word' id='word_1_276' title='bbox 1936 2912 2083 2984; x_wconf 91' lang='lat' dir='ltr'>quod</span> 
     </span>
    </p>
   </div>
   <div class='ocr_carea' id='block_1_32' title="bbox 496 3001 2083 3074">
    <p class='ocr_par' dir='ltr' id='par_1_32' title="bbox 496 3001 2083 3074">
     <span class='ocr_line' id='line_1_32' title="bbox 496 3001 2083 3074; baseline -0.001 -18"><span class='ocrx_word' id='word_1_277' title='bbox 496 3024 517 3056; x_wconf 81' lang='grc' dir='ltr'>ι</span> <span class='ocrx_word' id='word_1_278' title='bbox 562 3011 615 3059; x_wconf 92' lang='lat' dir='ltr'>et</span> <span class='ocrx_word' id='word_1_279' title='bbox 658 3002 857 3057; x_wconf 89' lang='lat' dir='ltr'>tradidi</span> <span class='ocrx_word' id='word_1_280' title='bbox 905 3001 1082 3069; x_wconf 90' lang='lat' dir='ltr'>vobis,</span> <span class='ocrx_word' id='word_1_281' title='bbox 1127 3001 1383 3074; x_wconf 90' lang='lat' dir='ltr'>quoniam</span> <span class='ocrx_word' id='word_1_282' title='bbox 1414 3001 1680 3057; x_wconf 91' lang='lat' dir='ltr'>Dominus</span> <span class='ocrx_word' id='word_1_283' title='bbox 1711 3010 1897 3057; x_wconf 89' lang='lat' dir='ltr'>noster</span> <span class='ocrx_word' id='word_1_284' title='bbox 1925 3001 2083 3055; x_wconf 87' lang='lat' dir='ltr'>Jesus</span> 
     </span>
    </p>
   </div>
   <div class='ocr_carea' id='block_1_33' title="bbox 498 3088 2082 3161">
    <p class='ocr_par' dir='ltr' id='par_1_33' title="bbox 498 3088 2082 3161">
     <span class='ocr_line' id='line_1_33' title="bbox 498 3088 2082 3161; baseline -0.002 -15"><span class='ocrx_word' id='word_1_285' title='bbox 498 3117 519 3140; x_wconf 76' lang='grc' dir='ltr'><strong><em>α</em></strong></span> <span class='ocrx_word' id='word_1_286' title='bbox 564 3091 811 3147; x_wconf 88' lang='lat' dir='ltr'>Christus</span> <span class='ocrx_word' id='word_1_287' title='bbox 839 3090 895 3144; x_wconf 90' lang='lat' dir='ltr'>in</span> <span class='ocrx_word' id='word_1_288' title='bbox 923 3106 1026 3161; x_wconf 90' lang='lat' dir='ltr'>qua</span> <span class='ocrx_word' id='word_1_289' title='bbox 1054 3098 1212 3145; x_wconf 90' lang='lat' dir='ltr'>nocte</span> <span class='ocrx_word' id='word_1_290' title='bbox 1255 3090 1590 3160; x_wconf 90' lang='lat' dir='ltr'>tradebatur,</span> <span class='ocrx_word' id='word_1_291' title='bbox 1623 3088 1833 3161; x_wconf 91' lang='lat' dir='ltr'>accepit</span> <span class='ocrx_word' id='word_1_292' title='bbox 1862 3105 2082 3161; x_wconf 86' lang='lat' dir='ltr'>panem,</span> 
     </span>
    </p>
   </div>
   <div class='ocr_carea' id='block_1_34' title="bbox 493 3177 2084 3252">
    <p class='ocr_par' dir='ltr' id='par_1_34' title="bbox 493 3177 2084 3252">
     <span class='ocr_line' id='line_1_34' title="bbox 493 3177 2084 3252; baseline 0.001 -23"><span class='ocrx_word' id='word_1_293' title='bbox 493 3205 515 3229; x_wconf 70' lang='grc' dir='ltr'>ι</span> <span class='ocrx_word' id='word_1_294' title='bbox 561 3188 614 3236; x_wconf 90' lang='lat' dir='ltr'>et</span> <span class='ocrx_word' id='word_1_295' title='bbox 643 3178 848 3252; x_wconf 88' lang='lat' dir='ltr'>gratias</span> <span class='ocrx_word' id='word_1_296' title='bbox 866 3194 1039 3251; x_wconf 90' lang='lat' dir='ltr'>agens</span> <span class='ocrx_word' id='word_1_297' title='bbox 1066 3177 1245 3249; x_wconf 86' lang='lat' dir='ltr'>fregit,</span> <span class='ocrx_word' id='word_1_298' title='bbox 1278 3186 1332 3233; x_wconf 91' lang='lat' dir='ltr'>et</span> <span class='ocrx_word' id='word_1_299' title='bbox 1359 3178 1493 3233; x_wconf 88' lang='lat' dir='ltr'>dixit</span> <span class='ocrx_word' id='word_1_300' title='bbox 1525 3193 1537 3232; x_wconf 90' lang='lat'>:</span> <span class='ocrx_word' id='word_1_301' title='bbox 1583 3178 1825 3249; x_wconf 79' lang='lat' dir='ltr'>Accipite</span> <span class='ocrx_word' id='word_1_302' title='bbox 1856 3186 1907 3234; x_wconf 89' lang='lat' dir='ltr'>et</span> <span class='ocrx_word' id='word_1_303' title='bbox 1938 3194 2084 3232; x_wconf 89' lang='lat' dir='ltr'>man-</span> 
     </span>
    </p>
   </div>
   <div class='ocr_carea' id='block_1_35' title="bbox 491 3265 2087 3339">
    <p class='ocr_par' dir='ltr' id='par_1_35' title="bbox 491 3265 2087 3339">
     <span class='ocr_line' id='line_1_35' title="bbox 491 3265 2087 3339; baseline -0.001 -18"><span class='ocrx_word' id='word_1_304' title='bbox 491 3290 514 3321; x_wconf 77' lang='grc' dir='ltr'>ι</span> <span class='ocrx_word' id='word_1_305' title='bbox 556 3268 754 3324; x_wconf 90' lang='lat' dir='ltr'>ducate</span> <span class='ocrx_word' id='word_1_306' title='bbox 788 3285 801 3321; x_wconf 91' lang='lat'><strong>:</strong></span> <span class='ocrx_word' id='word_1_307' title='bbox 834 3267 950 3323; x_wconf 86' lang='lat' dir='ltr'>Hoc</span> <span class='ocrx_word' id='word_1_308' title='bbox 980 3274 1063 3321; x_wconf 90' lang='lat' dir='ltr'>est</span> <span class='ocrx_word' id='word_1_309' title='bbox 1089 3282 1285 3338; x_wconf 90' lang='lat' dir='ltr'>corpus</span> <span class='ocrx_word' id='word_1_310' title='bbox 1322 3283 1522 3331; x_wconf 90' lang='lat' dir='ltr'>meum,</span> <span class='ocrx_word' id='word_1_311' title='bbox 1571 3266 1716 3339; x_wconf 90' lang='lat' dir='ltr'>quod</span> <span class='ocrx_word' id='word_1_312' title='bbox 1764 3282 1863 3337; x_wconf 94' lang='lat' dir='ltr'>pro</span> <span class='ocrx_word' id='word_1_313' title='bbox 1892 3265 2087 3338; x_wconf 91' lang='lat' dir='ltr'>[omni-</span> 
     </span>
    </p>
   </div>
   <div class='ocr_carea' id='block_1_36' title="bbox 502 3354 2085 3429">
    <p class='ocr_par' dir='ltr' id='par_1_36' title="bbox 502 3354 2085 3429">
     <span class='ocr_line' id='line_1_36' title="bbox 502 3354 2085 3429; baseline 0 -18"><span class='ocrx_word' id='word_1_314' title='bbox 502 3380 525 3410; x_wconf 74' lang='grc' dir='ltr'>ι</span> <span class='ocrx_word' id='word_1_315' title='bbox 568 3356 691 3429; x_wconf 89' lang='lat' dir='ltr'>bus]</span> <span class='ocrx_word' id='word_1_316' title='bbox 721 3355 876 3411; x_wconf 89' lang='lat' dir='ltr'>vobis</span> <span class='ocrx_word' id='word_1_317' title='bbox 915 3355 1176 3421; x_wconf 89' lang='lat' dir='ltr'>tradetur;</span> <span class='ocrx_word' id='word_1_318' title='bbox 1214 3356 1318 3412; x_wconf 90' lang='lat' dir='ltr'>hoc</span> <span class='ocrx_word' id='word_1_319' title='bbox 1365 3354 1523 3410; x_wconf 92' lang='lat' dir='ltr'>facite</span> <span class='ocrx_word' id='word_1_320' title='bbox 1552 3354 1606 3409; x_wconf 91' lang='lat' dir='ltr'>in</span> <span class='ocrx_word' id='word_1_321' title='bbox 1636 3371 1811 3410; x_wconf 92' lang='lat' dir='ltr'>meam</span> <span class='ocrx_word' id='word_1_322' title='bbox 1841 3371 2085 3411; x_wconf 89' lang='lat' dir='ltr'>comme-</span> 
     </span>
    </p>
   </div>
   <div class='ocr_carea' id='block_1_37' title="bbox 501 3443 2086 3516">
    <p class='ocr_par' dir='ltr' id='par_1_37' title="bbox 501 3443 2086 3516">
     <span class='ocr_line' id='line_1_37' title="bbox 501 3443 2086 3516; baseline 0.001 -20"><span class='ocrx_word' id='word_1_323' title='bbox 501 3470 522 3496; x_wconf 75' lang='grc' dir='ltr'>ι</span> <span class='ocrx_word' id='word_1_324' title='bbox 566 3444 938 3502; x_wconf 91' lang='lat' dir='ltr'>morationem.</span> <span class='ocrx_word' id='word_1_325' title='bbox 974 3443 1228 3499; x_wconf 91' lang='lat' dir='ltr'>Similiter</span> <span class='ocrx_word' id='word_1_326' title='bbox 1274 3451 1326 3499; x_wconf 90' lang='lat' dir='ltr'>et</span> <span class='ocrx_word' id='word_1_327' title='bbox 1355 3443 1601 3512; x_wconf 90' lang='lat' dir='ltr'>calicem,</span> <span class='ocrx_word' id='word_1_328' title='bbox 1637 3452 1928 3516; x_wconf 89' lang='lat' dir='ltr'>postquam</span> <span class='ocrx_word' id='word_1_329' title='bbox 1975 3460 2086 3499; x_wconf 73' lang='lat' dir='ltr'>cre-</span> 
     </span>
    </p>
   </div>
   <div class='ocr_carea' id='block_1_38' title="bbox 496 3532 2087 3601">
    <p class='ocr_par' dir='ltr' id='par_1_38' title="bbox 496 3532 2087 3601">
     <span class='ocr_line' id='line_1_38' title="bbox 496 3532 2087 3601; baseline -0.001 -14"><span class='ocrx_word' id='word_1_330' title='bbox 496 3557 519 3587; x_wconf 81' lang='grc'><strong>«</strong></span> <span class='ocrx_word' id='word_1_331' title='bbox 563 3535 731 3601; x_wconf 91' lang='lat' dir='ltr'>navit,</span> <span class='ocrx_word' id='word_1_332' title='bbox 764 3533 953 3589; x_wconf 88' lang='lat' dir='ltr'>dicens</span> <span class='ocrx_word' id='word_1_333' title='bbox 986 3551 1000 3587; x_wconf 88' lang='lat'>:</span> <span class='ocrx_word' id='word_1_334' title='bbox 1034 3532 1133 3589; x_wconf 82' lang='lat' dir='ltr'>Hic</span> <span class='ocrx_word' id='word_1_335' title='bbox 1158 3532 1295 3588; x_wconf 89' lang='lat' dir='ltr'>calix</span> <span class='ocrx_word' id='word_1_336' title='bbox 1343 3549 1541 3589; x_wconf 93' lang='lat' dir='ltr'>novum</span> <span class='ocrx_word' id='word_1_337' title='bbox 1591 3541 1974 3588; x_wconf 89' lang='lat' dir='ltr'>testamentum</span> <span class='ocrx_word' id='word_1_338' title='bbox 2004 3540 2087 3587; x_wconf 94' lang='lat' dir='ltr'>est</span> 
     </span>
    </p>
   </div>
   <div class='ocr_carea' id='block_1_39' title="bbox 495 3620 2081 3695">
    <p class='ocr_par' dir='ltr' id='par_1_39' title="bbox 495 3620 2081 3695">
     <span class='ocr_line' id='line_1_39' title="bbox 495 3620 2081 3695; baseline 0.003 -22"><span class='ocrx_word' id='word_1_339' title='bbox 495 3648 517 3673; x_wconf 74' lang='grc' dir='ltr'><strong>α</strong></span> <span class='ocrx_word' id='word_1_340' title='bbox 561 3623 616 3679; x_wconf 92' lang='lat' dir='ltr'>in</span> <span class='ocrx_word' id='word_1_341' title='bbox 636 3638 759 3679; x_wconf 91' lang='lat' dir='ltr'>meo</span> <span class='ocrx_word' id='word_1_342' title='bbox 787 3621 1071 3695; x_wconf 89' lang='lat' dir='ltr'>sanguine;</span> <span class='ocrx_word' id='word_1_343' title='bbox 1086 3621 1189 3677; x_wconf 91' lang='lat' dir='ltr'>hoc</span> <span class='ocrx_word' id='word_1_344' title='bbox 1202 3620 1378 3687; x_wconf 87' lang='lat' dir='ltr'>facite,</span> <span class='ocrx_word' id='word_1_345' title='bbox 1394 3622 1821 3694; x_wconf 89' lang='lat' dir='ltr'>quotiescunque</span> <span class='ocrx_word' id='word_1_346' title='bbox 1835 3622 2081 3688; x_wconf 75' lang='lat' dir='ltr'>sumitis,</span> 
     </span>
    </p>
   </div>
   <div class='ocr_carea' id='block_1_40' title="bbox 498 3710 2085 3781">
    <p class='ocr_par' dir='ltr' id='par_1_40' title="bbox 498 3710 2085 3781">
     <span class='ocr_line' id='line_1_40' title="bbox 498 3710 2085 3781; baseline 0.001 -17"><span class='ocrx_word' id='word_1_347' title='bbox 498 3734 521 3764; x_wconf 73' lang='grc' dir='ltr'>ι</span> <span class='ocrx_word' id='word_1_348' title='bbox 564 3712 619 3767; x_wconf 94' lang='lat' dir='ltr'>in</span> <span class='ocrx_word' id='word_1_349' title='bbox 648 3728 825 3768; x_wconf 91' lang='lat' dir='ltr'>meam</span> <span class='ocrx_word' id='word_1_350' title='bbox 847 3710 1439 3766; x_wconf 88' lang='lat' dir='ltr'>commemorationem.</span> <span class='ocrx_word' id='word_1_351' title='bbox 1475 3710 1918 3781; x_wconf 86' lang='lat' dir='ltr'>Quotiescunque</span> <span class='ocrx_word' id='word_1_352' title='bbox 1940 3710 2085 3765; x_wconf 91' lang='lat' dir='ltr'>enim</span> 
     </span>
    </p>
   </div>
   <div class='ocr_carea' id='block_1_41' title="bbox 500 3798 2083 3869">
    <p class='ocr_par' dir='ltr' id='par_1_41' title="bbox 500 3798 2083 3869">
     <span class='ocr_line' id='line_1_41' title="bbox 500 3798 2083 3869; baseline 0 -17"><span class='ocrx_word' id='word_1_353' title='bbox 500 3822 523 3852; x_wconf 72' lang='grc' dir='ltr'>ι</span> <span class='ocrx_word' id='word_1_354' title='bbox 562 3798 957 3855; x_wconf 87' lang='lat' dir='ltr'>manducabitis</span> <span class='ocrx_word' id='word_1_355' title='bbox 1018 3814 1216 3869; x_wconf 86' lang='lat' dir='ltr'>panem</span> <span class='ocrx_word' id='word_1_356' title='bbox 1281 3800 1441 3867; x_wconf 91' lang='lat' dir='ltr'>hunc,</span> <span class='ocrx_word' id='word_1_357' title='bbox 1485 3806 1539 3854; x_wconf 93' lang='lat' dir='ltr'>et</span> <span class='ocrx_word' id='word_1_358' title='bbox 1584 3798 1809 3854; x_wconf 88' lang='lat' dir='ltr'>calicem</span> <span class='ocrx_word' id='word_1_359' title='bbox 1866 3798 2083 3868; x_wconf 89' lang='lat' dir='ltr'>bibetis,</span> 
     </span>
    </p>
   </div>
   <div class='ocr_carea' id='block_1_42' title="bbox 498 3886 2086 3953">
    <p class='ocr_par' dir='ltr' id='par_1_42' title="bbox 498 3886 2086 3953">
     <span class='ocr_line' id='line_1_42' title="bbox 498 3886 2086 3953; baseline -0.001 -10"><span class='ocrx_word' id='word_1_360' title='bbox 498 3913 520 3937; x_wconf 86' lang='lat'><strong>«</strong></span> <span class='ocrx_word' id='word_1_361' title='bbox 564 3898 798 3944; x_wconf 91' lang='lat' dir='ltr'>mortem</span> <span class='ocrx_word' id='word_1_362' title='bbox 816 3886 1031 3942; x_wconf 92' lang='lat' dir='ltr'>Domini</span> <span class='ocrx_word' id='word_1_363' title='bbox 1052 3887 1459 3953; x_wconf 89' lang='lat' dir='ltr'>annuntiabitis,</span> <span class='ocrx_word' id='word_1_364' title='bbox 1494 3888 1670 3943; x_wconf 90' lang='lat' dir='ltr'>donec</span> <span class='ocrx_word' id='word_1_365' title='bbox 1698 3886 1898 3942; x_wconf 90' lang='lat' dir='ltr'>veniat.</span> <span class='ocrx_word' id='word_1_366' title='bbox 1941 3888 2086 3942; x_wconf 83' lang='lat' dir='ltr'>«Ita-</span> 
     </span>
    </p>
   </div>
   <div class='ocr_carea' id='block_1_43' title="bbox 500 3975 2091 4049">
    <p class='ocr_par' dir='ltr' id='par_1_43' title="bbox 500 3975 2091 4049">
     <span class='ocr_line' id='line_1_43' title="bbox 500 3975 2091 4049; baseline -0.001 -16"><span class='ocrx_word' id='word_1_367' title='bbox 500 4001 522 4026; x_wconf 76' lang='grc' dir='ltr'><strong><em>α</em></strong></span> <span class='ocrx_word' id='word_1_368' title='bbox 568 3994 672 4049; x_wconf 91' lang='lat' dir='ltr'>que</span> <span class='ocrx_word' id='word_1_369' title='bbox 702 3977 1014 4049; x_wconf 89' lang='lat' dir='ltr'>quicunque</span> <span class='ocrx_word' id='word_1_370' title='bbox 1060 3976 1470 4031; x_wconf 88' lang='lat' dir='ltr'>manducaverit</span> <span class='ocrx_word' id='word_1_371' title='bbox 1506 3993 1722 4047; x_wconf 91' lang='lat' dir='ltr'>panem,</span> <span class='ocrx_word' id='word_1_372' title='bbox 1759 3976 1846 4031; x_wconf 90' lang='lat' dir='ltr'>vel</span> <span class='ocrx_word' id='word_1_373' title='bbox 1892 3975 2091 4031; x_wconf 89' lang='lat' dir='ltr'>biberit</span> 
     </span>
    </p>
   </div>
   <div class='ocr_carea' id='block_1_44' title="bbox 496 4064 2091 4136">
    <p class='ocr_par' dir='ltr' id='par_1_44' title="bbox 496 4064 2091 4136">
     <span class='ocr_line' id='line_1_44' title="bbox 496 4064 2091 4136; baseline -0.002 -13"><span class='ocrx_word' id='word_1_374' title='bbox 496 4090 526 4114; x_wconf 68' lang='grc' dir='ltr'><strong><em>ο</em></strong></span> <span class='ocrx_word' id='word_1_375' title='bbox 564 4066 793 4123; x_wconf 89' lang='lat' dir='ltr'>calicem</span> <span class='ocrx_word' id='word_1_376' title='bbox 811 4065 1026 4121; x_wconf 90' lang='lat' dir='ltr'>Domini</span> <span class='ocrx_word' id='word_1_377' title='bbox 1052 4064 1295 4136; x_wconf 88' lang='lat' dir='ltr'>indigne,</span> <span class='ocrx_word' id='word_1_378' title='bbox 1328 4081 1457 4120; x_wconf 91' lang='lat' dir='ltr'>reus</span> <span class='ocrx_word' id='word_1_379' title='bbox 1484 4065 1587 4120; x_wconf 91' lang='lat' dir='ltr'>erit</span> <span class='ocrx_word' id='word_1_380' title='bbox 1616 4065 1862 4136; x_wconf 89' lang='lat' dir='ltr'>corporis</span> <span class='ocrx_word' id='word_1_381' title='bbox 1883 4073 1932 4120; x_wconf 93' lang='lat' dir='ltr'>et</span> <span class='ocrx_word' id='word_1_382' title='bbox 1962 4082 2091 4120; x_wconf 89' lang='lat' dir='ltr'>san-</span> 
     </span>
    </p>
   </div>
   <div class='ocr_carea' id='block_1_45' title="bbox 497 4154 2088 4228">
    <p class='ocr_par' dir='ltr' id='par_1_45' title="bbox 497 4154 2088 4228">
     <span class='ocr_line' id='line_1_45' title="bbox 497 4154 2088 4228; baseline -0.001 -19"><span class='ocrx_word' id='word_1_383' title='bbox 497 4180 519 4201; x_wconf 74' lang='grc' dir='ltr'><strong>α</strong></span> <span class='ocrx_word' id='word_1_384' title='bbox 561 4154 742 4228; x_wconf 80' lang='lat' dir='ltr'>guinis</span> <span class='ocrx_word' id='word_1_385' title='bbox 772 4154 985 4209; x_wconf 88' lang='lat' dir='ltr'>Domini</span> <span class='ocrx_word' id='word_1_386' title='bbox 1018 4154 1199 4225; x_wconf 85' lang='lat' dir='ltr'>(Joan.</span> <span class='ocrx_word' id='word_1_387' title='bbox 1234 4168 1310 4220; x_wconf 72' lang='lat' dir='ltr'>vr,</span> <span class='ocrx_word' id='word_1_388' title='bbox 1345 4154 1490 4224; x_wconf 76' lang='grc'>59).»</span> <span class='ocrx_word' id='word_1_389' title='bbox 1535 4154 1731 4209; x_wconf 88' lang='lat' dir='ltr'>Probet</span> <span class='ocrx_word' id='word_1_390' title='bbox 1775 4162 1955 4209; x_wconf 90' lang='lat' dir='ltr'>autem</span> <span class='ocrx_word' id='word_1_391' title='bbox 1996 4171 2088 4208; x_wconf 90' lang='lat' dir='ltr'>se-</span> 
     </span>
    </p>
   </div>
   <div class='ocr_carea' id='block_1_46' title="bbox 497 4241 2089 4315">
    <p class='ocr_par' dir='ltr' id='par_1_46' title="bbox 497 4241 2089 4315">
     <span class='ocr_line' id='line_1_46' title="bbox 497 4241 2089 4315; baseline 0.003 -20"><span class='ocrx_word' id='word_1_392' title='bbox 497 4266 519 4295; x_wconf 75' lang='grc' dir='ltr'>ι</span> <span class='ocrx_word' id='word_1_393' title='bbox 564 4243 741 4315; x_wconf 93' lang='lat' dir='ltr'>ipsum</span> <span class='ocrx_word' id='word_1_394' title='bbox 769 4244 952 4311; x_wconf 92' lang='lat' dir='ltr'>homo,</span> <span class='ocrx_word' id='word_1_395' title='bbox 987 4251 1039 4297; x_wconf 94' lang='lat' dir='ltr'>et</span> <span class='ocrx_word' id='word_1_396' title='bbox 1067 4241 1146 4297; x_wconf 89' lang='lat' dir='ltr'>sic</span> <span class='ocrx_word' id='word_1_397' title='bbox 1178 4242 1245 4297; x_wconf 90' lang='lat' dir='ltr'>de</span> <span class='ocrx_word' id='word_1_398' title='bbox 1267 4258 1403 4312; x_wconf 90' lang='lat' dir='ltr'>pane</span> <span class='ocrx_word' id='word_1_399' title='bbox 1432 4241 1525 4297; x_wconf 93' lang='lat' dir='ltr'>illo</span> <span class='ocrx_word' id='word_1_400' title='bbox 1556 4243 1700 4309; x_wconf 89' lang='lat' dir='ltr'>edat,</span> <span class='ocrx_word' id='word_1_401' title='bbox 1725 4251 1778 4297; x_wconf 93' lang='lat' dir='ltr'>et</span> <span class='ocrx_word' id='word_1_402' title='bbox 1808 4242 1874 4297; x_wconf 91' lang='lat' dir='ltr'>de</span> <span class='ocrx_word' id='word_1_403' title='bbox 1918 4242 2089 4299; x_wconf 90' lang='lat' dir='ltr'>calice</span> 
     </span>
    </p>
   </div>
   <div class='ocr_carea' id='block_1_47' title="bbox 499 4325 2090 4399">
    <p class='ocr_par' dir='ltr' id='par_1_47' title="bbox 499 4325 2090 4399">
     <span class='ocr_line' id='line_1_47' title="bbox 499 4325 2090 4399; baseline 0.001 -19"><span class='ocrx_word' id='word_1_404' title='bbox 499 4350 521 4380; x_wconf 71' lang='grc' dir='ltr'>ι</span> <span class='ocrx_word' id='word_1_405' title='bbox 565 4328 740 4382; x_wconf 89' lang='lat' dir='ltr'>bibat.</span> <span class='ocrx_word' id='word_1_406' title='bbox 781 4325 887 4395; x_wconf 89' lang='lat' dir='ltr'>Qui</span> <span class='ocrx_word' id='word_1_407' title='bbox 914 4326 1058 4382; x_wconf 91' lang='lat' dir='ltr'>enim</span> <span class='ocrx_word' id='word_1_408' title='bbox 1097 4326 1383 4383; x_wconf 90' lang='lat' dir='ltr'>manducat</span> <span class='ocrx_word' id='word_1_409' title='bbox 1425 4334 1478 4381; x_wconf 91' lang='lat' dir='ltr'>et</span> <span class='ocrx_word' id='word_1_410' title='bbox 1506 4326 1640 4381; x_wconf 89' lang='lat' dir='ltr'>bibit</span> <span class='ocrx_word' id='word_1_411' title='bbox 1666 4326 1910 4399; x_wconf 85' lang='lat' dir='ltr'>indigne,</span> <span class='ocrx_word' id='word_1_412' title='bbox 1936 4327 2090 4396; x_wconf 90' lang='lat' dir='ltr'>judi-</span> 
     </span>
    </p>
   </div>
   <div class='ocr_carea' id='block_1_48' title="bbox 502 4415 2091 4485">
    <p class='ocr_par' dir='ltr' id='par_1_48' title="bbox 502 4415 2091 4485">
     <span class='ocr_line' id='line_1_48' title="bbox 502 4415 2091 4485; baseline 0 -16"><span class='ocrx_word' id='word_1_413' title='bbox 502 4440 525 4469; x_wconf 74' lang='lat'><strong>¢</strong></span> <span class='ocrx_word' id='word_1_414' title='bbox 569 4417 710 4473; x_wconf 92' lang='lat' dir='ltr'>cium</span> <span class='ocrx_word' id='word_1_415' title='bbox 734 4416 837 4471; x_wconf 91' lang='lat' dir='ltr'>sibi</span> <span class='ocrx_word' id='word_1_416' title='bbox 865 4415 1160 4471; x_wconf 86' lang='lat' dir='ltr'>manducat</span> <span class='ocrx_word' id='word_1_417' title='bbox 1204 4423 1256 4471; x_wconf 92' lang='lat' dir='ltr'>et</span> <span class='ocrx_word' id='word_1_418' title='bbox 1284 4415 1438 4485; x_wconf 87' lang='lat' dir='ltr'>bibit,</span> <span class='ocrx_word' id='word_1_419' title='bbox 1469 4432 1579 4470; x_wconf 90' lang='lat' dir='ltr'>non</span> <span class='ocrx_word' id='word_1_420' title='bbox 1619 4415 1922 4484; x_wconf 82' lang='lat' dir='ltr'>dijudicans</span> <span class='ocrx_word' id='word_1_421' title='bbox 1968 4431 2091 4471; x_wconf 90' lang='lat' dir='ltr'>cor-</span> 
     </span>
    </p>
   </div>
   <div class='ocr_carea' id='block_1_49' title="bbox 2161 614 3766 688">
    <p class='ocr_par' dir='ltr' id='par_1_49' title="bbox 2161 614 3766 688">
     <span class='ocr_line' id='line_1_49' title="bbox 2161 614 3766 688; baseline -0.001 -19"><span class='ocrx_word' id='word_1_422' title='bbox 2161 631 2231 670; x_wconf 90' lang='lat' dir='ltr'>ne</span> <span class='ocrx_word' id='word_1_423' title='bbox 2261 615 2483 670; x_wconf 90' lang='lat' dir='ltr'>ulterius</span> <span class='ocrx_word' id='word_1_424' title='bbox 2536 614 2626 670; x_wconf 83' lang='lat' dir='ltr'>ﬁat</span> <span class='ocrx_word' id='word_1_425' title='bbox 2655 616 2710 670; x_wconf 93' lang='lat' dir='ltr'>in</span> <span class='ocrx_word' id='word_1_426' title='bbox 2741 616 2840 684; x_wconf 92' lang='lat' dir='ltr'>eis,</span> <span class='ocrx_word' id='word_1_427' title='bbox 2893 616 3146 687; x_wconf 89' lang='lat' dir='ltr'>prohibet</span> <span class='ocrx_word' id='word_1_428' title='bbox 3178 623 3231 670; x_wconf 89' lang='lat' dir='ltr'>et</span> <span class='ocrx_word' id='word_1_429' title='bbox 3260 615 3385 688; x_wconf 88' lang='lat' dir='ltr'>lege</span> <span class='ocrx_word' id='word_1_430' title='bbox 3429 614 3766 671; x_wconf 87' lang='lat' dir='ltr'>conditionis</span> 
     </span>
    </p>
   </div>
   <div class='ocr_carea' id='block_1_50' title="bbox 2163 703 3771 775">
    <p class='ocr_par' dir='ltr' id='par_1_50' title="bbox 2163 703 3771 775">
     <span class='ocr_line' id='line_1_50' title="bbox 2163 703 3771 775; baseline -0.001 -16"><span class='ocrx_word' id='word_1_431' title='bbox 2163 720 2352 759; x_wconf 89' lang='lat' dir='ltr'>eorum</span> <span class='ocrx_word' id='word_1_432' title='bbox 2384 712 2436 760; x_wconf 90' lang='lat' dir='ltr'>et</span> <span class='ocrx_word' id='word_1_433' title='bbox 2468 704 2786 760; x_wconf 89' lang='lat' dir='ltr'>auctoritate</span> <span class='ocrx_word' id='word_1_434' title='bbox 2830 712 3161 771; x_wconf 90' lang='lat' dir='ltr'>sanctorum,</span> <span class='ocrx_word' id='word_1_435' title='bbox 3214 712 3266 758; x_wconf 90' lang='lat' dir='ltr'>et</span> <span class='ocrx_word' id='word_1_436' title='bbox 3296 703 3419 775; x_wconf 90' lang='lat' dir='ltr'>quia</span> <span class='ocrx_word' id='word_1_437' title='bbox 3449 711 3648 758; x_wconf 90' lang='lat' dir='ltr'>natura</span> <span class='ocrx_word' id='word_1_438' title='bbox 3678 719 3771 758; x_wconf 83' lang='lat' dir='ltr'>re-</span> 
     </span>
    </p>
   </div>
   <div class='ocr_carea' id='block_1_51' title="bbox 2163 791 3769 865">
    <p class='ocr_par' dir='ltr' id='par_1_51' title="bbox 2163 791 3769 865">
     <span class='ocr_line' id='line_1_51' title="bbox 2163 791 3769 865; baseline -0.001 -19"><span class='ocrx_word' id='word_1_439' title='bbox 2163 801 2387 865; x_wconf 87' lang='lat' dir='ltr'>pugnat.</span> <span class='ocrx_word' id='word_1_440' title='bbox 2423 793 2619 847; x_wconf 89' lang='lat' dir='ltr'>Littera</span> <span class='ocrx_word' id='word_1_441' title='bbox 2663 793 2740 848; x_wconf 92' lang='lat' dir='ltr'>sic</span> <span class='ocrx_word' id='word_1_442' title='bbox 2764 793 3011 865; x_wconf 85' lang='lat' dir='ltr'>jungitur</span> <span class='ocrx_word' id='word_1_443' title='bbox 3045 807 3056 847; x_wconf 93' lang='lat'>:</span> <span class='ocrx_word' id='word_1_444' title='bbox 3092 793 3171 847; x_wconf 90' lang='lat' dir='ltr'>De</span> <span class='ocrx_word' id='word_1_445' title='bbox 3216 793 3321 847; x_wconf 91' lang='lat' dir='ltr'>hoc</span> <span class='ocrx_word' id='word_1_446' title='bbox 3366 791 3514 864; x_wconf 91' lang='lat' dir='ltr'>quod</span> <span class='ocrx_word' id='word_1_447' title='bbox 3546 791 3631 847; x_wconf 87' lang='lat' dir='ltr'>vel</span> <span class='ocrx_word' id='word_1_448' title='bbox 3662 792 3769 845; x_wconf 89' lang='lat' dir='ltr'>sub</span> 
     </span>
    </p>
   </div>
   <div class='ocr_carea' id='block_1_52' title="bbox 2164 878 3770 953">
    <p class='ocr_par' dir='ltr' id='par_1_52' title="bbox 2164 878 3770 953">
     <span class='ocr_line' id='line_1_52' title="bbox 2164 878 3770 953; baseline -0.001 -17"><span class='ocrx_word' id='word_1_449' title='bbox 2164 882 2516 937; x_wconf 87' lang='lat' dir='ltr'>veneratione</span> <span class='ocrx_word' id='word_1_450' title='bbox 2565 882 2715 953; x_wconf 86' lang='lat' dir='ltr'>idoli,</span> <span class='ocrx_word' id='word_1_451' title='bbox 2748 882 2835 937; x_wconf 92' lang='lat' dir='ltr'>vel</span> <span class='ocrx_word' id='word_1_452' title='bbox 2865 881 2967 935; x_wconf 91' lang='lat' dir='ltr'>sub</span> <span class='ocrx_word' id='word_1_453' title='bbox 3013 880 3339 937; x_wconf 84' lang='lat' dir='ltr'>otl&#39;endiculo</span> <span class='ocrx_word' id='word_1_454' title='bbox 3371 878 3553 935; x_wconf 82' lang='lat' dir='ltr'>fratris</span> <span class='ocrx_word' id='word_1_455' title='bbox 3582 880 3770 936; x_wconf 88' lang='lat' dir='ltr'>idolo-</span> 
     </span>
    </p>
   </div>
   <div class='ocr_carea' id='block_1_53' title="bbox 2166 969 3769 1041">
    <p class='ocr_par' dir='ltr' id='par_1_53' title="bbox 2166 969 3769 1041">
     <span class='ocr_line' id='line_1_53' title="bbox 2166 969 3769 1041; baseline -0.001 -17"><span class='ocrx_word' id='word_1_456' title='bbox 2166 971 2313 1041; x_wconf 78' lang='lat' dir='ltr'>thyta</span> <span class='ocrx_word' id='word_1_457' title='bbox 2343 970 2645 1036; x_wconf 89' lang='lat' dir='ltr'>comeditis,</span> <span class='ocrx_word' id='word_1_458' title='bbox 2702 986 2800 1025; x_wconf 92' lang='lat' dir='ltr'>vos</span> <span class='ocrx_word' id='word_1_459' title='bbox 2862 970 3223 1040; x_wconf 85' lang='lat' dir='ltr'>reprehendo.</span> <span class='ocrx_word' id='word_1_460' title='bbox 3287 969 3366 1023; x_wconf 93' lang='lat' dir='ltr'>De</span> <span class='ocrx_word' id='word_1_461' title='bbox 3436 969 3541 1024; x_wconf 91' lang='lat' dir='ltr'>hoc</span> <span class='ocrx_word' id='word_1_462' title='bbox 3585 976 3769 1024; x_wconf 87' lang='lat' dir='ltr'>autem</span> 
     </span>
    </p>
   </div>
   <div class='ocr_carea' id='block_1_54' title="bbox 2165 1057 3773 1130">
    <p class='ocr_par' dir='ltr' id='par_1_54' title="bbox 2165 1057 3773 1130">
     <span class='ocr_line' id='line_1_54' title="bbox 2165 1057 3773 1130; baseline -0.001 -18"><span class='ocrx_word' id='word_1_463' title='bbox 2165 1059 2326 1113; x_wconf 88' lang='lat' dir='ltr'>laudo</span> <span class='ocrx_word' id='word_1_464' title='bbox 2359 1075 2476 1125; x_wconf 91' lang='lat' dir='ltr'>vos,</span> <span class='ocrx_word' id='word_1_465' title='bbox 2523 1074 2556 1114; x_wconf 96' lang='lat' dir='ltr'>o</span> <span class='ocrx_word' id='word_1_466' title='bbox 2604 1058 2821 1124; x_wconf 87' lang='lat' dir='ltr'>fratres,</span> <span class='ocrx_word' id='word_1_467' title='bbox 2874 1058 3019 1130; x_wconf 92' lang='lat' dir='ltr'>quod</span> <span class='ocrx_word' id='word_1_468' title='bbox 3050 1058 3181 1113; x_wconf 89' lang='lat' dir='ltr'>estis</span> <span class='ocrx_word' id='word_1_469' title='bbox 3227 1073 3500 1112; x_wconf 84' lang='lat' dir='ltr'>memores</span> <span class='ocrx_word' id='word_1_470' title='bbox 3529 1057 3638 1112; x_wconf 91' lang='lat' dir='ltr'>mei</span> <span class='ocrx_word' id='word_1_471' title='bbox 3665 1073 3773 1128; x_wconf 89' lang='lat' dir='ltr'>per</span> 
     </span>
    </p>
   </div>
   <div class='ocr_carea' id='block_1_55' title="bbox 2166 1145 3767 1219">
    <p class='ocr_par' dir='ltr' id='par_1_55' title="bbox 2166 1145 3767 1219">
     <span class='ocr_line' id='line_1_55' title="bbox 2166 1145 3767 1219; baseline -0.002 -17"><span class='ocrx_word' id='word_1_472' title='bbox 2166 1147 2348 1202; x_wconf 89' lang='lat' dir='ltr'>omnia</span> <span class='ocrx_word' id='word_1_473' title='bbox 2393 1164 2513 1219; x_wconf 70' lang='lat' dir='ltr'>quae</span> <span class='ocrx_word' id='word_1_474' title='bbox 2556 1146 2820 1217; x_wconf 84' lang='lat' dir='ltr'>imperavi</span> <span class='ocrx_word' id='word_1_475' title='bbox 2859 1146 3033 1202; x_wconf 88' lang='lat' dir='ltr'>vobis.</span> <span class='ocrx_word' id='word_1_476' title='bbox 3089 1148 3356 1201; x_wconf 78' lang='lat' dir='ltr'>Memores</span> <span class='ocrx_word' id='word_1_477' title='bbox 3404 1146 3563 1211; x_wconf 91' lang='lat' dir='ltr'>ideo;</span> <span class='ocrx_word' id='word_1_478' title='bbox 3617 1145 3767 1218; x_wconf 87' lang='lat' dir='ltr'>quia,</span> 
     </span>
    </p>
   </div>
   <div class='ocr_carea' id='block_1_56' title="bbox 2169 1233 3778 1306">
    <p class='ocr_par' dir='ltr' id='par_1_56' title="bbox 2169 1233 3778 1306">
     <span class='ocr_line' id='line_1_56' title="bbox 2169 1233 3778 1306; baseline 0 -17"><span class='ocrx_word' id='word_1_479' title='bbox 2169 1236 2306 1290; x_wconf 87' lang='lat' dir='ltr'>sicut</span> <span class='ocrx_word' id='word_1_480' title='bbox 2337 1235 2536 1290; x_wconf 88' lang='lat' dir='ltr'>tradidi</span> <span class='ocrx_word' id='word_1_481' title='bbox 2596 1235 2750 1290; x_wconf 84' lang='lat' dir='ltr'>vobis</span> <span class='ocrx_word' id='word_1_482' title='bbox 2795 1243 3071 1306; x_wconf 56' lang='lat' dir='ltr'>praecepta</span> <span class='ocrx_word' id='word_1_483' title='bbox 3104 1251 3244 1304; x_wconf 91' lang='lat' dir='ltr'>mea,</span> <span class='ocrx_word' id='word_1_484' title='bbox 3293 1234 3371 1290; x_wconf 92' lang='lat' dir='ltr'>sic</span> <span class='ocrx_word' id='word_1_485' title='bbox 3403 1233 3597 1289; x_wconf 89' lang='lat' dir='ltr'>tenetis</span> <span class='ocrx_word' id='word_1_486' title='bbox 3636 1233 3778 1289; x_wconf 88' lang='lat' dir='ltr'>nihil</span> 
     </span>
    </p>
   </div>
   <div class='ocr_carea' id='block_1_57' title="bbox 2168 1322 3771 1395">
    <p class='ocr_par' dir='ltr' id='par_1_57' title="bbox 2168 1322 3771 1395">
     <span class='ocr_line' id='line_1_57' title="bbox 2168 1322 3771 1395; baseline -0.001 -17"><span class='ocrx_word' id='word_1_487' title='bbox 2168 1324 2498 1395; x_wconf 89' lang='lat' dir='ltr'>inexpletum</span> <span class='ocrx_word' id='word_1_488' title='bbox 2547 1323 3043 1395; x_wconf 69' lang='lat' dir='ltr'>praztermittentes.</span> <span class='ocrx_word' id='word_1_489' title='bbox 3086 1325 3152 1378; x_wconf 92' lang='lat' dir='ltr'>Et</span> <span class='ocrx_word' id='word_1_490' title='bbox 3183 1324 3285 1378; x_wconf 93' lang='lat' dir='ltr'>hoc</span> <span class='ocrx_word' id='word_1_491' title='bbox 3314 1331 3480 1378; x_wconf 87' lang='lat' dir='ltr'>totum</span> <span class='ocrx_word' id='word_1_492' title='bbox 3512 1322 3721 1378; x_wconf 89' lang='lat' dir='ltr'>ironice</span> <span class='ocrx_word' id='word_1_493' title='bbox 3755 1341 3771 1389; x_wconf 93' lang='lat'>;</span> 
     </span>
    </p>
   </div>
   <div class='ocr_carea' id='block_1_58' title="bbox 2170 1411 3773 1483">
    <p class='ocr_par' dir='ltr' id='par_1_58' title="bbox 2170 1411 3773 1483">
     <span class='ocr_line' id='line_1_58' title="bbox 2170 1411 3773 1483; baseline -0.001 -16"><span class='ocrx_word' id='word_1_494' title='bbox 2170 1413 2293 1483; x_wconf 91' lang='lat' dir='ltr'>quia</span> <span class='ocrx_word' id='word_1_495' title='bbox 2333 1412 2644 1467; x_wconf 89' lang='lat' dir='ltr'>mandatum</span> <span class='ocrx_word' id='word_1_496' title='bbox 2693 1413 2807 1481; x_wconf 89' lang='lat' dir='ltr'>ejus</span> <span class='ocrx_word' id='word_1_497' title='bbox 2855 1411 2942 1467; x_wconf 86' lang='lat' dir='ltr'>vix</span> <span class='ocrx_word' id='word_1_498' title='bbox 2989 1412 3044 1466; x_wconf 93' lang='lat' dir='ltr'>in</span> <span class='ocrx_word' id='word_1_499' title='bbox 3094 1411 3277 1483; x_wconf 90' lang='lat' dir='ltr'>aliquo</span> <span class='ocrx_word' id='word_1_500' title='bbox 3319 1420 3623 1468; x_wconf 89' lang='lat' dir='ltr'>tenuerant.</span> <span class='ocrx_word' id='word_1_501' title='bbox 3657 1412 3773 1466; x_wconf 90' lang='lat' dir='ltr'>Sed</span> 
     </span>
    </p>
   </div>
   <div class='ocr_carea' id='block_1_59' title="bbox 2168 1499 3776 1573">
    <p class='ocr_par' dir='ltr' id='par_1_59' title="bbox 2168 1499 3776 1573">
     <span class='ocr_line' id='line_1_59' title="bbox 2168 1499 3776 1573; baseline -0.001 -17"><span class='ocrx_word' id='word_1_502' title='bbox 2168 1502 2294 1556; x_wconf 91' lang='lat' dir='ltr'>licet</span> <span class='ocrx_word' id='word_1_503' title='bbox 2325 1502 2397 1555; x_wconf 86' lang='lat' dir='ltr'>ita</span> <span class='ocrx_word' id='word_1_504' title='bbox 2427 1500 2644 1556; x_wconf 91' lang='lat' dir='ltr'>laudem</span> <span class='ocrx_word' id='word_1_505' title='bbox 2674 1517 2791 1567; x_wconf 92' lang='lat' dir='ltr'>vos,</span> <span class='ocrx_word' id='word_1_506' title='bbox 2826 1500 2879 1555; x_wconf 94' lang='lat' dir='ltr'>in</span> <span class='ocrx_word' id='word_1_507' title='bbox 2908 1517 2973 1555; x_wconf 92' lang='lat' dir='ltr'>eo</span> <span class='ocrx_word' id='word_1_508' title='bbox 3004 1509 3183 1555; x_wconf 91' lang='lat' dir='ltr'>tamen</span> <span class='ocrx_word' id='word_1_509' title='bbox 3214 1500 3483 1571; x_wconf 91' lang='lat' dir='ltr'>vitupero,</span> <span class='ocrx_word' id='word_1_510' title='bbox 3516 1500 3665 1573; x_wconf 90' lang='lat' dir='ltr'>quod</span> <span class='ocrx_word' id='word_1_511' title='bbox 3687 1499 3776 1556; x_wconf 89' lang='lat' dir='ltr'>vir</span> 
     </span>
    </p>
   </div>
   <div class='ocr_carea' id='block_1_60' title="bbox 2170 1587 3773 1661">
    <p class='ocr_par' dir='ltr' id='par_1_60' title="bbox 2170 1587 3773 1661">
     <span class='ocr_line' id='line_1_60' title="bbox 2170 1587 3773 1661; baseline 0 -16"><span class='ocrx_word' id='word_1_512' title='bbox 2170 1590 2346 1645; x_wconf 92' lang='lat' dir='ltr'>velato</span> <span class='ocrx_word' id='word_1_513' title='bbox 2374 1587 2571 1660; x_wconf 90' lang='lat' dir='ltr'>capite,</span> <span class='ocrx_word' id='word_1_514' title='bbox 2605 1590 2801 1643; x_wconf 87' lang='lat' dir='ltr'>mulier</span> <span class='ocrx_word' id='word_1_515' title='bbox 2822 1588 3046 1659; x_wconf 90' lang='lat' dir='ltr'>nudato,</span> <span class='ocrx_word' id='word_1_516' title='bbox 3090 1589 3341 1661; x_wconf 89' lang='lat' dir='ltr'>deturpat</span> <span class='ocrx_word' id='word_1_517' title='bbox 3371 1605 3449 1644; x_wconf 89' lang='lat' dir='ltr'>se.</span> <span class='ocrx_word' id='word_1_518' title='bbox 3485 1589 3592 1644; x_wconf 91' lang='lat' dir='ltr'>Sed</span> <span class='ocrx_word' id='word_1_519' title='bbox 3622 1606 3773 1660; x_wconf 70' lang='lat' dir='ltr'>pra:-</span> 
     </span>
    </p>
   </div>
   <div class='ocr_carea' id='block_1_61' title="bbox 2169 1675 3764 1750">
    <p class='ocr_par' dir='ltr' id='par_1_61' title="bbox 2169 1675 3764 1750">
     <span class='ocr_line' id='line_1_61' title="bbox 2169 1675 3764 1750; baseline -0.001 -17"><span class='ocrx_word' id='word_1_520' title='bbox 2169 1679 2328 1733; x_wconf 88' lang='lat' dir='ltr'>mittit</span> <span class='ocrx_word' id='word_1_521' title='bbox 2375 1679 2632 1742; x_wconf 89' lang='lat' dir='ltr'>rationes,</span> <span class='ocrx_word' id='word_1_522' title='bbox 2680 1678 2875 1750; x_wconf 87' lang='lat' dir='ltr'>quibus</span> <span class='ocrx_word' id='word_1_523' title='bbox 2906 1678 2984 1733; x_wconf 93' lang='lat' dir='ltr'>sic</span> <span class='ocrx_word' id='word_1_524' title='bbox 3016 1694 3125 1732; x_wconf 93' lang='lat' dir='ltr'>non</span> <span class='ocrx_word' id='word_1_525' title='bbox 3174 1678 3373 1732; x_wconf 91' lang='lat' dir='ltr'>debere</span> <span class='ocrx_word' id='word_1_526' title='bbox 3403 1675 3522 1732; x_wconf 80' lang='lat' dir='ltr'>ﬁeri</span> <span class='ocrx_word' id='word_1_527' title='bbox 3554 1694 3764 1748; x_wconf 83' lang='lat' dir='ltr'>appro-</span> 
     </span>
    </p>
   </div>
   <div class='ocr_carea' id='block_1_62' title="bbox 2172 1765 3776 1837">
    <p class='ocr_par' dir='ltr' id='par_1_62' title="bbox 2172 1765 3776 1837">
     <span class='ocr_line' id='line_1_62' title="bbox 2172 1765 3776 1837; baseline 0.001 -17"><span class='ocrx_word' id='word_1_528' title='bbox 2172 1768 2279 1835; x_wconf 86' lang='lat' dir='ltr'>bet,</span> <span class='ocrx_word' id='word_1_529' title='bbox 2311 1767 2500 1822; x_wconf 90' lang='lat' dir='ltr'>dicens</span> <span class='ocrx_word' id='word_1_530' title='bbox 2533 1785 2546 1820; x_wconf 90' lang='lat'><strong>:</strong></span> <span class='ocrx_word' id='word_1_531' title='bbox 2578 1767 2659 1821; x_wconf 89' lang='lat' dir='ltr'>Ne</span> <span class='ocrx_word' id='word_1_532' title='bbox 2689 1775 2797 1820; x_wconf 91' lang='lat' dir='ltr'>tam</span> <span class='ocrx_word' id='word_1_533' title='bbox 2828 1782 3091 1837; x_wconf 86' lang='lat' dir='ltr'>perverso</span> <span class='ocrx_word' id='word_1_534' title='bbox 3149 1782 3301 1821; x_wconf 92' lang='lat' dir='ltr'>more</span> <span class='ocrx_word' id='word_1_535' title='bbox 3333 1765 3635 1837; x_wconf 89' lang='lat' dir='ltr'>deturpetis</span> <span class='ocrx_word' id='word_1_536' title='bbox 3672 1781 3776 1821; x_wconf 89' lang='lat' dir='ltr'>ca-</span> 
     </span>
    </p>
   </div>
   <div class='ocr_carea' id='block_1_63' title="bbox 2093 1854 3779 1939">
    <p class='ocr_par' dir='ltr' id='par_1_63' title="bbox 2093 1854 3779 1939">
     <span class='ocr_line' id='line_1_63' title="bbox 2093 1854 3779 1939; baseline -0.001 -29"><span class='ocrx_word' id='word_1_537' title='bbox 2093 1879 2142 1939; x_wconf 81' lang='lat' dir='ltr'><strong>B</strong></span> <span class='ocrx_word' id='word_1_538' title='bbox 2169 1856 2281 1927; x_wconf 89' lang='lat' dir='ltr'>pita</span> <span class='ocrx_word' id='word_1_539' title='bbox 2327 1863 2529 1921; x_wconf 87' lang='lat' dir='ltr'>vestra,</span> <span class='ocrx_word' id='word_1_540' title='bbox 2580 1855 2704 1909; x_wconf 92' lang='lat' dir='ltr'>volo</span> <span class='ocrx_word' id='word_1_541' title='bbox 2734 1871 2831 1908; x_wconf 90' lang='lat' dir='ltr'>vos</span> <span class='ocrx_word' id='word_1_542' title='bbox 2860 1854 2998 1910; x_wconf 89' lang='lat' dir='ltr'>scire</span> <span class='ocrx_word' id='word_1_543' title='bbox 3048 1854 3193 1926; x_wconf 88' lang='lat' dir='ltr'>quod</span> <span class='ocrx_word' id='word_1_544' title='bbox 3225 1855 3469 1910; x_wconf 87' lang='lat' dir='ltr'>Christus</span> <span class='ocrx_word' id='word_1_545' title='bbox 3497 1862 3658 1925; x_wconf 89' lang='lat' dir='ltr'>caput</span> <span class='ocrx_word' id='word_1_546' title='bbox 3690 1862 3779 1909; x_wconf 88' lang='lat' dir='ltr'>est</span> 
     </span>
    </p>
   </div>
   <div class='ocr_carea' id='block_1_64' title="bbox 2184 1943 3776 2015">
    <p class='ocr_par' dir='ltr' id='par_1_64' title="bbox 2184 1943 3776 2015">
     <span class='ocr_line' id='line_1_64' title="bbox 2184 1943 3776 2015; baseline 0.001 -18"><span class='ocrx_word' id='word_1_547' title='bbox 2184 1949 2219 1997; x_wconf 86' lang='grc' dir='ltr'><strong>ι</strong></span> <span class='ocrx_word' id='word_1_548' title='bbox 2238 1944 2391 2000; x_wconf 73' lang='lat'><strong>27</strong></span> <span class='ocrx_word' id='word_1_549' title='bbox 2427 1944 2603 1999; x_wconf 92' lang='lat' dir='ltr'>omnis</span> <span class='ocrx_word' id='word_1_550' title='bbox 2635 1943 2738 1998; x_wconf 89' lang='lat' dir='ltr'>viri</span> <span class='ocrx_word' id='word_1_551' title='bbox 2765 1943 2947 1998; x_wconf 87' lang='lat' dir='ltr'>divitis</span> <span class='ocrx_word' id='word_1_552' title='bbox 2976 1943 3061 1998; x_wconf 92' lang='lat' dir='ltr'>vel</span> <span class='ocrx_word' id='word_1_553' title='bbox 3092 1943 3382 2015; x_wconf 81' lang='lat' dir='ltr'>pauperis;</span> <span class='ocrx_word' id='word_1_554' title='bbox 3416 1958 3449 1999; x_wconf 90' lang='lat' dir='ltr'>a</span> <span class='ocrx_word' id='word_1_555' title='bbox 3478 1944 3594 1998; x_wconf 89' lang='lat' dir='ltr'>Deo</span> <span class='ocrx_word' id='word_1_556' title='bbox 3624 1944 3776 1998; x_wconf 90' lang='lat' dir='ltr'>enim</span> 
     </span>
    </p>
   </div>
   <div class='ocr_carea' id='block_1_65' title="bbox 2175 2031 3777 2104">
    <p class='ocr_par' dir='ltr' id='par_1_65' title="bbox 2175 2031 3777 2104">
     <span class='ocr_line' id='line_1_65' title="bbox 2175 2031 3777 2104; baseline 0 -17"><span class='ocrx_word' id='word_1_557' title='bbox 2175 2032 2500 2104; x_wconf 90' lang='lat' dir='ltr'>principium</span> <span class='ocrx_word' id='word_1_558' title='bbox 2532 2033 2694 2087; x_wconf 86' lang='lat' dir='ltr'>habet</span> <span class='ocrx_word' id='word_1_559' title='bbox 2723 2048 2831 2087; x_wconf 93' lang='lat' dir='ltr'>non</span> <span class='ocrx_word' id='word_1_560' title='bbox 2862 2032 2932 2087; x_wconf 88' lang='lat' dir='ltr'>ab</span> <span class='ocrx_word' id='word_1_561' title='bbox 2960 2031 3086 2087; x_wconf 91' lang='lat' dir='ltr'>alio.</span> <span class='ocrx_word' id='word_1_562' title='bbox 3118 2032 3186 2086; x_wconf 89' lang='lat' dir='ltr'>Et</span> <span class='ocrx_word' id='word_1_563' title='bbox 3233 2032 3698 2104; x_wconf 90' lang='lat' dir='ltr'>quemadmodum</span> <span class='ocrx_word' id='word_1_564' title='bbox 3719 2032 3777 2087; x_wconf 85' lang='lat' dir='ltr'>in</span> 
     </span>
    </p>
   </div>
   <div class='ocr_carea' id='block_1_66' title="bbox 2175 2119 3783 2193">
    <p class='ocr_par' dir='ltr' id='par_1_66' title="bbox 2175 2119 3783 2193">
     <span class='ocr_line' id='line_1_66' title="bbox 2175 2119 3783 2193; baseline -0.001 -15"><span class='ocrx_word' id='word_1_565' title='bbox 2175 2123 2356 2193; x_wconf 88' lang='lat' dir='ltr'>capite</span> <span class='ocrx_word' id='word_1_566' title='bbox 2387 2137 2577 2176; x_wconf 91' lang='lat' dir='ltr'>omnes</span> <span class='ocrx_word' id='word_1_567' title='bbox 2611 2138 2805 2176; x_wconf 90' lang='lat' dir='ltr'>sensus</span> <span class='ocrx_word' id='word_1_568' title='bbox 2835 2121 3120 2185; x_wconf 86' lang='lat' dir='ltr'>habemus,</span> <span class='ocrx_word' id='word_1_569' title='bbox 3156 2127 3208 2176; x_wconf 89' lang='lat' dir='ltr'>et</span> <span class='ocrx_word' id='word_1_570' title='bbox 3238 2120 3444 2175; x_wconf 91' lang='lat' dir='ltr'>nullum</span> <span class='ocrx_word' id='word_1_571' title='bbox 3462 2119 3519 2175; x_wconf 91' lang='lat' dir='ltr'>in</span> <span class='ocrx_word' id='word_1_572' title='bbox 3546 2136 3783 2192; x_wconf 90' lang='lat' dir='ltr'>corpore</span> 
     </span>
    </p>
   </div>
   <div class='ocr_carea' id='block_1_67' title="bbox 2175 2208 3782 2282">
    <p class='ocr_par' dir='ltr' id='par_1_67' title="bbox 2175 2208 3782 2282">
     <span class='ocr_line' id='line_1_67' title="bbox 2175 2208 3782 2282; baseline 0 -17"><span class='ocrx_word' id='word_1_573' title='bbox 2175 2219 2373 2282; x_wconf 66' lang='lat' dir='ltr'>praeter</span> <span class='ocrx_word' id='word_1_574' title='bbox 2430 2218 2652 2279; x_wconf 86' lang='lat' dir='ltr'>tactum,</span> <span class='ocrx_word' id='word_1_575' title='bbox 2723 2227 2882 2281; x_wconf 87' lang='lat' dir='ltr'>quem</span> <span class='ocrx_word' id='word_1_576' title='bbox 2922 2210 3184 2264; x_wconf 89' lang='lat' dir='ltr'>habemus</span> <span class='ocrx_word' id='word_1_577' title='bbox 3230 2209 3426 2265; x_wconf 78' lang='lat' dir='ltr'>iterum</span> <span class='ocrx_word' id='word_1_578' title='bbox 3463 2208 3518 2263; x_wconf 92' lang='lat' dir='ltr'>in</span> <span class='ocrx_word' id='word_1_579' title='bbox 3562 2210 3782 2280; x_wconf 87' lang='lat' dir='ltr'>capite;</span> 
     </span>
    </p>
   </div>
   <div class='ocr_carea' id='block_1_68' title="bbox 2178 2298 3784 2370">
    <p class='ocr_par' dir='ltr' id='par_1_68' title="bbox 2178 2298 3784 2370">
     <span class='ocr_line' id='line_1_68' title="bbox 2178 2298 3784 2370; baseline 0 -16"><span class='ocrx_word' id='word_1_580' title='bbox 2178 2300 2255 2355; x_wconf 88' lang='lat' dir='ltr'>sic</span> <span class='ocrx_word' id='word_1_581' title='bbox 2309 2314 2499 2355; x_wconf 90' lang='lat' dir='ltr'>omnes</span> <span class='ocrx_word' id='word_1_582' title='bbox 2549 2316 2743 2354; x_wconf 89' lang='lat' dir='ltr'>sensus</span> <span class='ocrx_word' id='word_1_583' title='bbox 2793 2298 2964 2353; x_wconf 86' lang='lat' dir='ltr'>nostri</span> <span class='ocrx_word' id='word_1_584' title='bbox 3019 2298 3349 2364; x_wconf 87' lang='lat' dir='ltr'>consentire,</span> <span class='ocrx_word' id='word_1_585' title='bbox 3396 2306 3449 2353; x_wconf 90' lang='lat' dir='ltr'>et</span> <span class='ocrx_word' id='word_1_586' title='bbox 3490 2299 3784 2370; x_wconf 83' lang='lat' dir='ltr'>cooperari</span> 
     </span>
    </p>
   </div>
   <div class='ocr_carea' id='block_1_69' title="bbox 2178 2387 3784 2459">
    <p class='ocr_par' dir='ltr' id='par_1_69' title="bbox 2178 2387 3784 2459">
     <span class='ocr_line' id='line_1_69' title="bbox 2178 2387 3784 2459; baseline -0.002 -15"><span class='ocrx_word' id='word_1_587' title='bbox 2178 2388 2380 2444; x_wconf 88' lang='lat' dir='ltr'>debent</span> <span class='ocrx_word' id='word_1_588' title='bbox 2412 2388 2577 2459; x_wconf 91' lang='lat' dir='ltr'>capiti</span> <span class='ocrx_word' id='word_1_589' title='bbox 2609 2404 2709 2443; x_wconf 89' lang='lat' dir='ltr'>suo</span> <span class='ocrx_word' id='word_1_590' title='bbox 2759 2388 3013 2455; x_wconf 89' lang='lat' dir='ltr'>Christo;</span> <span class='ocrx_word' id='word_1_591' title='bbox 3048 2388 3298 2442; x_wconf 89' lang='lat' dir='ltr'>Christus</span> <span class='ocrx_word' id='word_1_592' title='bbox 3327 2395 3409 2442; x_wconf 89' lang='lat' dir='ltr'>est</span> <span class='ocrx_word' id='word_1_593' title='bbox 3434 2395 3598 2459; x_wconf 90' lang='lat' dir='ltr'>caput</span> <span class='ocrx_word' id='word_1_594' title='bbox 3627 2387 3734 2442; x_wconf 87' lang='lat' dir='ltr'>viri</span> <span class='ocrx_word' id='word_1_595' title='bbox 3768 2404 3784 2441; x_wconf 90' lang='lat'>:</span> 
     </span>
    </p>
   </div>
   <div class='ocr_carea' id='block_1_70' title="bbox 2179 2476 3782 2548">
    <p class='ocr_par' dir='ltr' id='par_1_70' title="bbox 2179 2476 3782 2548">
     <span class='ocr_line' id='line_1_70' title="bbox 2179 2476 3782 2548; baseline -0.001 -15"><span class='ocrx_word' id='word_1_596' title='bbox 2179 2477 2264 2533; x_wconf 88' lang='lat' dir='ltr'>vir</span> <span class='ocrx_word' id='word_1_597' title='bbox 2291 2486 2471 2533; x_wconf 86' lang='lat' dir='ltr'>autem</span> <span class='ocrx_word' id='word_1_598' title='bbox 2502 2485 2661 2548; x_wconf 89' lang='lat' dir='ltr'>caput</span> <span class='ocrx_word' id='word_1_599' title='bbox 2706 2484 2789 2531; x_wconf 91' lang='lat' dir='ltr'>est</span> <span class='ocrx_word' id='word_1_600' title='bbox 2828 2476 3092 2542; x_wconf 92' lang='lat' dir='ltr'>mulieris,</span> <span class='ocrx_word' id='word_1_601' title='bbox 3124 2476 3178 2531; x_wconf 91' lang='lat' dir='ltr'>id</span> <span class='ocrx_word' id='word_1_602' title='bbox 3210 2484 3292 2531; x_wconf 93' lang='lat' dir='ltr'>est</span> <span class='ocrx_word' id='word_1_603' title='bbox 3318 2476 3669 2547; x_wconf 86' lang='lat' dir='ltr'>principium.</span> <span class='ocrx_word' id='word_1_604' title='bbox 3698 2477 3782 2533; x_wconf 88' lang='lat' dir='ltr'>De</span> 
     </span>
    </p>
   </div>
   <div class='ocr_carea' id='block_1_71' title="bbox 2179 2574 3782 2636">
    <p class='ocr_par' dir='ltr' id='par_1_71' title="bbox 2179 2574 3782 2636">
     <span class='ocr_line' id='line_1_71' title="bbox 2179 2574 3782 2636; baseline 0 -5"><span class='ocrx_word' id='word_1_605' title='bbox 2179 2583 2329 2631; x_wconf 90' lang='lat' dir='ltr'>costa</span> <span class='ocrx_word' id='word_1_606' title='bbox 2377 2574 2522 2629; x_wconf 90' lang='lat' dir='ltr'>enim</span> <span class='ocrx_word' id='word_1_607' title='bbox 2568 2574 2666 2629; x_wconf 92' lang='lat' dir='ltr'>viri</span> <span class='ocrx_word' id='word_1_608' title='bbox 2716 2574 2971 2630; x_wconf 87' lang='lat' dir='ltr'>fabricata</span> <span class='ocrx_word' id='word_1_609' title='bbox 3014 2582 3097 2629; x_wconf 93' lang='lat' dir='ltr'>est</span> <span class='ocrx_word' id='word_1_610' title='bbox 3141 2574 3353 2636; x_wconf 88' lang='lat' dir='ltr'>mulier.</span> <span class='ocrx_word' id='word_1_611' title='bbox 3403 2582 3457 2629; x_wconf 93' lang='lat' dir='ltr'>et</span> <span class='ocrx_word' id='word_1_612' title='bbox 3487 2574 3563 2629; x_wconf 90' lang='lat' dir='ltr'>sic</span> <span class='ocrx_word' id='word_1_613' title='bbox 3593 2584 3782 2631; x_wconf 81' lang='lat' dir='ltr'>mate-</span> 
     </span>
    </p>
   </div>
   <div class='ocr_carea' id='block_1_72' title="bbox 2180 2662 3781 2734">
    <p class='ocr_par' dir='ltr' id='par_1_72' title="bbox 2180 2662 3781 2734">
     <span class='ocr_line' id='line_1_72' title="bbox 2180 2662 3781 2734; baseline 0.002 -17"><span class='ocrx_word' id='word_1_614' title='bbox 2180 2664 2315 2718; x_wconf 90' lang='lat' dir='ltr'>riam</span> <span class='ocrx_word' id='word_1_615' title='bbox 2346 2663 2594 2734; x_wconf 86' lang='lat' dir='ltr'>principii</span> <span class='ocrx_word' id='word_1_616' title='bbox 2644 2662 2725 2718; x_wconf 88' lang='lat' dir='ltr'>sui</span> <span class='ocrx_word' id='word_1_617' title='bbox 2755 2663 2910 2717; x_wconf 87' lang='lat' dir='ltr'>traxit</span> <span class='ocrx_word' id='word_1_618' title='bbox 2936 2678 2970 2718; x_wconf 90' lang='lat' dir='ltr'>a</span> <span class='ocrx_word' id='word_1_619' title='bbox 3016 2663 3158 2718; x_wconf 91' lang='lat' dir='ltr'>viro:</span> <span class='ocrx_word' id='word_1_620' title='bbox 3190 2662 3282 2734; x_wconf 91' lang='lat' dir='ltr'>qui</span> <span class='ocrx_word' id='word_1_621' title='bbox 3319 2662 3399 2718; x_wconf 90' lang='lat' dir='ltr'>vir</span> <span class='ocrx_word' id='word_1_622' title='bbox 3425 2679 3456 2717; x_wconf 91' lang='lat' dir='ltr'>a</span> <span class='ocrx_word' id='word_1_623' title='bbox 3488 2664 3604 2719; x_wconf 92' lang='lat' dir='ltr'>Deo</span> <span class='ocrx_word' id='word_1_624' title='bbox 3649 2672 3781 2720; x_wconf 88' lang='lat' dir='ltr'>tan-</span> 
     </span>
    </p>
   </div>
   <div class='ocr_carea' id='block_1_73' title="bbox 2182 2751 3785 2824">
    <p class='ocr_par' dir='ltr' id='par_1_73' title="bbox 2182 2751 3785 2824">
     <span class='ocr_line' id='line_1_73' title="bbox 2182 2751 3785 2824; baseline 0.001 -18"><span class='ocrx_word' id='word_1_625' title='bbox 2182 2761 2292 2807; x_wconf 93' lang='lat' dir='ltr'>tum</span> <span class='ocrx_word' id='word_1_626' title='bbox 2340 2752 2526 2807; x_wconf 89' lang='lat' dir='ltr'>habuit</span> <span class='ocrx_word' id='word_1_627' title='bbox 2590 2751 2938 2823; x_wconf 88' lang='lat' dir='ltr'>principium.</span> <span class='ocrx_word' id='word_1_628' title='bbox 3010 2752 3258 2806; x_wconf 88' lang='lat' dir='ltr'>Christus</span> <span class='ocrx_word' id='word_1_629' title='bbox 3308 2761 3390 2806; x_wconf 90' lang='lat' dir='ltr'>est</span> <span class='ocrx_word' id='word_1_630' title='bbox 3430 2760 3591 2824; x_wconf 89' lang='lat' dir='ltr'>caput</span> <span class='ocrx_word' id='word_1_631' title='bbox 3637 2753 3785 2822; x_wconf 88' lang='lat' dir='ltr'>viri;</span> 
     </span>
    </p>
   </div>
   <div class='ocr_carea' id='block_1_74' title="bbox 2181 2839 3781 2912">
    <p class='ocr_par' dir='ltr' id='par_1_74' title="bbox 2181 2839 3781 2912">
     <span class='ocr_line' id='line_1_74' title="bbox 2181 2839 3781 2912; baseline 0 -16"><span class='ocrx_word' id='word_1_632' title='bbox 2181 2842 2328 2896; x_wconf 90' lang='lat' dir='ltr'>Deus</span> <span class='ocrx_word' id='word_1_633' title='bbox 2386 2856 2518 2897; x_wconf 90' lang='lat' dir='ltr'>vero</span> <span class='ocrx_word' id='word_1_634' title='bbox 2574 2848 2655 2895; x_wconf 91' lang='lat' dir='ltr'>est</span> <span class='ocrx_word' id='word_1_635' title='bbox 2716 2849 2893 2912; x_wconf 88' lang='lat' dir='ltr'>caput,</span> <span class='ocrx_word' id='word_1_636' title='bbox 2952 2839 3006 2895; x_wconf 93' lang='lat' dir='ltr'>id</span> <span class='ocrx_word' id='word_1_637' title='bbox 3062 2848 3147 2895; x_wconf 91' lang='lat' dir='ltr'>est</span> <span class='ocrx_word' id='word_1_638' title='bbox 3201 2839 3521 2911; x_wconf 92' lang='lat' dir='ltr'>principium</span> <span class='ocrx_word' id='word_1_639' title='bbox 3553 2841 3781 2909; x_wconf 89' lang='lat' dir='ltr'>Christi,</span> 
     </span>
    </p>
   </div>
   <div class='ocr_carea' id='block_1_75' title="bbox 2184 2928 3785 3002">
    <p class='ocr_par' dir='ltr' id='par_1_75' title="bbox 2184 2928 3785 3002">
     <span class='ocr_line' id='line_1_75' title="bbox 2184 2928 3785 3002; baseline 0 -17"><span class='ocrx_word' id='word_1_640' title='bbox 2184 2930 2485 2986; x_wconf 87' lang='lat' dir='ltr'>secundum</span> <span class='ocrx_word' id='word_1_641' title='bbox 2526 2929 2805 2984; x_wconf 90' lang='lat' dir='ltr'>hominem</span> <span class='ocrx_word' id='word_1_642' title='bbox 2855 2936 3013 3000; x_wconf 91' lang='lat' dir='ltr'>caput</span> <span class='ocrx_word' id='word_1_643' title='bbox 3044 2928 3387 3000; x_wconf 89' lang='lat' dir='ltr'>specialiter;</span> <span class='ocrx_word' id='word_1_644' title='bbox 3420 2929 3547 3002; x_wconf 92' lang='lat' dir='ltr'>quia</span> <span class='ocrx_word' id='word_1_645' title='bbox 3574 2929 3785 2985; x_wconf 83' lang='lat' dir='ltr'>immu-</span> 
     </span>
    </p>
   </div>
   <div class='ocr_carea' id='block_1_76' title="bbox 2184 3016 3784 3089">
    <p class='ocr_par' dir='ltr' id='par_1_76' title="bbox 2184 3016 3784 3089">
     <span class='ocr_line' id='line_1_76' title="bbox 2184 3016 3784 3089; baseline 0.001 -17"><span class='ocrx_word' id='word_1_646' title='bbox 2184 3034 2308 3073; x_wconf 91' lang='lat' dir='ltr'>nem</span> <span class='ocrx_word' id='word_1_647' title='bbox 2351 3035 2381 3072; x_wconf 90' lang='lat' dir='ltr'>a</span> <span class='ocrx_word' id='word_1_648' title='bbox 2428 3025 2652 3089; x_wconf 89' lang='lat' dir='ltr'>peccato</span> <span class='ocrx_word' id='word_1_649' title='bbox 2699 3034 2799 3087; x_wconf 89' lang='lat' dir='ltr'>per</span> <span class='ocrx_word' id='word_1_650' title='bbox 2841 3017 3041 3071; x_wconf 90' lang='lat' dir='ltr'>unitam</span> <span class='ocrx_word' id='word_1_651' title='bbox 3080 3016 3183 3088; x_wconf 89' lang='lat' dir='ltr'>ipsi</span> <span class='ocrx_word' id='word_1_652' title='bbox 3231 3016 3567 3073; x_wconf 88' lang='lat' dir='ltr'>divinitatem</span> <span class='ocrx_word' id='word_1_653' title='bbox 3616 3019 3784 3073; x_wconf 85' lang='lat' dir='ltr'>Chri-</span> 
     </span>
    </p>
   </div>
   <div class='ocr_carea' id='block_1_77' title="bbox 2187 3104 3783 3163">
    <p class='ocr_par' dir='ltr' id='par_1_77' title="bbox 2187 3104 3783 3163">
     <span class='ocr_line' id='line_1_77' title="bbox 2187 3104 3783 3163; baseline 0.001 -1"><span class='ocrx_word' id='word_1_654' title='bbox 2187 3116 2328 3162; x_wconf 89' lang='lat' dir='ltr'>stum</span> <span class='ocrx_word' id='word_1_655' title='bbox 2383 3107 2528 3161; x_wconf 90' lang='lat' dir='ltr'>Deus</span> <span class='ocrx_word' id='word_1_656' title='bbox 2583 3104 2875 3162; x_wconf 87' lang='lat' dir='ltr'>constituit.</span> <span class='ocrx_word' id='word_1_657' title='bbox 2935 3105 3242 3161; x_wconf 92' lang='lat' dir='ltr'>Secundum</span> <span class='ocrx_word' id='word_1_658' title='bbox 3302 3106 3570 3161; x_wconf 90' lang='lat' dir='ltr'>Deitatem</span> <span class='ocrx_word' id='word_1_659' title='bbox 3628 3108 3783 3163; x_wconf 88' lang='lat' dir='ltr'>Deus</span> 
     </span>
    </p>
   </div>
   <div class='ocr_carea' id='block_1_78' title="bbox 2119 3193 3791 3296">
    <p class='ocr_par' dir='ltr' id='par_1_78' title="bbox 2119 3193 3791 3296">
     <span class='ocr_line' id='line_1_78' title="bbox 2119 3193 3791 3296; baseline 0.001 -45"><span class='ocrx_word' id='word_1_660' title='bbox 2119 3203 2269 3296; x_wconf 78' lang='lat' dir='ltr'>Cest</span> <span class='ocrx_word' id='word_1_661' title='bbox 2316 3203 2475 3266; x_wconf 89' lang='lat' dir='ltr'>caput</span> <span class='ocrx_word' id='word_1_662' title='bbox 2524 3194 2743 3263; x_wconf 88' lang='lat' dir='ltr'>Christi,</span> <span class='ocrx_word' id='word_1_663' title='bbox 2815 3193 3155 3296; x_wconf 44' lang='lat' dir='ltr'>quiaﬂFili&#39;us</span> <span class='ocrx_word' id='word_1_664' title='bbox 3184 3194 3511 3294; x_wconf 78' lang='lat' dir='ltr'>principium</span> <span class='ocrx_word' id='word_1_665' title='bbox 3554 3196 3723 3251; x_wconf 88' lang='lat' dir='ltr'>habet</span> <span class='ocrx_word' id='word_1_666' title='bbox 3752 3212 3791 3252; x_wconf 80' lang='lat' dir='ltr'>a.</span> 
     </span>
    </p>
   </div>
   <div class='ocr_carea' id='block_1_79' title="bbox 2186 3281 3788 3355">
    <p class='ocr_par' dir='ltr' id='par_1_79' title="bbox 2186 3281 3788 3355">
     <span class='ocr_line' id='line_1_79' title="bbox 2186 3281 3788 3355; baseline -0.001 -15"><span class='ocrx_word' id='word_1_667' title='bbox 2186 3286 2359 3351; x_wconf 86' lang='lat' dir='ltr'>Patre,</span> <span class='ocrx_word' id='word_1_668' title='bbox 2421 3284 2578 3338; x_wconf 88' lang='lat' dir='ltr'>Pater</span> <span class='ocrx_word' id='word_1_669' title='bbox 2618 3298 2727 3337; x_wconf 91' lang='lat' dir='ltr'>non</span> <span class='ocrx_word' id='word_1_670' title='bbox 2782 3282 2849 3336; x_wconf 90' lang='lat' dir='ltr'>ab</span> <span class='ocrx_word' id='word_1_671' title='bbox 2908 3281 3034 3338; x_wconf 92' lang='lat' dir='ltr'>alio.</span> <span class='ocrx_word' id='word_1_672' title='bbox 3084 3283 3151 3337; x_wconf 88' lang='lat' dir='ltr'>Et</span> <span class='ocrx_word' id='word_1_673' title='bbox 3199 3282 3321 3355; x_wconf 90' lang='lat' dir='ltr'>quia</span> <span class='ocrx_word' id='word_1_674' title='bbox 3369 3283 3451 3338; x_wconf 91' lang='lat' dir='ltr'>vir</span> <span class='ocrx_word' id='word_1_675' title='bbox 3506 3284 3788 3340; x_wconf 89' lang='lat' dir='ltr'>Christum</span> 
     </span>
    </p>
   </div>
   <div class='ocr_carea' id='block_1_80' title="bbox 2186 3371 3791 3443">
    <p class='ocr_par' dir='ltr' id='par_1_80' title="bbox 2186 3371 3791 3443">
     <span class='ocr_line' id='line_1_80' title="bbox 2186 3371 3791 3443; baseline 0.001 -16"><span class='ocrx_word' id='word_1_676' title='bbox 2186 3372 2527 3428; x_wconf 92' lang='lat' dir='ltr'>solummodo</span> <span class='ocrx_word' id='word_1_677' title='bbox 2558 3380 2718 3443; x_wconf 90' lang='lat' dir='ltr'>caput</span> <span class='ocrx_word' id='word_1_678' title='bbox 2746 3372 2926 3437; x_wconf 90' lang='lat' dir='ltr'>habet,</span> <span class='ocrx_word' id='word_1_679' title='bbox 2959 3371 3083 3426; x_wconf 88' lang='lat' dir='ltr'>ideo</span> <span class='ocrx_word' id='word_1_680' title='bbox 3098 3373 3283 3427; x_wconf 81' lang='lat' dir='ltr'>omnis</span> <span class='ocrx_word' id='word_1_681' title='bbox 3306 3374 3391 3428; x_wconf 86' lang='lat' dir='ltr'>vir</span> <span class='ocrx_word' id='word_1_682' title='bbox 3411 3388 3580 3428; x_wconf 77' lang='lat' dir='ltr'>orans</span> <span class='ocrx_word' id='word_1_683' title='bbox 3611 3373 3673 3428; x_wconf 81' lang='lat' dir='ltr'>in</span> <span class='ocrx_word' id='word_1_684' title='bbox 3696 3390 3791 3429; x_wconf 84' lang='lat' dir='ltr'>ec-</span> 
     </span>
    </p>
   </div>
   <div class='ocr_carea' id='block_1_81' title="bbox 2184 3460 3791 3533">
    <p class='ocr_par' dir='ltr' id='par_1_81' title="bbox 2184 3460 3791 3533">
     <span class='ocr_line' id='line_1_81' title="bbox 2184 3460 3791 3533; baseline -0.001 -15"><span class='ocrx_word' id='word_1_685' title='bbox 2184 3464 2355 3518; x_wconf 79' lang='lat' dir='ltr'>clesia</span> <span class='ocrx_word' id='word_1_686' title='bbox 2377 3460 2716 3516; x_wconf 90' lang='lat' dir='ltr'>Dominicam</span> <span class='ocrx_word' id='word_1_687' title='bbox 2738 3460 3053 3527; x_wconf 87' lang='lat' dir='ltr'>orationem,</span> <span class='ocrx_word' id='word_1_688' title='bbox 3079 3460 3164 3515; x_wconf 92' lang='lat' dir='ltr'>vel</span> <span class='ocrx_word' id='word_1_689' title='bbox 3192 3460 3459 3533; x_wconf 89' lang='lat' dir='ltr'>quaslibet</span> <span class='ocrx_word' id='word_1_690' title='bbox 3488 3461 3791 3531; x_wconf 90' lang='lat' dir='ltr'>orationes,</span> 
     </span>
    </p>
   </div>
   <div class='ocr_carea' id='block_1_82' title="bbox 2185 3549 3789 3622">
    <p class='ocr_par' dir='ltr' id='par_1_82' title="bbox 2185 3549 3789 3622">
     <span class='ocr_line' id='line_1_82' title="bbox 2185 3549 3789 3622; baseline 0.001 -17"><span class='ocrx_word' id='word_1_691' title='bbox 2185 3560 2275 3605; x_wconf 90' lang='lat' dir='ltr'>aut</span> <span class='ocrx_word' id='word_1_692' title='bbox 2329 3550 2699 3621; x_wconf 89' lang='lat' dir='ltr'>pr0phetans;</span> <span class='ocrx_word' id='word_1_693' title='bbox 2743 3549 3065 3620; x_wconf 85' lang='lat' dir='ltr'>pr0phetare</span> <span class='ocrx_word' id='word_1_694' title='bbox 3125 3549 3271 3618; x_wconf 88' lang='lat' dir='ltr'>dicit,</span> <span class='ocrx_word' id='word_1_695' title='bbox 3339 3550 3426 3605; x_wconf 91' lang='lat' dir='ltr'>vel</span> <span class='ocrx_word' id='word_1_696' title='bbox 3474 3550 3789 3622; x_wconf 80' lang='lat' dir='ltr'>symbolum</span> 
     </span>
    </p>
   </div>
   <div class='ocr_carea' id='block_1_83' title="bbox 2185 3637 3782 3709">
    <p class='ocr_par' dir='ltr' id='par_1_83' title="bbox 2185 3637 3782 3709">
     <span class='ocr_line' id='line_1_83' title="bbox 2185 3637 3782 3709; baseline 0.001 -16"><span class='ocrx_word' id='word_1_697' title='bbox 2185 3639 2384 3705; x_wconf 88' lang='lat' dir='ltr'>dicere,</span> <span class='ocrx_word' id='word_1_698' title='bbox 2438 3638 2494 3692; x_wconf 92' lang='lat' dir='ltr'>in</span> <span class='ocrx_word' id='word_1_699' title='bbox 2551 3653 2659 3709; x_wconf 91' lang='lat' dir='ltr'>quo</span> <span class='ocrx_word' id='word_1_700' title='bbox 2707 3638 2888 3693; x_wconf 88' lang='lat' dir='ltr'>carnis</span> <span class='ocrx_word' id='word_1_701' title='bbox 2939 3637 3268 3692; x_wconf 88' lang='lat' dir='ltr'>resurrectio</span> <span class='ocrx_word' id='word_1_702' title='bbox 3314 3646 3367 3693; x_wconf 92' lang='lat' dir='ltr'>et</span> <span class='ocrx_word' id='word_1_703' title='bbox 3415 3637 3523 3693; x_wconf 90' lang='lat' dir='ltr'>vita</span> <span class='ocrx_word' id='word_1_704' title='bbox 3551 3647 3782 3709; x_wconf 76' lang='lat' dir='ltr'>aeterna,</span> 
     </span>
    </p>
   </div>
   <div class='ocr_carea' id='block_1_84' title="bbox 2186 3726 3791 3801">
    <p class='ocr_par' dir='ltr' id='par_1_84' title="bbox 2186 3726 3791 3801">
     <span class='ocr_line' id='line_1_84' title="bbox 2186 3726 3791 3801; baseline 0.001 -18"><span class='ocrx_word' id='word_1_705' title='bbox 2186 3745 2305 3801; x_wconf 56' lang='lat' dir='ltr'>qua</span> <span class='ocrx_word' id='word_1_706' title='bbox 2332 3727 2504 3782; x_wconf 86' lang='lat' dir='ltr'>futura</span> <span class='ocrx_word' id='word_1_707' title='bbox 2534 3735 2657 3781; x_wconf 88' lang='lat' dir='ltr'>sunt</span> <span class='ocrx_word' id='word_1_708' title='bbox 2685 3726 3067 3797; x_wconf 65' lang='lat' dir='ltr'>praedicuntur;</span> <span class='ocrx_word' id='word_1_709' title='bbox 3102 3728 3186 3782; x_wconf 84' lang='lat' dir='ltr'>vel</span> <span class='ocrx_word' id='word_1_710' title='bbox 3221 3727 3586 3799; x_wconf 74' lang='lat' dir='ltr'>pr0phetans,</span> <span class='ocrx_word' id='word_1_711' title='bbox 3618 3727 3676 3783; x_wconf 90' lang='lat' dir='ltr'>id</span> <span class='ocrx_word' id='word_1_712' title='bbox 3701 3739 3791 3785; x_wconf 89' lang='lat' dir='ltr'>est</span> 
     </span>
    </p>
   </div>
   <div class='ocr_carea' id='block_1_85' title="bbox 2184 3815 3794 3889">
    <p class='ocr_par' dir='ltr' id='par_1_85' title="bbox 2184 3815 3794 3889">
     <span class='ocr_line' id='line_1_85' title="bbox 2184 3815 3794 3889; baseline 0.001 -16"><span class='ocrx_word' id='word_1_713' title='bbox 2184 3817 2377 3889; x_wconf 91' lang='lat' dir='ltr'>legens</span> <span class='ocrx_word' id='word_1_714' title='bbox 2421 3816 2475 3870; x_wconf 91' lang='lat' dir='ltr'>in</span> <span class='ocrx_word' id='word_1_715' title='bbox 2513 3815 2743 3871; x_wconf 87' lang='lat' dir='ltr'>ecclesia</span> <span class='ocrx_word' id='word_1_716' title='bbox 2790 3823 2841 3870; x_wconf 93' lang='lat' dir='ltr'>et</span> <span class='ocrx_word' id='word_1_717' title='bbox 2883 3815 3129 3870; x_wconf 90' lang='lat' dir='ltr'>revelans</span> <span class='ocrx_word' id='word_1_718' title='bbox 3175 3832 3294 3887; x_wconf 70' lang='lat' dir='ltr'>qua:</span> <span class='ocrx_word' id='word_1_719' title='bbox 3342 3816 3617 3886; x_wconf 68' lang='lat' dir='ltr'>praeterita</span> <span class='ocrx_word' id='word_1_720' title='bbox 3659 3827 3794 3874; x_wconf 91' lang='lat' dir='ltr'>sunt</span> 
     </span>
    </p>
   </div>
   <div class='ocr_carea' id='block_1_86' title="bbox 2187 3902 3785 3974">
    <p class='ocr_par' dir='ltr' id='par_1_86' title="bbox 2187 3902 3785 3974">
     <span class='ocr_line' id='line_1_86' title="bbox 2187 3902 3785 3974; baseline 0.001 -14"><span class='ocrx_word' id='word_1_721' title='bbox 2187 3906 2275 3960; x_wconf 87' lang='lat' dir='ltr'>vel</span> <span class='ocrx_word' id='word_1_722' title='bbox 2320 3904 2493 3961; x_wconf 91' lang='lat' dir='ltr'>futura</span> <span class='ocrx_word' id='word_1_723' title='bbox 2538 3903 2877 3960; x_wconf 85' lang='lat' dir='ltr'>solummodo</span> <span class='ocrx_word' id='word_1_724' title='bbox 2920 3904 2989 3959; x_wconf 88' lang='lat' dir='ltr'>de</span> <span class='ocrx_word' id='word_1_725' title='bbox 3037 3902 3285 3971; x_wconf 87' lang='lat' dir='ltr'>Christo;</span> <span class='ocrx_word' id='word_1_726' title='bbox 3318 3904 3402 3961; x_wconf 86' lang='lat' dir='ltr'>vir</span> <span class='ocrx_word' id='word_1_727' title='bbox 3448 3905 3524 3959; x_wconf 86' lang='lat' dir='ltr'>ita</span> <span class='ocrx_word' id='word_1_728' title='bbox 3554 3904 3785 3974; x_wconf 88' lang='lat' dir='ltr'>faciens,</span> 
     </span>
    </p>
   </div>
   <div class='ocr_carea' id='block_1_87' title="bbox 2188 3994 2884 4066">
    <p class='ocr_par' dir='ltr' id='par_1_87' title="bbox 2188 3994 2884 4066">
     <span class='ocr_line' id='line_1_87' title="bbox 2188 3994 2884 4066; baseline -0.001 -17"><span class='ocrx_word' id='word_1_729' title='bbox 2188 3994 2454 4066; x_wconf 81' lang='lat' dir='ltr'>deturpat</span> <span class='ocrx_word' id='word_1_730' title='bbox 2487 3997 2659 4065; x_wconf 82' lang='lat' dir='ltr'>caput</span> <span class='ocrx_word' id='word_1_731' title='bbox 2688 4009 2884 4048; x_wconf 83' lang='lat' dir='ltr'>suum.</span> 
     </span>
    </p>
   </div>
   <div class='ocr_carea' id='block_1_88' title="bbox 2260 4081 3791 4156">
    <p class='ocr_par' dir='ltr' id='par_1_88' title="bbox 2260 4081 3791 4156">
     <span class='ocr_line' id='line_1_88' title="bbox 2260 4081 3791 4156; baseline 0.002 -19"><span class='ocrx_word' id='word_1_732' title='bbox 2260 4084 2553 4137; x_wconf 68' lang='lat' dir='ltr'>P-issemus</span> <span class='ocrx_word' id='word_1_733' title='bbox 2596 4082 2683 4137; x_wconf 91' lang='lat' dir='ltr'>hic</span> <span class='ocrx_word' id='word_1_734' title='bbox 2715 4082 2898 4136; x_wconf 90' lang='lat' dir='ltr'>dicere</span> <span class='ocrx_word' id='word_1_735' title='bbox 2946 4089 3109 4152; x_wconf 90' lang='lat' dir='ltr'>caput</span> <span class='ocrx_word' id='word_1_736' title='bbox 3146 4081 3248 4137; x_wconf 89' lang='lat' dir='ltr'>viri</span> <span class='ocrx_word' id='word_1_737' title='bbox 3287 4082 3560 4138; x_wconf 90' lang='lat' dir='ltr'>Christum</span> <span class='ocrx_word' id='word_1_738' title='bbox 3598 4100 3791 4156; x_wconf 90' lang='lat' dir='ltr'>quem,</span> 
     </span>
    </p>
   </div>
   <div class='ocr_carea' id='block_1_89' title="bbox 2189 4170 3797 4244">
    <p class='ocr_par' dir='ltr' id='par_1_89' title="bbox 2189 4170 3797 4244">
     <span class='ocr_line' id='line_1_89' title="bbox 2189 4170 3797 4244; baseline 0.003 -18"><span class='ocrx_word' id='word_1_739' title='bbox 2189 4172 2318 4226; x_wconf 91' lang='lat' dir='ltr'>dum</span> <span class='ocrx_word' id='word_1_740' title='bbox 2347 4171 2629 4227; x_wconf 88' lang='lat' dir='ltr'>inhoneste</span> <span class='ocrx_word' id='word_1_741' title='bbox 2660 4170 2790 4241; x_wconf 88' lang='lat' dir='ltr'>agit,</span> <span class='ocrx_word' id='word_1_742' title='bbox 2845 4179 3101 4241; x_wconf 91' lang='lat' dir='ltr'>quantum</span> <span class='ocrx_word' id='word_1_743' title='bbox 3131 4172 3200 4227; x_wconf 91' lang='lat' dir='ltr'>ad</span> <span class='ocrx_word' id='word_1_744' title='bbox 3230 4189 3289 4227; x_wconf 92' lang='lat' dir='ltr'>se</span> <span class='ocrx_word' id='word_1_745' title='bbox 3320 4173 3606 4244; x_wconf 88' lang='lat' dir='ltr'>deturpare</span> <span class='ocrx_word' id='word_1_746' title='bbox 3639 4173 3797 4231; x_wconf 86' lang='lat' dir='ltr'>vide-</span> 
     </span>
    </p>
   </div>
   <div class='ocr_carea' id='block_1_90' title="bbox 2190 4258 3794 4333">
    <p class='ocr_par' dir='ltr' id='par_1_90' title="bbox 2190 4258 3794 4333">
     <span class='ocr_line' id='line_1_90' title="bbox 2190 4258 3794 4333; baseline 0.002 -18"><span class='ocrx_word' id='word_1_747' title='bbox 2190 4269 2296 4326; x_wconf 88' lang='lat' dir='ltr'>tur,</span> <span class='ocrx_word' id='word_1_748' title='bbox 2342 4260 2495 4328; x_wconf 90' lang='lat' dir='ltr'>cujus</span> <span class='ocrx_word' id='word_1_749' title='bbox 2518 4260 2669 4329; x_wconf 91' lang='lat' dir='ltr'>jussa</span> <span class='ocrx_word' id='word_1_750' title='bbox 2698 4258 2905 4329; x_wconf 91' lang='lat' dir='ltr'>spernit</span> <span class='ocrx_word' id='word_1_751' title='bbox 2930 4279 2943 4324; x_wconf 91' lang='lat'>;</span> <span class='ocrx_word' id='word_1_752' title='bbox 2979 4260 3073 4315; x_wconf 90' lang='lat' dir='ltr'>sed</span> <span class='ocrx_word' id='word_1_753' title='bbox 3106 4260 3230 4332; x_wconf 89' lang='lat' dir='ltr'>quia</span> <span class='ocrx_word' id='word_1_754' title='bbox 3253 4278 3487 4333; x_wconf 90' lang='lat' dir='ltr'>sequens</span> <span class='ocrx_word' id='word_1_755' title='bbox 3510 4262 3687 4317; x_wconf 89' lang='lat' dir='ltr'>littera</span> <span class='ocrx_word' id='word_1_756' title='bbox 3710 4263 3794 4318; x_wconf 89' lang='lat' dir='ltr'>sic</span> 
     </span>
    </p>
   </div>
   <div class='ocr_carea' id='block_1_91' title="bbox 2191 4348 3797 4421">
    <p class='ocr_par' dir='ltr' id='par_1_91' title="bbox 2191 4348 3797 4421">
     <span class='ocr_line' id='line_1_91' title="bbox 2191 4348 3797 4421; baseline 0.001 -17"><span class='ocrx_word' id='word_1_757' title='bbox 2191 4365 2304 4404; x_wconf 90' lang='lat' dir='ltr'>non</span> <span class='ocrx_word' id='word_1_758' title='bbox 2332 4349 2550 4419; x_wconf 90' lang='lat' dir='ltr'>patitur,</span> <span class='ocrx_word' id='word_1_759' title='bbox 2581 4348 2811 4404; x_wconf 91' lang='lat' dir='ltr'>dicimus</span> <span class='ocrx_word' id='word_1_760' title='bbox 2844 4366 2857 4402; x_wconf 92' lang='lat'><strong>:</strong></span> <span class='ocrx_word' id='word_1_761' title='bbox 2893 4348 2986 4404; x_wconf 91' lang='lat' dir='ltr'>Vir</span> <span class='ocrx_word' id='word_1_762' title='bbox 3013 4349 3187 4404; x_wconf 86' lang='lat' dir='ltr'>velato</span> <span class='ocrx_word' id='word_1_763' title='bbox 3219 4350 3394 4421; x_wconf 89' lang='lat' dir='ltr'>capite</span> <span class='ocrx_word' id='word_1_764' title='bbox 3417 4366 3579 4406; x_wconf 87' lang='lat' dir='ltr'>orans</span> <span class='ocrx_word' id='word_1_765' title='bbox 3600 4351 3797 4406; x_wconf 89' lang='lat' dir='ltr'>detur-</span> 
     </span>
    </p>
   </div>
   <div class='ocr_carea' id='block_1_92' title="bbox 2192 4437 3801 4512">
    <p class='ocr_par' dir='ltr' id='par_1_92' title="bbox 2192 4437 3801 4512">
     <span class='ocr_line' id='line_1_92' title="bbox 2192 4437 3801 4512; baseline 0.002 -20"><span class='ocrx_word' id='word_1_766' title='bbox 2192 4445 2285 4509; x_wconf 89' lang='lat' dir='ltr'>pat</span> <span class='ocrx_word' id='word_1_767' title='bbox 2331 4438 2607 4508; x_wconf 89' lang='lat' dir='ltr'>proprium</span> <span class='ocrx_word' id='word_1_768' title='bbox 2651 4445 2829 4507; x_wconf 90' lang='lat' dir='ltr'>caput,</span> <span class='ocrx_word' id='word_1_769' title='bbox 2883 4437 3013 4491; x_wconf 93' lang='lat' dir='ltr'>dum</span> <span class='ocrx_word' id='word_1_770' title='bbox 3062 4438 3368 4493; x_wconf 83' lang='lat' dir='ltr'>libertatem</span> <span class='ocrx_word' id='word_1_771' title='bbox 3419 4455 3579 4512; x_wconf 89' lang='lat' dir='ltr'>quam</span> <span class='ocrx_word' id='word_1_772' title='bbox 3629 4440 3801 4497; x_wconf 87' lang='lat' dir='ltr'>habet</span> 
     </span>
    </p>
   </div>
   <div class='ocr_carea' id='block_1_93' title="bbox 500 4504 3794 4599">
    <p class='ocr_par' dir='ltr' id='par_1_93' title="bbox 500 4504 3794 4599">
     <span class='ocr_line' id='line_1_93' title="bbox 500 4504 3794 4599; baseline 0.002 -21"><span class='ocrx_word' id='word_1_773' title='bbox 500 4528 523 4558; x_wconf 68' lang='grc' dir='ltr'>ί</span> <span class='ocrx_word' id='word_1_774' title='bbox 700 4505 934 4599; x_wconf 60' lang='grc' dir='ltr'>θοωίξιί·</span> <span class='ocrx_word' id='word_1_775' title='bbox 968 4506 1098 4599; x_wconf 52' lang='lat' dir='ltr'>meo</span> <span class='ocrx_word' id='word_1_776' title='bbox 1129 4504 1270 4599; x_wconf 49' lang='lat' dir='ltr'>imm:</span> <span class='ocrx_word' id='word_1_777' title='bbox 1294 4504 1807 4599; x_wconf 43' lang='grc' dir='ltr'>γοεΔηξυῘίί-ίηίῖνωί</span> <span class='ocrx_word' id='word_1_778' title='bbox 1838 4513 1890 4599; x_wconf 48' lang='grc' dir='ltr'>Ψ</span> <span class='ocrx_word' id='word_1_779' title='bbox 1919 4504 2095 4599; x_wconf 57' lang='lat' dir='ltr'>imbf‘</span> <span class='ocrx_word' id='word_1_780' title='bbox 2128 4597 2149 4599; x_wconf 14' lang='grc' dir='ltr'><strong>ξ</strong></span> <span class='ocrx_word' id='word_1_781' title='bbox 2192 4504 2348 4598; x_wconf 43' lang='lat' dir='ltr'>{quia</span> <span class='ocrx_word' id='word_1_782' title='bbox 2394 4504 2493 4580; x_wconf 82' lang='lat' dir='ltr'>sub</span> <span class='ocrx_word' id='word_1_783' title='bbox 2541 4525 2689 4580; x_wconf 92' lang='lat' dir='ltr'>nullo</span> <span class='ocrx_word' id='word_1_784' title='bbox 2719 4504 2930 4596; x_wconf 61' lang='lat' dir='ltr'>praeter</span> <span class='ocrx_word' id='word_1_785' title='bbox 2976 4526 3252 4581; x_wconf 90' lang='lat' dir='ltr'>Christum</span> <span class='ocrx_word' id='word_1_786' title='bbox 3299 4532 3402 4598; x_wconf 91' lang='lat' dir='ltr'>est)</span> <span class='ocrx_word' id='word_1_787' title='bbox 3437 4504 3585 4599; x_wconf 42' lang='lat' dir='ltr'>&#39;tegit</span> <span class='ocrx_word' id='word_1_788' title='bbox 3633 4529 3794 4584; x_wconf 86' lang='lat' dir='ltr'>vela-</span> 
     </span>
    </p>
   </div>
   <div class='ocr_carea' id='block_1_94' title="bbox 500 4592 2080 4686">
    <p class='ocr_par' dir='ltr' id='par_1_94' title="bbox 500 4592 2080 4665">
     <span class='ocr_line' id='line_1_94' title="bbox 500 4592 2080 4665; baseline 0 -18"><span class='ocrx_word' id='word_1_789' title='bbox 500 4618 523 4647; x_wconf 73' lang='grc' dir='ltr'><strong><em>ι</em></strong></span> <span class='ocrx_word' id='word_1_790' title='bbox 566 4595 738 4661; x_wconf 90' lang='lat' dir='ltr'>cilles,</span> <span class='ocrx_word' id='word_1_791' title='bbox 771 4603 823 4650; x_wconf 91' lang='lat' dir='ltr'>et</span> <span class='ocrx_word' id='word_1_792' title='bbox 851 4594 1125 4650; x_wconf 90' lang='lat' dir='ltr'>dormiunt</span> <span class='ocrx_word' id='word_1_793' title='bbox 1154 4594 1329 4649; x_wconf 91' lang='lat' dir='ltr'>multi.</span> <span class='ocrx_word' id='word_1_794' title='bbox 1380 4592 1517 4663; x_wconf 86' lang='lat' dir='ltr'>Quia</span> <span class='ocrx_word' id='word_1_795' title='bbox 1544 4594 1591 4648; x_wconf 92' lang='lat' dir='ltr'>si</span> <span class='ocrx_word' id='word_1_796' title='bbox 1620 4595 1984 4665; x_wconf 91' lang='lat' dir='ltr'>nosmetipsos</span> <span class='ocrx_word' id='word_1_797' title='bbox 2014 4594 2080 4648; x_wconf 90' lang='lat' dir='ltr'>di-</span> 
     </span>
    </p>
   </div>
   <div class='ocr_carea' id='block_1_95' title="bbox 2184 4592 3791 4686">
    <p class='ocr_par' dir='ltr' id='par_1_95' title="bbox 2195 4614 3791 4686">
     <span class='ocr_line' id='line_1_95' title="bbox 2195 4614 3791 4686; baseline 0.004 -17"><span class='ocrx_word' id='word_1_798' title='bbox 2195 4623 2379 4670; x_wconf 93' lang='lat' dir='ltr'>mento</span> <span class='ocrx_word' id='word_1_799' title='bbox 2407 4633 2419 4669; x_wconf 91' lang='lat'><strong>:</strong></span> <span class='ocrx_word' id='word_1_800' title='bbox 2454 4614 2597 4686; x_wconf 93' lang='lat' dir='ltr'>quod</span> <span class='ocrx_word' id='word_1_801' title='bbox 2628 4614 2842 4686; x_wconf 87' lang='lat' dir='ltr'>signum</span> <span class='ocrx_word' id='word_1_802' title='bbox 2872 4623 2954 4668; x_wconf 91' lang='lat' dir='ltr'>est</span> <span class='ocrx_word' id='word_1_803' title='bbox 2985 4615 3371 4671; x_wconf 72' lang='lat' dir='ltr'>erubescendae</span> <span class='ocrx_word' id='word_1_804' title='bbox 3411 4617 3791 4686; x_wconf 88' lang='lat' dir='ltr'>subjectionis.</span> 
     </span>
    </p>
   </div>
   <div class='ocr_carea' id='block_1_96' title="bbox 503 4682 2095 4755">
    <p class='ocr_par' dir='ltr' id='par_1_96' title="bbox 503 4682 2095 4755">
     <span class='ocr_line' id='line_1_96' title="bbox 503 4682 2095 4755; baseline 0.001 -20"><span class='ocrx_word' id='word_1_805' title='bbox 503 4706 524 4735; x_wconf 75' lang='grc' dir='ltr'><strong>α</strong></span> <span class='ocrx_word' id='word_1_806' title='bbox 562 4684 952 4754; x_wconf 89' lang='lat' dir='ltr'>judicaremus,</span> <span class='ocrx_word' id='word_1_807' title='bbox 998 4699 1109 4739; x_wconf 90' lang='lat' dir='ltr'>non</span> <span class='ocrx_word' id='word_1_808' title='bbox 1155 4683 1341 4755; x_wconf 91' lang='lat' dir='ltr'>utique</span> <span class='ocrx_word' id='word_1_809' title='bbox 1384 4683 1772 4752; x_wconf 88' lang='lat' dir='ltr'>judicaremur.</span> <span class='ocrx_word' id='word_1_810' title='bbox 1821 4684 1963 4737; x_wconf 92' lang='lat' dir='ltr'>Dum</span> <span class='ocrx_word' id='word_1_811' title='bbox 2002 4682 2095 4752; x_wconf 87' lang='lat' dir='ltr'>ju-</span> 
     </span>
    </p>
   </div>
   <div class='ocr_carea' id='block_1_97' title="bbox 503 4770 2097 4842">
    <p class='ocr_par' dir='ltr' id='par_1_97' title="bbox 503 4770 2097 4842">
     <span class='ocr_line' id='line_1_97' title="bbox 503 4770 2097 4842; baseline 0.002 -20"><span class='ocrx_word' id='word_1_812' title='bbox 503 4796 524 4822; x_wconf 72' lang='grc' dir='ltr'><strong>ε</strong></span> <span class='ocrx_word' id='word_1_813' title='bbox 569 4772 818 4829; x_wconf 90' lang='lat' dir='ltr'>dicamur</span> <span class='ocrx_word' id='word_1_814' title='bbox 845 4780 1045 4841; x_wconf 87' lang='lat' dir='ltr'>autem,</span> <span class='ocrx_word' id='word_1_815' title='bbox 1076 4788 1108 4825; x_wconf 89' lang='lat' dir='ltr'>a</span> <span class='ocrx_word' id='word_1_816' title='bbox 1139 4770 1369 4826; x_wconf 90' lang='lat' dir='ltr'>Domino</span> <span class='ocrx_word' id='word_1_817' title='bbox 1400 4771 1738 4842; x_wconf 87' lang='lat' dir='ltr'>corripimur,</span> <span class='ocrx_word' id='word_1_818' title='bbox 1771 4779 1827 4825; x_wconf 91' lang='lat' dir='ltr'>ut</span> <span class='ocrx_word' id='word_1_819' title='bbox 1850 4787 1957 4825; x_wconf 90' lang='lat' dir='ltr'>non</span> <span class='ocrx_word' id='word_1_820' title='bbox 1972 4786 2097 4826; x_wconf 90' lang='lat' dir='ltr'>cum</span> 
     </span>
    </p>
   </div>
   <div class='ocr_carea' id='block_1_98' title="bbox 500 4858 2096 4929">
    <p class='ocr_par' dir='ltr' id='par_1_98' title="bbox 500 4858 2096 4929">
     <span class='ocr_line' id='line_1_98' title="bbox 500 4858 2096 4929; baseline 0.001 -17"><span class='ocrx_word' id='word_1_821' title='bbox 500 4883 523 4912; x_wconf 74' lang='grc' dir='ltr'><strong><em>ι</em></strong></span> <span class='ocrx_word' id='word_1_822' title='bbox 566 4862 670 4916; x_wconf 91' lang='lat' dir='ltr'>hoc</span> <span class='ocrx_word' id='word_1_823' title='bbox 699 4860 901 4915; x_wconf 91' lang='lat' dir='ltr'>mundo</span> <span class='ocrx_word' id='word_1_824' title='bbox 948 4860 1291 4915; x_wconf 91' lang='lat' dir='ltr'>damnemur.</span> <span class='ocrx_word' id='word_1_825' title='bbox 1344 4859 1546 4929; x_wconf 88' lang='lat' dir='ltr'>Itaque,</span> <span class='ocrx_word' id='word_1_826' title='bbox 1578 4858 1776 4913; x_wconf 89' lang='lat' dir='ltr'>fratres</span> <span class='ocrx_word' id='word_1_827' title='bbox 1814 4859 1939 4927; x_wconf 90' lang='lat' dir='ltr'>mei,</span> <span class='ocrx_word' id='word_1_828' title='bbox 1972 4874 2096 4915; x_wconf 91' lang='lat' dir='ltr'>cum</span> 
     </span>
    </p>
   </div>
   <div class='ocr_carea' id='block_1_99' title="bbox 504 4946 2087 5017">
    <p class='ocr_par' dir='ltr' id='par_1_99' title="bbox 504 4946 2087 5017">
     <span class='ocr_line' id='line_1_99' title="bbox 504 4946 2087 5017; baseline 0.003 -18"><span class='ocrx_word' id='word_1_829' title='bbox 504 4970 526 4999; x_wconf 72' lang='grc' dir='ltr'><strong><em>ι</em></strong></span> <span class='ocrx_word' id='word_1_830' title='bbox 560 4948 861 5003; x_wconf 86' lang='lat' dir='ltr'>convenitis</span> <span class='ocrx_word' id='word_1_831' title='bbox 889 4947 957 5001; x_wconf 88' lang='lat' dir='ltr'>ad</span> <span class='ocrx_word' id='word_1_832' title='bbox 988 4947 1448 5014; x_wconf 87' lang='lat' dir='ltr'>manducandum,</span> <span class='ocrx_word' id='word_1_833' title='bbox 1484 4946 1713 5001; x_wconf 92' lang='lat' dir='ltr'>invicem</span> <span class='ocrx_word' id='word_1_834' title='bbox 1746 4956 2087 5017; x_wconf 84' lang='lat' dir='ltr'>exspectate.</span> 
     </span>
    </p>
   </div>
   <div class='ocr_carea' id='block_1_100' title="bbox 506 5034 2098 5107">
    <p class='ocr_par' dir='ltr' id='par_1_100' title="bbox 506 5034 2098 5107">
     <span class='ocr_line' id='line_1_100' title="bbox 506 5034 2098 5107; baseline 0.001 -17"><span class='ocrx_word' id='word_1_835' title='bbox 506 5056 529 5084; x_wconf 86' lang='grc'><strong>«</strong></span> <span class='ocrx_word' id='word_1_836' title='bbox 574 5035 632 5091; x_wconf 93' lang='lat' dir='ltr'>Si</span> <span class='ocrx_word' id='word_1_837' title='bbox 658 5035 779 5107; x_wconf 90' lang='lat' dir='ltr'>quis</span> <span class='ocrx_word' id='word_1_838' title='bbox 799 5036 986 5101; x_wconf 90' lang='lat' dir='ltr'>esurit,</span> <span class='ocrx_word' id='word_1_839' title='bbox 1018 5035 1165 5089; x_wconf 94' lang='lat' dir='ltr'>domi</span> <span class='ocrx_word' id='word_1_840' title='bbox 1186 5034 1496 5103; x_wconf 89' lang='lat' dir='ltr'>manducet,</span> <span class='ocrx_word' id='word_1_841' title='bbox 1533 5043 1589 5089; x_wconf 95' lang='lat' dir='ltr'>ut</span> <span class='ocrx_word' id='word_1_842' title='bbox 1618 5051 1727 5090; x_wconf 93' lang='lat' dir='ltr'>non</span> <span class='ocrx_word' id='word_1_843' title='bbox 1757 5036 1811 5090; x_wconf 92' lang='lat' dir='ltr'>in</span> <span class='ocrx_word' id='word_1_844' title='bbox 1834 5036 2098 5105; x_wconf 87' lang='lat' dir='ltr'>judicium</span> 
     </span>
    </p>
   </div>
   <div class='ocr_carea' id='block_1_101' title="bbox 508 5123 2093 5196">
    <p class='ocr_par' dir='ltr' id='par_1_101' title="bbox 508 5123 2093 5196">
     <span class='ocr_line' id='line_1_101' title="bbox 508 5123 2093 5196; baseline 0.001 -16"><span class='ocrx_word' id='word_1_845' title='bbox 508 5142 531 5175; x_wconf 73' lang='grc' dir='ltr'><strong>α</strong></span> <span class='ocrx_word' id='word_1_846' title='bbox 574 5124 925 5181; x_wconf 88' lang='lat' dir='ltr'>conveniatis.</span> <span class='ocrx_word' id='word_1_847' title='bbox 951 5124 1156 5180; x_wconf 77' lang='lat' dir='ltr'>Czetera</span> <span class='ocrx_word' id='word_1_848' title='bbox 1171 5131 1348 5179; x_wconf 90' lang='lat' dir='ltr'>autem</span> <span class='ocrx_word' id='word_1_849' title='bbox 1372 5139 1495 5179; x_wconf 92' lang='lat' dir='ltr'>cum</span> <span class='ocrx_word' id='word_1_850' title='bbox 1514 5139 1719 5179; x_wconf 88' lang='lat' dir='ltr'>venero</span> <span class='ocrx_word' id='word_1_851' title='bbox 1740 5123 2046 5196; x_wconf 90' lang='lat' dir='ltr'>disponam.</span> <span class='ocrx_word' id='word_1_852' title='bbox 2071 5149 2093 5174; x_wconf 73' lang='grc' dir='ltr'><strong><em>η</em></strong></span> 
     </span>
    </p>
   </div>
   <div class='ocr_carea' id='block_1_102' title="bbox 1146 5331 1457 5372">
    <p class='ocr_par' dir='ltr' id='par_1_102' title="bbox 1146 5331 1457 5372">
     <span class='ocr_line' id='line_1_102' title="bbox 1146 5331 1457 5372; baseline 0.003 -1"><span class='ocrx_word' id='word_1_853' title='bbox 1146 5331 1457 5372; x_wconf 77' lang='lat' dir='ltr'>EXPOSITIO.</span> 
     </span>
    </p>
   </div>
   <div class='ocr_carea' id='block_1_103' title="bbox 574 5498 2098 5572">
    <p class='ocr_par' dir='ltr' id='par_1_103' title="bbox 574 5498 2098 5572">
     <span class='ocr_line' id='line_1_103' title="bbox 574 5498 2098 5572; baseline 0 -17"><span class='ocrx_word' id='word_1_854' title='bbox 574 5501 868 5572; x_wconf 87' lang='lat' dir='ltr'>Postquam</span> <span class='ocrx_word' id='word_1_855' title='bbox 906 5499 975 5555; x_wconf 92' lang='lat' dir='ltr'>de</span> <span class='ocrx_word' id='word_1_856' title='bbox 1022 5498 1319 5555; x_wconf 90' lang='lat' dir='ltr'>immolatis</span> <span class='ocrx_word' id='word_1_857' title='bbox 1349 5499 1495 5555; x_wconf 94' lang='lat' dir='ltr'>idolo</span> <span class='ocrx_word' id='word_1_858' title='bbox 1526 5499 1875 5570; x_wconf 85' lang='lat' dir='ltr'>reprehendit</span> <span class='ocrx_word' id='word_1_859' title='bbox 1906 5516 2001 5555; x_wconf 91' lang='lat' dir='ltr'>eos</span> <span class='ocrx_word' id='word_1_860' title='bbox 2028 5516 2098 5556; x_wconf 91' lang='lat' dir='ltr'>ne</span> 
     </span>
    </p>
   </div>
   <div class='ocr_carea' id='block_1_104' title="bbox 502 5586 2100 5655">
    <p class='ocr_par' dir='ltr' id='par_1_104' title="bbox 502 5586 2100 5655">
     <span class='ocr_line' id='line_1_104' title="bbox 502 5586 2100 5655; baseline -0.002 -9"><span class='ocrx_word' id='word_1_861' title='bbox 502 5589 590 5646; x_wconf 90' lang='lat' dir='ltr'>vel</span> <span class='ocrx_word' id='word_1_862' title='bbox 620 5590 721 5645; x_wconf 92' lang='lat' dir='ltr'>sub</span> <span class='ocrx_word' id='word_1_863' title='bbox 751 5586 1075 5644; x_wconf 73' lang='lat' dir='ltr'>oilendiculo</span> <span class='ocrx_word' id='word_1_864' title='bbox 1106 5588 1309 5655; x_wconf 88' lang='lat' dir='ltr'>fratris,</span> <span class='ocrx_word' id='word_1_865' title='bbox 1345 5589 1429 5644; x_wconf 91' lang='lat' dir='ltr'>vel</span> <span class='ocrx_word' id='word_1_866' title='bbox 1455 5588 1557 5643; x_wconf 91' lang='lat' dir='ltr'>sub</span> <span class='ocrx_word' id='word_1_867' title='bbox 1588 5589 1940 5645; x_wconf 88' lang='lat' dir='ltr'>veneratione</span> <span class='ocrx_word' id='word_1_868' title='bbox 1970 5588 2100 5643; x_wconf 92' lang='lat' dir='ltr'>idoli</span> 
     </span>
    </p>
   </div>
   <div class='ocr_carea' id='block_1_105' title="bbox 501 5677 2095 5751">
    <p class='ocr_par' dir='ltr' id='par_1_105' title="bbox 501 5677 2095 5751">
     <span class='ocr_line' id='line_1_105' title="bbox 501 5677 2095 5751; baseline -0.001 -18"><span class='ocrx_word' id='word_1_869' title='bbox 501 5679 889 5751; x_wconf 85' lang='lat' dir='ltr'>participarent</span> <span class='ocrx_word' id='word_1_870' title='bbox 916 5677 1044 5745; x_wconf 90' lang='lat' dir='ltr'>illis,</span> <span class='ocrx_word' id='word_1_871' title='bbox 1078 5678 1267 5733; x_wconf 89' lang='lat' dir='ltr'>transit</span> <span class='ocrx_word' id='word_1_872' title='bbox 1300 5678 1367 5732; x_wconf 90' lang='lat' dir='ltr'>ad</span> <span class='ocrx_word' id='word_1_873' title='bbox 1414 5678 1583 5746; x_wconf 86' lang='lat' dir='ltr'>aliud,</span> <span class='ocrx_word' id='word_1_874' title='bbox 1619 5679 1767 5750; x_wconf 91' lang='lat' dir='ltr'>quod</span> <span class='ocrx_word' id='word_1_875' title='bbox 1795 5677 1957 5732; x_wconf 90' lang='lat' dir='ltr'>nimis</span> <span class='ocrx_word' id='word_1_876' title='bbox 1986 5677 2095 5731; x_wconf 86' lang='lat' dir='ltr'>im-</span> 
     </span>
    </p>
   </div>
   <div class='ocr_carea' id='block_1_106' title="bbox 504 5766 2100 5842">
    <p class='ocr_par' dir='ltr' id='par_1_106' title="bbox 504 5766 2100 5842">
     <span class='ocr_line' id='line_1_106' title="bbox 504 5766 2100 5842; baseline 0 -17"><span class='ocrx_word' id='word_1_877' title='bbox 504 5768 700 5842; x_wconf 88' lang='lat' dir='ltr'>pudice</span> <span class='ocrx_word' id='word_1_878' title='bbox 744 5775 1165 5837; x_wconf 76' lang='lat' dir='ltr'>consueverant,</span> <span class='ocrx_word' id='word_1_879' title='bbox 1216 5766 1425 5825; x_wconf 88' lang='lat' dir='ltr'>scilicet</span> <span class='ocrx_word' id='word_1_880' title='bbox 1472 5776 1531 5824; x_wconf 89' lang='lat' dir='ltr'>ut</span> <span class='ocrx_word' id='word_1_881' title='bbox 1578 5767 1682 5823; x_wconf 89' lang='lat' dir='ltr'>viri</span> <span class='ocrx_word' id='word_1_882' title='bbox 1711 5766 1891 5825; x_wconf 90' lang='lat' dir='ltr'>velato</span> <span class='ocrx_word' id='word_1_883' title='bbox 1921 5766 2100 5840; x_wconf 88' lang='lat' dir='ltr'>capite</span> 
     </span>
    </p>
   </div>
   <div class='ocr_carea' id='block_1_107' title="bbox 2199 4702 3795 4777">
    <p class='ocr_par' dir='ltr' id='par_1_107' title="bbox 2199 4702 3795 4777">
     <span class='ocr_line' id='line_1_107' title="bbox 2199 4702 3795 4777; baseline 0.001 -18"><span class='ocrx_word' id='word_1_884' title='bbox 2199 4704 2294 4759; x_wconf 83' lang='lat' dir='ltr'>Vir</span> <span class='ocrx_word' id='word_1_885' title='bbox 2341 4704 2519 4759; x_wconf 89' lang='lat' dir='ltr'>velato</span> <span class='ocrx_word' id='word_1_886' title='bbox 2566 4702 2738 4773; x_wconf 89' lang='lat' dir='ltr'>capite</span> <span class='ocrx_word' id='word_1_887' title='bbox 2782 4717 2941 4757; x_wconf 88' lang='lat' dir='ltr'>orans</span> <span class='ocrx_word' id='word_1_888' title='bbox 2992 4704 3243 4776; x_wconf 87' lang='lat' dir='ltr'>deturpat</span> <span class='ocrx_word' id='word_1_889' title='bbox 3269 4706 3543 4776; x_wconf 90' lang='lat' dir='ltr'>proprium</span> <span class='ocrx_word' id='word_1_890' title='bbox 3584 4716 3795 4777; x_wconf 86' lang='lat' dir='ltr'>caput;</span> 
     </span>
    </p>
   </div>
   <div class='ocr_carea' id='block_1_108' title="bbox 2197 4793 3802 4867">
    <p class='ocr_par' dir='ltr' id='par_1_108' title="bbox 2197 4793 3802 4867">
     <span class='ocr_line' id='line_1_108' title="bbox 2197 4793 3802 4867; baseline 0.003 -19"><span class='ocrx_word' id='word_1_891' title='bbox 2197 4793 2293 4848; x_wconf 78' lang='lat' dir='ltr'>sed</span> <span class='ocrx_word' id='word_1_892' title='bbox 2310 4795 2493 4849; x_wconf 77' lang='lat' dir='ltr'>omnis</span> <span class='ocrx_word' id='word_1_893' title='bbox 2516 4793 2723 4847; x_wconf 81' lang='lat' dir='ltr'>mulier</span> <span class='ocrx_word' id='word_1_894' title='bbox 2738 4808 2908 4847; x_wconf 83' lang='lat' dir='ltr'>orans</span> <span class='ocrx_word' id='word_1_895' title='bbox 2940 4798 3041 4848; x_wconf 84' lang='lat' dir='ltr'>aut</span> <span class='ocrx_word' id='word_1_896' title='bbox 3071 4793 3418 4866; x_wconf 73' lang='lat' dir='ltr'>prophetam</span> <span class='ocrx_word' id='word_1_897' title='bbox 3440 4795 3604 4864; x_wconf 89' lang='lat' dir='ltr'>(sicut</span> <span class='ocrx_word' id='word_1_898' title='bbox 3626 4812 3802 4867; x_wconf 90' lang='lat' dir='ltr'>supra</span> 
     </span>
    </p>
   </div>
   <div class='ocr_carea' id='block_1_109' title="bbox 2198 4876 3800 4952">
    <p class='ocr_par' dir='ltr' id='par_1_109' title="bbox 2198 4876 3800 4952">
     <span class='ocr_line' id='line_1_109' title="bbox 2198 4876 3800 4952; baseline 0.002 -21"><span class='ocrx_word' id='word_1_899' title='bbox 2198 4876 2501 4947; x_wconf 85' lang='lat' dir='ltr'>expositum</span> <span class='ocrx_word' id='word_1_900' title='bbox 2547 4876 2651 4947; x_wconf 89' lang='lat' dir='ltr'>est)</span> <span class='ocrx_word' id='word_1_901' title='bbox 2698 4892 2813 4930; x_wconf 80' lang='lat' dir='ltr'>non</span> <span class='ocrx_word' id='word_1_902' title='bbox 2864 4878 3043 4932; x_wconf 84' lang='lat' dir='ltr'>velato</span> <span class='ocrx_word' id='word_1_903' title='bbox 3093 4879 3296 4950; x_wconf 85' lang='lat' dir='ltr'>capite,</span> <span class='ocrx_word' id='word_1_904' title='bbox 3344 4878 3610 4952; x_wconf 81' lang='lat' dir='ltr'>deturpat</span> <span class='ocrx_word' id='word_1_905' title='bbox 3653 4898 3800 4952; x_wconf 87' lang='lat' dir='ltr'>pro-</span> 
     </span>
    </p>
   </div>
   <div class='ocr_carea' id='block_1_110' title="bbox 2198 4967 3800 5041">
    <p class='ocr_par' dir='ltr' id='par_1_110' title="bbox 2198 4967 3800 5041">
     <span class='ocr_line' id='line_1_110' title="bbox 2198 4967 3800 5041; baseline 0.002 -20"><span class='ocrx_word' id='word_1_906' title='bbox 2198 4967 2387 5040; x_wconf 79' lang='lat' dir='ltr'>prium</span> <span class='ocrx_word' id='word_1_907' title='bbox 2410 4971 2601 5039; x_wconf 80' lang='lat' dir='ltr'>caput,</span> <span class='ocrx_word' id='word_1_908' title='bbox 2637 4968 2781 5037; x_wconf 92' lang='lat' dir='ltr'>quod</span> <span class='ocrx_word' id='word_1_909' title='bbox 2801 4982 3016 5037; x_wconf 90' lang='lat' dir='ltr'>semper</span> <span class='ocrx_word' id='word_1_910' title='bbox 3032 4967 3211 5022; x_wconf 85' lang='lat' dir='ltr'>velare</span> <span class='ocrx_word' id='word_1_911' title='bbox 3234 4967 3478 5035; x_wconf 90' lang='lat' dir='ltr'>deberet,</span> <span class='ocrx_word' id='word_1_912' title='bbox 3503 4967 3555 5021; x_wconf 89' lang='lat' dir='ltr'>in</span> <span class='ocrx_word' id='word_1_913' title='bbox 3574 4967 3800 5041; x_wconf 81' lang='lat' dir='ltr'>signum</span> 
     </span>
    </p>
   </div>
   <div class='ocr_carea' id='block_1_111' title="bbox 2199 5055 3801 5129">
    <p class='ocr_par' dir='ltr' id='par_1_111' title="bbox 2199 5055 3801 5129">
     <span class='ocr_line' id='line_1_111' title="bbox 2199 5055 3801 5129; baseline 0.002 -20"><span class='ocrx_word' id='word_1_914' title='bbox 2199 5055 2314 5123; x_wconf 91' lang='lat' dir='ltr'>ejus</span> <span class='ocrx_word' id='word_1_915' title='bbox 2343 5056 2753 5125; x_wconf 67' lang='lat' dir='ltr'>erubescentiae,</span> <span class='ocrx_word' id='word_1_916' title='bbox 2780 5057 2923 5129; x_wconf 90' lang='lat' dir='ltr'>quod</span> <span class='ocrx_word' id='word_1_917' title='bbox 2956 5056 3117 5111; x_wconf 90' lang='lat' dir='ltr'>totius</span> <span class='ocrx_word' id='word_1_918' title='bbox 3156 5055 3477 5126; x_wconf 88' lang='lat' dir='ltr'>perditionis</span> <span class='ocrx_word' id='word_1_919' title='bbox 3519 5072 3686 5112; x_wconf 90' lang='lat' dir='ltr'>causa</span> <span class='ocrx_word' id='word_1_920' title='bbox 3730 5059 3801 5114; x_wconf 91' lang='lat' dir='ltr'>sit</span> 
     </span>
    </p>
   </div>
   <div class='ocr_carea' id='block_1_112' title="bbox 2197 5143 3799 5216">
    <p class='ocr_par' dir='ltr' id='par_1_112' title="bbox 2197 5143 3799 5216">
     <span class='ocr_line' id='line_1_112' title="bbox 2197 5143 3799 5216; baseline 0.002 -17"><span class='ocrx_word' id='word_1_921' title='bbox 2197 5143 2414 5209; x_wconf 89' lang='lat' dir='ltr'>mulier,</span> <span class='ocrx_word' id='word_1_922' title='bbox 2465 5152 2519 5199; x_wconf 87' lang='lat' dir='ltr'>et</span> <span class='ocrx_word' id='word_1_923' title='bbox 2568 5145 2798 5201; x_wconf 86' lang='lat' dir='ltr'>maxime</span> <span class='ocrx_word' id='word_1_924' title='bbox 2829 5162 2952 5202; x_wconf 92' lang='lat' dir='ltr'>cum</span> <span class='ocrx_word' id='word_1_925' title='bbox 2982 5144 3035 5199; x_wconf 90' lang='lat' dir='ltr'>in</span> <span class='ocrx_word' id='word_1_926' title='bbox 3066 5144 3313 5199; x_wconf 89' lang='lat' dir='ltr'>Ecclesia</span> <span class='ocrx_word' id='word_1_927' title='bbox 3340 5161 3440 5199; x_wconf 91' lang='lat' dir='ltr'>suo</span> <span class='ocrx_word' id='word_1_928' title='bbox 3487 5155 3799 5216; x_wconf 63' lang='lat' dir='ltr'>praesenta-</span> 
     </span>
    </p>
   </div>
   <div class='ocr_carea' id='block_1_113' title="bbox 2199 5232 3801 5306">
    <p class='ocr_par' dir='ltr' id='par_1_113' title="bbox 2199 5232 3801 5306">
     <span class='ocr_line' id='line_1_113' title="bbox 2199 5232 3801 5306; baseline 0.002 -19"><span class='ocrx_word' id='word_1_929' title='bbox 2199 5240 2287 5287; x_wconf 89' lang='lat' dir='ltr'>tur</span> <span class='ocrx_word' id='word_1_930' title='bbox 2327 5232 2518 5301; x_wconf 88' lang='lat' dir='ltr'>judici,</span> <span class='ocrx_word' id='word_1_931' title='bbox 2557 5233 2645 5289; x_wconf 90' lang='lat' dir='ltr'>cui</span> <span class='ocrx_word' id='word_1_932' title='bbox 2691 5250 2852 5289; x_wconf 92' lang='lat' dir='ltr'>omne</span> <span class='ocrx_word' id='word_1_933' title='bbox 2907 5249 3083 5306; x_wconf 87' lang='lat' dir='ltr'>genus</span> <span class='ocrx_word' id='word_1_934' title='bbox 3112 5232 3389 5287; x_wconf 89' lang='lat' dir='ltr'>hominum</span> <span class='ocrx_word' id='word_1_935' title='bbox 3419 5233 3675 5288; x_wconf 89' lang='lat' dir='ltr'>infestum</span> <span class='ocrx_word' id='word_1_936' title='bbox 3707 5234 3801 5291; x_wconf 86' lang='lat' dir='ltr'>fe-</span> 
     </span>
    </p>
   </div>
   <div class='ocr_carea' id='block_1_114' title="bbox 2199 5320 3799 5389">
    <p class='ocr_par' dir='ltr' id='par_1_114' title="bbox 2199 5320 3799 5389">
     <span class='ocr_line' id='line_1_114' title="bbox 2199 5320 3799 5389; baseline 0.001 -11"><span class='ocrx_word' id='word_1_937' title='bbox 2199 5320 2290 5389; x_wconf 90' lang='lat' dir='ltr'>cit,</span> <span class='ocrx_word' id='word_1_938' title='bbox 2339 5321 2468 5375; x_wconf 90' lang='lat' dir='ltr'>dum</span> <span class='ocrx_word' id='word_1_939' title='bbox 2517 5322 2739 5377; x_wconf 90' lang='lat' dir='ltr'>diabolo</span> <span class='ocrx_word' id='word_1_940' title='bbox 2787 5321 3083 5388; x_wconf 87' lang='lat' dir='ltr'>consensit,</span> <span class='ocrx_word' id='word_1_941' title='bbox 3134 5329 3187 5376; x_wconf 90' lang='lat' dir='ltr'>et</span> <span class='ocrx_word' id='word_1_942' title='bbox 3234 5322 3303 5376; x_wconf 91' lang='lat' dir='ltr'>ad</span> <span class='ocrx_word' id='word_1_943' title='bbox 3342 5322 3799 5379; x_wconf 90' lang='lat' dir='ltr'>consentiendum</span> 
     </span>
    </p>
   </div>
   <div class='ocr_carea' id='block_1_115' title="bbox 2196 5410 3798 5482">
    <p class='ocr_par' dir='ltr' id='par_1_115' title="bbox 2196 5410 3798 5482">
     <span class='ocr_line' id='line_1_115' title="bbox 2196 5410 3798 5482; baseline 0.002 -17"><span class='ocrx_word' id='word_1_944' title='bbox 2196 5410 2376 5465; x_wconf 90' lang='lat' dir='ltr'>eidem</span> <span class='ocrx_word' id='word_1_945' title='bbox 2426 5411 2603 5466; x_wconf 89' lang='lat' dir='ltr'>virum</span> <span class='ocrx_word' id='word_1_946' title='bbox 2645 5411 2875 5482; x_wconf 91' lang='lat' dir='ltr'>impulit.</span> <span class='ocrx_word' id='word_1_947' title='bbox 2929 5412 3084 5476; x_wconf 80' lang='lat' dir='ltr'>Vere,</span> <span class='ocrx_word' id='word_1_948' title='bbox 3142 5410 3427 5466; x_wconf 90' lang='lat' dir='ltr'>mulierem</span> <span class='ocrx_word' id='word_1_949' title='bbox 3471 5428 3580 5468; x_wconf 93' lang='lat' dir='ltr'>non</span> <span class='ocrx_word' id='word_1_950' title='bbox 3607 5412 3798 5469; x_wconf 87' lang='lat' dir='ltr'>velare</span> 
     </span>
    </p>
   </div>
   <div class='ocr_carea' id='block_1_116' title="bbox 2199 5500 3798 5571">
    <p class='ocr_par' dir='ltr' id='par_1_116' title="bbox 2199 5500 3798 5571">
     <span class='ocr_line' id='line_1_116' title="bbox 2199 5500 3798 5571; baseline 0.002 -16"><span class='ocrx_word' id='word_1_951' title='bbox 2199 5507 2379 5570; x_wconf 87' lang='lat' dir='ltr'>caput,</span> <span class='ocrx_word' id='word_1_952' title='bbox 2430 5507 2513 5555; x_wconf 89' lang='lat' dir='ltr'>est</span> <span class='ocrx_word' id='word_1_953' title='bbox 2562 5500 2855 5571; x_wconf 88' lang='lat' dir='ltr'>deturpare</span> <span class='ocrx_word' id='word_1_954' title='bbox 2892 5507 3067 5570; x_wconf 90' lang='lat' dir='ltr'>caput.</span> <span class='ocrx_word' id='word_1_955' title='bbox 3115 5500 3252 5553; x_wconf 89' lang='lat' dir='ltr'>Nam</span> <span class='ocrx_word' id='word_1_956' title='bbox 3300 5516 3481 5555; x_wconf 83' lang='lat' dir='ltr'>unum</span> <span class='ocrx_word' id='word_1_957' title='bbox 3542 5509 3596 5555; x_wconf 92' lang='lat' dir='ltr'>et</span> <span class='ocrx_word' id='word_1_958' title='bbox 3645 5501 3798 5558; x_wconf 85' lang='lat' dir='ltr'>idem</span> 
     </span>
    </p>
   </div>
   <div class='ocr_carea' id='block_1_117' title="bbox 2198 5597 3800 5668">
    <p class='ocr_par' dir='ltr' id='par_1_117' title="bbox 2198 5597 3800 5668">
     <span class='ocr_line' id='line_1_117' title="bbox 2198 5597 3800 5668; baseline 0.001 -15"><span class='ocrx_word' id='word_1_959' title='bbox 2198 5601 2302 5662; x_wconf 80' lang='lat' dir='ltr'>est,</span> <span class='ocrx_word' id='word_1_960' title='bbox 2339 5597 2485 5668; x_wconf 88' lang='lat' dir='ltr'>quod</span> <span class='ocrx_word' id='word_1_961' title='bbox 2531 5614 2641 5652; x_wconf 92' lang='lat' dir='ltr'>non</span> <span class='ocrx_word' id='word_1_962' title='bbox 2686 5597 2826 5651; x_wconf 84' lang='lat' dir='ltr'>velat</span> <span class='ocrx_word' id='word_1_963' title='bbox 2872 5604 3030 5667; x_wconf 90' lang='lat' dir='ltr'>caput</span> <span class='ocrx_word' id='word_1_964' title='bbox 3070 5614 3136 5652; x_wconf 84' lang='lat' dir='ltr'>ac</span> <span class='ocrx_word' id='word_1_965' title='bbox 3165 5599 3215 5652; x_wconf 82' lang='lat' dir='ltr'>si</span> <span class='ocrx_word' id='word_1_966' title='bbox 3244 5598 3592 5663; x_wconf 78' lang='lat' dir='ltr'>deealvetur,</span> <span class='ocrx_word' id='word_1_967' title='bbox 3625 5598 3680 5653; x_wconf 89' lang='lat' dir='ltr'>id</span> <span class='ocrx_word' id='word_1_968' title='bbox 3712 5607 3800 5655; x_wconf 89' lang='lat' dir='ltr'>est</span> 
     </span>
    </p>
   </div>
   <div class='ocr_carea' id='block_1_118' title="bbox 2198 5684 3802 5756">
    <p class='ocr_par' dir='ltr' id='par_1_118' title="bbox 2198 5684 3802 5756">
     <span class='ocr_line' id='line_1_118' title="bbox 2198 5684 3802 5756; baseline 0.002 -15"><span class='ocrx_word' id='word_1_969' title='bbox 2198 5686 2426 5756; x_wconf 90' lang='lat' dir='ltr'>capillos</span> <span class='ocrx_word' id='word_1_970' title='bbox 2483 5687 2539 5740; x_wconf 91' lang='lat' dir='ltr'>in</span> <span class='ocrx_word' id='word_1_971' title='bbox 2600 5684 2778 5740; x_wconf 87' lang='lat' dir='ltr'>fronte</span> <span class='ocrx_word' id='word_1_972' title='bbox 2837 5685 3191 5750; x_wconf 89' lang='lat' dir='ltr'>discriminet,</span> <span class='ocrx_word' id='word_1_973' title='bbox 3262 5701 3388 5741; x_wconf 91' lang='lat' dir='ltr'>cum</span> <span class='ocrx_word' id='word_1_974' title='bbox 3455 5694 3668 5742; x_wconf 87' lang='lat' dir='ltr'>certum</span> <span class='ocrx_word' id='word_1_975' title='bbox 3726 5689 3802 5744; x_wconf 89' lang='lat' dir='ltr'>sit</span> 
     </span>
    </p>
   </div>
   <div class='ocr_carea' id='block_1_119' title="bbox 2199 5773 3798 5849">
    <p class='ocr_par' dir='ltr' id='par_1_119' title="bbox 2199 5773 3798 5849">
     <span class='ocr_line' id='line_1_119' title="bbox 2199 5773 3798 5849; baseline 0.003 -20"><span class='ocrx_word' id='word_1_976' title='bbox 2199 5774 2344 5846; x_wconf 88' lang='lat' dir='ltr'>quod</span> <span class='ocrx_word' id='word_1_977' title='bbox 2398 5774 2533 5831; x_wconf 91' lang='lat' dir='ltr'>nolit</span> <span class='ocrx_word' id='word_1_978' title='bbox 2617 5774 2848 5831; x_wconf 88' lang='lat' dir='ltr'>tonderi.</span> <span class='ocrx_word' id='word_1_979' title='bbox 2924 5773 3252 5831; x_wconf 90' lang='lat' dir='ltr'>Decalvetur</span> <span class='ocrx_word' id='word_1_980' title='bbox 3308 5781 3519 5830; x_wconf 90' lang='lat' dir='ltr'>tantum</span> <span class='ocrx_word' id='word_1_981' title='bbox 3594 5777 3798 5849; x_wconf 89' lang='lat' dir='ltr'>posuit,</span> 
     </span>
    </p>
   </div>
  </div>
