3948 6444
436 317 538 371 183

993 314 1050 370 S.
1089 310 1443 370 BRUNONIS
1480 306 2129 367 CARTHUSIANORUM
2170 303 2657 362 INSTITUTORIS
2696 304 2849 361 OPP.
2893 303 3066 361 PARS
3105 305 3172 360 ΙΙ.

3648 305 3780 359 184

433 455 597 496 orare
627 440 844 496 Deum?
862 440 983 495 Non
1005 438 1189 511 utique
1212 457 1226 505 ;
1251 437 1378 510 quia
1406 454 1508 494 nec
1540 438 1664 509 ipsa
1696 440 1911 492 natura
1940 434 2033 488 do-
2056 435 2107 496 Α
2138 429 2526 485 damnabimini
2572 429 2808 501 penitus.
2859 430 3086 501 Pr0pter
3116 431 3390 486 scissuras
3450 444 3562 485 non
3621 428 3780 484 licet

434 531 525 583 cet
586 545 678 585 vos
731 528 814 584 sic
858 544 1039 599 agere,
1091 527 1201 582 imo
1245 526 1518 598 prohibet.
1566 527 1633 580 Et
1680 540 1803 581 cum
1850 530 2039 577 natura

434 616 735 686 prohibeat,
759 619 807 673 si
828 617 914 672 vir
942 614 1167 688 quidem
1193 616 1421 671 nutriat
1451 631 1691 678 comam,
1726 612 2039 685 ignominia

433 707 517 759 est
545 704 641 772 illi,
675 704 802 775 quia
832 711 1016 759 contra
1060 711 1313 762 naturam
1362 703 1495 775 agit.
1548 703 1609 759 Si
1654 718 1781 757 vero
1830 700 2039 755 mulier

432 794 658 848 nutriat
677 808 911 858 comam,
926 794 1106 863 gloria
1127 797 1212 849 est
1235 794 1362 859 illi;
1385 793 1650 865 quoniam
1670 790 1867 861 capilli
1890 786 2039 859 longi

433 882 553 937 dati
582 885 723 936 sunt
748 882 800 937 ei
827 896 862 936 a
880 888 1072 937 natura
1093 898 1192 953 pro
1222 882 1518 946 velamine,
1541 880 1594 934 id
1625 888 1706 933 est
1736 878 1790 932 in
1819 878 2036 949 signum

432 968 736 1036 velaminis,
771 970 919 1041 quod
967 970 1127 1041 capiti
1156 986 1373 1041 semper
1419 969 1582 1024 debet
1616 966 1867 1038 supponi.
1904 967 2037 1021 Pro-

435 1057 557 1114 bavi
586 1074 685 1129 per
712 1058 963 1114 ordinem
1008 1058 1320 1124 creationis,
1354 1065 1406 1113 et
1435 1074 1535 1129 per
1575 1058 1757 1129 legem
1803 1063 2033 1121 naturae,

434 1145 612 1202 virum
640 1162 750 1202 non
775 1147 976 1203 debere
1018 1155 1181 1218 caput
1226 1147 1427 1212 velare,
1459 1162 1560 1202 nec
1604 1145 1885 1200 mulierem
1933 1143 2036 1198 de-

435 1234 662 1290 nudare.
696 1235 802 1290 Sed
831 1238 881 1291 si
910 1237 1033 1308 quis
1064 1238 1218 1292 inter
1246 1252 1335 1292 vos
1378 1235 1599 1290 videtur
1627 1234 2032 1299 contentiosus,

435 1339 540 1379 nec
591 1323 858 1380 consentit
901 1325 1099 1379 nostris
1148 1323 1474 1389 rationibus,
1523 1324 1627 1379 hoc
1667 1337 1834 1376 unum
1881 1320 2037 1375 dice-

434 1428 557 1468 mus
586 1411 636 1468 ei
668 1427 681 1467 :
716 1413 923 1479 Frater,
958 1429 1059 1469 nos
1096 1429 1210 1468 non
1241 1414 1503 1469 habemus
1535 1413 1708 1467 talem
1737 1413 2036 1467 consuetu-

433 1501 647 1567 dinem,
672 1517 771 1556 nec
798 1501 1088 1556 habuimus
1117 1501 1170 1555 in
1193 1515 1476 1574 synagoga
1501 1500 1830 1564 Iudaeorum,
1858 1514 2037 1570 neque

433 1587 612 1644 adhuc
657 1589 922 1644 habemus
951 1589 1005 1643 in
1037 1604 1175 1645 nova
1222 1591 1477 1644 Ecclesia
1506 1589 1625 1653 Dei,
1659 1594 1716 1642 ut
1747 1587 1828 1641 vir
1860 1586 2037 1642 velato

435 1678 631 1748 capite,
662 1677 856 1733 mulier
883 1694 992 1733 non
1036 1677 1216 1733 velato
1246 1685 1381 1733 oret.
1414 1679 1483 1732 Et
1528 1676 1655 1748 quia
1698 1674 2036 1731 consuetudo

435 1766 540 1822 hoc
580 1781 689 1821 non
735 1765 942 1833 habuit,
975 1781 1077 1822 nec
1122 1767 1301 1822 adhuc
1349 1766 1532 1835 habet,
1567 1772 1874 1836 pr0pterea,
1909 1764 2037 1834 quia

435 1854 799 1911 admonitione
845 1863 1030 1911 nostra
1079 1854 1339 1921 abuteris,
1364 1856 1479 1924 jam
1526 1870 1635 1909 non
1682 1853 1860 1908 solum
1906 1868 2037 1907 sua-

435 1944 561 2010 deo,
595 1943 693 1999 sed
723 1960 787 1999 ex
830 1944 1147 1999 auctoritate
1195 1951 1383 1999 nostra
1429 1942 1689 2015 praecipio
1717 1958 1785 1997 ne
1814 1941 2041 1997 ulterius

436 2031 529 2088 ﬁat
554 2033 658 2088 hoc
687 2032 979 2088 insuetum.

510 2122 805 2192 Postquam
834 2121 901 2175 ab
932 2122 1036 2177 hoc
1060 2119 1202 2176 malo
1226 2119 1468 2177 coercuit
1497 2118 1823 2185 Corinthios,
1848 2118 2042 2173 transit

437 2209 508 2265 ad
571 2208 712 2277 alia,
772 2210 828 2264 in
882 2209 1077 2281 quibus
1132 2209 1299 2281 longe
1351 2208 1589 2264 deterius
1645 2207 2039 2263 oﬂ‘endebant:

439 2298 652 2354 seducti
731 2298 876 2353 enim
936 2313 970 2353 a
1036 2296 1561 2369 pseudomagistris,
1642 2296 2043 2368 dereliquerant

436 2385 829 2442 institutionem
877 2385 1043 2453 Pauli,
1079 2401 1239 2457 quam
1270 2386 1349 2440 eis
1396 2385 1689 2440 tradiderat
1732 2385 1801 2440 de
1850 2400 2041 2439 susce-

436 2475 621 2547 ptione
650 2475 891 2546 corporis
925 2482 978 2531 et
1008 2474 1288 2546 sanguinis
1319 2473 1531 2530 Christi.
1562 2474 1855 2529 Suaserant
1896 2474 2040 2529 enim

438 2563 518 2619 eis
532 2564 761 2635 pseudo,
788 2564 932 2636 quod
957 2571 1080 2635 post
1100 2579 1311 2619 coenam
1330 2563 1713 2619 communicari
1738 2563 2000 2618 deberent
2026 2579 2038 2619 :

438 2652 545 2709 hac
573 2652 718 2707 enim
750 2653 886 2707 hora
915 2652 1163 2708 Christus
1214 2652 1508 2707 tradiderat
1535 2653 1653 2708 haec
1698 2659 2041 2708 sacramenta

438 2740 720 2812 discipulis
767 2740 882 2796 suis
928 2741 1318 2813 participanda.
1368 2741 1524 2797 Unde
1569 2740 1626 2795 in
1681 2741 1848 2795 multa
1896 2740 2042 2796 mala

437 2829 807 2893 devenerant;
838 2829 984 2901 quia,
1018 2846 1139 2886 cum
1172 2830 1315 2885 inter
1357 2845 1453 2885 eos
1501 2837 1683 2884 essent
1728 2830 2036 2896 schismata,

435 2918 506 2973 ad
533 2918 795 2973 unitatem
812 2919 1061 2989 corporis
1092 2918 1289 2973 Christi
1310 2919 1576 2973 accedere
1599 2918 2038 2989 praesumebant;

438 3014 493 3062 et
536 3006 682 3061 aliud
724 3005 948 3072 malum,
994 3006 1118 3077 quia
1161 3007 1312 3077 prius
1361 3006 1653 3062 cuznabant
1702 3014 1754 3061 et
1798 3006 2041 3061 inebria-

439 3095 651 3160 bantur,
686 3101 740 3149 et
777 3095 881 3151 hoc
908 3094 965 3148 in
1007 3095 1241 3150 ecclesia
1271 3094 1408 3149 etin
1453 3094 1538 3149 his
1586 3094 1755 3149 caenis
1807 3111 1902 3150 eos
1949 3094 2043 3167 qui

440 3190 618 3239 tantos
658 3190 954 3254 apparatus
1000 3198 1110 3238 non
1153 3183 1448 3251 habebant,
1500 3182 1826 3239 erubescere
1868 3182 2037 3239 facie-

438 3271 591 3339 bant,
622 3288 723 3327 nec
751 3271 1121 3343 indigentibus
1148 3271 1351 3343 aliquid
1395 3270 1793 3341 ministrabant,
1829 3281 1882 3328 et
1915 3281 2037 3344 post

438 3361 561 3417 haec
616 3360 757 3416 mala
813 3376 1018 3415 mensae
1064 3360 1283 3416 Domini
1330 3376 1390 3415 se
1430 3360 1773 3431 ingerebant.
1836 3361 2038 3417 Littera

441 3448 524 3506 sic
545 3449 792 3523 jungitur
825 3464 838 3503 :
872 3449 989 3505 Hoc
1018 3449 1165 3521 quod
1194 3449 1534 3520 praemissum
1563 3457 1645 3504 est
1674 3466 1743 3505 ne
1772 3448 1861 3505 ﬁat
1889 3466 2037 3521 prae-

440 3538 601 3609 cipio,
631 3538 764 3593 illud
792 3537 937 3593 aliud
965 3553 1073 3593 non
1101 3537 1351 3604 laudans,
1377 3538 1473 3593 sed
1503 3538 1681 3609 magis
1699 3538 2035 3609 improbans.

439 3628 557 3684 Hoc
585 3627 812 3694 scilicet,
832 3627 979 3699 quod
1007 3627 1309 3683 convenitis
1337 3628 1411 3682 ad
1440 3643 1650 3682 caenam
1681 3628 2033 3695 Dominicam,

438 3716 494 3771 in
524 3732 628 3787 qua
664 3715 940 3772 deberetis
970 3732 1137 3770 unum
1185 3714 1319 3782 ﬁeri,
1354 3731 1453 3771 vos
1483 3716 1607 3771 dico
1653 3731 1762 3771 non
1790 3733 1891 3787 per
1936 3718 2040 3773 hoc

439 3803 776 3876 profecturos
806 3804 862 3857 in
880 3804 1093 3871 melius,
1117 3803 1255 3859 sicut
1285 3804 1579 3871 deberetis,
1603 3805 1701 3860 sed
1720 3804 1965 3876 lapsuros
1986 3806 2041 3860 in

442 3892 696 3949 deterius.
718 3894 787 3947 Et
815 3908 941 3949 cum
960 3892 1129 3947 multa
1152 3893 1259 3947 sint
1276 3892 1418 3947 mala
1438 3901 1636 3959 vestra,
1660 3893 1895 3965 primum
1924 3895 2043 3966 qui-

443 3981 571 4036 dem
586 3980 826 4036 omnium
841 3982 947 4037 hoc
968 3996 1196 4052 repono,
1222 3981 1387 4052 quod,
1412 3983 1560 4038 vobis
1579 3985 2041 4039 convenientibus

441 4071 507 4126 in
527 4070 841 4136 ecclesiam,
858 4069 1025 4125 audio
1046 4070 1201 4124 inter
1220 4086 1311 4125 vos
1333 4086 1452 4126 esse
1471 4073 1746 4126 scissuras
1768 4079 1818 4126 et
1839 4072 2043 4127 discor-

442 4157 580 4223 dias,
611 4174 735 4213 cum
762 4157 1014 4214 Ecclesia
1044 4158 1301 4212 unitatem
1338 4158 1538 4229 exigat,
1574 4164 1648 4226 et,
1681 4160 1819 4215 sicut
1856 4162 2037 4230 audio,

440 4247 583 4302 bene
612 4246 775 4303 credo
803 4262 877 4302 ex
905 4250 1088 4317 parte,
1114 4245 1170 4301 id
1191 4256 1271 4301 est
1289 4255 1513 4318 propter
1531 4256 1735 4319 partem
1766 4249 1834 4304 de
1864 4250 2038 4319 vobis,

445 4351 585 4407 quos
630 4335 686 4389 in
724 4334 1109 4392 schismatibus
1157 4335 1270 4391 scio
1312 4336 1557 4408 gloriari.
1609 4336 1787 4392 Credo
1835 4339 2038 4410 utique,

441 4441 570 4481 nam
598 4431 812 4495 oportet
840 4424 1083 4479 credere.
1115 4424 1256 4479 Nam
1286 4424 1561 4498 religiosae
1600 4442 1853 4496 personae
1881 4443 2040 4482 man-

2137 536 2337 590 corpus
2368 519 2567 574 Christi
2596 520 2867 590 accipere.
2903 520 3031 574 Ideo
3054 519 3220 573 etiam
3250 518 3405 574 vobis
3435 534 3545 573 non
3572 518 3719 574 licet
3755 534 3772 572 :

2137 609 2269 681 quia
2298 609 2683 681 unusquisque
2713 613 2962 664 vestrum
2988 610 3307 680 prwsumit,
3338 607 3390 661 id
3414 616 3513 673 est,
3538 623 3777 678 praesu-

2136 697 2337 751 mendo
2375 696 2636 767 anticipat
2682 699 2972 769 propriam
3020 713 3256 763 caenam,
3292 712 3399 752 non
3449 696 3627 751 solum
3682 694 3775 749 ad

2137 785 2533 856 apparandum,
2559 785 2655 839 sed
2677 786 2835 841 etiam
2857 785 2925 839 ad
2950 785 3366 841 comedendum.
3390 786 3459 840 Et
3473 793 3775 855 praeterea

2137 874 2283 928 aliud
2328 874 2577 928 malum:
2613 874 2741 946 quia
2789 875 2939 929 alius
2987 875 3209 947 quidem
3257 874 3375 945 (qui
3423 889 3533 928 non
3578 873 3775 927 habet

2137 962 2279 1016 unde
2313 962 2414 1015 sibi
2453 962 2747 1034 praeparet)
2793 964 2993 1017 esurit.
3049 964 3248 1017 Iterum
3295 962 3441 1016 aliud
3490 961 3703 1016 malum
3751 978 3770 1015 :

2137 1052 2297 1106 Alius
2326 1055 2520 1106 autem
2549 1052 2733 1107 ebrius
2766 1057 2870 1107 est.
2925 1051 3034 1105 Sed
3080 1050 3160 1106 sic
3190 1051 3243 1105 in
3294 1050 3523 1106 ecclesia
3553 1066 3772 1106 come-

2137 1139 2615 1212 dentes,nunquid
2635 1157 2745 1195 non
2772 1140 2985 1195 habetis
3002 1142 3256 1212 privatas
3279 1139 3465 1196 domos
3484 1140 3557 1194 ad
3581 1157 3771 1195 man-

2136 1229 2461 1284 ducandum
2508 1233 2563 1284 et
2612 1230 2907 1285 bibendum
2948 1233 2970 1284 .9
3020 1244 3156 1301 quas
3205 1229 3251 1283 si
3297 1244 3405 1283 non
3452 1228 3766 1297 haberetis,

2135 1317 2472 1373 tolerabilius
2484 1325 2629 1372 esset
2650 1317 2703 1371 in
2721 1318 2895 1389 platea
2908 1318 3216 1373 comedere.
3243 1318 3355 1373 Aut
3374 1318 3771 1375 contemnitis

2145 1405 2206 1463 1
2225 1405 2382 1462 30
2410 1406 2719 1462 Ecclesium
2748 1408 2864 1471 Dei,
2900 1406 2954 1460 in
2985 1421 3091 1477 qua
3118 1405 3460 1461 inebriamini
3484 1425 3497 1472 ;
3530 1409 3587 1461 et
3619 1423 3768 1462 con-

2135 1494 2381 1566 funditis
2412 1511 2521 1561 eos,
2557 1494 2610 1548 id
2635 1503 2717 1549 est
2747 1495 3134 1549 verecundiam
3155 1494 3367 1549 infertis
3387 1494 3761 1566 pauperibus,

2136 1584 2231 1654 qui
2262 1599 2375 1637 non
2406 1582 2611 1637 habent
2642 1582 2770 1653 quid
2803 1583 2907 1637 sibi
2935 1591 3239 1653 praeparent
3268 1583 3295 1638 ?

2206 1671 2275 1725 Et
2304 1671 2431 1741 quia
2462 1671 2539 1726 sic
2569 1670 2911 1741 impudenter
2958 1673 3139 1743 agitis,
3175 1672 3306 1745 quid
3335 1672 3520 1727 dicam
3552 1672 3698 1729 vobis
3736 1676 3766 1728 1’

2067 1798 2119 1858 B
2141 1759 2298 1815 Certe
2331 1760 2448 1815 sine
2478 1761 2738 1816 charitate
2770 1761 2917 1828 estis,
2951 1769 3355 1832 contemptores
3404 1762 3523 1830 Dei,
3557 1770 3761 1818 secta-

2140 1857 2289 1903 tores
2320 1848 2483 1918 gulze,
2517 1857 2620 1904 etc.
2653 1850 2841 1905 Laudo
2872 1866 2969 1921 ego
2995 1866 3086 1905 vos
3116 1851 3179 1904 in
3208 1851 3353 1906 hoc?
3384 1852 3578 1923 utique
3626 1866 3761 1905 non

2140 1938 2326 2003 laudo,
2362 1938 2471 1992 imo
2512 1938 2781 2009 vitupero.
2838 1938 2935 1993 Vel
2984 1938 3059 1993 ita
3094 1956 3108 1993 :
3139 1940 3327 1995 Laudo
3376 1956 3467 1996 vos
3515 1939 3571 1993 in
3618 1939 3762 2011 qui-

2139 2027 2369 2081 busdam
2392 2026 2533 2093 aliis,
2558 2028 2655 2082 sed
2684 2029 2746 2082 in
2776 2028 2875 2083 hoc
2904 2027 3209 2082 nullatenus
3242 2028 3426 2085 laudo.
3451 2028 3762 2100 Postquam

2140 2115 2461 2185 vituperavit
2487 2115 2543 2170 in
2563 2116 2642 2170 eis
2671 2116 2916 2171 ordinem
2938 2116 2993 2171 in
3025 2133 3133 2189 quo
3163 2116 3306 2172 male
3326 2126 3757 2186 consueverant,

2140 2204 2466 2259 determinat
2496 2205 2576 2259 eis
2598 2206 2871 2276 quomodo
2901 2214 3241 2260 sacramenta
3272 2205 3469 2260 Christi
3492 2206 3760 2277 accipere

2139 2292 2391 2359 debeant,
2442 2292 2649 2348 scilicet
2698 2293 2753 2347 in
2801 2294 3145 2359 abstinentia,
3193 2310 3301 2350 non
3350 2294 3406 2349 in
3458 2294 3753 2360 ebrietate,

2141 2381 2238 2437 sed
2268 2380 2322 2435 in
2353 2380 2563 2447 dolore,
2597 2389 2649 2436 et
2669 2382 2723 2436 in
2745 2382 3110 2437 tribulatione.
3141 2382 3337 2438 Littera
3361 2383 3438 2438 sic
3453 2384 3705 2456 jungitur
3736 2402 3754 2439 :

2140 2471 2262 2526 Non
2295 2471 2459 2525 laudo
2507 2487 2600 2525 vos
2631 2470 2759 2541 quia
2787 2486 2983 2541 corpus
3014 2471 3229 2526 Domini
3258 2472 3396 2527 ebrii
3426 2472 3703 2543 suscipitis
3733 2492 3752 2541 ;

2141 2559 2221 2614 sic
2249 2558 2394 2613 enim
2423 2574 2533 2613 non
2564 2566 2711 2613 esset
2739 2559 3134 2630 accipiendum,
3171 2560 3269 2615 sed
3319 2560 3374 2615 in
3404 2576 3755 2617 commemo-

2140 2647 2352 2702 ratione
2374 2647 2737 2702 tribulationis
2759 2656 2810 2701 et
2829 2648 3023 2704 mortis
3051 2649 3270 2705 Christi.
3297 2650 3406 2705 Sed
3427 2650 3757 2722 priusquam

2140 2736 2210 2790 ad
2240 2737 2341 2790 hoc
2372 2736 2571 2799 veniat,
2628 2737 2972 2792 commendat
3020 2737 3151 2791 illud
3199 2739 3344 2810 quod
3391 2738 3636 2793 dicturus
3663 2747 3757 2794 est

2141 2825 2459 2880 auctoritate
2526 2824 2763 2891 Domini,
2818 2826 3007 2880 dicens
3041 2844 3055 2880 :
3085 2827 3191 2897 Ego
3258 2830 3450 2898 accepi
3505 2828 3573 2883 ab
3620 2830 3752 2899 ipso

2141 2914 2378 2969 Domino
2408 2912 2552 2985 quod
2576 2917 2701 2986 jam
2734 2916 2943 2970 tradidi
2970 2916 3134 2981 vobis,
3168 2922 3221 2970 et
3248 2931 3391 2971 nunc
3413 2916 3603 2971 iterum
3634 2924 3756 2972 tra-

2141 3002 2295 3068 dam,
2357 3004 2459 3058 hoc
2508 3003 2715 3059 scilicet
2768 3005 2914 3075 quod
2990 3005 3263 3061 Dominus
3337 3013 3522 3060 noster
3587 3007 3757 3063 Iesus

2143 3090 2390 3145 Christus
2449 3093 2512 3146 in
2550 3092 2642 3146 illa
2708 3097 2908 3162 nocte,
2973 3096 3102 3164 (nox
3154 3102 3339 3148 autem
3405 3094 3622 3165 signum
3662 3103 3755 3151 est

2072 3158 2476 3234 Cadversitatis
2524 3188 2578 3236 et
2621 3181 2850 3236 tristitiae
2881 3158 2903 3248 ;’
2945 3158 3001 3235 in
3033 3196 3140 3254 qua
3185 3191 3345 3238 nocte
3393 3158 3502 3237 non
3551 3184 3755 3255 epula-

2138 3269 2315 3335 batur,
2349 3285 2457 3324 non
2488 3269 2874 3341 inebriebatur,
2899 3271 2996 3325 sed
3025 3271 3092 3325 ad
3112 3279 3341 3327 mortem
3371 3289 3472 3343 pro
3500 3274 3753 3343 peccatis

2137 3357 2340 3413 nostris
2391 3358 2728 3430 tradebatur)
2776 3362 2999 3432 accepit
3042 3377 3270 3433 panem,
3320 3361 3377 3415 id
3424 3369 3506 3416 est
3553 3378 3755 3418 veram

2142 3446 2504 3501 substantiam
2534 3448 2709 3519 panis.
2743 3450 2812 3502 Et
2844 3465 3017 3518 agens
3061 3451 3278 3519 gratias
3324 3451 3438 3505 Deo
3486 3451 3631 3505 Patri
3681 3452 3757 3507 de

2139 3535 2291 3603 hoc;
2340 3536 2483 3608 quia,
2535 3537 2673 3592 sicut
2718 3552 2816 3607 per
2861 3553 2985 3592 eum
3031 3538 3394 3608 disposuerat,
3449 3540 3753 3596 humanum

2141 3641 2318 3696 genus
2369 3625 2692 3695 redimebat,
2728 3634 2779 3680 et
2808 3626 2863 3680 in
2907 3626 3217 3682 obedientia
3262 3627 3435 3682 Patris
3479 3644 3756 3699 perseve-

2139 3714 2308 3769 rabat.
2357 3715 2419 3768 In
2467 3715 2552 3768 his
2601 3714 2781 3770 verbis
2828 3715 3026 3786 quibus
3076 3714 3323 3771 Christus
3370 3718 3585 3788 gratias
3636 3719 3758 3793 egit

2139 3805 2322 3868 Patri,
2355 3802 2549 3858 dicitur
2596 3803 2891 3858 substantia
2939 3804 3100 3874 panis
3139 3813 3193 3860 et
3239 3806 3348 3860 viui
3396 3806 3647 3877 apposita
3696 3809 3756 3863 in

2139 3892 2314 3957 altari,
2348 3892 2578 3946 transire
2600 3891 2657 3945 in
2683 3902 2867 3949 veram
2897 3909 3115 3949 carnem
3135 3902 3187 3949 et
3203 3910 3390 3951 verum
3420 3896 3753 3968 sanguinem

2141 3980 2359 4035 Christi.
2407 3981 2652 4046 Gratias,
2686 3981 2924 4053 inquam,
2958 3999 3131 4054 agens
3180 3986 3350 4055 fregit
3397 3984 3549 4055 illud,
3600 3988 3753 4057 quod

2140 4085 2309 4123 unum
2337 4078 2389 4123 et
2418 4069 2784 4140 inseparabile
2816 4071 2973 4125 durat
3001 4071 3057 4125 in
3096 4080 3357 4126 aeternum
3383 4092 3397 4139 ;
3430 4073 3525 4128 sed
3557 4073 3747 4146 fregit,

2140 4173 2263 4213 cum
2305 4158 2537 4230 singulis
2587 4167 2753 4213 totum
2805 4160 2997 4214 dedit:
3030 4169 3088 4214 ut
3132 4177 3235 4231 per
3276 4162 3379 4216 hoc
3426 4161 3752 4230 insinuaret,

2141 4262 2262 4312 nos,
2297 4247 2389 4318 qui
2419 4248 2671 4317 personis
2700 4248 2903 4304 diversi
2951 4265 3156 4316 sumus,
3190 4250 3391 4307 debere
3436 4268 3602 4306 unum
3633 4250 3757 4308 ﬁeri

2142 4336 2198 4390 in
2217 4334 2509 4391 dilectione
2530 4336 2649 4391 Dei.
2685 4338 2890 4409 Fregit,
2916 4337 3154 4409 inquam,
3180 4343 3235 4394 et
3259 4340 3413 4395 dixit
3437 4358 3449 4393 :
3474 4341 3752 4412 Accipite,

2141 4424 2197 4479 id
2225 4433 2326 4490 est,
2355 4426 2690 4496 acceptabile
2722 4426 2824 4481 hoc
2855 4427 3072 4494 habete,
3107 4435 3159 4482 et
3187 4428 3455 4485 subtiliter
3494 4430 3756 4487 discutite

441 4515 708 4571 daverunt
736 4513 886 4568 mihi.
912 4512 1010 4569 Vel
1040 4512 1112 4568 ita
1145 4528 1157 4567 :
1188 4514 1439 4570 scissura:
1469 4514 1525 4568 in
1541 4514 1698 4570 vobis
1725 4514 1848 4571 ideo
1879 4524 2035 4582 sunt;
2067 4518 2120 4578 D
2142 4514 2457 4585 mysterium
2512 4514 2671 4583 hujus
2720 4516 3045 4570 sacramenti
3079 4535 3095 4583 ;
3138 4525 3213 4586 ut,
3288 4519 3753 4589 quemadmodum

442 4618 572 4659 nam
609 4610 822 4674 oportet
848 4618 972 4658 esse
1003 4602 1293 4673 scissuras,
1327 4603 1381 4657 id
1416 4611 1498 4658 est
1527 4603 1794 4675 quaslibet
1825 4605 2046 4661 discor-

442 4692 580 4759 dias,
597 4691 835 4762 et(quod
848 4691 1025 4759 majus
1045 4692 1147 4761 est)
1172 4692 1425 4747 haereses.
1451 4693 1681 4747 Necesse
1702 4696 1787 4747 est
1809 4694 1961 4748 enim
1983 4697 2048 4748 ut

441 4782 676 4837 veniant
705 4780 999 4847 scandala,
1032 4779 1104 4833 ad
1151 4780 1274 4844 hoc,
1310 4787 1367 4833 ut
1397 4780 1490 4851 qui
1534 4780 1747 4850 probati
1784 4789 1907 4835 sunt
1936 4789 1987 4836 et
2016 4797 2049 4837 a

445 4870 563 4923 Deo
592 4867 770 4936 electi,
801 4867 949 4935 ﬁant
984 4868 1282 4937 manifesti
1310 4869 1371 4922 in
1402 4868 1569 4935 vobis,
1603 4868 1963 4938 perdurantes
1994 4871 2049 4924 in

445 4954 851 5023 tentationibus,
884 4961 936 5009 et
965 4961 1023 5007 ut
1069 4953 1282 5024 reprobi
1314 4951 1442 5008 fiant
1473 4954 1721 5010 similiter
1757 4957 2045 5013 manifesti.

450 5041 902 5113 Quandoquidem
932 5041 1184 5097 scissum
1231 5049 1355 5096 sunt
1384 5041 1440 5096 in
1469 5043 1644 5109 vobis,
1677 5060 1802 5115 ergo
1851 5062 2048 5102 convc-

448 5130 744 5187 nientibus
774 5130 920 5185 vobis
950 5132 1013 5185 in
1042 5145 1243 5196 unum,
1279 5130 1372 5201 qui
1417 5130 1607 5186 unitati
1652 5134 2041 5201 contradicitis,

446 5221 562 5289 iam
594 5234 711 5274 non
737 5222 842 5284 est,
875 5218 930 5273 id
959 5226 1059 5284 est,
1094 5234 1191 5288 pro
1239 5218 1352 5273 sola
1401 5235 1564 5275 causa
1617 5221 1907 5278 discordia;
1940 5240 2048 5279 non

450 5308 578 5364 licet
593 5308 942 5363 manducare
966 5308 1320 5363 Dominicam
1341 5326 1578 5379 caenam,
1603 5310 1658 5366 id
1677 5320 1760 5367 est
1780 5328 1976 5383 corpus
1999 5322 2047 5369 et

445 5394 769 5467 sanguinem
802 5396 1022 5464 Christi,
1058 5413 1177 5468 quae
1208 5398 1470 5453 Dominus
1498 5399 1778 5472 discipulis
1808 5401 1861 5455 in
1894 5417 2050 5458 creua

451 5484 705 5551 tradidit;
739 5485 824 5540 vel
866 5486 993 5554 jam,
1026 5484 1081 5539 id
1125 5494 1208 5540 est
1257 5488 1310 5540 in
1359 5487 1463 5543 hoc
1510 5489 1730 5556 mundo,
1768 5490 2050 5547 Dominica

449 5588 608 5631 coena
638 5573 792 5631 vobis
818 5590 920 5647 pro
949 5574 1216 5633 discordia
1262 5576 1629 5655 interdicitur,
1657 5579 1753 5634 sed
1784 5578 1839 5636 in
1872 5578 2051 5637 futuro

2146 4618 2252 4675 ego
2293 4618 2395 4674 pro
2443 4603 2618 4669 vobis,
2653 4603 2731 4659 sic
2761 4613 2811 4659 et
2840 4621 2937 4676 pro
2984 4606 3203 4661 nomine
3233 4622 3356 4662 meo
3385 4615 3437 4663 et
3481 4607 3753 4679 proximis

2144 4692 2259 4762 pati
2290 4692 2591 4763 gaudeatis.
2622 4693 2895 4764 Accipite,
2928 4694 3171 4766 inquam,
3203 4700 3259 4751 et
3288 4696 3653 4753 manducate.
3689 4700 3757 4754 In

2148 4796 2256 4851 qua
2284 4797 2343 4836 re
2373 4780 2617 4836 Christus
2647 4781 2922 4837 insinuare
2955 4783 3123 4838 voluit
3154 4799 3262 4839 non
3310 4784 3558 4841 suﬁicere
3588 4786 3754 4843 nobis

2149 4869 2194 4924 si
2225 4870 2534 4938 credamus,
2569 4870 2674 4923 nisi
2722 4871 2993 4941 gustando
3041 4872 3322 4928 videamus
3372 4890 3535 4945 quam
3566 4877 3757 4932 suavis

2149 4965 2230 5013 est
2259 4958 2563 5026 Dominus;
2595 4959 2734 5014 sicut
2770 4961 3096 5017 manducare
3143 4978 3250 5017 non
3299 4962 3608 5034 proﬁceret,
3644 4965 3756 5021 nisi

2149 5047 2517 5104 crederemus.
2568 5049 2637 5103 Et
2684 5048 2783 5104 hoc
2834 5050 2978 5121 quod
3026 5051 3184 5121 panis
3232 5052 3392 5123 paulo
3438 5061 3563 5108 ante
3609 5064 3755 5123 erat,

2149 5152 2294 5192 nunc
2325 5153 2451 5192 vere
2479 5142 2564 5193 est
2596 5154 2797 5209 corpus
2827 5155 3058 5207 meum;
3089 5141 3231 5212 quod
3261 5157 3462 5213 corpus
3495 5143 3762 5200 tradetur

2144 5242 2246 5299 pro
2276 5228 2420 5281 vobis
2450 5226 2504 5281 in
2534 5235 2787 5293 mortem,
2814 5227 2937 5282 licet
2966 5244 3112 5284 nunc
3133 5229 3265 5284 illud
3297 5231 3449 5286 vobis
3473 5233 3762 5305 porrigam

2147 5313 2455 5370 immortale
2485 5323 2537 5370 et
2568 5316 2924 5387 impassibile.

2220 5404 2527 5459 Notandum
2560 5412 2641 5459 est
2664 5406 2765 5460 hoc
2795 5405 2956 5460 etiam
2978 5406 3053 5461 sic
3078 5423 3199 5462 esse
3221 5409 3376 5479 signa
3400 5409 3720 5467 substantiae
3746 5431 3762 5481 ;

2149 5499 2205 5545 ut
2234 5492 2437 5547 nullam
2466 5493 2543 5548 ibi
2571 5494 2881 5565 qualitatem
2910 5503 3115 5561 notent,
3139 5513 3317 5568 neque
3348 5499 3757 5569 mortalitatem,

2149 5596 2326 5653 neque
2355 5582 2830 5640 immortalitatem.
2864 5585 2978 5641 Nec
3007 5584 3311 5642 mirandum
3343 5596 3424 5643 est
3457 5588 3501 5643 si
3532 5590 3761 5661 (quem-
