3948 6470
480 367 585 421 18⁸7

1013 370 1069 425 S.
1109 367 1465 427 BRUNONIS
1512 368 2158 426 CARTHUSIANORUM
2199 369 2684 428 INSTITUTORIS
2722 371 2874 429 OPP.
2934 373 3109 430 PARS
3165 373 3233 428 Il.

3668 377 3770 429 188

485 511 508 542 ι
540 491 841 548 utilitatem.
877 492 981 549 Alii
1010 493 1231 567 quidem
1278 511 1377 566 per
1408 494 1659 567 spiritum
1703 495 1867 550 datur
1899 510 2081 551 sermo
2101 497 2155 557 Α
2184 502 2396 564 perant,
2430 495 2810 566 desperabant,
2861 496 2988 569 quia
3034 496 3319 553 inferiores
3348 504 3500 553 erant
3529 497 3583 552 in
3614 497 3775 553 donis

485 602 506 627 ιι
543 581 850 651 sapientiae;
902 582 993 637 alii
1038 590 1218 638 autem
1256 599 1436 638 sermo
1474 583 1733 649 scientias,
1782 584 2083 639 secundum

488 688 511 719 ι
545 670 799 725 eumdem
849 670 1098 743 spiritum
1126 690 1140 737 ;
1174 671 1331 726 alteri
1362 670 1496 727 ﬁdes
1545 671 1599 725 in
1630 672 1821 727 eodem
1854 671 2081 743 spiritu;

488 777 510 807 ι
546 756 639 812 alii
684 758 860 829 gratia
903 759 1190 814 sanitatum
1222 760 1278 814 in
1308 776 1415 816 uno
1463 759 1688 831 spiritu;
1721 760 1813 815 alii
1840 761 2083 831 Operatio

489 866 513 896 ι
549 845 846 913 virtutum;
881 847 973 902 alii
1005 848 1324 919 prophetia;
1359 848 1451 903 alii
1481 848 1735 904 discretio
1756 848 2080 919 spirituum;

489 956 510 980 «ι
544 933 635 989 alii
680 951 883 1007 genera
928 935 1238 1009 linguarum
1265 955 1280 1002 ;
1312 936 1404 991 alii
1451 937 1824 1008 interpretatio
1874 953 2082 993 sermo-

488 1042 511 1071 ι
546 1038 696 1077 num.
747 1024 874 1079 Haec
926 1033 1108 1079 autem
1166 1025 1350 1079 omnia
1415 1033 1671 1097 operatur
1726 1042 1866 1080 unus
1920 1033 2081 1098 atque

484 1132 507 1157 ιι
542 1110 686 1165 idem
735 1111 977 1183 spiritus,
1026 1112 1275 1168 dividens
1309 1113 1538 1185 singulis
1568 1122 1727 1183 prout
1758 1114 1869 1169 vult
1899 1116 2077 1185 (Rom.

487 1220 510 1246 α
555 1214 651 1264 xn,
682 1202 754 1266 6;
786 1201 991 1271 Ephes.
1040 1216 1115 1269 tv,
1172 1201 1247 1272 7).
1301 1201 1450 1257 Sicut
1497 1203 1640 1257 enim
1685 1218 1885 1273 corpus
1916 1219 2081 1257 unum

484 1310 507 1333 υ
544 1294 645 1353 est,
679 1296 732 1343 et
776 1289 1025 1343 membra
1055 1289 1214 1345 habet
1258 1290 1445 1358 multa,
1479 1290 1663 1346 omnia
1692 1299 1872 1346 autem
1903 1307 2081 1346 mem-

486 1395 509 1426 ι
552 1376 649 1431 bra
676 1377 921 1447 corporis
967 1393 1089 1434 cum
1127 1378 1236 1433 sint
1269 1378 1458 1445 multa,
1492 1396 1659 1434 unum
1691 1395 1889 1450 corpus
1921 1388 2078 1445 sunt;

488 1484 511 1515 ι
546 1463 621 1520 ita
654 1472 706 1519 et
738 1465 1004 1522 Christus.
1054 1466 1267 1522 Etenim
1313 1467 1366 1522 in
1397 1483 1505 1522 uno
1537 1468 1729 1539 spiritu
1759 1484 1950 1523 omnes
1981 1484 2082 1523 nos

485 1572 508 1602 α
542 1552 597 1607 in
624 1569 788 1608 unum
819 1569 1019 1625 corpus
1047 1555 1299 1626 baptizati
1331 1572 1557 1622 sumus;
1593 1556 1707 1610 sive
1736 1556 1929 1622 Judaei,
1963 1556 2079 1611 sive

484 1664 506 1688 α
540 1642 794 1712 gentiles,
849 1643 963 1698 sive
1011 1643 1173 1711 servi,
1208 1644 1322 1699 sive
1351 1643 1547 1709 liberi;
1580 1653 1633 1700 et
1662 1660 1853 1700 omnes
1883 1645 1939 1699 in
1974 1661 2082 1700 uno

486 1750 509 1780 ι
546 1730 736 1799 spiritu
765 1730 932 1801 potati
961 1748 1168 1787 sumus.
1201 1733 1339 1787 Nam
1369 1741 1420 1787 et
1442 1748 1637 1803 corpus
1662 1748 1772 1788 non
1804 1741 1886 1787 est
1915 1750 2081 1788 unum

487 1839 509 1864 α
545 1818 850 1873 membrum
877 1866 889 1884 ,
941 1820 1037 1874 sed
1082 1820 1271 1876 multa.
1320 1820 1378 1875 Si
1412 1821 1606 1875 dixerit
1653 1838 1771 1892 pes,
1823 1821 2153 1908 quoniamB

488 1926 511 1956 ι
544 1920 655 1961 non
685 1923 806 1961 sum
845 1923 1057 1977 manus,
1091 1925 1202 1965 non
1239 1925 1358 1963 sum
1385 1909 1452 1965 de
1486 1925 1716 1980 corpore
1750 1927 1764 1964 :
1797 1926 1927 1964 num
1958 1910 2082 1966 ideo

489 2016 511 2042 α
547 2010 656 2049 non
686 2004 770 2050 est
799 1996 866 2051 de
915 1998 1187 2067 corpore?
1216 1998 1282 2051 Et
1316 1997 1361 2051 si
1392 1997 1585 2053 dixerit
1615 1998 1782 2063 auris,
1819 1998 1945 2069 quia
1973 2015 2083 2053 non

488 2111 508 2129 ι.
547 2098 669 2137 sum
702 2084 914 2151 oculus,
948 2101 1056 2140 non
1109 2102 1225 2140 sum
1259 2087 1327 2141 de
1358 2102 1627 2157 corpore;
1660 2103 1789 2141 num
1823 2087 1946 2142 ideo
1974 2103 2084 2142 non

489 2191 512 2221 α
549 2179 631 2227 est
658 2171 727 2227 de
760 2174 1041 2245 corpore?
1073 2174 1130 2229 Si
1165 2182 1333 2229 totum
1383 2190 1581 2245 corpus
1612 2175 1825 2240 oculus,
1856 2175 1950 2230 ubi
1980 2191 2083 2231 au-

488 2282 509 2307 α
544 2260 737 2316 ditus?
785 2260 841 2316 Si
888 2269 1055 2317 totum
1120 2263 1334 2318 auditus
1362 2306 1374 2330 ,
1443 2264 1536 2317 ubi
1583 2264 1885 2320 odoratus?
1927 2265 2085 2319 Nunc

488 2369 510 2400 ι
540 2356 719 2404 autem
746 2350 927 2421 posuit
958 2352 1101 2405 Deus
1130 2352 1394 2417 membra,
1427 2352 1851 2423 unumquodque
1896 2368 2083 2407 eorum

485 2460 507 2485 α
544 2436 597 2492 in
646 2453 879 2509 corpore
928 2439 1071 2495 sicut
1119 2440 1306 2496 voluit.
1376 2440 1532 2510 Quod
1580 2441 1636 2495 si'
1674 2448 1858 2495 essent
1903 2441 2084 2496 omnia

486 2547 509 2577 ι
544 2542 708 2581 unum
738 2528 1062 2592 membrum,
1117 2528 1209 2582 ubi
1238 2544 1439 2599 corpus
1460 2529 1487 2582 ?
1514 2530 1672 2584 Nunc
1702 2537 1885 2584 autem
1913 2530 2085 2584 multa

486 2637 508 2661 ιι
543 2615 760 2686 quidem
809 2617 1076 2681 membra,
1125 2633 1291 2671 unum
1330 2627 1511 2672 autem
1560 2634 1781 2688 corpus.
1828 2618 1950 2673 Non
1977 2634 2082 2689 po-

488 2725 511 2750 u
547 2711 649 2757 test
678 2712 860 2758 autem
910 2705 1102 2760 oculus
1144 2705 1329 2761 dicere
1377 2705 1561 2761 manui
1597 2724 1609 2759 :
1644 2706 1821 2776 Opera
1850 2714 1940 2760 tua
1969 2723 2078 2761 non

487 2811 510 2841 ι
534 2790 755 2864 indigeo
781 2810 796 2859 ;
828 2800 919 2847 aut
942 2793 1137 2848 iterum
1163 2801 1325 2865 caput
1346 2794 1578 2865 pedibus
1612 2811 1625 2849 :
1657 2795 1778 2849 Non
1801 2795 1933 2849 estis
1955 2794 2085 2849 mihi

489 2900 511 2930 ι
548 2881 864 2936 necessarii.
901 2882 1007 2936 Sed
1051 2881 1221 2937 multo
1250 2883 1428 2954 magis
1459 2899 1581 2953 qua:
1612 2883 1867 2938 videntur
1898 2899 2083 2938 mem-

488 2988 511 3019 α
552 2969 654 3024 bra
682 2969 930 3040 corporis
976 2969 1274 3025 infirmiora
1321 2986 1461 3038 esse,
1507 2971 1883 3026 uecessariora
1938 2980 2081 3027 sunt.

491 3077 513 3107 ι
550 3057 618 3111 Εῑ
647 3074 768 3129 quae
797 3066 1047 3128 putamus
1092 3058 1417 3129 ignobiliora
1457 3060 1704 3114 membra
1734 3075 1857 3115 esse
1890 3075 2086 3131 corpo-

489 3166 512 3195 ι
550 3145 667 3213 ris,
711 3145 797 3200 his
848 3147 1111 3201 honorem
1158 3147 1602 3202 abundantiorem
1644 3147 2074 3204 circumdamus.

491 3255 514 3284 ι
552 3235 620 3290 Ει
649 3251 771 3305 quae
798 3234 1088 3290 inhonesta
1117 3243 1240 3290 sunt
1271 3244 1476 3302 nostra,
1510 3237 1959 3292 abundantiorem
1988 3239 2082 3292 ho-

490 3343 513 3374 ι
548 3330 817 3378 nestatem
875 3324 1075 3378 habent
1110 3339 1122 3378 :
1154 3326 1383 3379 honesta
1431 3333 1607 3380 autem
1655 3334 1843 3380 nostra
1887 3326 2085 3380 nullius

491 3432 514 3462 ι
549 3419 743 3483 egent;
778 3412 875 3467 sed
923 3414 1070 3467 Deus
1099 3414 1417 3483 temperavit
1446 3429 1667 3485 corpus,
1700 3414 1751 3470 ei
1781 3414 1869 3470 cui
1897 3414 2087 3470 deerat

490 3520 513 3550 ι
548 3499 997 3556 abundantiorem
1066 3501 1355 3556 tribuendo
1390 3502 1687 3567 honorem,
1747 3510 1805 3556 ut
1857 3518 1965 3557 non
2018 3502 2088 3556 sit

487 3610 509 3634 ι
545 3587 779 3643 schisma
807 3588 860 3643 in
909 3603 1159 3659 corpore,
1212 3589 1311 3644 sed
1357 3590 1412 3643 in
1441 3590 1677 3661 idipsum
1721 3607 1822 3661 pro
1851 3590 2086 3645 invicem

491 3698 513 3726 ι
550 3676 779 3732 sollicita
834 3677 941 3732 sint
981 3677 1245 3733 membra.
1295 3679 1362 3733 Et
1410 3678 1456 3732 si
1504 3678 1633 3750 quid
1681 3678 1880 3749 patitur
1919 3695 2087 3733 unum

493 3785 516 3815 ι
552 3765 857 3820 membrum
883 3807 897 3831 ,
949 3766 1359 3837 compatiuntur
1402 3767 1586 3827 omnia
1639 3767 1922 3833 membra;
1972 3767 2087 3822 sive

491 3875 513 3901 α
551 3852 820 3925 gloriatur
866 3870 1037 3909 unum
1101 3854 1406 3909 membrum
1430 3898 1443 3921 ,
1510 3855 1860 3928 congaudent
1904 3855 2089 3910 omnia

494 3962 518 3993 ι
552 3942 812 3997 membra.
848 3944 957 3998 Vos
986 3950 1165 3998 autem
1196 3944 1326 3998 estis
1356 3959 1557 4015 corpus
1587 3944 1807 4010 Christi,
1840 3952 1893 3999 et
1923 3960 2090 3999 mem-

495 4050 517 4081 ι
554 4030 649 4085 bra
678 4031 746 4086 de
775 4031 1043 4087 membro.
1086 4033 1154 4086 Et
1186 4033 1448 4104 quosdam
1481 4032 1702 4103 quidem
1730 4032 1909 4103 posuit
1941 4034 2089 4088 Deus

495 4140 517 4165 ιι
554 4119 609 4173 in
637 4119 887 4176 Ecclesia
918 4137 933 4174 :
964 4120 1198 4192 primum
1243 4121 1539 4191 apostolos,
1572 4121 1814 4176 secundo
1845 4122 2088 4192 prOphe-

495 4230 518 4258 ι
553 4216 658 4275 tas,
690 4208 848 4264 tertio
876 4209 1149 4278 doctores,
1199 4209 1396 4264 deinde
1430 4210 1693 4274 virtutes;
1725 4210 1921 4265 exinde
1952 4224 2089 4282 gra-

498 4317 522 4348 ¢
557 4296 661 4352 tias
691 4297 1055 4364 curationum,
1086 4297 1485 4369 opitulationes,
1507 4298 1951 4370 gubernationes,
1986 4314 2089 4369 ge-

498 4406 521 4436 ι
557 4401 691 4441 nera
719 4386 1049 4459 linguarum,
1080 4386 1561 4456 interpretationes
1574 4402 1911 4442 sermonum.
1940 4387 2090 4441 Nun-

547 4474 682 4546 quid
711 4490 904 4530 omues
931 4474 1209 4546 apostoli?
1256 4474 1511 4547 Nunquid
1540 4491 1733 4531 omnes
1764 4476 2042 4546 prophetae
2063 4475 2091 4529 ?

2187 583 2420 654 Spiritus
2467 586 2658 641 sancti.
2711 585 2814 656 Qui
2850 602 2979 641 vero
3024 587 3323 656 majoribus
3371 587 3565 659 gratiis
3594 587 3761 641 abun-

2183 671 2413 740 dabant,
2452 674 2779 746 arrogabant
2807 675 2912 730 hoc
2940 674 3147 729 meritis
3178 675 3329 741 suis;
3363 683 3415 729 et
3446 675 3656 730 meritis
3683 674 3778 728 in-

2184 758 2441 814 feriorum
2470 762 2573 816 hoc
2612 761 3070 833 improperabant,
3104 763 3159 816 in
3188 763 3333 819 hunc
3362 763 3585 818 modum
3613 763 3780 819 dero-

2183 849 2364 920 gando
2394 849 2625 919 spiritui.
2660 852 2933 905 Errabant
2961 852 3120 906 etiam
3152 852 3205 905 in
3236 852 3357 917 hoc,
3392 852 3537 923 quod
3569 852 3779 925 gratias

2181 937 2306 991 illas
2354 953 2475 1008 quae
2526 937 2811 993 inferiores
2856 947 3032 1005 erant,
3083 947 3140 993 ut
3188 955 3394 1011 genera
3440 940 3773 1011 linguarum,

2182 1024 2550 1094 praeferebant
2592 1028 2823 1093 caeteris,
2873 1029 3157 1100 magisque
3200 1029 3549 1100 appetebant.
3585 1030 3652 1085 Ut
3678 1045 3778 1084 au-

2182 1122 2290 1167 tem
2309 1114 2450 1170 hunc
2473 1131 2716 1171 errorem
2738 1117 3057 1187 depelleret,
3081 1118 3296 1171 instruit
3317 1134 3413 1173 eos
3434 1118 3532 1184 sic,
3551 1118 3774 1173 dicens:

2193 1200 2431 1258 133
2488 1203 2695 1259 Caetera
2743 1221 2865 1276 quae
2917 1206 3202 1275 disponam
3246 1221 3370 1261 cum
3399 1221 3601 1261 venero
3628 1222 3778 1277 prae-

2183 1290 2444 1359 termitto,
2479 1292 2575 1347 sed
2608 1292 2674 1348 de
2694 1294 3093 1364 spiritualibus
3122 1309 3220 1349 vos
3242 1295 3440 1350 docere
3470 1294 3601 1350 illud
3629 1294 3777 1349 nullo

2182 1378 2345 1433 modo
2375 1378 2584 1435 diﬂ‘ero.
2632 1382 2783 1447 Nolo,
2827 1382 3068 1453 inquam,
3102 1398 3216 1448 vos,
3247 1385 3480 1453 fratres,
3513 1384 3776 1453 ignorare

2181 1465 2250 1519 de
2274 1466 2663 1536 spiritualibus,
2702 1469 2755 1523 id
2787 1478 2869 1524 est
2897 1470 2966 1524 de
2988 1470 3145 1524 donis
3169 1470 3401 1540 Spiritus
3423 1471 3613 1536 sancti,
3646 1471 3777 1541 quid

2181 1553 2249 1608 de
2279 1554 2361 1609 his
2409 1556 2749 1611 sentiendum
2797 1558 2865 1611 sit
2909 1558 3085 1613 vobis.
3129 1559 3244 1613 Hoc
3272 1566 3449 1614 autem
3478 1560 3545 1614 de
3575 1558 3777 1629 Spiritu

2182 1642 2307 1697 dico
2338 1644 2481 1713 quod
2528 1643 2655 1699 facit
2685 1660 2906 1700 cessare
2936 1661 2969 1700 a
2999 1646 3163 1712 malo,
3213 1654 3263 1702 et
3294 1647 3507 1718 operari
3538 1647 3767 1702 bonum.

2184 1730 2292 1785 Sed
2324 1731 2390 1784 ad
2422 1733 2525 1787 hoc
2554 1732 2919 1788 inducendum
2947 1735 3663 1805 praemittitsimilitudinem,
3693 1736 3780 1790 di-

2182 1833 2312 1874 cens
2347 1837 2359 1873 :
2393 1820 2521 1875 ldeo
2570 1821 2758 1877 scitote
2787 1823 2933 1894 quod
2964 1823 3197 1893 Spiritus
3225 1831 3447 1878 sanctus
3475 1823 3631 1879 faciat
3668 1839 3780 1878 non

2183 1903 2426 1973 separari
2456 1920 2486 1959 a
2519 1905 2752 1971 Christo,
2786 1909 3051 1978 quoniam
3076 1908 3236 1963 scitis
3256 1909 3416 1980 quod,
3442 1924 3572 1963 cum
3599 1908 3781 1964 adhuc

2182 1995 2381 2047 essetis
2419 1998 2631 2064 gentes,
2659 1995 2711 2048 id
2735 2003 2815 2049 est
2838 1996 3088 2067 gentiles,
3108 1997 3191 2050 vel
3216 1996 3492 2067 gentiliter
3511 1996 3778 2062 viventes,

2182 2080 2345 2135 eratis
2366 2086 2565 2137 euntes
2587 2081 2662 2137 ad
2682 2085 2993 2139 simulacra
3015 2089 3180 2139 muta.
3196 2089 3366 2156 prout
3376 2085 3782 2141 ducebaminia

2182 2168 2427 2238 maligno
2478 2170 2705 2241 spiritu;
2737 2172 2863 2243 quia
2891 2172 3030 2226 alius
3072 2172 3140 2227 ad
3188 2172 3597 2239 immolandum,
3644 2172 3784 2228 alius

2181 2257 2249 2310 ad
2285 2257 2727 2328 thurificandum,
2775 2260 2916 2314 alius
2970 2262 3039 2315 ad
3085 2261 3423 2316 adorandum
3456 2261 3778 2317 ducebatur.

2183 2344 2285 2400 Ubi
2315 2346 2409 2412 ait,
2443 2352 2606 2403 muta
2636 2348 2803 2414 idola,
2837 2350 3073 2403 ostendit
3092 2349 3238 2421 quod
3259 2350 3469 2405 ratione
3489 2365 3600 2404 non
3621 2350 3788 2405 duce-

2184 2433 2392 2499 bantur,
2427 2451 2548 2506 quae
2580 2436 2710 2490 satis
2740 2437 3055 2492 discernere
3075 2445 3277 2508 posset,
3296 2437 3499 2492 idolum
3519 2453 3626 2493 non
3658 2454 3785 2494 esse

2184 2522 2378 2591 Deum,
2412 2524 2511 2577 sed
2540 2540 2640 2594 per
2690 2525 2989 2597 malignum
3034 2526 3302 2596 spiritum.
3346 2526 3417 2580 Et
3444 2526 3565 2582 ideo
3596 2527 3727 2597 quia
3751 2541 3788 2581 a

2182 2609 2426 2681 maligno
2471 2612 2659 2682 spiritu
2708 2614 2780 2668 ad
2828 2614 3030 2668 malum
3080 2614 3446 2683 ducebamini,
3476 2630 3577 2684 per
3607 2614 3787 2670 simile

2182 2702 2382 2753 notum
2424 2702 2573 2770 facio
2616 2703 2779 2767 vobis,
2827 2702 2974 2773 quod
3015 2718 3114 2772 per
3159 2703 3415 2773 Spiritum
3464 2710 3711 2757 sanctum
3752 2718 3789 2757 a

2184 2785 2354 2856 priori
2381 2787 2523 2841 malo
2570 2788 2849 2843 desistitis.
2885 2788 3042 2857 Quod
3072 2789 3485 2860 aequipollenter
3512 2790 3587 2844 ait
3621 2808 3635 2844 :
3668 2791 3790 2846 Hoc

2185 2873 2323 2929 facio
2336 2875 2490 2929 vobis
2514 2884 2718 2940 notum,
2739 2878 2882 2949 quod
2903 2894 3067 2933 nemo
3091 2879 3322 2950 loquens
3341 2880 3404 2933 in
3428 2879 3651 2949 Spiritu
3662 2879 3787 2944 Dei,

2185 2960 2417 3033 loquens
2460 2972 2599 3033 actu,
2651 2966 2979 3036 cogitatione
3027 2974 3079 3021 et
3114 2966 3328 3021 verbo:
3375 2966 3597 3037 spiritus
3638 2966 3791 3021 enim

2188 3050 2278 3121 qui
2314 3066 2406 3106 res
2435 3060 2519 3106 est
2563 3052 2869 3121 invisibilis,
2905 3070 3013 3109 non
3043 3054 3395 3125 cognoscitur
3424 3070 3547 3109 esse
3593 3054 3648 3109 in
3680 3055 3792 3110 ho-

2184 3138 2349 3204 mine,
2396 3139 2500 3194 nisi
2548 3157 2645 3211 per
2690 3142 2806 3197 haec
2845 3160 2968 3214 quae
3004 3143 3342 3198 extrinsecus
3389 3143 3643 3198 videntur
3700 3143 3793 3199 vel

2189 3226 2503 3283 audiuntur.
2536 3230 2726 3296 Nemo,
2771 3230 3014 3302 inquam,
3066 3233 3294 3303 loquens
3323 3234 3387 3286 in
3416 3232 3634 3303 Spiritu
3661 3232 3790 3301 Dci,

2187 3315 2328 3370 dicit
2353 3315 2601 3373 similiter
2627 3327 2767 3385 actu,
2793 3319 2980 3384 verbo,
3008 3319 3355 3390 cogitatione,
3377 3319 3709 3384 anathema,
3734 3320 3795 3375 id

2186 3417 2269 3462 est
2317 3408 2721 3480 separatiouem
2751 3424 2781 3462 a
2811 3410 2961 3464 Iesu.
3013 3409 3188 3463 Nemo
3236 3408 3381 3463 enim
3429 3408 3638 3463 habens
3679 3409 3796 3464 do-

2185 3517 2317 3556 num
2355 3498 2587 3569 Spiritus
2632 3496 2807 3552 sancti
2850 3496 3043 3567 poterit
3092 3496 3335 3567 operari,
3390 3496 3654 3569 cogitare,
3702 3497 3796 3553 vel

2186 3588 2354 3660 loqui,
2407 3602 2505 3658 pro
2546 3601 2651 3657 quo
2698 3593 2980 3655 separetur
3008 3601 3037 3638 a
3065 3585 3215 3649 Jesu,
3268 3584 3502 3656 quandiu
3550 3584 3796 3655 Spiritus

2186 3678 2241 3731 in
2270 3692 2337 3733 eo
2363 3674 2644 3730 manserit.
2676 3674 2735 3727 In
2786 3674 2889 3729 hoc
2931 3673 3156 3727 multum
3206 3673 3415 3728 relevat
3441 3673 3796 3743 desperatio-

2186 3781 2313 3820 nem
2352 3779 2562 3829 eorum,
2593 3762 2687 3833 qui
2732 3761 2973 3817 minores
3019 3761 3228 3834 gratias
3277 3768 3625 3831 acceperant,
3659 3777 3795 3816 cum

2187 3854 2331 3909 dicat
2360 3868 2470 3907 non
2498 3866 2667 3922 posse
2705 3850 2948 3920 separari
2979 3865 3012 3904 a
3039 3852 3191 3917 Jesu,
3225 3848 3279 3903 in
3300 3865 3409 3920 quo
3431 3848 3666 3920 Spiritus
3688 3851 3804 3907 Dei

2187 3959 2285 4014 per
2308 3941 2525 4013 aliquod
2555 3940 2758 3994 donum
2785 3939 3064 3995 manserit.

2259 4032 2374 4086 Nec
2419 4029 2594 4083 solum
2634 4028 2762 4084 facit
2800 4027 3031 4098 Spiritus
3076 4043 3145 4082 ne
3189 4042 3509 4097 separemur
3548 4042 3580 4080 a
3629 4027 3797 4097 Jesu,

2189 4120 2288 4174 sed
2320 4118 2483 4174 etiam
2510 4134 2674 4173 nemo
2713 4120 2895 4189 potest
2924 4116 3108 4171 dicere
3136 4116 3325 4182 verbo,
3358 4131 3543 4186 opere,
3577 4116 3803 4188 cogita-

2190 4208 2356 4263 tione.
2405 4209 2565 4263 Jesus
2602 4213 2682 4260 est
2748 4206 3018 4261 Dominus
3055 4220 3233 4270 meus,
3278 4204 3406 4275 quia
3441 4219 3548 4275 ego
3595 4220 3804 4260 servus

2191 4297 2331 4364 ejus,
2387 4295 2441 4349 id
2472 4302 2570 4360 est,
2604 4308 2768 4349 nemo
2812 4300 2991 4364 potest
3043 4293 3244 4348 bonum
3290 4292 3524 4363 operari,
3578 4293 3701 4348 nisi
3732 4295 3806 4349 in

2198 4386 2421 4456 Spiritu
2448 4387 2667 4448 sancto,
2701 4382 2794 4453 qui
2822 4398 2921 4452 per
2944 4398 3067 4437 eum
3091 4389 3369 4452 Operatur.
3386 4382 3546 4436 Jesus
3576 4388 3661 4436 est
3680 4382 3803 4437 Do-

2191 4472 2371 4527 minus
2399 4488 2574 4527 meus.
2613 4471 2729 4526 Hoc
2755 4469 2943 4542 nequit
2970 4470 3174 4535 dicere,
3222 4470 3313 4541 qui
3344 4485 3453 4524 non
3481 4477 3565 4524 est
3595 4485 3802 4525 servus

464 4558 469 4562 ’
497 4583 520 4614 ι
555 4563 813 4635 Nunquid
861 4579 1052 4619 omnes
1100 4564 1357 4620 doctores
1376 4563 1403 4617 Ἰ
1452 4564 1707 4636 Nunquid
1753 4580 1947 4619 omnes
1992 4563 2101 4618 vir-
2121 4561 2174 4620 D
2195 4562 2343 4630 ejus,
2377 4560 2520 4632 quia,
2555 4559 2602 4614 si
2629 4574 2740 4614 non
2768 4565 2850 4613 est
2878 4574 3102 4623 servus,
3133 4559 3387 4612 mentitur
3413 4557 3595 4628 potius
3624 4573 3804 4629 quam

494 4673 516 4702 α
555 4653 745 4707 tutes?
808 4651 1064 4723 Nunquid
1094 4668 1287 4707 omnes
1331 4652 1569 4724 gratiam
1606 4653 1810 4707 habent
1854 4652 2093 4707 curatio-

497 4762 519 4787 α
554 4756 683 4794 num
708 4741 736 4795 ?
778 4739 1049 4812 Nunquid
1083 4756 1276 4796 omnes
1323 4740 1526 4813 linguis
1574 4740 1916 4812 loquuntur?
1942 4740 2096 4794 Nun-

498 4850 521 4879 ι
558 4828 686 4900 quid
741 4844 934 4884 omnes
1005 4828 1471 4900 interpretantur?
1517 4828 1863 4883 Emulamini
1910 4836 2093 4884 autem

497 4938 519 4964 ιι
556 4916 882 4973 charismata
928 4917 1152 4973 meliora
1202 4916 1326 4989 [al.,
1380 4916 1624 4989 majora].
1675 4918 1744 4971 Et
1785 4917 1959 4972 adhuc
2002 4933 2096 4972 ex-

498 5025 521 5055 (
554 5005 922 5061 celleutiorem
953 5005 1098 5061 viam
1130 5005 1286 5061 vobis
1316 5005 1653 5060 demonstro.
1693 5028 1713 5051 η

1139 5215 1447 5255 ΕΧΡΟΒΠἹΟ.

564 5353 665 5408 Hic
693 5350 816 5406 finis
847 5358 933 5406 est
962 5350 1032 5407 de
1076 5350 1436 5407 sacramentis
1463 5349 1651 5405 altaris
1683 5366 1697 5407 :
1732 5366 1877 5408 nunc
1905 5351 2095 5407 transit

495 5449 554 5496 ut
582 5442 781 5497 doceat
826 5455 923 5494 eos
970 5440 1039 5495 de
1085 5438 1243 5494 donis
1279 5439 1513 5509 Spiritus
1559 5440 1752 5500 sancti.
1795 5440 1852 5494 in
1897 5441 2095 5512 quibus

494 5530 739 5601 graviter
770 5528 1037 5583 errabant.
1091 5526 1196 5595 Qui
1232 5528 1376 5582 enim
1414 5528 1622 5597 majora
1669 5529 1814 5584 dona
1858 5545 2093 5600 accepe-

497 5626 635 5684 rant,
686 5616 1058 5690 gloriabantur
1122 5616 1389 5672 adversus
1455 5632 1550 5672 eos
1612 5617 1808 5689 quibus
1854 5619 2094 5675 minores

496 5706 693 5779 gratiae
718 5719 999 5762 concessas
1040 5704 1275 5762 fuerant.
1308 5705 1376 5762 Hi
1403 5713 1579 5762 autem
1601 5706 1692 5781 qui
1719 5707 1900 5764 minus
1928 5722 2093 5765 acce-

2191 4665 2384 4705 verum
2412 4648 2575 4703 dicat.
2608 4647 2707 4703 llic
2752 4646 2981 4701 multum
3026 4646 3279 4717 deprimit
3305 4661 3421 4711 eos,
3455 4644 3545 4717 qui
3574 4645 3645 4700 de
3674 4661 3812 4700 ma-

2187 4738 2396 4807 joribus
2427 4736 2585 4792 donis
2633 4752 2693 4791 se
2731 4734 3090 4805 praferebaut
3132 4734 3292 4800 aliis;
3326 4749 3451 4789 cum
3481 4734 3628 4789 dicat
3656 4734 3803 4790 nihil

2192 4842 2317 4881 esse
2349 4842 2414 4881 ex
2441 4825 2636 4880 merito
2665 4824 2918 4888 hominis,
2954 4824 3052 4879 sed
3080 4831 3251 4878 totum
3270 4823 3325 4877 in
3347 4822 3553 4894 Spiritu
3574 4832 3801 4879 sancto.

2191 4915 2339 4970 Licet
2380 4915 2484 4969 hoc
2512 4911 2886 4968 indifferenter
2912 4912 3003 4967 det
3034 4911 3252 4982 spiritus
3277 4910 3548 4966 declinare
3578 4925 3612 4965 a
3642 4912 3804 4967 malo

2192 5012 2245 5060 et
2292 5002 2465 5059 facere
2513 5003 2747 5066 bonum;
2796 5000 2992 5074 gratiae
3038 5009 3216 5055 tamen
3263 5000 3509 5069 ejusdem
3557 4998 3809 5069 Spiritus

2191 5091 2412 5147 divisim
2441 5090 2840 5145 distribuuntur
2868 5089 3119 5144 diversis.
3172 5088 3282 5144 Sed
3316 5090 3449 5144 licet
3483 5086 3808 5145 divisiones

2191 5181 2312 5236 sint
2325 5180 2666 5252 gratiarum,
2685 5183 2875 5234 tamen
2894 5177 3043 5234 idem
3063 5185 3116 5231 et
3132 5177 3395 5232 indivisus
3415 5184 3497 5230 est
3517 5176 3809 5248 Spiritus,

2192 5269 2282 5341 qui
2310 5268 2512 5324 divisas
2538 5267 2633 5322 dat
2660 5266 2886 5337 gratias.
2919 5267 2988 5321 Et
3018 5266 3156 5322 sicut
3185 5272 3309 5320 sunt
3329 5264 3630 5320 divisiones
3661 5281 3813 5337 gra-

2193 5357 2410 5421 tiarum,
2455 5356 2527 5411 ita
2567 5363 2691 5409 sunt
2722 5354 3019 5411 divisiones
3060 5352 3356 5410 affectuum
3409 5368 3628 5419 earum,
3684 5354 3815 5409 sei-

2190 5445 2315 5502 licet
2342 5444 2817 5500 ministrationum.
2853 5443 2952 5499 Hic
3000 5442 3145 5498 enim
3188 5442 3457 5496 ministrat
3486 5441 3541 5496 in
3573 5442 3819 5513 episco-

2193 5535 2303 5605 pio,
2348 5534 2436 5589 hic
2474 5533 2528 5588 in
2572 5532 2897 5597 sacerdotio,
2950 5539 3004 5586 et
3050 5530 3129 5586 sic
3177 5530 3232 5585 in
3272 5531 3482 5585 caeteris
3530 5531 3817 5600 gradibus

2190 5622 2479 5678 Ecclesiae.
2535 5620 2776 5676 Dicimus
2824 5619 2989 5674 etiam
3026 5618 3453 5674 ministrationes
3485 5618 3541 5672 in
3572 5619 3823 5690 quibus-

2193 5726 2426 5783 cunque,
2458 5709 2654 5766 idonee
2695 5707 3068 5765 ministramus
3096 5706 3369 5779 proximo.
3400 5708 3471 5762 Et
3498 5707 3629 5765 licet
3656 5709 3816 5765 divi-
