3948 6430
182 393 278 445 189

802 387 1185 445 EXPOSITIO
1224 388 1299 444 IN
1336 385 1719 445 EPISTOLAS
1760 386 1992 444 PAULI.
2027 419 2098 431 -—
2126 390 2201 445 IN
2237 389 2460 447 EPIST.
2509 392 2533 447 Ι
2572 391 2668 448 AD
2707 391 2880 450 ROM.

3404 394 3510 450 190

191 515 374 571 siones
405 513 519 570 sint
552 511 1033 584 ministrationum,
1077 520 1258 569 tamen
1294 513 1445 569 idem
1476 519 1560 569 est
1616 512 1802 569 Domi-
1823 511 1873 573 Α
1900 512 1957 569 id
1986 521 2068 570 est
2096 514 2335 581 diversa,
2381 520 2521 572 sunt
2567 533 2750 573 unum
2778 535 3001 592 corpus.
3035 519 3116 574 Ita
3144 516 3392 575 Christus
3418 518 3510 574 di-

196 621 303 660 nus
330 603 424 677 qui
454 603 551 659 dat
579 603 813 675 gratiam
843 602 898 657 in
931 618 1038 675 qua
1072 602 1459 657 ministramus.

269 693 404 749 Sunt
422 692 589 749 etiam
620 690 918 748 divisiones
937 691 1333 763 operationum,
1368 707 1491 764 quae
1529 691 1585 746 in
1614 690 1803 746 nobis-

199 781 335 854 ipsis
357 781 498 838 bene
528 796 837 854 operamur,
868 780 1097 844 orando,
1143 780 1439 852 vigilando,
1454 779 1752 849 jejunando
1784 797 1799 847 ;

206 879 257 926 et
290 872 375 927 hae
407 871 753 943 operationes
782 876 903 925 sunt
920 868 1146 925 eﬂ'ectus
1201 868 1520 943 gratiarum.
1555 870 1625 923 Et
1670 869 1803 924 licet

203 960 398 1017 divisse
427 962 547 1016 sint
576 960 952 1033 Operationes,
985 962 1175 1015 tamen
1204 958 1355 1014 idem
1383 961 1468 1014 est
1506 959 1672 1024 Deus,
1705 957 1802 1031 qui

202 1054 474 1123 operatur
486 1050 678 1106 omnia
702 1063 1041 1121 quaecunque
1057 1054 1367 1119 opportuna
1385 1046 1535 1104 videt
1556 1045 1717 1101 saluti
1736 1047 1800 1101 in

194 1140 473 1195 omnibus.
517 1136 675 1206 Quod
697 1137 770 1192 ita
792 1137 900 1192 ait:
932 1137 1083 1192 Idem
1126 1136 1378 1208 Spiritus,
1429 1135 1574 1191 idem
1605 1133 1801 1191 Domi-

196 1244 320 1297 nus,
354 1227 501 1282 idem
521 1227 707 1294 Deus;
739 1242 849 1281 non
898 1226 1042 1298 quod
1075 1226 1325 1281 diversas
1371 1223 1635 1296 intelligat
1664 1223 1800 1279 sub-

192 1316 442 1383 stantias,
491 1315 591 1371 sed
636 1324 694 1370 ut
746 1314 1061 1371 Trinitatem
1101 1314 1156 1369 in
1217 1314 1491 1386 personis,
1537 1312 1798 1369 unitatem

202 1405 457 1478 designet
486 1405 541 1459 in
574 1404 891 1460 substantia.
933 1404 1002 1459 Et
1023 1403 1148 1460 licet
1173 1410 1299 1458 sunt
1345 1402 1643 1458 divisiones
1662 1416 1799 1475 gra-

201 1494 427 1560 tiarum,
466 1500 648 1549 tamen
679 1495 987 1567 unicuique
1018 1493 1192 1549 datur
1217 1491 1800 1564 manifestatioSpiri-

208 1586 320 1651 tus,
347 1581 403 1637 id
421 1590 501 1637 est
519 1582 740 1654 aliquod
769 1581 970 1637 bonum
1006 1598 1107 1653 per
1135 1581 1281 1653 quod
1321 1579 1553 1652 Spiritus
1579 1578 1800 1651 Operari

196 1670 249 1726 in
281 1686 351 1727 eo
383 1669 777 1735 manifestetur,
800 1671 872 1726 ad
897 1670 1236 1726 utilitatem.
1264 1669 1352 1724 Sic
1383 1668 1529 1724 enim
1560 1668 1689 1723 utile
1718 1675 1802 1723 est

188 1759 373 1815 minus
396 1759 595 1815 donum
627 1759 714 1816 cui
746 1759 927 1826 datur,
975 1758 1113 1814 sicut
1132 1758 1309 1828 majus
1357 1758 1561 1813 donum
1618 1756 1796 1812 alteri.

182 1850 327 1905 Deus
359 1848 503 1904 enim
532 1864 642 1904 non
677 1848 976 1905 secundum
1026 1846 1221 1903 merita
1265 1846 1544 1902 hominum
1591 1845 1795 1918 gratias
1816 1881 1867 1940 B

188 1954 313 1993 suas
334 1936 611 1992 distribuit
640 1955 653 1991 :
687 1937 1007 2009 plerumque
1045 1936 1189 1991 enim
1235 1935 1413 1990 minus
1471 1935 1640 2008 digno
1668 1948 1793 1989 ma-

179 2026 268 2097 jus
315 2026 568 2092 donum;
614 2025 934 2098 plerumque
981 2024 1221 2098 digniori
1278 2024 1456 2079 minus
1486 2024 1793 2078 datur:se-

183 2115 422 2173 cundum
452 2113 599 2188 quod
649 2115 797 2170 Deus
846 2114 991 2170 videt
1021 2115 1166 2170 hunc
1197 2112 1371 2185 magis
1428 2120 1792 2184 Opportunum

184 2205 251 2259 ad
278 2204 414 2259 illud
436 2203 824 2273 exercendum,
856 2203 1005 2257 illum
1048 2203 1118 2258 ad
1141 2202 1287 2258 aliud
1312 2220 1327 2268 ;
1358 2209 1637 2258 enumerat
1666 2217 1793 2273 gra-

188 2294 306 2362 tias,
357 2292 603 2349 dicens:
639 2291 946 2348 Divisiones
1019 2291 1205 2364 utique
1262 2298 1388 2346 sunt
1460 2290 1782 2365 gratiarum.

184 2383 322 2439 Nam
356 2382 465 2438 alii
494 2381 738 2454 quidem,
772 2381 827 2436 id
848 2388 930 2437 est
975 2380 1212 2436 discrete
1273 2380 1447 2436 datur
1475 2396 1578 2453 per
1607 2379 1792 2453 Spiri-

196 2476 315 2528 tum
347 2470 637 2543 sapientia,
673 2469 729 2525 id
758 2477 840 2526 est
891 2469 1130 2543 cognitio
1159 2468 1486 2536 divinorum,
1521 2472 1577 2524 et
1607 2483 1790 2525 sermo

186 2561 507 2634 sapientia,
541 2569 600 2613 ut
628 2557 867 2630 gratiose
897 2557 1078 2632 eloqui
1097 2557 1270 2630 possit
1292 2558 1438 2630 quod
1467 2557 1609 2613 bene
1627 2556 1788 2629 sapit.

188 2650 298 2705 Alii
319 2653 519 2705 autem
550 2648 704 2703 datur
732 2649 975 2705 scientia
1029 2648 1098 2703 de
1118 2646 1369 2703 humanis
1405 2655 1456 2702 et
1486 2662 1685 2713 sermo,
1732 2654 1790 2702 ut

185 2739 441 2811 expedite
470 2737 727 2810 loquatur
757 2737 904 2809 quod
934 2736 1074 2804 scit;
1108 2744 1161 2792 et
1183 2736 1611 2793 hocsecundum
1633 2753 1790 2793 eum-

182 2828 306 2884 dem
342 2828 646 2901 Spiritum,
672 2825 893 2882 excluso
916 2826 1108 2881 merito
1123 2825 1379 2882 hominis.
1405 2826 1587 2881 Alteri
1614 2826 1790 2883 datur

195 2917 350 2987 ﬁdes,
385 2916 445 2971 id
476 2924 558 2971 est
583 2913 643 2971 1
663 2914 821 2971 34
842 2914 929 2971 vel
956 2915 1257 2971 constantia
1285 2913 1433 2982 ﬁdei,
1466 2923 1522 2969 ut
1548 2930 1650 2987 pro
1679 2913 1788 2971 ﬁde

195 3006 390 3061 tuenda
422 3019 537 3059 non
564 3002 772 3059 dubitet
800 3003 957 3059 mori.
992 3003 1090 3059 Vel
1128 3002 1284 3070 fides,
1322 3004 1446 3075 quia
1502 3003 1653 3060 novit
1691 3018 1786 3059 sa-

180 3102 453 3151 cramenta
483 3090 649 3159 fidei;
684 3100 737 3149 et
763 3093 870 3149 hoc
902 3095 963 3148 in
992 3092 1181 3149 eodem
1213 3093 1453 3166 Spiritu.
1489 3094 1604 3149 Alii
1628 3093 1789 3149 datur

1903 618 2065 659 versa
2113 610 2360 660 membra
2406 605 2569 661 habet
2606 606 2662 660 in
2704 606 3003 674 Ecclesia;
3036 616 3089 663 et
3121 615 3301 664 tamen
3342 607 3399 664 in
3440 622 3510 664 eo

1902 692 2077 763 capite
2107 710 2273 748 unum
2296 701 2421 748 sunt
2447 712 2460 749 :
2494 709 2596 750 nec
2630 694 2820 750 mirum
2852 714 2868 763 ;
2901 697 3029 768 quia
3058 696 3195 753 sicut
3228 712 3330 768 per
3361 711 3511 753 eam-

1903 781 2030 836 dem
2060 782 2293 836 animam
2323 782 2542 838 diversa
2570 784 2813 839 membra
2851 783 3055 852 vivunt,
3096 785 3177 842 sic
3200 802 3302 858 per
3355 801 3510 842 eum-

1903 871 2028 925 dem
2059 872 2313 943 spiritum
2342 873 2599 929 universa
2627 874 2873 929 membra
2901 875 3020 944 ejus
3048 883 3332 948 reguntur.
3366 877 3507 932 Vere

1903 960 2152 1015 Christus
2171 968 2256 1017 est
2276 979 2445 1017 unum
2477 978 2710 1035 corpus:
2739 964 2951 1020 etenim
2972 980 3165 1022 omnes
3186 981 3289 1022 nos
3306 980 3506 1021 sumus

1901 1050 2180 1123 baptisati
2206 1060 2259 1106 et
2287 1051 2546 1108 vivificati
2578 1054 2642 1107 in
2673 1068 2787 1110 uno
2809 1053 3047 1125 Spiritu,
3078 1062 3420 1111 transeuntes
3446 1054 3505 1110 in

1901 1155 2067 1193 unum
2093 1154 2295 1212 corpus
2326 1140 2544 1196 Christi.
2576 1141 2781 1198 Omnes
2807 1141 2932 1199 dico
2962 1141 3349 1210 indifferenter,
3388 1144 3503 1200 sive

1901 1227 2072 1282 simus
2101 1229 2302 1296 Judcei,
2326 1231 2441 1285 sive
2472 1231 2734 1301 gentiles,
2766 1232 2882 1287 sive
2902 1234 3067 1299 servi,
3100 1234 3214 1288 sive
3229 1232 3409 1288 liberi.
3431 1232 3504 1287 Et

1901 1317 2040 1374 sicut
2058 1317 2328 1389 baptizati,
2362 1319 2441 1375 sic
2464 1320 2626 1374 etiam
2668 1337 2865 1376 omnes
2894 1328 3018 1392 post
3046 1320 3377 1393 baptismum
3406 1337 3503 1394 po-

1903 1407 2012 1461 tati
2042 1424 2241 1463 sumus
2270 1424 2387 1463 uno
2416 1409 2719 1481 eodemque
2748 1410 2971 1482 Spiritu
2990 1409 3047 1465 in
3067 1408 3498 1477 continuatione,

1901 1502 1955 1550 et
1984 1495 2037 1549 in
2068 1496 2282 1552 caeteris
2311 1497 2592 1553 ordinibus
2621 1498 2906 1555 Ecclesiae.
2947 1499 3091 1555 Vere
3120 1513 3223 1555 nos
3249 1497 3504 1570 baptizati

1901 1601 2089 1640 sumus
2110 1590 2322 1657 omnes,
2353 1586 2405 1641 id
2437 1594 2521 1642 est
2550 1603 2680 1643 vere
2719 1603 2905 1643 sumus
2934 1588 3173 1645 ‘diversa
3225 1587 3497 1643 membra.

1899 1674 2039 1729 Nam
2050 1717 2062 1741 ,
2082 1675 2230 1731 sicut
2249 1691 2453 1748 corpus
2470 1675 2715 1731 hominis
2731 1693 2849 1735 non
2863 1681 2950 1732 est
2965 1693 3147 1733 unum
3158 1677 3494 1744 membrum,

1899 1763 2009 1819 sed
2051 1766 2349 1832 multa;et
2383 1780 2484 1836 per
2530 1764 2708 1821 simile
2750 1780 2861 1820 non
2905 1774 2988 1821 est
3043 1766 3286 1821 Christus
3331 1781 3501 1821 unum

1899 1843 2225 1910 membrum,
2261 1844 2358 1899 sed
2388 1844 2577 1900 multa.
2611 1845 2747 1900 Illud
2769 1845 2933 1901 etiam
2963 1853 3132 1901 totam
3172 1845 3341 1902 refert
3370 1861 3498 1900 sen-

1897 1932 2141 1987 tentiam.
2174 1933 2332 1988 Nunc
2376 1932 2592 1989 inferta
2644 1934 2930 2005 superiori,
2978 1935 3124 2007 quod
3144 1950 3248 1991 nos
3303 1950 3499 1991 omnes

1895 2037 2005 2077 uno
2037 2020 2237 2093 Spiritu
2270 2022 2527 2093 baptizati
2557 2031 2608 2079 et
2637 2024 2826 2094 potati,
2860 2040 3050 2079 sumus
3088 2040 3257 2079 unum
3296 2038 3497 2096 corpus

1894 2110 2095 2166 Christi
2128 2129 2144 2177 ;
2177 2110 2303 2182 quia
2333 2127 2500 2166 unum
2534 2129 2549 2166 :
2584 2111 2752 2185 igitur
2778 2115 2830 2169 si
2858 2114 3204 2186 dixeritpes,
3235 2113 3290 2169 id
3308 2122 3391 2170 est
3409 2113 3497 2171 in-

1894 2199 2060 2256 ferius
2089 2200 2397 2255 membrum
2427 2200 2483 2255 in
2512 2201 2782 2269 Ecclesia,
2803 2204 3072 2275 quoniam
3089 2219 3205 2259 non
3228 2221 3356 2260 sum
3380 2221 3497 2262 ma-

1894 2305 2023 2355 nus,
2052 2287 2108 2343 id
2138 2296 2221 2344 est
2240 2288 2364 2344 talis
2403 2298 2661 2361 operator
2702 2298 2762 2346 ut
2781 2290 2907 2357 ille;
2939 2290 3066 2347 ideo
3095 2308 3211 2349 non
3266 2310 3396 2350 sum
3425 2293 3494 2351 de

1892 2394 2122 2450 corpore
2150 2377 2350 2433 Christi
2374 2394 2524 2444 ;non
2551 2380 2674 2437 ideo
2702 2382 2959 2452 sequitur
2985 2397 3117 2437 eum
3137 2398 3252 2438 non
3280 2398 3400 2439 esse
3425 2381 3494 2440 de

1892 2482 2123 2541 corpore
2153 2467 2381 2523 Christi.
2421 2467 2579 2537 Quod
2602 2477 2685 2524 est
2714 2468 2902 2526 dicere
2935 2488 2952 2525 :
2983 2470 3079 2526 Ille
3106 2469 3198 2543 qui
3228 2478 3312 2527 est
3346 2470 3494 2528 infe-

1891 2555 2009 2612 rior
2037 2572 2146 2612 non
2175 2565 2356 2628 potest
2377 2573 2438 2613 se
2492 2558 2823 2630 abrumpere
2859 2558 2930 2613 ab
2984 2559 3199 2615 unitate‘
3243 2559 3489 2629 Christi;

1892 2645 2016 2717 quia
2046 2646 2211 2702 habet
2245 2646 2409 2701 alium
2440 2646 2778 2719 superiorem
2835 2664 2896 2703 se
2922 2647 2979 2703 in
3009 2648 3205 2705 eodem
3256 2664 3494 2721 corpore

1890 2734 2109 2790 Christi.
2142 2735 2209 2790 Et
2239 2735 2379 2792 sicut
2407 2752 2506 2807 pes
2547 2751 2657 2792 non
2684 2737 3046 2809 abrumpitur,
3107 2737 3235 2811 quia
3263 2753 3374 2795 non
3409 2748 3496 2796 est

1888 2839 2086 2879 manus
2118 2824 2230 2890 ;ita
2261 2825 2311 2881 si
2352 2825 2571 2881 dixerit
2626 2828 2807 2892 auris,
2838 2826 2892 2881 id
2924 2834 3009 2882 est
3036 2826 3128 2882 ille
3175 2843 3341 2900 quem
3386 2844 3491 2900 per

1887 2912 2050 2968 alium
2073 2913 2361 2969 docentem
2390 2922 2606 2985 oportet
2643 2914 2971 2988 intelligere,
3027 2918 3159 2989 quia
3186 2933 3304 2973 non
3359 2934 3492 2974 sum

1888 3003 2105 3070 oculus,
2136 3001 2193 3057 id
2222 3010 2307 3058 est
2335 3001 2462 3075 quia
2490 3019 2688 3075 perme
2717 3019 2827 3060 non
2847 3004 3032 3061 omnia
3047 3004 3332 3079 intelligo;
3364 3006 3492 3063 ideo

1886 3109 2001 3149 non
2032 3108 2159 3148 sum
2188 3093 2255 3149 de
2285 3108 2556 3166 corpore;
2582 3109 2699 3150 non
2721 3096 2980 3168 sequitur
2995 3095 3119 3152 ideo
3140 3111 3256 3151 non
3274 3112 3391 3153 esse
3422 3095 3490 3153 de

180 3185 365 3256 gratia
393 3182 742 3249 sanitatum,
774 3189 831 3236 ut
877 3198 978 3252 per
1030 3181 1282 3238 virtutem
1328 3182 1551 3254 spiritus
1611 3182 1784 3254 possit
1824 3248 1858 3256 Α
1885 3197 2136 3255 corpore.

185 3248 460 3343 depellere
482 3270 709 3326 morbos
732 3248 755 3338 7;
779 3248 957 3327 ethoc
984 3272 1048 3326 in
1065 3287 1179 3328 uno
1196 3248 1501 3343 eodemque
1540 3248 1781 3343 Spiritu,
1814 3248 1862 3309 Ο
1957 3248 2182 3326 Dixerat
2201 3271 2474 3343 superius,
2491 3271 2636 3345 quod
2652 3289 2854 3346 corpus
2873 3290 2990 3331 non
3010 3277 3096 3331 est
3111 3290 3295 3335 unum
3310 3290 3491 3331 mem-

184 3360 303 3434 quia
331 3360 573 3416 taedebat
603 3376 726 3415 eum
749 3358 977 3433 singulis
1016 3359 1175 3415 donis
1205 3359 1451 3431 spiritum
1482 3375 1782 3432 apponere,

184 3448 593 3521 comprehendit
620 3456 846 3505 caeteras
888 3448 1112 3522 gratias,
1165 3456 1215 3505 et
1245 3449 1313 3504 ad
1378 3449 1624 3504 ultimum
1664 3450 1786 3504 sub-

185 3538 258 3594 dit
280 3554 472 3595 omnes
503 3537 622 3592 dari
679 3553 781 3609 per
829 3537 1105 3609 Spiritum.
1140 3538 1276 3593 AAlii
1320 3537 1477 3592 datur
1532 3540 1784 3611 operatio

183 3628 477 3697 virtutum,
514 3624 570 3681 id
592 3634 673 3682 est
700 3626 1091 3682 miraculorum
1123 3643 1244 3699 qua:
1270 3635 1459 3683 contra
1480 3627 1659 3700 legem
1682 3643 1783 3682 na-

180 3724 308 3772 turae
340 3713 496 3782 ﬁunt,
548 3723 604 3770 ut
650 3730 857 3772 caecum
905 3715 1230 3785 illuminare,
1283 3724 1556 3771 mortuum
1603 3716 1784 3773 susci-

185 3813 316 3861 tare.
352 3805 469 3861 Alii
499 3804 665 3859 datur
696 3805 1013 3877 prophetia,
1046 3804 1099 3859 id
1149 3812 1232 3860 est
1277 3805 1536 3861 revelatio
1567 3804 1782 3862 futuro-

183 3910 317 3961 rum,
354 3893 440 3949 vel
472 3892 783 3949 intellectus
838 3893 1265 3966 Scripturarum.
1325 3895 1438 3951 Alii
1486 3895 1641 3950 datur
1668 3896 1784 3951 dis-

188 3983 356 4039 cretio
386 3983 703 4057 spirituum
740 4001 754 4049 ;
789 3982 915 4055 quia
952 3982 1052 4039 scit
1083 3982 1416 4049 discernere,
1452 3999 1559 4055 quo
1589 3984 1783 4056 spiritu

179 4071 403 4144 quisque
433 4079 699 4143 operetur
719 4070 947 4144 aliquid,
980 4071 1069 4127 vel
1115 4072 1385 4144 loquatur.
1420 4075 1533 4130 Alii
1585 4074 1783 4129 dantur

181 4176 383 4231 genera
414 4163 751 4233 linguarum
786 4175 798 4214 :
830 4160 959 4232 quia
975 4160 1079 4217 scit
1110 4161 1259 4233 lpqui
1289 4161 1526 4217 diversis
1554 4162 1777 4236 linguis.

181 4249 290 4305 Alii
320 4250 480 4305 datur
514 4251 919 4323 interpretatio
940 4267 1268 4307 sermonum
1300 4271 1319 4319 ;
1349 4252 1497 4324 quod
1527 4245 1779 4309 Graecum

182 4337 276 4393 scit
302 4337 649 4411 interpretari
691 4355 788 4409 per
843 4339 1114 4407 Latinum,
1160 4340 1299 4396 vele
1357 4356 1648 4398 converso.
1681 4341 1781 4398 Vel

178 4426 547 4500 interpretatio
578 4443 914 4497 sermonum,
966 4428 1023 4483 id
1061 4436 1144 4484 est
1186 4429 1454 4501 expositio
1483 4430 1778 4505 allegoria-

181 4533 313 4571 rum.
336 4518 404 4573 Et
436 4533 565 4574 cum
608 4517 841 4573 diversis
870 4518 987 4574 haec
1054 4518 1270 4573 diversa
1327 4520 1542 4588 dentur,
1596 4528 1778 4576 tamen

1884 3359 2069 3427 brum,
2105 3360 2203 3416 sed
2233 3376 2344 3416 non
2372 3361 2600 3417 dederat
2619 3362 2908 3418 rationem.
2929 3362 3111 3431 Quare
3139 3364 3317 3420 ethoc
3344 3380 3490 3422 nunc

1885 3449 2086 3513 subdit.
2117 3449 2344 3506 dicens:
2379 3451 2522 3506 Vere
2550 3451 2717 3518 auris,
2750 3452 2876 3507 licet
2905 3468 3016 3508 non
3049 3452 3117 3507 sit
3146 3452 3359 3523 oculus,
3399 3461 3488 3510 ta-

1883 3555 2009 3594 men
2040 3546 2123 3594 est
2153 3539 2223 3595 de
2244 3554 2477 3611 corpore
2511 3558 2525 3606 ;
2556 3540 2686 3612 quia
2715 3539 2764 3596 si
2791 3541 2915 3597 ideo
2943 3556 3053 3597 non
3088 3550 3253 3609 esset,
3288 3557 3489 3615 seque-

1884 3636 2037 3684 retur
2057 3628 2203 3700 quod
2235 3628 2428 3685 oculus
2451 3637 2597 3685 esset
2628 3637 2798 3685 totum
2829 3645 3052 3702 corpus.
3076 3630 3187 3686 Sed
3215 3630 3263 3687 si
3291 3631 3489 3689 oculus

1883 3725 2029 3773 esset
2059 3725 2231 3773 totum
2260 3734 2479 3790 corpus,
2522 3718 2614 3774 ubi
2634 3726 2717 3775 est
2775 3719 2991 3775 auditus
3010 3719 3038 3774 ?
3066 3721 3209 3777 Ecce
3252 3720 3487 3792 penuria

1881 3805 1939 3861 in
1966 3822 2221 3879 corpore.
2244 3808 2314 3863 Et
2349 3807 2393 3863 si
2426 3807 2641 3863 auditus
2696 3816 2780 3864 est
2811 3815 2980 3864 totum
3028 3825 3251 3882 corpus,
3277 3809 3370 3865 ubi
3401 3818 3487 3866 est

1882 3897 2145 3952 odoratus
2164 3897 2193 3951 ?
2222 3898 2419 3953 lterum
2449 3897 2698 3970 penuria.
2732 3899 2839 3955 Per
2866 3898 3175 3966 odoratum,
3206 3898 3490 3957 discretio-

1881 4002 2005 4041 nem
2026 3986 2157 4042 boni
2187 3995 2240 4043 et
2285 3986 2417 4042 mali
2446 3988 2760 4060 accipimus.
2820 3988 2904 4044 Ne
2932 3996 3116 4045 autem
3141 3988 3198 4044 in
3251 4004 3487 4061 corpore

1882 4083 2029 4130 esset
2058 4076 2177 4132 haec
2209 4076 2459 4149 penuria,
2491 4076 2674 4149 posuit
2704 4093 2851 4135 nunc
2878 4079 3025 4134 Deus
3058 4078 3278 4135 diversa
3304 4094 3484 4135 mem-

1880 4164 2004 4235 bra,
2036 4165 2465 4239 unumquodque
2496 4182 2685 4222 eorum
2716 4166 2771 4221 in
2801 4182 2912 4223 uno
2941 4182 3190 4238 corpore,
3226 4168 3364 4225 sicut
3392 4184 3485 4225 vo-

1878 4253 1978 4309 luit
2002 4253 2339 4310 distribuens
2377 4255 2458 4310 eis
2493 4256 2723 4329 gratias.
2776 4256 2901 4313 Non
2931 4257 3107 4314 solum
3144 4265 3369 4331 propter
3389 4275 3484 4315 re-

1879 4344 2206 4399 movendam
2247 4344 2553 4416 penuriam,
2585 4362 2751 4401 unum
2809 4347 3115 4403 membrum
3143 4362 3255 4405 non
3285 4354 3364 4404 est
3394 4356 3483 4405 to-

1878 4440 1994 4487 tum
2024 4448 2245 4505 corpus,
2293 4434 2392 4489 sed
2428 4433 2591 4490 etiam
2633 4434 2758 4492 ideo
2796 4451 2921 4493 esse
2949 4452 3058 4492 non
3111 4445 3330 4509 potest;
3356 4438 3485 4511 quia

1878 4524 1930 4579 si
1961 4526 2148 4578 essent
2176 4525 2372 4579 omnia
2390 4525 2641 4580 membra
2662 4541 2845 4581 unum
2864 4526 3200 4594 membrum,
3242 4526 3303 4584 1
3321 4527 3478 4586 35

183 4603 288 4660 hac
304 4608 497 4662 omnia
510 4609 786 4679 operatur
807 4623 956 4663 unus
969 4610 1139 4680 atque
1152 4607 1302 4664 idem
1318 4609 1587 4681 Spiritus,
1612 4626 1774 4682 quem
1796 4619 1847 4679 1)
1879 4612 1975 4667 ubi
1992 4615 2141 4668 esset
2163 4613 2407 4685 corpus?
2428 4612 2635 4669 Periret
2656 4613 2839 4687 utique
2856 4630 3077 4686 corpus,
3094 4615 3219 4687 quia
3238 4615 3284 4672 si
3300 4617 3485 4673 omnia

183 4708 331 4765 supra
361 4694 552 4751 vocavi
584 4695 757 4750 Deum
795 4702 848 4750 et
877 4695 1165 4751 Dominum
1201 4714 1215 4750 :
1240 4697 1489 4770 Spiritus
1519 4698 1662 4768 dico,
1684 4700 1778 4755 di-

184 4783 366 4840 videns
396 4784 647 4856 singulis
674 4785 867 4857 proult
895 4785 1037 4853 vult,
1062 4784 1116 4839 id
1145 4792 1226 4841 est
1254 4802 1353 4858 per
1380 4786 1634 4860 gratiam,
1667 4803 1776 4845 non

184 4886 275 4941 per
301 4872 582 4929 meritum.

250 4960 341 5016 llic
371 4961 563 5033 incipit
601 4961 892 5017 ostendere
922 4962 1299 5019 diversitatem
1329 4965 1700 5021 membrorum
1720 4966 1777 5021 in

185 5048 364 5105 eodem
393 5050 593 5123 capite,
637 5050 728 5123 qui
774 5059 856 5106 est
912 5050 1187 5120 Christus;
1244 5061 1294 5109 et
1353 5054 1628 5126 quomodo
1688 5055 1778 5112 illa

185 5134 388 5193 diversa
435 5154 606 5194 unum
658 5136 792 5193 ﬁant
835 5139 889 5193 in
937 5139 1113 5211 capite
1149 5140 1387 5197 Christo.
1448 5142 1653 5199 Littera
1696 5145 1778 5203 sic

182 5222 436 5298 jungitur.
470 5228 619 5284 Bene
656 5227 781 5284 dico
803 5227 1028 5299 spiritus
1057 5229 1308 5286 dividens
1330 5231 1581 5306 singulis,
1607 5232 1663 5289 id
1694 5242 1780 5290 est

186 5310 400 5371 diversis
431 5316 698 5372 membris
735 5316 985 5373 diversas
1032 5317 1320 5375 conferens
1363 5321 1591 5393 gratias.
1633 5323 1776 5380 Nam

188 5399 416 5459 Christus
436 5413 522 5461 est
549 5421 717 5461 unum
748 5421 948 5478 corpus
987 5407 1206 5463 diversa
1236 5409 1444 5465 habens
1474 5412 1725 5469 membra
1758 5429 1772 5469 :

188 5490 323 5548 sicut
341 5493 490 5550 vides
513 5495 662 5567 quod
677 5512 879 5568 corpus
898 5497 1154 5565 hominis,
1175 5515 1356 5555 unum
1377 5504 1481 5567 est,
1504 5505 1560 5557 et
1582 5507 1774 5561 tamen

193 5575 337 5636 habet
359 5585 542 5640 multa
564 5585 835 5651 membra,
854 5584 910 5641 id
937 5594 1019 5641 est
1038 5586 1290 5643 diversos
1308 5595 1459 5644 actus
1481 5591 1769 5663 habentia;

199 5674 244 5721 et
272 5673 453 5729 tamen
490 5675 685 5730 omnia
707 5677 956 5731 membra
978 5679 1230 5751 corporis
1248 5694 1375 5736 cum
1410 5680 1532 5737 sint
1562 5683 1772 5752 multa,

1879 4701 2128 4756 membra
2151 4709 2334 4757 essent
2380 4718 2591 4769 manus,
2625 4719 2728 4759 nec
2764 4703 2845 4760 sic
2892 4712 3038 4760 esset
3065 4720 3266 4777 corpus
3308 4705 3485 4762 homi-

1878 4790 1983 4845 nis.
2019 4791 2076 4847 Si
2106 4790 2301 4847 iterum
2353 4808 2549 4849 omnes
2605 4791 2659 4847 in
2704 4793 2957 4849 Ecclesia
3001 4801 3187 4850 essent
3223 4796 3481 4867 apostoli,

1877 4880 1966 4937 vel
1995 4897 2161 4936 unum
2199 4881 2423 4954 aliquid,
2463 4898 2567 4939 nec
2612 4882 2716 4954 ipsi
2771 4882 2937 4939 iidem
2985 4892 3168 4939 essent
3224 4886 3480 4957 apostoli,

1879 4985 2004 5027 cum
2033 4986 2141 5026 non
2163 4978 2349 5028 essent
2378 4971 2576 5045 quibus
2615 4972 2994 5044 praedicarent.
3027 4974 3484 5048 Quandoquidem

1880 5059 1925 5114 si
1954 5077 2123 5115 unum
2153 5061 2460 5117 membrum
2492 5070 2662 5118 totum
2692 5078 2895 5135 corpus
2926 5064 3141 5132 dicitur,
3176 5072 3229 5121 et
3257 5065 3483 5137 penuria

1878 5148 1933 5204 in
1953 5164 2207 5222 corpore,
2246 5158 2299 5206 et
2328 5150 2491 5206 etiam
2512 5150 2756 5208 defectus
2776 5153 3027 5225 corporis
3047 5154 3314 5226 sequitur.
3336 5157 3482 5213 Pro-

1874 5242 2073 5312 pterea
2103 5256 2260 5296 nunc
2289 5240 2511 5313 quidem
2530 5243 2717 5298 multa
2738 5242 3043 5299 etdiscreta
3058 5246 3478 5306 suntmembra.

1876 5344 2080 5402 corpus
2099 5333 2295 5385 autem
2316 5330 2509 5385 horum
2540 5331 2910 5388 membrorum
2926 5348 3108 5389 unum
3135 5338 3240 5390 est.
3270 5334 3340 5390 Et
3351 5334 3479 5408 quia

1877 5433 1942 5473 ex
1986 5418 2312 5474 necessitate
2367 5417 2633 5476 inferiora
2672 5428 2730 5476 ut
2779 5421 3058 5493 superiora
3095 5423 3347 5479 membra
3400 5424 3483 5482 sic

1876 5516 1999 5562 sunt
2029 5507 2083 5562 in
2114 5523 2364 5579 corpore,
2395 5509 2574 5582 igitur
2592 5527 2708 5566 non
2725 5515 2909 5583 potest
2924 5512 3121 5568 oculus
3142 5513 3327 5570 dicere
3355 5530 3481 5570 ma-

1875 5596 2001 5663 nui,
2033 5595 2085 5652 id
2117 5606 2198 5652 est
2238 5597 2490 5669 superior
2547 5597 2794 5655 inferiori
2827 5618 2840 5655 :
2875 5602 2994 5657 Non
3037 5600 3261 5673 indigeo
3309 5618 3483 5674 opera

1878 5689 2017 5753 tua;
2050 5701 2173 5742 cum
2204 5703 2370 5744 unum
2410 5688 2717 5746 membrum
2749 5689 2988 5745 ablatum
3017 5689 3296 5764 penuriam
3320 5688 3484 5751 faciat
