3946 6468
222 433 336 500 817

1093 423 1538 496 CHRONICA.
1569 458 1651 475 —
1683 413 2166 488 CHRONICON
2209 423 2760 494 UNIVERSALE.

3511 426 3632 496 818

225 567 458 640 auditis,
479 564 792 626 Mauricius
821 563 1175 639 gloriﬁcavit
1204 566 1380 623 Deum
1417 560 1738 633 magnifice,
1794 561 1854 614 et
1883 553 1942 619 A
1971 559 2243 620 ctoribus
2279 564 2628 637 Augustino,
2655 564 2890 637 Mellito,
2937 563 3196 624 Iohanne
3223 565 3474 640 aliisque
3503 565 3634 641 plu-

227 658 619 732 paanitcntiam
643 657 874 730 quidem
899 657 1108 727 tenuit,
1166 655 1268 712 sed
1329 653 1598 712 avaricia":
1647 650 1858 707 malum

1973 651 2386 726 ribus,Anglos
2407 655 2479 712 ad
2503 654 2799 712 Christum
2821 655 3132 712 convertit.
3152 655 3365 714 Tunica
3385 655 3630 719 Domini:

227 748 370 805 adeo
395 763 504 804 non
549 747 808 819 reliquit,
844 744 1312 803 utexercitumin
1356 739 1864 816 periculosislocis
1975 756 2152 814 super
2177 757 2345 814 quam
2379 742 2603 802 milites
2634 748 2854 803 sortem
2885 745 3192 816 miserunt,
3254 746 3312 803 in
3369 745 3632 818 Zaphath

229 839 484 893 hiemare
507 841 564 892 et
593 836 807 892 vietum
841 835 914 891 ab
945 833 1244 890 extraneis
1279 833 1516 904 juberet
1562 847 1690 888 eum
1716 829 1867 904 peri-

227 927 358 986 culo
383 941 652 999 querere,
680 941 750 983 ne
775 925 1054 982 videlicet
1077 924 1349 980 alimenta
1375 921 1602 996 publica
1624 919 1866 977 deberet

228 1017 310 1073 eis
342 1017 692 1072 ministrare.
731 1015 893 1082 Quod
954 1014 1199 1070 audiens
1254 1012 1576 1082 exercitus,
1605 1012 1660 1066 iu
1719 1009 1870 1068 sedi-

227 1107 453 1164 cioucm
487 1106 876 1169 convertitur,
911 1103 1348 1175 exaltatumque
1399 1116 1576 1174 super
1604 1100 1872 1174 clypeum

227 1199 432 1253 Focam
472 1195 876 1252 centurionem
929 1192 1274 1251 acclamavit
1323 1192 1657 1250 cxarchum.
1712 1190 1876 1247 Com-

231 1290 386 1342 moto
421 1291 612 1342 autem
645 1285 807 1356 gravi
840 1281 1096 1339 tumultu
1122 1279 1645 1353 Constantinopoli,
1671 1279 1876 1336 Mauri-

229 1375 354 1432 cius
387 1377 608 1431 mutata
641 1376 804 1430 veste
829 1387 958 1428 cum
994 1375 1242 1428 uxoreet
1279 1369 1414 1426 filiis
1453 1373 1630 1426 noctu
1649 1368 1878 1426 dromo-

232 1479 357 1520 nem
381 1463 742 1530 conscendit,
763 1466 821 1516 et
841 1461 1066 1530 fugiens
1084 1459 1237 1532 apud
1267 1459 1540 1515 Sanctum
1585 1460 1874 1515 Antomon

231 1551 408 1608 venit.
446 1553 515 1607 At
541 1553 721 1607 Foeas
751 1566 881 1607 eum
898 1549 1160 1606 exercitu
1187 1549 1243 1604 in
1274 1547 1588 1620 Septimum
1611 1547 1874 1618 veniens,

233 1642 554 1714 imperator
579 1640 828 1695 elﬁeitur
853 1657 866 1706 ;
893 1653 922 1694 a
957 1652 1070 1710 quo
1097 1637 1408 1694 Mauricius
1438 1652 1568 1693 cum
1601 1650 1782 1692 uxore
1812 1651 1877 1694 ac

240 1729 375 1785 filiis
409 1743 587 1801 penes
609 1727 990 1784 Calcedonem
1025 1726 1237 1784 missus
1293 1723 1642 1782 decollatur.
1665 1725 1876 1782 Verum

239 1818 549 1875 Mauricius
575 1819 864 1890 patienter
896 1815 1295 1872 infelicitatem
1337 1815 1638 1886 sustinuit,
1700 1816 1876 1871 Deum

242 1909 294 1963 in
327 1908 596 1964 omnibus
630 1907 926 1976 invocans,
947 1909 1004 1962 et
1037 1905 1246 1962 crebro
1289 1904 1684 1977 pronuncians
1711 1923 1724 1959 ε
1748 1903 1880 1962 Jus-
1907 1918 1964 1980 Β

243 1999 336 2054 tus
360 2011 438 2066 es,
473 1997 740 2066 Domine,
775 1997 833 2052 et
857 1994 1082 2052 rectum
1115 1995 1422 2068 judicium
1470 1993 1660 2050 tuum.
1704 1993 1880 2049 Aiunt

239 2091 431 2142 autem
459 2085 712 2156 quidam,
745 2084 896 2154 quod
947 2097 1016 2140 eo
1048 2083 1244 2140 occiso
1301 2083 1388 2139 lac
1433 2097 1563 2138 cum
1599 2081 1880 2152 sanguine

237 2175 490 2245 ﬂuxerit,
531 2174 606 2230 ita
635 2179 910 2230 utomnes
939 2173 1318 2246 inspieientes
1347 2173 1472 2228 dire
1495 2170 1884 2228 lamentaren-

235 2268 352 2320 tur.
387 2265 477 2319 Sic
496 2278 637 2333 ergo
657 2263 974 2334 imperator
992 2263 1168 2318 etiam
1185 2265 1408 2318 natura
1429 2259 1659 2331 legibus
1675 2259 1883 2316 celsior

242 2353 636 2422 factus,vitam
653 2351 1053 2408 commutavit.
1072 2353 1255 2406 Porro
1269 2365 1340 2405 ex
1361 2349 1462 2406 illo
1485 2353 1747 2422 tempore
1768 2362 1880 2404 non

241 2442 556 2497 defuerunt
630 2442 886 2496 Romano
952 2439 1198 2512 imperio
1271 2437 1445 2494 variae
1498 2451 1565 2493 ac
1619 2437 1885 2506 ingentes

241 2545 516 2586 erumna).

225 2616 237 2621 ’
312 2618 550 2687 4.(σῖιγ.
574 2617 793 2690 W.).A.
828 2617 1030 2672 H.586.
1053 2613 1385 2684 chigildus
1416 2629 1517 2669 rex
1540 2613 1889 2684 Wisigotha-

243 2725 370 2765 rum
405 2707 686 2763 Arrianus
707 2703 1186 2776 Herminigildum
1205 2703 1383 2760 [ilium
1429 2717 1596 2759 suum
1620 2705 1694 2759 ob
1721 2702 1885 2758 fidem

243 2797 612 2866 catholicam,
650 2810 820 2867 quam
853 2810 882 2850 a
917 2792 1469 2864 Leandroepiscopo
1508 2792 1794 2863 percepit,
1831 2791 1887 2848 in

245 2891 446 2942 saneta
482 2884 768 2940 dominica
785 2883 1014 2954 pasehre
1037 2881 1227 2938 securi
1265 2881 1401 2937 fecit
1423 2879 1629 2936 occidi.
1665 2879 1887 2953 (ΒευΑ.)

247 2974 597 3046 llilpericus,
637 2973 788 3028 ﬁlius
818 2971 1093 3043 Lotharii,
1129 2985 1278 3027 unus
1306 2985 1375 3026 ex
1421 2971 1691 3040 quatuor,
1721 2968 1885 3040 obiit,

247 3078 398 3119 anno
427 3065 524 3118 240
543 3061 704 3131 regni
737 3061 824 3117 sui
859 3061 950 3132 (cf.
980 3061 1047 3120 Θ.
1067 3058 1226 3129 Ιδν.).

316 3156 367 3207 6.
405 3153 468 3207 A.
505 3153 566 3206 D.
591 3153 711 3206 588.
746 3148 1076 3219 Lotharius,
1110 3146 1386 3220 llilperici
1415 3145 1589 3217 filius,
1645 3161 1890 3217 regnare

245 3241 442 3312 etrapit.

319 3335 369 3386 9.
407 3331 470 3384 A.
504 3329 566 3384 D.
600 3327 1052 3398 591.Gregorius
1082 3327 1303 3399 primus
1330 3329 1619 3398 pap366us
1660 3324 1892 3382 ordina-

249 3422 365 3489 tur,
403 3417 732 3488 scdensque
763 3416 930 3473 annis
960 3420 1046 3484 13,
1100 3419 1354 3486 mens.6,
1404 3413 1613 3470 diebus
1672 3419 1753 3484 10,
1790 3413 1890 3468 mi-

245 3507 437 3578 gravit
459 3509 492 3562 4
521 3507 660 3562 ldus
682 3507 1004 3561 Mart.anno
1028 3503 1285 3560 secundo
1305 3505 1470 3559 Foeae
1492 3502 1886 3574 imperatoris.

323 3600 404 3652 13.
435 3594 600 3666 (Chr.
622 3594 702 3650 W.
726 3626 792 3633 -—
812 3593 1005 3665 Bson.)
1036 3595 1098 3647 A.
1135 3593 1195 3646 D.
1223 3593 1383 3648 505.‘
1417 3590 1730 3662 Gregorius
1757 3605 1892 3663 pon-

249 3685 392 3742 tifex
425 3681 708 3754 synodum
751 3681 1157 3754 episcoporum
1202 3683 1272 3736 24
1322 3694 1686 3751 congregans
1737 3681 1889 3752 apud

247 3776 518 3831 Sanctum
547 3770 884 3842 Petrum,de
908 3769 1262 3826 necessariis
1283 3767 1569 3826 accelesiaa
1604 3769 1886 3825 decernit.

389 3873 411 3895 ‘
451 3872 494 3926 D
523 3871 546 3925 ?
575 3871 634 3926 E.
669 3868 937 3926 addunt:
973 3869 1030 3923 In
1065 3866 1227 3924 Italia
1260 3899 1327 3906 --
1380 3865 1698 3938 Pelagium.
1759 3869 1893 3924 Gre-

472 3956 674 4010 genus
701 3940 874 3996 levita
920 3940 1313 4010 septiformem
1366 3939 1440 3994 ob
1461 3937 1572 4010 hoc
1606 3937 1892 4010 letaniam

481 4009 762 4080 instituit,
788 4015 844 4066 et
871 4009 1043 4082 paulo
1103 4014 1234 4082 post
1285 4023 1432 4082 papa
1471 4009 1737 4066 eﬂieitur.
1791 4010 1893 4066 llic

479 4083 632 4138 inter
656 4113 717 4121 —
750 4079 1016 4138 recitari.
1055 4079 1130 4138 ea:
1154 4079 1454 4152 Sigeia.
1481 4085 1602 4152 591.
1651 4085 1772 4138 592.
1840 4082 1899 4138 et

463 4153 732 4225 pergunt
757 4171 776 4207 :
800 4153 902 4208 Hic
935 4154 1112 4208 etiam
1143 4151 1449 4222 synodum,
1479 4151 1585 4208 etc.

323 4245 405 4300 14.
442 4243 508 4297 Α.
541 4243 602 4296 D.
639 4239 768 4297 596.
809 4239 1124 4310 Gregorius
1156 4238 1308 4294 misit
1343 4237 1734 4309 Augustinum
1769 4255 1895 4310 pre-

247 4329 445 4387 dicare
466 4327 556 4362 1°“
579 4327 806 4399 Anglis.
1581 4394 1588 4403 '

317 4423 402 4476 15.
439 4419 502 4474 A.
537 4419 608 4474 D.
639 4421 768 4474 597.
811 4417 1222 4473 Guntrammus
1251 4431 1373 4486 rex,
1428 4415 1583 4473 ﬁlius
1617 4415 1889 4486 Lotharii,

246 4507 418 4578 obiit,
445 4522 592 4563 anno
627 4505 787 4576 regni
809 4505 1168 4575 33°,habens
1199 4501 1288 4537 ¹⁰⁶²
1321 4503 1472 4560 filios
1513 4504 1660 4562 duos
1716 4507 1892 4561 Theo-

243 4595 552 4652 debertum
582 4595 1076 4651 etTheodericum
1111 4591 1216 4663 (cf.
1255 4594 1322 4653 θ.
1357 4593 1508 4664 Fr.).

319 4687 729 4742 17.A.D.599.
794 4681 1174 4751 Hildibertus,
1227 4681 1382 4738 ﬁlius
1437 4681 1708 4752 Sigiberti
1757 4698 1886 4738 cum

243 4778 515 4844 regnaret
567 4771 732 4828 annis
759 4776 848 4842 20,
874 4769 1047 4826 obiit.

322 4866 402 4918 13.
433 4865 495 4918 A.
530 4863 592 4918 D.
628 4865 750 4918 600.
785 4861 808 4884 ‘

391 4961 412 4983 ⁶
454 4960 542 5016 D?
571 4960 631 5014 Ε.
696 4955 1248 5014 5—11.addzmt:
1297 4955 1542 5012 Sanetus
1601 4957 1752 5012 Goar
1799 4971 1893 5013 ve-

481 5029 668 5158 gien;
691 5045 762 5088 ex
821 5027 1148 5101 Aquitania,
1199 5025 1380 5084 claret
1432 5027 1488 5083 in
1541 5027 1742 5084 Gallia.
1820 5042 1896 5086 ea:

535 5115 633 5174 age
675 5143 686 5156 .

321 5189 405 5246 19.
441 5191 504 5246 Α.
543 5192 601 5246 D.
637 5192 805 5246 601.‘

391 5280 412 5302 "
435 5277 912 5408 gifEébaddzmt:
951 5275 1260 5334 Contentio
1283 5308 1344 5316 —
1379 5280 1564 5332 morte
1601 5275 1769 5333 obiit.
1825 5291 1898 5334 ea:

499 5366 560 5408 ια
637 5393 650 5406 .

499 5366 650 5423 egeo.

321 5439 610 5510 21.(Chr.
658 5439 764 5510 W.)
853 5440 912 5493 A.
966 5438 1028 5492 D.
1055 5440 1178 5494 603.
1224 5435 1538 5507 Gregorius
1568 5437 1766 5495 missis
1798 5439 1898 5496 do-

1979 830 2189 902 procul
2213 833 2285 888 ab
2319 831 2754 891 Hierusalemin
2778 847 2909 892 arca
2938 847 3262 891 marmorea
3309 835 3628 908 reperitur,

1984 933 2154 989 quam
2189 919 2505 991 Gregorius
2535 923 2934 980 Anthiocenus
2955 922 3268 995 episcopus
3297 927 3355 980 et
3389 923 3633 982 Thomas

1985 1008 2538 1068 llierosolimitanus
2561 1011 2926 1070 etJobannes
2952 1012 3633 1085 Constantinopolitanus

1985 1112 2117 1154 cum
2153 1097 2498 1158 aliismultis
2527 1101 2843 1174 epis00pis,
2877 1102 3031 1160 facto
3086 1101 3364 1159 triduano
3387 1099 3630 1172 jejunio,

1987 1187 2194 1244 ordine
2226 1188 2482 1261 pedestri
2497 1189 2942 1248 Hierosolimam
2965 1190 3019 1247 in
3054 1189 3174 1262 ipsa
3215 1189 3390 1248 areha
3420 1189 3634 1262 perdu-

1989 1280 2211 1349 centes,
2237 1277 2293 1334 in
2324 1278 2612 1352 aecclesia,
2637 1279 2738 1338 ubi
2769 1295 2916 1338 crux
2945 1278 3168 1336 Domini
3203 1279 3500 1350 adoratur,
3534 1293 3634 1351 po-

1990 1370 2256 1424 suerunt.
2307 1369 2620 1426 Mauricius
2667 1383 2868 1442 poenas
2912 1367 3198 1426 scelerum
3247 1382 3504 1438 suorum,
3571 1371 3632 1424 ut

1991 1459 2114 1532 ipse
2147 1457 2358 1530 oravit,
2388 1457 2442 1514 in
2476 1459 2584 1517 hac
2613 1458 2731 1516 vita
2757 1457 3123 1532 persolvens,
3157 1472 3188 1513 a
3207 1459 3352 1515 Foca
3383 1455 3636 1529 turpiter

1991 1549 2344 1608 decollatur.

1993 1659 2139 1715 Anni
2172 1659 2357 1715 Focaa.

2064 1769 2122 1821 1.
2162 1767 2326 1820 Anno
2351 1763 2657 1820 dominicae
2681 1761 3096 1819 incarnationis
3151 1764 3304 1830 604°,
3335 1760 3510 1818 Urbis
3539 1774 3638 1819 au-

1995 1859 2108 1910 tem
2139 1852 2390 1910 conditae
2423 1851 2732 1908 millesimo
2756 1855 2912 1908 355°.
2952 1852 3132 1907 Focas
3164 1848 3634 1921 quidam,Prisci,

1997 1949 2057 2000 ut
2086 1942 2356 2011 aiunt(P.
2386 1943 2448 1997 D.
2484 1957 2558 2009 1v,
2599 1944 2712 2011 27),
2777 1939 3006 2012 patricii
3063 1937 3349 2010 quondam
3391 1941 3634 2010 strator,

1994 2034 2124 2103 post
2158 2030 2228 2086 ad
2253 2030 2518 2086 militiam
2553 2032 2889 2101 provectus,
2925 2027 3136 2085 deinde
3167 2041 3196 2083 a
3230 2026 3448 2098 populo
3509 2041 3641 2098 pro-

1991 2123 2232 2176 curator
2318 2119 2528 2181 factus,
2583 2117 2654 2174 ad
2686 2118 3141 2189 ultimumvero,
3171 2113 3406 2174 vivente
3448 2114 3638 2172 adhuc

1993 2207 2269 2264 Mauricio
2325 2208 2700 2280 imperatore,
2736 2208 2807 2262 ab
2854 2206 3121 2263 exercitu
3178 2205 3247 2262 ad
3330 2204 3636 2277 imperium

1993 2297 2238 2366 electus,
2263 2301 2360 2353 57°
2392 2296 2517 2354 loco
2541 2298 2612 2352 ab
2637 2299 2920 2365 Augusto,
2946 2294 3253 2366 imperium
3292 2293 3524 2362 invasit,
3577 2297 3639 2348 et

1993 2390 2129 2444 octo
2151 2385 2242 2418 1°“
2272 2385 2438 2442 annis
2472 2384 2756 2456 regnavit,
2800 2384 3021 2440 habens
3051 2397 3290 2440 uxorem
3344 2382 3636 2439 Leontiam

1994 2476 2244 2532 nomine.
2263 2473 2487 2543 (ΒΕΒΑ.)
2510 2473 2692 2544 Hujus
2721 2487 2872 2529 anno
2898 2477 2960 2528 2°
3017 2473 3226 2529 beatus
3249 2485 3395 2544 papa
3427 2472 3641 2542 Grego-

1997 2564 2121 2621 rius
2155 2563 2425 2634 migravit
2456 2563 2525 2619 ad
2587 2561 2906 2632 Dominum,
2939 2563 2996 2617 et
3031 2560 3377 2618 Sabinianus
3429 2575 3538 2632 pro
3570 2573 3640 2615 eo

1997 2652 2234 2722 eligitur
2263 2651 2332 2708 ad
2375 2650 2773 2722 pontiﬁcatum
2810 2666 2824 2714 ;
2879 2653 3016 2720 post
3070 2663 3241 2720 quem
3285 2646 3637 2715 Bonifacius,

1998 2743 2168 2813 cujus
2201 2743 2407 2810 rogatu
2437 2741 2616 2796 Focas
2673 2737 2981 2794 constituit
3007 2735 3206 2795 sedem
3264 2737 3534 2792 Romanae
3581 2737 3640 2790 et

2001 2829 2337 2902 apostolicae
2369 2827 2655 2886 accelesiae
2677 2829 2854 2898 caput
2887 2840 3014 2883 esse
3036 2824 3290 2882 omnium
3349 2822 3644 2881 {ecclesia-

2001 2935 2128 2977 rum
2163 2936 2178 2986 ;
2211 2935 2340 2976 nam
2371 2923 2542 2975 antea
2585 2915 3231 2987 Constantinopolitana
3263 2913 3532 2970 ecclesia
3579 2927 3642 2968 se

2002 3009 2300 3066 scribebat
2333 3008 2574 3080 primam
2595 3007 2870 3064 omnium.
2903 3006 3040 3060 Post
3090 3018 3258 3075 quem
3289 3002 3440 3060 alius
3479 3001 3646 3058 Boni-

2004 3096 2205 3166 facius,
2241 3096 2337 3168 qui
2363 3097 2470 3152 fuit
2499 3109 2530 3150 a
2561 3095 2731 3152 beato
2795 3091 3072 3162 Gregorio
3131 3094 3422 3161 quartus;
3478 3089 3647 3160 cujus

2003 3185 2142 3242 item
2177 3189 2380 3256 rogatu
2406 3185 2556 3241 idem
2621 3181 2996 3250 Focasjussit
3032 3178 3124 3213 ²⁰⁶⁶
3163 3179 3218 3235 in
3269 3177 3456 3236 veteri
3491 3178 3641 3250 fano,

1921 3273 1972 3337 Ο
2005 3275 2154 3346 quod
2179 3274 2468 3346 pantheon
2490 3271 2831 3340 vocabatur,
2881 3267 3095 3324 ablatis
3124 3265 3414 3324 idolatriae
3457 3267 3646 3322 sordi-

2004 3366 2130 3434 bus,
2165 3362 2487 3420 aecclesiam
2539 3362 2722 3416 beatae
2765 3371 2997 3428 semper
3045 3355 3288 3426 virginis
3349 3354 3540 3412 Maria
3584 3357 3644 3411 et

2001 3451 2254 3509 omnium
2287 3454 2606 3519 martyrum
2642 3446 2786 3515 ﬁeri,
2823 3449 2886 3502 ut
2915 3445 3010 3502 ubi
3053 3443 3342 3516 quondam
3387 3443 3644 3500 omnium

2001 3557 2112 3598 non
2144 3541 2382 3597 deorum
2406 3538 2507 3596 sed
2563 3537 2886 3593 daemonum
2941 3532 3140 3591 cultus
3207 3533 3513 3604 agebatur,
3565 3531 3644 3589 ibi

2003 3630 2280 3700 deinceps
2311 3627 2564 3686 omnium
2623 3629 2958 3682 sanctorum
3027 3621 3302 3680 memoria
3327 3620 3642 3692 coleretur,

2002 3719 2186 3789 Hujus
2209 3722 2470 3790 tempore
2505 3716 2758 3773 Cosdroe
2792 3729 2892 3770 rex
2909 3715 3222 3770 Persarum
3248 3711 3534 3768 adversus
3548 3725 3648 3783 pu-

2005 3808 2214 3864 blieam
2250 3822 2369 3864 rem
2403 3805 2553 3862 bella
2577 3803 2918 3875 gravissima
2951 3816 3180 3872 gerens,
3209 3799 3423 3858 multas
3443 3801 3648 3855 Roma-

2006 3912 2206 3955 norum
2233 3895 2563 3968 provincias
2591 3899 2649 3950 et
2681 3893 2864 3964 ipsam
2909 3889 3347 3948 Hierosolimam
3377 3886 3644 3957 abstulit,

2005 3992 2063 4044 et
2098 3986 2186 4020 ί⁰⁶⁶
2207 3987 2516 4042 destruens
2547 3981 2845 4040 meclesias
2875 3995 2942 4036 ac
3001 3985 3204 4037 saneta
3251 3979 3645 4051 prophanans,

2006 4077 2161 4133 inter
2191 4077 2528 4132 ornamenta
2554 4072 2810 4128 locorum
2843 4068 2932 4129 vel
2965 4073 3299 4124 sanctorum
3347 4065 3442 4122 vel
3497 4079 3650 4122 com-

2007 4164 2262 4221 munium
2297 4159 2682 4232 quaeabstulit
2714 4159 2890 4214 etiam
2919 4153 3652 4213 vexillumdominicaecru-

2007 4252 2091 4309 eis
2123 4251 2386 4309 abduxit.
2414 4251 2516 4321 (H.
2563 4249 2667 4320 m.)
2728 4249 2908 4302 Focas
2939 4247 3132 4300 autem
3151 4257 3282 4300 cum
3337 4239 3650 4299 homicidia

2005 4349 2322 4412 ceteraque
2352 4339 2500 4396 mala
2523 4337 2703 4394 multa
2737 4335 2975 4392 fecisset
3005 4333 3058 4389 in
3112 4331 3346 4404 populo,
3409 4329 3650 4387 Priscus
3729 4345 3742 4357 ο

2009 4431 2314 4504 patricius,
2346 4443 2527 4505 gener
2560 4424 2762 4498 ipsius,
2797 4423 3024 4492 dolens,
3083 4437 3188 4494 pro
3239 4421 3351 4491 his,
3411 4419 3647 4491 scripsit

2009 4519 2278 4576 Heraclio
2311 4516 2558 4590 patricio
2581 4522 2639 4570 et
2670 4512 2890 4586 pretori
2915 4511 3147 4581 Africa,
3178 4515 3244 4568 ut
3271 4509 3451 4567 ﬁlium
3483 4522 3650 4565 suum

1923 4629 1977 4690 D
2009 4607 2338 4664 Heraelium
2371 4601 2948 4673 mitteret,quatinus
2975 4605 3179 4656 contra
3215 4599 3420 4656 Focam
3457 4600 3652 4690 tyran-

2010 4713 2144 4754 num
2165 4695 2408 4754 veniret.
2438 4692 2545 4760 Qui
2576 4692 2814 4748 veniens
2841 4704 2971 4746 cum
3025 4687 3313 4758 exercitu,
3373 4683 3652 4758 pugnavit

2008 4802 2246 4856 cumeo,
2278 4788 2338 4842 et
2358 4781 2503 4841 vicit
2533 4796 2684 4846 cum;
2716 4777 2928 4849 vulgus
2977 4779 3170 4832 autem
3221 4774 3650 4848 apprehensum

2010 4875 2306 4933 interfecit
2337 4878 2395 4929 et
2430 4873 2561 4943 igne
2593 4869 2745 4942 apud
2768 4870 3016 4924 Taurum
3045 4864 3347 4923 cremavit.

2075 4981 2324 5052 2.(01ιν.
2371 4979 2478 5051 W.)
2515 4980 2577 5033 A.
2614 4978 2672 5032 D.
2709 4979 2830 5031 605.
2855 4974 3104 5029 Sanetus
3132 4969 3448 5042 Gregorius
3504 4981 3651 5040 papa

2007 5070 2278 5144 migravit
2306 5068 2377 5124 ad
2409 5065 2731 5122 Dominum.

2077 5174 2128 5226 3.
2163 5171 2226 5224 A.
2259 5169 2322 5222 D.
2347 5168 2474 5222 605.
2507 5161 2854 5220 Sabinianus
2904 5173 3049 5233 papa
3103 5161 3234 5214 67‘"l
3269 5155 3650 5213 seditannum

2007 5274 2205 5330 unum,
2241 5268 2468 5314 menses
2498 5257 2548 5310 5.

2147 5367 2172 5390 *
2211 5365 2282 5420 D?
2311 5363 2378 5418 E.
2415 5359 2690 5420 addunt:
2717 5357 2921 5414 Libros
2951 5353 3214 5426 Gregorii
3264 5385 3323 5394 —
3386 5351 3655 5410 testimo-

2257 5433 2373 5506 nio,
2403 5447 2478 5491 ea:
2505 5429 2708 5504 Sigeb.

1599 5565 1836 5622 VABUE
1893 5562 2298 5624 LECTIONES.

328 5675 421 5750 {0”
447 5676 520 5734 ad
554 5676 970 5750 predgicandum
994 5678 1036 5732 E
1093 5683 1157 5750 1.,
1174 5675 1270 5750 1°“
1303 5677 1523 5736 habens
1554 5711 1618 5722 -
1661 5678 2080 5740 Theodericum
2114 5673 2329 5735 desunt
2385 5674 2429 5730 E
2480 5679 2528 5730 1.
2564 5667 2656 5706 1°”
2679 5668 2746 5728 in
2786 5667 2906 5726 loco
2950 5678 3090 5724 raso
3148 5669 3198 5722 1.
3231 5662 3322 5698 ¹⁰⁶⁴
3367 5663 3516 5722 add.
3551 5663 3657 5722 sed

255 5747 370 5807 del.
436 5753 498 5806 ut
537 5747 582 5804 1“.
639 5748 730 5782 ¹⁰⁶⁵
782 5748 1210 5806 et—abstulit
1239 5750 1456 5808 desunt
1511 5756 1592 5807 10.
1661 5756 1741 5808 11.
