3946 6416
316 444 434 507 819

1478 432 1961 502 EKKEHARDI
2003 429 2564 495 URAUGIENSIS

3607 420 3731 489 820

316 597 325 605 ‘
394 591 441 645 4.
476 590 536 646 Α.
574 589 635 643 D.
669 590 789 643 607.
827 581 1157 640 Bonifacius
1188 596 1331 655 papa
1382 583 1509 637 68“
1560 575 1712 634 sedit
1755 589 1964 631 annum
1999 568 2053 630 A
2087 586 2200 642 quo
2234 568 2419 627 tercio
2451 583 2554 642 per
2584 560 3212 638 intervallatemporis,
3246 559 3610 632 verberatus,
3651 560 3727 618 ad

321 687 518 748 linum,
552 693 781 733 menses
818 682 869 732 8.
924 674 1092 745 [σὴν.
1141 675 1249 745 W)
1294 674 1417 737 Quo
1470 671 1731 739 rogante,
1785 668 1968 721 Focas

325 771 458 827 fecit
491 771 726 824 Romam
761 772 1002 822 matrem
1037 762 1453 821 meclesiarum.

393 866 442 917 6.
501 862 560 916 Α.
616 863 678 914 Ι).
731 863 854 914 609.
910 854 1241 911 Bonifacius
1302 866 1450 923 papa
1503 853 1626 905 69ης
1676 846 1828 903 sedit
1877 859 1972 899 an-

324 966 429 1007 nos
479 955 529 1020 6,
587 962 812 1004 menses
861 951 910 1003 8.
966 944 1140 1015 Cujus
1190 948 1398 1016 rogatu
1451 943 1633 997 Focas
1666 935 1968 1017 pantheon

325 1041 486 1097 dedit
518 1038 823 1096 meelesiaa.

394 1135 445 1186 7.
481 1132 544 1186 A.
582 1131 640 1183 n.
678 1118 839 1184 610.‘

468 1223 490 1244 '
520 1220 607 1275 D?
639 1221 697 1274 Ε.
732 1217 965 1275 addant
991 1235 1010 1271 :
1044 1212 1408 1270 Alexandria:
1452 1242 1520 1250 --
1549 1207 1886 1279 cleymonis,
1920 1206 1976 1261 id

543 1295 630 1346 est
666 1288 1082 1357 elemosinarii,
1118 1285 1348 1341 meruit.
1382 1298 1455 1339 er,
1483 1281 1686 1353 Sigea.

399 1387 450 1436 8.
490 1385 551 1437 A.
586 1383 648 1436 D.
683 1384 805 1437 611.
844 1380 1023 1434 Fecas
1060 1374 1370 1431 occiditur.

338 1472 479 1527 Anni
515 1470 783 1526 lieraclii.

412 1567 458 1620 Ι.
513 1564 615 1631 (II.
672 1559 775 1629 φη.)
812 1562 974 1616 Anno
1026 1556 1328 1613 dominicae
1370 1552 1788 1609 incarnationis
1827 1550 1979 1619 6l2‘,

336 1652 507 1709 Urbis
557 1655 747 1707 autem
798 1649 1049 1705 condita:
1101 1645 1408 1701 millesimo
1460 1646 1606 1697 363°.
1654 1639 1980 1708 Heraelius,

335 1746 430 1797 580
451 1741 581 1797 loco
606 1741 675 1795 ab
704 1743 985 1806 Augusto,
1012 1735 1233 1805 accepit
1257 1732 1583 1803 imperium,
1602 1731 1797 1787 occiso
1812 1732 1980 1797 Foca,

341 1824 923 1901 regnavitqueannis
948 1830 1034 1881 27.
1069 1825 1170 1880 llic
1203 1827 1518 1879 coronatus
1561 1825 1648 1875 est
1704 1834 1733 1874 a
1783 1818 1983 1886 Sergio

338 1919 669 1993 patriarcha
708 1918 760 1972 in
796 1915 1053 1972 oratorio
1088 1912 1271 1968 sancti
1305 1910 1577 1982 Stephani
1636 1907 1789 1979 quod
1815 1906 1985 1962 estin
2018 1943 2068 2002 Β

344 2010 561 2082 palatio
631 2023 761 2064 cum
812 2007 1163 2076 «'esponsata
1215 2002 1324 2057 sibi
1370 1999 1651 2068 Fudexia,
1699 1996 1987 2066 simulque

340 2104 694 2170 acceperunt
730 2096 1061 2167 nuptiarum
1103 2107 1367 2159 coronas,
1401 2095 1460 2145 et
1512 2103 1622 2145 una
1672 2088 1989 2156 eademque

344 2189 437 2245 die
466 2187 769 2244 lleraclius
802 2190 857 2240 et
893 2177 1207 2254 imperater
1239 2186 1294 2236 et
1338 2195 1590 2251 sponsus
1637 2177 1987 2234 ostenditur.

344 2277 618 2349 Sequenti
646 2291 793 2333 anno
817 2274 1078 2330 nascitur
1101 2270 1436 2343 imperatori
1457 2267 1694 2324 ﬁliusde
1710 2266 1993 2336 Eudoxio,

346 2366 650 2422 ileraclius
688 2364 893 2433 minor,
930 2362 1027 2433 qui
1059 2364 1115 2415 et
1151 2358 1566 2416 Constantinus
1596 2371 1779 2411 novus
1802 2354 1994 2410 dictus

348 2460 439 2511 est
467 2473 480 2522 ;
513 2458 569 2509 et
604 2458 829 2508 mortua
862 2455 951 2507 est
997 2452 1246 2517 augusta
1295 2446 1498 2502 eodem
1551 2459 1719 2499 anno.
1780 2440 1996 2497 Deinde

351 2560 500 2601 anno
534 2542 805 2613 sequenti
853 2540 1020 2596 duxit
1071 2536 1374 2593 Heraclius
1424 2535 1649 2589 inceste
1696 2531 1996 2587 Martinam

349 2638 582 2705 neptem
615 2648 797 2701 suam,
826 2629 1048 2686 sororis
1080 2642 1199 2683 sua?
1227 2624 1421 2693 ﬁliam,
1448 2638 1576 2694 qute
1608 2624 1883 2678 coronata
1909 2623 1996 2674 est

352 2724 406 2779 in
441 2727 743 2791 augustam
778 2736 804 2776 a
841 2719 1039 2785 Sergio
1068 2715 1401 2788 patriarcha
1446 2713 1722 2769 heretico.
1760 2713 1837 2766 De
1889 2723 1999 2779 qua

353 2811 613 2882 suscepit
650 2810 826 2864 tilium
862 2806 1261 2863 Ileraelonam.

428 2904 589 2956 Anno
622 2897 847 2968 imperii
883 2897 970 2952 sui
1004 2899 1212 2950 octavo
1244 2892 1549 2948 Heraclius
1596 2890 1749 2946 misit
1783 2890 1838 2944 in
1870 2891 2005 2943 Pcr-

354 2990 538 3047 sidem
574 2988 799 3056 legatos
831 2987 899 3041 ad
940 2984 1255 3051 (Iosdroen,
1292 2982 1597 3053 postulans
1643 2994 1858 3051 pacem.
1898 2978 2003 3045 Qui

359 3078 586 3149 sprevit
617 3091 737 3141 eos,
776 3075 975 3130 dicens
1011 3092 1022 3127 :
1055 3074 1184 3129 Non
1199 3086 1446 3142 parcam
1471 3070 1654 3138 tabis,
1680 3070 1859 3125 (lo-nec
1880 3082 2008 3125 cra-

358 3171 629 3238 ci/z‘amm,
664 3179 837 3236 quem
868 3166 1056 3220 Deam
1091 3176 1212 3219 csso
1244 3162 1562 3234 fatemini,
1598 3158 1921 3229 abneyetis,
1956 3156 2015 3212 et

354 3258 537 3316 satam
553 3255 833 3312 adoretis.
856 3252 1128 3323 Sequenti
1151 3266 1298 3306 anno
1324 3250 1610 3305 Chaianus
1634 3264 1735 3304 rex
1762 3250 2009 3303 Avarum

2084 664 2409 717 extremum
2440 675 2550 716 una
2586 673 2753 715 manu
2791 672 2892 730 per
2915 660 3037 712 trcs
3068 655 3241 710 horas
3264 651 3729 723 suspensus,sic.

2085 764 2195 820 que
2222 748 2774 819 decollatus,nobile
2800 745 3140 816 martyrium
3171 757 3301 799 eum
3321 741 3452 797 aliis
3474 745 3544 797 70
3562 756 3730 813 pere-

2083 841 2188 910 git.
2225 842 2349 895 Mox
2377 840 2569 896 tunica
2596 838 2722 908 ejus
2758 837 2994 892 indutus
3053 833 3283 905 quidam
3334 829 3724 899 demoniacus,

2086 926 2328 977 curatus
2361 926 2471 975 est.
2513 922 2734 975 interea
2753 915 3172 989 superveniens
3194 928 3322 969 cum
3340 911 3600 967 exercitu
3621 912 3730 965 Ile—

2087 1001 2307 1058 raclius
2343 1001 2642 1073 princeps,
2678 988 2974 1069 superatis
3011 994 3225 1061 Persis,
3260 992 3606 1048 christianos
3627 988 3726 1060 qui

2088 1098 2257 1148 erant
2280 1090 2558 1162 captivati
2601 1088 2831 1145 reduxit
2862 1085 3204 1157 gaudentes.
3241 1080 3725 1152 Rcliquiacautem

2091 1182 2245 1237 beati
2274 1179 2567 1236 Anastasii
2603 1177 2875 1248 martyris
2923 1175 3168 1248 primum
3214 1170 3560 1228 monasterio
3600 1181 3729 1234 suo,

2092 1270 2300 1327 deinde
2334 1272 2568 1325 Romam
2602 1268 2882 1329 advectae,
2906 1268 3261 1319 venerantur
3293 1261 3345 1315 in
3382 1256 3731 1315 monasterio

2094 1361 2246 1417 beati
2272 1359 2435 1415 Pauli
2462 1355 2901 1429 apostoli,quod
2927 1353 3144 1409 dicitur
3170 1351 3252 1406 Ad
3285 1352 3475 1420 Aquas
3490 1346 3726 1402 Salvias.

2168 1452 2267 1515 (H.
2302 1452 2403 1515 νη.)
2436 1450 2592 1502 Anno
2618 1444 2843 1515 imperii
2871 1442 3115 1498 lleraelii
3141 1445 3235 1497 15°
3258 1440 3526 1506 Arabum,
3555 1434 3732 1505 quiet

2097 1531 3077 1609 Sarraeenidi«;'untur,Muhammad
3100 1530 3371 1602 princeps
3389 1526 3731 1581 habebatur.

2097 1630 2198 1685 llic
2243 1632 2369 1683 erat
2412 1624 2943 1697 psemlopropheta,
2981 1621 3081 1677 sed
3109 1618 3261 1690 apud
3318 1617 3447 1671 illos
3497 1628 3739 1683 magnus

2097 1718 2505 1787 estimabatur,
2541 1714 2616 1773 ita
2644 1721 2704 1768 ut
2739 1711 2920 1771 eciam
2947 1713 2999 1767 in
3023 1708 3304 1782 principio
3320 1707 3600 1761 adventus
3614 1702 3743 1771 ejus

2100 1813 2464 1878 estimareut,
2503 1810 2649 1863 hunc
2683 1821 2812 1863 esse
2832 1804 2989 1859 illum
3017 1800 3112 1870 qui
3144 1801 3215 1854 ab
3238 1798 3323 1853 eis
3339 1798 3737 1865 chpectatur,

2104 1902 2384 1959 Christus.
2424 1901 2559 1953 Erat
2588 1900 2781 1951 autem
2806 1890 3088 1948 oriundus
3120 1902 3191 1944 ex
3215 1886 3396 1957 stirpe
3420 1880 3737 1945 Ismahelis,

2104 1991 2205 2047 filii
2242 1989 2504 2045 Abrahar.
2540 1989 2677 2042 Cum
2708 1987 2899 2040 autem
2936 1980 3103 2050 inops
3132 1980 3188 2032 et
3239 1975 3530 2046 orphanus
3583 1976 3745 2026 esset

2105 2082 2252 2137 idem
2288 2076 2664 2133 Multammad,
2702 2073 2884 2129 visum
2911 2076 3024 2139 est,
3056 2067 3163 2123 sibi
3207 2066 3275 2121 ad
3309 2060 3591 2134 quandam
3626 2075 3746 2115 mu-

2106 2171 2304 2225 lierem
2340 2166 2695 2236 locupletem
2728 2168 2785 2217 et
2817 2162 3122 2229 cognatam
3181 2170 3341 2211 suam
3376 2151 3599 2208 nomine
3645 2150 3746 2205 Ca-

2107 2260 2294 2329 digam
2332 2257 2573 2311 introire
2600 2250 3015 2313 mercenarius,
3050 2246 3119 2302 ad
3175 2240 3593 2311 negoeiandum
3614 2253 3743 2294 cum

2107 2327 2344 2404 camelis
2377 2346 2500 2414 ejus
2524 2344 2671 2415 apud
2709 2332 3471 2410 :EeyptumctPalestinam,
3508 2329 3656 2385 sicut
3688 2327 3745 2382 iu

2109 2438 2227 2494 illis
2263 2437 2408 2491 locis
2445 2451 2568 2488 mos
2598 2437 2743 2487 erat.
2782 2427 3277 2484 Paulatimautem
3329 2419 3534 2476 ﬁducia
3574 2430 3750 2489 penes

2112 2529 2290 2599 ipsum
2328 2524 2624 2579 mulierem
2662 2522 2962 2591 percepta,
3000 2531 3126 2587 quae
3160 2512 3331 2569 vidua
3357 2512 3501 2575 erat,
3525 2505 3749 2576 accepit

2111 2632 2235 2673 eam
2268 2629 2525 2682 uxorem,
2562 2617 2619 2665 et
2656 2608 2857 2664 habuit
2890 2604 3147 2661 camelos
3197 2601 3353 2656 illius
3413 2610 3751 2665 omnemque

2114 2703 2523 2762 sul'istantiam.
2564 2703 2819 2768 Cumque
2852 2696 3081 2752 veniret
3116 2694 3168 2748 in
3226 2688 3756 2755 Palestinam,con—

2113 2796 2459 2852 versalmtur
2490 2805 2618 2846 cum
2643 2787 2859 2843 JlttifEiS
2892 2790 2949 2840 et
2974 2780 3329 2848 christianis,
3373 2776 3756 2848 capiebatque

2120 2884 2396 2955 quasdam
2415 2880 2739 2951 scripturas
2758 2877 2827 2931 ab
2844 2874 3141 2930 cisPorro
3158 2869 3411 2925 habebat
3432 2864 3756 2938 passionem

2118 2989 2473 3064 epylcmsize,
2512 2988 2563 3041 id
2597 2989 2683 3041 est
2719 2984 2978 3039 morbum
3007 2979 3308 3036 caducum.
3336 2974 3443 3028 ‘0“.
3472 2973 3594 3039 Quo
3609 2985 3761 3026 com-

2123 3059 2467 3153 pe;-te,uxe:.sr
2482 3076 2605 3144 ejus
2624 3073 2790 3130 valde
2806 3068 3507 3137 i‘outristabatur,utpote
3527 3059 3753 3129 nobilis,

2124 3151 2275 3241 quod
2302 3184 2362 3222 sc
2388 3163 2716 3234 hujusmodi
2743 3163 2864 3219 viro
2898 3158 3220 3231 copularet,
3251 3168 3433 3224 egeno
3457 3151 3754 3208 scilicetet

2123 3256 2491 3330 epylcmtieo.
2522 3252 2881 3308 Procurabat
2910 3247 3155 3305 veroille
3175 3236 3760 3318 placareipsam,tali-

362 3346 574 3402 direxit
610 3345 789 3400 aciem
824 3346 1029 3398 contra
1061 3341 1336 3396 Thracem
1361 3340 1462 3395 sed
1498 3338 1687 3393 missis
1716 3338 1787 3392 ab
1840 3339 1998 3391 itera-

2129 3354 2216 3404 ter
2231 3348 2444 3403 dicens.
2480 3344 2767 3399 i’isioncm
2786 3335 3303 3411 quam’amaageli
3327 3330 3624 3393 Gal/ridis
3636 3341 3759 3385 con-

362 3436 476 3493 clio
508 3434 735 3504 legatis,
770 3433 903 3489 fecit
937 3447 1067 3489 cum
1098 3446 1165 3486 eo
1197 3444 1418 3501 pacem.

437 3523 789 3579 Duodecimo
839 3526 1028 3576 autem
1079 3519 1301 3590 imperii
1355 3518 1445 3574 sui
1493 3531 1661 3585 anno,
1706 3517 2009 3570 contracta

367 3614 521 3670 omni
570 3612 775 3667 militia
823 3626 947 3681 sua,
983 3608 1158 3665 movit
1209 3608 1531 3663 exercitum
1588 3606 1641 3661 in
1698 3604 2010 3672 Persidem,

369 3703 667 3772 multaque
693 3699 891 3771 prmlia
917 3714 1047 3754 cum
1073 3697 1323 3754 diversis
1346 3697 1595 3753 ducibus
1618 3694 2011 3763 committens,

368 3808 472 3863 per
504 3806 602 3846 sex
637 3802 814 3845 annos
851 3788 1139 3843 Persidem
1170 3785 1496 3843 dcvastavit
1527 3789 1583 3839 et
1612 3784 1768 3845 vicit,
1795 3783 2017 3839 occiso-

371 3898 481 3952 que
547 3880 867 3940 Chosdroc,
920 3877 1167 3948 septimo
1231 3891 1380 3931 anno
1428 3871 2014 3942 Constantinopolim,

372 3970 568 4026 ablato
602 3985 629 4023 a
665 3966 904 4023 Perside
937 3966 1166 4021 viviﬁco
1196 3965 1386 4021 crucis
1421 3964 1596 4035 ligno,
1632 3963 1828 4031 rediit,
1865 3977 2020 4015 mox-

375 4075 483 4131 que
518 4057 784 4129 sequenti
821 4057 1038 4111 vernali
1069 4060 1331 4125 tcmpore
1362 4053 1801 4110 Hierosolimam
1834 4054 2021 4105 teten-

374 4150 479 4219 dit,
504 4148 834 4220 preciosum
863 4145 999 4201 illuc
1022 4145 1241 4214 lignum
1264 4150 1594 4215 reportans,
1614 4141 1682 4197 ad
1699 4140 2017 4211 gratiarum

374 4241 489 4294 Deo
518 4238 780 4294 actiones
813 4235 1166 4292 referendas.
1200 4236 1221 4257 ‘*

513 4338 536 4360 "
555 4337 623 4390 D‘.’
729 4333 963 4390 addunt
992 4354 1010 4389 ,ο
1042 4328 1375 4389 Desiderius
1400 4362 1464 4370 —
1489 4326 1920 4398 martyrizatur,
1949 4338 2023 4381 ea:

584 4405 787 4477 Sigea.
822 4420 877 4462 a.
913 4410 1036 4460 612.

447 4503 670 4576 (BEDA.)
704 4503 885 4573 Hujus
918 4501 1280 4572 temporibus
1315 4496 1655 4553 Anastasius
1695 4498 1871 4551 Persa
1909 4509 2025 4549 mo-

2127 3436 2389 3508 templor,
2409 3431 2835 3503 ct/zaatferens
2858 3429 3039 3499 lmjas
3061 3424 3406 3496 asspectum,
3429 3418 3618 3476 mente
3630 3416 3767 3487 deﬂ-

2124 3528 2214 3585 cz'o
2237 3504 2464 3582 etcaa’o.
2494 3523 2619 3593 Ipsa
2636 3534 2773 3576 vero
2796 3533 2923 3575 eum
2949 3516 3190 3571 haberet
3214 3512 3459 3568 alterum
3485 3504 3766 3579 quendam

2125 3616 2301 3672 talem
2329 3592 2572 3668 amicum
2598 3625 2784 3679 suum,
2815 3615 3053 3679 prepter
3080 3601 3478 3660 inﬁdelitatem
3503 3609 3662 3652 suam
3686 3592 3763 3648 ibi

2128 3704 2482 3769 exulantem,
2522 3697 2815 3754 inducavit
2851 3695 2900 3751 ei
2935 3693 3121 3750 omnia
3146 3693 3323 3746 verba
3352 3688 3457 3745 viri
3478 3686 3565 3743 sui
3593 3687 3648 3741 et
3676 3697 3768 3737 no-

2132 3809 2257 3850 men
2293 3790 2583 3859 angcli.At
2610 3786 2706 3842 ille
2732 3785 2930 3842 volens
2949 3799 3071 3838 eam
3090 3780 3334 3837 reddere
3363 3780 3603 3844 certam,
3623 3770 3765 3827 dixit

2131 3883 2205 3938 ei:
2247 3879 2560 3937 Veritatem
2580 3876 2806 3932 loculus
2820 3874 2930 3943 est;
2952 3873 3063 3930 ista
3075 3871 3224 3927 enim
3247 3866 3497 3939 angelus
3512 3861 3768 3919 mittitur

2132 3972 2213 4030 ad
2232 3984 2422 4026 annecs
2439 3965 2915 4039 prop/tetaslpsa
2939 3977 3078 4031 ergo
3107 3959 3286 4031 prima
3336 3951 3626 4025 susceptis
3645 3962 3769 4005 ver-

2135 4062 2224 4118 bis
2256 4061 2382 4129 ejus
2404 4055 2657 4113 crcdidit
2681 4054 2754 4124 ei,
2789 4060 2845 4108 et
2879 4050 3198 4124 predieavit
3235 4046 3365 4103 aliis
3436 4039 3770 4099 mulieribus

2134 4127 2565 4207 contribulibus
2600 4145 2736 4213 suis,
2758 4141 3096 4215 prophetam
3127 4153 3255 4194 eum
3289 4149 3420 4192 esse
3454 4150 3467 4199 ;
3497 4136 3554 4188 et
3578 4127 3771 4186 taliter

2135 4254 2206 4296 ex
2238 4236 2468 4294 feminis
2503 4236 2646 4291 fama
2680 4232 2835 4289 venit
2869 4231 2935 4286 ad
2971 4229 3153 4297 viros,
3176 4226 3360 4298 primo
3394 4224 3460 4279 ad
3488 4218 3766 4284 llebuber,

2137 4343 2304 4400 quem
2333 4331 2810 4382 ctsuccessorem
2837 4319 3078 4388 dimisit,
3113 4321 3170 4372 et
3207 4313 3391 4370 tenuit
3424 4313 3643 4384 partem
3678 4306 3772 4360 he-

2138 4417 2286 4473 resis
2314 4416 2441 4485 ejus
2472 4418 2527 4469 ct
2565 4411 2819 4468 heredis.
2847 4408 3048 4465 Docuit
3082 4401 3592 4461 autemauditores
3615 4409 3764 4463 suos,

2140 4506 2291 4578 quod
2325 4505 2420 4575 qui
2449 4502 2666 4559 occidit
2686 4495 3095 4568 inimicum,vel
3114 4492 3403 4551 occiditur
3426 4491 3496 4546 ab
3520 4486 3767 4549 inimico,

377 4596 598 4652 “301103
638 4593 831 4648 "Ubi‘e
863 4608 969 4663 PFO
1000 4590 1232 4646 Christo
1266 4588 1604 4657 nlﬂl‘ti'l'illm
1653 4599 1865 4656 P353115
1908 4586 2017 4639 θεῖ·
2055 4572 2107 4633 D
2138 4572 2489 4668 paradj’sum
2514 4572 3771 4661 ingreditur;paradysumverocarnaliscibi

378 4684 479 4739 Hic
513 4688 684 4739 natus
718 4683 770 4737 iu
806 4682 1066 4748 Perside,
1095 4679 1351 4747 magicas
1383 4691 1410 4731 a
1447 4679 1611 4746 patre
1647 4690 1788 4745 puer
1819 4672 2021 4729 didicit

376 4777 577 4838 artes;
611 4772 710 4827 sed
750 4770 843 4826 ubi
878 4784 906 4824 a
940 4766 1188 4838 captivis
1211 4764 1550 4822 christianis
1575 4762 1783 4818 Christi
1820 4776 2022 4817 nomen

379 4872 706 4940 acceperat,
725 4867 779 4921 in
801 4881 928 4922 cum
958 4879 1084 4919 mox
1111 4861 1302 4916 animo
1326 4863 1447 4915 toto
1464 4874 1801 4929 conversus,
1821 4858 2025 4914 relicta

379 4956 638 5024 Perside,
658 4954 1057 5012 Calcedoniam
1080 4948 1548 5021 Hierapolimquc
1575 4949 1865 5004 Christum
1894 4964 2027 5020 que-

379 5062 512 5103 rens
542 5062 609 5102 ac
643 5045 852 5101 deinde
904 5038 1340 5097 llicrosolimam
1394 5037 1580 5109 petiit.
1632 5038 1735 5093 Ubi
1787 5042 2022 5109 acecp'a

382 5135 755 5208 baptismatis
788 5131 997 5203 gratia,
1032 5132 1240 5199 quarto
1274 5129 1343 5182 ab
1372 5128 1568 5183 eadem
1602 5128 1744 5184 urbe.
1777 5128 2026 5184 miliario

380 5224 803 5282 monasterium
838 5220 1068 5277 abbatis
1091 5218 1380 5274 Anastasii
1409 5218 1664 5273 intravit.
1695 5218 1772 5272 lbi
1799 5222 2021 5285 septem

381 5316 545 5371 annis
579 5312 932 5383 rngulariter
962 5310 1183 5375 vivens,
1212 5309 1343 5363 dum
1370 5309 1690 5364 Cmsaream
1720 5306 2023 5363 Palestina)

379 5404 666 5461 orationis
702 5402 889 5472 gratia
927 5399 1203 5469 venisset,
1230 5401 1441 5469 captus
1472 5413 1500 5453 a
1530 5396 1721 5453 Persis
1754 5399 1810 5451 et
1842 5396 2020 5452 multa

380 5493 478 5550 diu
512 5493 758 5549 verbera
785 5503 994 5562 passus
1020 5489 1169 5544 inter
1193 5502 1463 5544 carceres
1487 5491 1543 5540 et
1569 5484 1797 5541 vincula
1826 5483 2022 5555 judice

382 5582 744 5650 Marzobana,
772 5578 1005 5635 tandem
1028 5577 1285 5634 mittitur
1317 5577 1385 5633 ad
1422 5590 1617 5645 regem
1648 5574 1964 5641 Chosdroe,
1992 5587 2021 5629 a

2142 4665 2206 4740 ac
2238 4689 2411 4756 potus
2443 4688 2498 4738 et
2520 4677 2949 4736 commixtionis
2974 4674 3275 4729 mulierum
3316 4665 3658 4741 perhibebat
3689 4675 3776 4716 ea-

2142 4746 2362 4844 pacem,
2398 4768 2632 4824 ﬂuvium
2660 4780 2889 4836 quoque
2915 4762 3027 4818 vini
3061 4765 3119 4817 et
3164 4756 3427 4814 melliset
3469 4751 3641 4808 lactis
3700 4746 3772 4804 ibi

2139 4836 2267 4917 esse
2299 4864 2356 4914 et
2384 4859 2709 4913 afﬂuentem
2733 4854 3091 4924 voluptatem
3111 4845 3404 4914 multaque
3419 4840 3526 4895 alia
3550 4836 3777 4895 luxuria

2139 4956 2197 5005 et
2225 4946 2483 5004 stultieia
2510 4946 2696 5016 plena,
2733 4960 2859 5013 qute
2880 4936 3439 4997 stultisvidebantur
3466 4926 3777 5016 delectabi-

2141 5038 2214 5094 lia
2230 5038 2479 5107 ideoque
2496 5014 2891 5089 credibilia.——
2910 5031 3075 5101 (ΟΜ.
3097 5026 3202 5098 W.)
3225 5019 3522 5079 llcraclius
3538 5034 3563 5073 a
3582 5014 3776 5107 Sergio

2140 5104 2471 5199 patriarcha
2504 5129 2561 5178 ct
2594 5124 2664 5177 ab
2700 5121 3008 5177 Anastasio
3034 5111 3538 5189 quodamaliisque
3570 5104 3776 5163 hereti-

2135 5216 2221 5273 cis
2248 5216 2703 5279 circumventus,
2743 5211 2792 5265 in
2830 5208 3228 5265 Euthicianam
3262 5199 3471 5257 incidit
3512 5194 3773 5263 heresim,

2136 5302 2654 5361 etmathematicus
2673 5302 2858 5355 tactus
2884 5302 2938 5353 et.
2966 5295 3301 5363 astrologus
3316 5288 3459 5347 vidit
3478 5283 3772 5357 imperium

2137 5408 2305 5450 suum
2338 5406 2365 5447 a
2393 5390 2757 5448 circumcisis
2778 5388 3051 5457 gentibus
3080 5397 3214 5440 esse
3243 5376 3589 5436 vastandum
3625 5372 3779 5439 ;niit-

2137 5488 2381 5552 tensque
2414 5482 2483 5535 ad
2538 5480 2925 5548 Dagobcrtum
2952 5489 3146 5545 regem
3172 5473 3542 5532 Francorum,
3586 5476 3779 5518 omnes

2138 5570 2296 5639 regni
2315 5567 2689 5640 ejusJudzeos
2711 5564 2994 5639 baptizari
3015 5561 3183 5640 petiit
3200 5565 3258 5615 et
3274 5552 3785 5628 impetravit,ipse-

1750 5669 1987 5725 VARl/E
2030 5668 2424 5727 LECTIONES.

451 5776 542 5811 ¹⁰⁶⁶
570 5774 833 5833 cadicum
866 5776 977 5833 aut
1015 5774 1285 5832 cailiuum
1320 5778 1377 5835 1?
1416 5769 1683 5829 cadiuum
1714 5770 1756 5826 Ε
1789 5774 1834 5826 1.
