3946 6410
287 374 401 438 885

1460 364 1943 433 EKKEHARDI
1984 365 2540 431 URAUGIENSIS

3583 370 3708 431 836

288 514 571 569 manniam
598 518 773 581 atque
799 510 1166 579 Thuringiam
1192 510 1458 573 sortitur,
1492 508 1775 578 Pippinus
1794 519 1934 561 vero
1966 508 2019 567 Α
2052 504 2363 559 interfecto
2411 503 2640 559 Alarico
2688 507 3086 561 reverteretur
3126 517 3257 561 cum
3297 503 3563 571 victoria,
3607 521 3705 561 ve-

290 601 699 669 Burgnndiam,
745 599 1071 655 Neustriam
1106 604 1280 669 atque
1310 597 1695 663 Provinciam,
1733 596 1935 665 sicque

288 692 710 746 Karlomannus
762 704 941 759 usque
990 689 1043 742 in
1096 703 1304 742 annum
1356 691 1605 755 sextum,
1654 684 1935 754 Pippinus

288 796 472 850 usque
524 780 578 833 in
633 778 998 834 undecimum
1045 776 1530 847 principabantur
1581 774 1746 839 (σὴν.
1803 772 1929 842 W.).

288 869 555 925 Neustria
592 884 729 923 vero
752 883 891 938 pars
913 871 1004 921 est
1029 866 1226 920 Galli:e
1262 866 1491 921 Celtica)
1516 864 1625 934 “0’,
1654 863 1749 918 illa
1784 862 1935 917 scili-

287 964 380 1015 cet
411 975 537 1030 qua}
568 959 846 1027 Sequana}
876 956 1182 1025 Ligerique
1212 954 1537 1026 interv'acet.

391 1060 682 1113 RICHERUS
716 1072 754 1126 ι,
784 1056 872 1125 ‘2.)
926 1054 1122 1110 Omnis
1170 1068 1416 1123 namque
1465 1052 1646 1107 Gallia
1700 1052 1754 1106 in
1809 1057 1932 1106 tres

286 1152 482 1220 partes
507 1146 781 1202 distincta
806 1150 917 1213 est,
948 1144 997 1197 in
1027 1143 1332 1212 Belgicam,
1366 1142 1663 1209 Celtieam,
1700 1141 1961 1211 Aquita-.

282 1238 487 1293 nicam.
537 1236 789 1301 Quarum
835 1233 1062 1301 Belgica
1106 1247 1133 1287 a
1168 1232 1385 1301 Rheno,
1432 1231 1525 1301 qui
1572 1230 1930 1285 Germaniam

284 1329 353 1381 ab
374 1340 594 1381 oceano
619 1322 989 1388 determinat,
1013 1338 1138 1392 quze
1161 1320 1470 1377 multarum
1490 1320 1749 1389 gentium
1774 1321 1932 1374 ferax

282 1433 309 1471 a
334 1413 712 1484 germinando
738 1426 944 1467 nomen
968 1413 1211 1481 accepit,
1244 1409 1644 1480 exporrigitur
1670 1424 1848 1479 usque
1874 1407 1930 1462 in

284 1504 516 1560 tluvium
568 1504 906 1567 Matronam,
947 1502 1019 1555 ab
1064 1504 1312 1569 utroque
1362 1512 1500 1554 vero
1551 1497 1757 1565 latere,
1799 1498 1929 1552 hinc

280 1594 512 1664 quidem
538 1590 782 1661 Alpibus
805 1588 1141 1660 Apenninis,
1168 1588 1299 1643 inde
1322 1603 1460 1643 vero
1488 1587 1628 1641 mari
1652 1586 1926 1656 vallatur,

2050 593 2214 648 niens
2235 594 2303 647 ad
2324 595 2563 649 eandem
2589 594 2932 663 :ecclesiam,
2961 609 3066 664 pro
3091 593 3371 649 solvendo
3392 600 3527 650 voto
3547 594 3701 650 dona

2045 683 2257 739 obtulit
2288 684 2553 753 plurima,
2579 700 2685 754 pro
2707 699 2858 753 equo
2881 699 3041 753 vero,
3066 698 3235 754 quem
3262 684 3338 737 ibi
3363 683 3688 753 dimiserat,

2046 772 2207 827 dedit
2248 772 2665 827 matriculariis
2718 773 2999 828 :eeelesiae
3052 777 3283 828 centum
3338 771 3580 841 solidos,
3632 779 3701 829 ut

2044 875 2171 915 eum
2206 862 2493 931 reciperet
2554 861 2775 927 Quibus
2807 861 2980 925 datis,
3017 876 3201 931 equus
3232 860 3329 917 ille
3358 877 3417 917 se
3450 860 3696 917 nullate-

2044 964 2153 1004 nus
2177 950 2376 1006 movit.
2411 953 2477 1005 At
2511 950 2607 1004 ille
2640 950 2720 1005 ait
2754 970 2766 1005 :
2803 951 3033 1007 Dantur
3055 951 3169 1007 alii
3190 951 3437 1007 centu)”.
3473 950 3697 1016 Quibus

2044 1037 2243 1093 itidem
2274 1038 2446 1108 datis,
2493 1042 2692 1094 statim
2721 1054 2907 1109 equus
2942 1038 3171 1095 solutus
3204 1038 3344 1094 abiit
3400 1041 3553 1095 Tunc
3586 1056 3691 1095 rex

2042 1141 2172 1183 cum
2199 1128 2407 1184 laetieia
2435 1128 2549 1184 ait:
2589 1129 2728 1185 Vere
2760 1128 2963 1185 beatus
2994 1127 3298 1185 Martinus
3321 1127 3502 1184 bonus
3519 1130 3604 1185 est
3626 1131 3693 1185 27:1.

2041 1216 2279 1272 auxilio
2310 1217 2368 1271 et
2393 1231 2571 1274 carus
2600 1216 2667 1273 in
2695 1218 2944 1287 negotio.
2982 1217 3271 1287 (RICRER.)
3307 1217 3390 1271 At)
3422 1217 3528 1272 hoc
3551 1232 3692 1285 ergo

2044 1303 2335 1361 Clodoveo
2376 1320 2479 1376 per
2517 1305 2891 1362 suceedcntia
2932 1310 3196 1376 tempora
3237 1305 3691 1376 imperatoribus

2041 1394 2295 1462 egregiis
2316 1410 2408 1450 res
2426 1395 2660 1465 publica
2683 1396 3036 1450 Francorum
3059 1395 3382 1463 gubernata
3412 1395 3587 1449 fuisse
3608 1394 3690 1449 di-

2043 1482 2322 1553 noscitur,
2350 1499 2533 1554 usqu:
2555 1484 2623 1540 ad
2646 1484 2768 1539 lnec
2791 1484 3110 1554 propinqua
3135 1488 3398 1553 tempora
3422 1482 3692 1554 Pippino-

2044 1586 2166 1626 rum
2200 1576 2255 1627 et
2292 1572 2655 1642 Karolorum,
2693 1574 2746 1627 in
2783 1573 2995 1642 quibus
3026 1571 3389 1643 temporibus
3420 1586 3522 1643 per
3553 1571 3685 1626 levi-

279 1661 447 1751 eujus
468 1680 920 1737 circumfusione
955 1677 1143 1733 insula
1180 1678 1507 1732 Britannica
1537 1675 1627 1708 ¹¹⁰³
1655 1677 1922 1732 efficitur.

2080 1665 2221 1716 atem
2257 1676 2455 1730 regum
2491 1662 2850 1731 aliquantum
2885 1661 3130 1732 dilapsa,
3168 1674 3271 1732 per
3294 1661 3395 1716 hos
3418 1662 3687 1729 egregios

280 1772 496 1828 Celtica
530 1774 723 1825 autem
756 1784 785 1823 a
819 1769 1072 1822 Matrona
1114 1782 1213 1838 per
1246 1766 1476 1828 longum
1515 1767 1567 1820 in
1603 1768 1926 1822 Garunnam

278 1860 656 1925 distenditur,
684 1857 851 1925 cujus
878 1856 1059 1911 latera
1085 1856 1284 1910 oceani
1313 1855 1621 1910 Britannici
1643 1860 1701 1910 et
1723 1856 1928 1912 insula:

279 1951 624 2007 Britannica)
666 1948 882 2003 limites
921 1947 1196 2001 clliciunt.
1247 1945 1529 2014 Quicquid
1571 1960 1710 2000 vero
1753 1960 1781 1999 a
1828 1947 1929 2000 Ga-

275 2055 456 2096 runna
492 2037 866 2110 protenditur
895 2037 948 2090 in
982 2038 1325 2104 Pyreneum,
1359 2034 1700 2103 Aquitanica
1733 2034 1929 2105 appel-

276 2129 448 2199 latur,
486 2128 618 2183 hinc
652 2126 931 2181 Rhodano
956 2131 1015 2178 et
1038 2124 1205 2179 Arari
1232 2129 1406 2192 atque
1434 2123 1562 2178 inde
1590 2124 1930 2178 mediterra-

276 2234 382 2274 neo
407 2218 548 2273 mari
573 2216 951 2272 collimitans.
992 2217 1227 2269 Constat
1265 2215 1480 2283 itaque,
1514 2213 1698 2268 totius
1730 2212 1927 2268 Gallia)

276 2308 537 2379 spacium
572 2307 643 2361 ab
677 2305 904 2360 oriente
948 2304 1179 2374 quidem
1220 2304 1439 2371 Rheno,
1485 2304 1555 2357 ab
1600 2302 1924 2371 occidente,

276 2398 556 2467 Pyreneo,
584 2410 611 2450 a
637 2394 1041 2465 septentrione
1066 2392 1204 2447 mari
1236 2392 1585 2453 Britannico,
1622 2393 1692 2445 ab
1723 2396 1928 2445 austro

277 2501 415 2541 vero
450 2484 592 2539 mari
628 2482 1075 2549 mediterraneo,
1112 2481 1283 2549 cingi.
1323 2482 1533 2535 Omnes
1558 2495 1696 2549 ergo
1723 2480 1930 2534 Gallia-

273 2590 401 2630 rum
426 2572 623 2644 populi
647 2572 839 2626 innata
860 2571 1102 2625 audacia
1127 2570 1442 2640 plurimum
1468 2569 1809 2635 efferuntur,
1836 2584 1927 2623 ca-

276 2662 623 2718 lumniarum
651 2661 1040 2731 impatientes.
1077 2659 1284 2729 (Ibid,
1308 2674 1358 2713 c.
1388 2662 1465 2729 3.)
1501 2659 1553 2711 Si
1583 2658 1923 2725 incitantur,

274 2751 514 2807 cedibus
536 2749 823 2817 exultant,
851 2748 1191 2817 eiferatique
1218 2747 1625 2802 inclementius
1659 2746 1929 2801 adoriun-

275 2844 391 2907 tur,
419 2838 596 2894 semel
619 2850 958 2908 persuasum
984 2850 1049 2890 ae
1073 2836 1398 2889 rationibus
1421 2836 1807 2905 approbatum
1832 2834 1927 2889 vix

274 2927 544 2982 refellere
567 2928 946 2981 consuerunt.
980 2924 1165 2991 Belga:
1189 2925 1367 2978 rebus
1385 2923 1764 2993 disponendis
1790 2927 1923 2977 sunt

272 3016 646 3085 insigniores,
706 3013 915 3067 robore
965 3018 1141 3081 atque
1194 3012 1435 3067 audacia
1491 3027 1598 3066 non
1649 3012 1923 3082 impares,

274 3107 520 3161 maxima
559 3119 804 3174 quzequc
841 3102 1023 3170 magis
1048 3101 1274 3169 ingenio
1300 3116 1465 3170 quam
1500 3101 1723 3156 vitibus
1756 3116 1925 3172 appe-

271 3200 435 3259 tunt;
470 3200 526 3249 et
554 3194 600 3248 si
629 3192 857 3261 ingenio
883 3192 935 3245 in
961 3191 1306 3261 appetendis
1338 3196 1666 3257 cassantur,
1702 3191 1927 3246 viribus

270 3285 549 3341 audacter
581 3287 845 3338 utuntur.
876 3281 996 3336 Cibi
1022 3281 1195 3334 etiam
1222 3284 1395 3349 atque
1422 3286 1594 3349 polus
1618 3280 1761 3333 adeo
1789 3284 1923 3335 sunt

268 3375 445 3445 parci.
484 3372 661 3427 Celtae
696 3386 835 3427 vero
868 3376 1042 3440 atque
1080 3368 1351 3438 Aquitani
1387 3368 1633 3424 consilio
1665 3370 1835 3424 simul
1868 3373 1923 3424 et

266 3464 508 3519 audacia
535 3461 786 3533 plurimi,
814 3461 993 3515 rebus
1014 3458 1321 3514 sediciosis
1345 3459 1726 3527 aceommodi,
1752 3458 1926 3515 Celtae

268 3558 458 3608 tamen
484 3551 666 3619 magis
686 3549 937 3620 providi,
960 3548 1228 3617 Aquitani
1254 3563 1391 3603 vero
1414 3548 1732 3618 prccipites
1752 3564 1930 3615 agun_

262 3650 382 3711 tur,
414 3640 845 3713 plurimumque
872 3638 926 3690 in
949 3638 1215 3691 ciborum
1240 3637 1564 3707 appetitum
1594 3638 1923 3712 rapiuntur,

265 3731 419 3806 quod
444 3730 527 3785 sie
550 3728 634 3782 eis
658 3732 747 3782 est
775 3727 1059 3793 innatum,
1090 3730 1149 3779 ut
1178 3731 1378 3795 preter
1401 3732 1665 3781 naturam
1692 3742 1803 3781 non
1828 3742 1926 3797 ap-

262 3822 485 3894 petant.
522 3817 663 3870 lliuc
695 3813 985 3884 Sulpicius
1010 3813 1296 3867 Severus:
1328 3832 1355 3864 «
1379 3813 1671 3881 Edacitas,
1708 3813 1918 3885 inquit,

263 3911 317 3965 in
352 3906 552 3963 Grecis
590 3909 681 3959 est
722 3902 879 3971 gula,
924 3901 978 3955 in
1023 3900 1201 3956 Gallis
1244 3907 1470 3956 natura.
1512 3921 1538 3953 »
1575 3902 1689 3956 Hos
1718 3918 1918 3959 omnes

263 3997 575 4053 Galliarum
629 3990 879 4064 populos
929 3990 1102 4045 etiam
1153 3990 1207 4044 in
1257 3989 1591 4060 paganismo
1645 3992 1761 4047 fere
1814 4009 1916 4063 per

258 4087 451 4144 omnia
475 4096 754 4157 prospere
778 4080 987 4149 egisse,
1012 4079 1253 4135 tradunt
1277 4080 1585 4149 liystorize;
1617 4085 1745 4152 post
1775 4098 1913 4139 vero

258 4192 288 4232 a
312 4178 515 4233 sancto
546 4171 807 4241 Remigio
842 4170 1144 4240 baptizati,
1181 4174 1384 4224 contra
1415 4186 1616 4226 omnes
1648 4173 1907 4241 gentium

257 4270 590 4322 exterarum
624 4262 877 4331 impetus
908 4258 1064 4315 clara
1097 4273 1327 4329 semper
1359 4264 1534 4330 atque
1577 4260 1793 4316 illustri
1830 4262 1909 4316 vi-

257 4352 442 4409 ctoria
475 4350 781 4407 emicuisse
816 4349 1169 4404 referuntur.
1212 4347 1468 4412 Quorum
1503 4364 1605 4403 rex
1635 4350 1908 4407 christia-

2041 1750 2220 1819 viros,
2258 1752 2328 1804 de
2362 1752 2573 1820 quibus
2612 1767 2760 1806 nunc
2803 1765 2993 1805 sermo
3023 1755 3132 1819 est,
3166 1750 3235 1804 ad
3271 1749 3571 1820 pristinam
3605 1749 3689 1803 di-

2039 1839 2321 1907 gnitatem
2367 1840 2831 1908 magnificentius
2862 1844 2954 1894 est
2988 1839 3255 1894 reducta.

2114 1930 2305 1987 (Einn.
2347 1932 2537 1999 Ann.)
2588 1930 2843 1999 Denique
2888 1934 2951 1984 ut
2999 1927 3067 1983 de
3114 1927 3357 1999 Pippino
3394 1933 3453 1982 et
3494 1926 3689 1982 Karlo-

2042 2030 2249 2072 manno
2305 2019 2586 2073 fratribus
2637 2019 2898 2073 scribere
2958 2016 3260 2088 cespimus,
3323 2031 3455 2071 mox
3505 2021 3565 2071 ut
3616 2016 3686 2070 de

2044 2106 2351 2174 Aquitania
2384 2107 2613 2162 domum
2641 2112 2776 2163 sunt
2803 2106 3077 2175 regressi,
3111 2104 3530 2160 Karlomannus
3562 2103 3688 2159 Ala-

2043 2196 2348 2257 manniam,
2377 2212 2504 2265 quze
2538 2200 2597 2250 et
2631 2196 2749 2266 ipsa
2777 2211 2804 2249 a
2832 2197 3180 2250 Francorum
3214 2194 3499 2249 societate
3531 2193 3684 2249 defe-

2040 2288 2222 2351 cerat,
2260 2300 2387 2338 cum
2424 2284 2686 2340 exercitu
2721 2284 3042 2353 ingressus,
3084 2285 3239 2338 ferro
3271 2283 3598 2339 devastavit
3627 2286 3684 2337 et

2043 2371 2176 2439 igni.
2222 2372 2552 2429 llildericus
2584 2372 2671 2405 “0‘
2703 2388 2804 2427 rex
2838 2375 3184 2428 Francorum
3230 2386 3469 2441 regnare
3509 2371 3679 2440 coepit

2041 2459 2135 2527 (cf.
2172 2462 2247 2515 Η.
2284 2461 2410 2531 Fr.)

2109 2553 2159 2604 2.
2207 2554 2255 2605 3.
2314 2550 2500 2618 (EINH.
2543 2552 2723 2621 Amr.)
2778 2554 2839 2606 Α.
2884 2552 2945 2606 D.
2990 2553 3113 2607 744.
3167 2550 3583 2604 Karlomannus
3625 2562 3685 2603 et

2043 2638 2321 2708 Pippinus
2360 2640 2581 2709 junctis
2624 2640 2811 2710 copiis
2850 2644 3056 2696 contra
3099 2638 3439 2695 Oudiloncm
3483 2637 3683 2693 ducem

2041 2727 2435 2784 Bavvariorum
2488 2729 2733 2799 profecti
2784 2734 2939 2798 sunt,
2990 2728 3310 2800 prmlieque
3354 2727 3679 2795 commisso,

2038 2817 2361 2873 exercitum
2419 2818 2544 2887 ejus
2596 2818 2892 2874 fuderunt.
2946 2818 3053 2873 Sed
3105 2825 3413 2888 postquam
3464 2831 3493 2871 a
3542 2818 3681 2873 cede

2040 2907 2258 2961 reversi
2306 2912 2462 2976 sunt,
2508 2906 2930 2963 Karlomannus
2966 2924 3095 2963 cum
3138 2908 3261 2961 suis
3292 2907 3342 2960 in
3379 2905 3678 2961 Saxoniam

2041 2996 2335 3064 profectus
2368 3001 2459 3050 est
2499 2998 2701 3051 eodem
2744 3012 2912 3067 anno,
2949 3001 3007 3050 et
3040 2996 3193 3067 cepit
3232 3000 3484 3051 castrum
3527 2994 3677 3066 quod

2039 3082 2253 3139 dicitur
2277 3087 2691 3154 lloehseoburg
2713 3084 2822 3155 ίίοδ,
2847 3091 2903 3140 et
2938 3086 3350 3141 Theodericum
3375 3088 3673 3153 Saxonem,

2038 3171 2195 3229 illius
2228 3173 2337 3230 loci
2376 3173 2732 3244 primarium,
2770 3175 2822 3229 in
2858 3174 3211 3230 deditionem
3244 3174 3489 3244 accepit.
3524 3176 3600 3228 ‘1.

2177 3282 2259 3351 ‘1)
2300 3284 2377 3336 10.
2422 3286 2501 3336 11.
2540 3281 2805 3337 ari/lunt:
2833 3282 3079 3337 Sanetus
3121 3281 3445 3336 Bonifacius
3474 3296 3542 3336 ex
3575 3294 3675 3337 sua

2252 3353 2555 3422 parrochia
2600 3353 3049 3419 lliogontiaeensi
3094 3351 3239 3408 duos
3279 3353 3677 3423 episcopatus,

2250 3424 2782 3493 Wirziburgensem
2824 3428 2880 3478 et
2922 3424 3404 3493 Eichstatcnsem,
3448 3424 3672 3480 statuit.

2252 3509 2327 3551 ea:
2357 3496 2666 3551 [fer/201(0).

2110 3605 2160 3657 3.
2196 3604 2245 3655 4.
2285 3602 2347 3657 A.
2383 3604 2443 3656 Ι).
2476 3605 2597 3657 745.
2639 3605 2848 3657 lterum
2882 3601 3301 3658 Karlomannus
3321 3606 3379 3657 ct
3402 3601 3678 3673 Pippinus

2030 3691 2196 3761 juxta
2258 3707 2421 3747 manu
2478 3690 2567 3724 “"5
2618 3692 2922 3747 Saxoniam
2982 3692 3228 3761 ingressi
3281 3698 3436 3759 sunt,
3490 3689 3677 3763 predi-

2032 3786 2307 3851 etumque
2351 3781 2766 3837 Theodericum
2819 3784 3101 3837 Saxonem
3151 3787 3450 3854 ceperunt.
3505 3779 3667 3850 (Chr.

2045 3870 2150 3940 W.)
2184 3870 2415 3924 Initium
2450 3870 2751 3927 Fuldensis
2781 3870 3139 3927 monasterii.

2100 3980 2147 4034 4.
2185 3981 2233 4032 5.
2274 3977 2458 4039 (Enn.
2491 3979 2670 4050 Ann.)
2706 3981 2770 4034 Α.
2805 3979 2867 4033 D.
2901 3981 3025 4033 746.
3062 3977 3482 4035 Karlomannus
3514 3980 3669 4048 pate-

2027 4065 2163 4121 fecit
2199 4066 2363 4121 fratri
2396 4082 2521 4135 suo,
2560 4068 2710 4137 quod
2735 4067 2850 4137 jam
2886 4067 2981 4122 diu
3017 4067 3442 4138 premeditatus
3463 4072 3569 4135 est,
3604 4079 3665 4122 se

2023 4154 2249 4213 scilicet
2300 4154 2451 4211 velle
2503 4158 2760 4213 seculum
2809 4157 3106 4213 dimittere
3143 4155 3232 4189 ¹¹⁰⁷
3270 4161 3325 4213 et
3371 4157 3426 4212 in
3467 4155 3665 4211 habitu

2022 4244 2360 4300 monachico
2393 4247 2505 4301 Deo
2539 4246 2782 4301 servire.
2820 4248 3069 4317 Propter
3108 4247 3215 4303 hoc
3251 4245 3466 4303 nullam
3495 4259 3663 4316 expe-

2020 4332 2298 4389 ditionem
2344 4349 2413 4389 eo
2462 4350 2611 4390 anno
2658 4335 3007 4407 habuerunt,
3062 4335 3165 4391 sed
3216 4335 3544 4408 preparavit
3601 4350 3661 4391 se

256 4459 365 4501 nus
396 4442 618 4514 primus
650 4439 826 4494 fuisse
858 4438 1115 4494 traditur
1146 4437 1492 4508 Clodoveus,
1522 4439 1610 4493 vir
1631 4438 1823 4495 audax
1845 4442 1903 4493 et

2080 4436 2287 4493 erque,
2329 4422 2751 4480 Karlomannus
2783 4428 2845 4481 ut
2876 4425 2988 4481 iter
3020 4428 3074 4480 et
3112 4430 3309 4482 votum
3342 4440 3504 4481 suum
3538 4438 3662 4496 per-

254 4538 553 4601 strenuus,
578 4535 635 4585 et
662 4544 776 4599 quo
806 4526 1004 4583 nullus
1038 4532 1170 4598 post
1201 4541 1331 4581 eum
1365 4527 1583 4597 pietate
1616 4527 1902 4599 bellisque

252 4635 522 4692 umquam
553 4618 736 4687 magis
767 4616 998 4672 enituit.
1036 4615 1128 4685 (ϐ.
1172 4615 1299 4689 Fr.)
1333 4615 1435 4672 Hie
1467 4620 1732 4687 tempore
1765 4633 1903 4688 quo-

251 4711 380 4767 dam
415 4709 742 4765 bellaturus
774 4710 975 4762 contra
1013 4705 1302 4761 Alaricum
1348 4720 1540 4773 regem
1583 4705 1897 4764 Gothorum

250 4816 379 4857 cum
403 4800 653 4857 venisset
674 4799 981 4867 Turonum,
1009 4795 1189 4851 multa
1210 4810 1447 4851 munera
1468 4794 1681 4851 obtulit
1702 4796 1900 4853 accele-

250 4891 349 4947 sia:
374 4890 561 4946 sancti
594 4888 821 4944 Martini
845 4902 974 4944 cum
998 4902 1149 4957 equo
1174 4901 1281 4941 suo
1304 4885 1692 4957 velocissimo,
1728 4902 1896 4958 quem

249 4979 493 5037 multum
517 4980 778 5044 amabat;
811 4981 871 5033 et
899 4976 1161 5048 expetito
1183 4974 1401 5031 auxilio
1425 4974 1683 5044 ejusdem
1710 4979 1895 5035 sancti

247 5075 451 5126 contra
466 5074 699 5140 gentem
715 5064 1091 5137 ineredulam,
1112 5065 1689 5137 promittebatadhue
1702 5068 1890 5140 plura,

247 5158 293 5215 si
332 5173 435 5231 per
464 5157 592 5228 ejus
623 5155 1105 5214 intercessionem
1141 5156 1333 5212 victor
1365 5157 1603 5215 rediret.
1639 5160 1894 5229 Cumque

2018 4510 2239 4585 ticeret,
2289 4513 2569 4585 Pippinus
2612 4513 2863 4585 qualiter
2906 4514 3067 4572 illum
3110 4514 3428 4571 honorifice
3474 4513 3662 4570 dimit-

2016 4604 2188 4657 teret.

2082 4714 2132 4766 ὅ.
2169 4714 2219 4766 6.
2258 4709 2427 4781 (C’Itr.
2473 4710 2552 4768 W.
2576 4712 2831 4769 —Envu.
2881 4712 3017 4770 Vita
3043 4712 3265 4770 Karoli
3295 4727 3343 4768 c.
3378 4714 3460 4783 2.)
3494 4712 3556 4767 Α.
3591 4712 3653 4767 D.

2008 4802 2131 4855 747.
2168 4800 2190 4822 "
2225 4798 2643 4857 Karlomannus
2693 4801 2889 4857 divino
2940 4815 3257 4858 succensus
3307 4814 3501 4856 amore
3550 4799 3661 4856 Ro-

2010 4903 2157 4947 mam
2200 4890 2465 4960 tendens,
2505 4890 2797 4947 Zachariaa
2833 4905 2994 4963 papae
3036 4906 3095 4947 se
3136 4887 3364 4959 obtulit,
3400 4892 3457 4944 et
3488 4888 3561 4943 ab
3589 4903 3657 4947 eo

2008 4978 2262 5037 clericus
2328 4984 2537 5048 tactus,
2600 4980 2921 5051 habituque
2982 4984 3203 5038 mutato
3260 4978 3656 5035 monachicum

2006 5069 2245 5140 capiens
2287 5067 2709 5140 indumentum,
2747 5069 2803 5125 in
2837 5075 3032 5126 monte
3075 5070 3309 5127 Soracte
3341 5067 3464 5126 sive
3495 5070 3655 5140 Syra-

2009 5158 2091 5229 pti
2113 5155 2203 5191 ¹ί⁰⁸
2219 5162 2561 5215 constructo
2580 5159 2959 5231 monasterio,
2982 5159 3136 5232 apud
3154 5158 3484 5218 aacclesiam
3503 5156 3653 5216 beati

1616 5309 1853 5365 νΑῑιεΑε
1897 5306 2296 5366 LECTIONES.

319 5451 409 5489 “°’
440 5450 658 5512 cellicze
692 5460 741 5509 1.
776 5458 827 5509 5.
861 5454 937 5510 9°.
973 5454 1033 5509 D.
1070 5451 1295 5511 celticae
1321 5452 1543 5511 cellicae
1576 5459 1661 5510 10.
1695 5453 1916 5511 cellicaa
1947 5468 2093 5512 corr.
2128 5453 2355 5510 eelticaa
2386 5454 2429 5510 E
2465 5459 2516 5511 1.

248 5526 429 5597 coepit
456 5526 526 5583 in
555 5532 604 5583 1.
636 5525 841 5597 postea
867 5525 972 5583 sed
999 5526 1202 5583 eadem
1228 5540 1415 5584 manu
1443 5526 1659 5584 addita
1683 5526 1839 5582 sunt.
1922 5524 2012 5558 ¹¹⁰⁵
2042 5525 2448 5596 hoehseoburg
2487 5525 2565 5583 1b.

2596 5451 2688 5487 ¹¹⁰³
2716 5454 2951 5513 tannica
2980 5459 3031 5513 Β.
3109 5452 3200 5489 ¹ί⁰⁴
3231 5455 3560 5514 Hildericus
3585 5485 3653 5499 -—

2646 5524 2737 5560 ίιοο
2764 5527 2860 5587 ita
2889 5532 2943 5584 1.
2973 5526 3079 5586 ubi
3105 5527 3174 5585 in
3201 5529 3349 5586 Ama.
3385 5527 3569 5588 ΕἰηΙι.
3601 5527 3661 5590 6t

252 5598 312 5673 _0.
344 5597 410 5655 E.
436 5597 640 5669 juncta
672 5611 842 5673 manu
876 5598 1114 5673 lggitur.
1142 5598 1308 5669 juxta
1339 5611 1569 5673 manum
1598 5600 1650 5654 4.
1676 5601 1725 5653 5.
1753 5600 1805 5653 6.
1832 5599 2045 5673 90.19.,
2078 5597 2148 5658 id
2170 5597 2331 5671 quod
2358 5611 2558 5657 more
2569 5598 2769 5671 facili
2795 5601 2863 5657 in
2886 5604 2937 5657 1.
2971 5599 3090 5671 legi
3115 5600 3369 5673 poterat.
3447 5598 3538 5636 ¹¹⁰⁷
3566 5614 3653 5662 re-

244 5666 516 5746 inquere.
553 5674 604 5728 5.
684 5666 776 5703 “°'
804 5669 861 5729 in
892 5666 1367 5748 S'erapte'monte
1398 5669 1475 5729 1b.
1511 5668 1569 5727 in
1598 5683 1672 5728 m.
1713 5667 1938 5742 syrapti
1966 5670 2017 5725 4.
