3948 6434
425 358 517 413 191

965 358 1023 414 S.
1062 356 1420 415 BRUNONIS
1459 357 2107 416 CARTHUSIANORUM
2144 359 2628 418 INSTITUTORIS
2667 360 2819 418 OPP.
2868 362 3042 420 PARS
3085 362 3158 418 II.

3618 367 3725 421 192

420 481 663 553 corpori.
697 482 800 538 Per
828 482 929 538 hoc
958 482 1088 537 satis
1131 491 1359 555 apparet
1413 484 1559 556 quod
1590 484 1683 555 qui
1719 485 1893 554 majus
1914 484 2017 538 do—
2046 485 2101 545 Α
2122 500 2300 550 mum,
2334 485 2387 539 id
2415 495 2498 540 est
2526 485 2581 541 in
2610 486 2787 557 primo
2816 495 2869 542 et
2916 488 3372 543 excellentissimo
3400 489 3581 562 gradu
3610 505 3724 561 po-

423 585 556 625 num
585 570 816 641 accepit,
864 587 975 626 non
1021 572 1187 627 habet
1224 572 1369 626 unde
1416 589 1475 627 se
1531 572 1786 643 praeferat
1816 573 1865 627 ei
1924 572 2016 643 qui

2119 589 2255 627 nens
2274 577 2575 645 apostolos.
2606 576 2927 631 Secundum
2947 586 3069 647 post
3090 578 3367 647 apostolos
3393 578 3574 649 posuit
3587 596 3724 650 pro-

425 658 608 717 minus
647 662 854 730 accepit
886 678 900 723 ;
934 675 1056 715 cum
1103 659 1327 715 inferior
1382 661 1459 715 sic
1520 660 1684 716 faciat
1740 661 2018 731 penuriam
2117 657 2336 728 phetas,
2367 659 2421 713 id
2444 668 2525 713 est
2567 659 2713 715 viros
2742 660 3025 715 illuminati
3055 678 3269 726 sensus,
3300 662 3395 734 qui
3437 663 3724 731 aperirent

428 747 694 818 corporis,
724 754 780 801 ut
810 748 1076 818 superior,
1106 748 1152 801 si
1178 750 1665 804 removeatumiut
1689 750 1898 805 iterum
1926 767 2019 806 ca-

431 841 533 908 put
556 836 803 908 pedibus,
831 838 1082 906 superior
1111 836 1356 892 similiter
1387 836 1630 892 inferiori
1675 837 1857 894 dicere
1912 854 2021 893 non

428 932 607 995 potest
640 942 653 978 :
685 941 801 980 non
822 927 962 980 estis
991 926 1136 981 mihi
1156 928 1491 993 necessarii;
1523 942 1644 981 cum
1673 928 1863 982 oculus
1892 944 2021 998 pur-

430 1013 649 1085 gatione
681 1029 781 1084 per
809 1028 1029 1068 manum
1054 1013 1318 1085 indigeat,
1349 1022 1513 1085 caput
1540 1023 1598 1069 ut
1630 1016 1861 1086 pedibus
1891 1032 2022 1086 por-

428 1108 569 1156 tetur
588 1101 658 1155 ad
688 1102 789 1157 hoc
818 1102 963 1173 quod
994 1109 1236 1174 gustare,
1289 1103 1496 1169 audire,
1541 1103 1626 1159 vel
1658 1104 1841 1159 videre
1870 1104 2022 1159 desi-

429 1189 603 1245 derat.

505 1276 771 1333 Inferiora
798 1293 906 1333 non
938 1285 1142 1334 tantum
1174 1288 1298 1335 sunt
1346 1280 1676 1346 necessaria,
1720 1281 1815 1335 sed
1866 1281 2026 1336 etiam

433 1365 605 1422 multo
625 1366 803 1439 magis
828 1374 953 1421 sunt
983 1369 1295 1423 necessaria
1341 1369 1637 1440 aliquando
1668 1386 1734 1425 ea
1778 1371 2029 1425 membra

434 1454 685 1525 corporis
713 1472 835 1527 quas
864 1456 1114 1511 videntur
1157 1474 1279 1512 esse
1328 1456 1643 1514 infirmiora.
1703 1459 2029 1531 Plerumque

435 1543 599 1599 etiam
629 1543 852 1615 quilibet
881 1545 1061 1601 idiota:
1087 1547 1263 1616 magis
1302 1547 1598 1602 necessarii
1646 1556 1769 1601 sunt
1816 1548 1872 1602 in
1900 1564 2029 1618 pro-

436 1631 717 1688 curatione
748 1633 1264 1703 ecclesiaslicorum,
1304 1650 1467 1706 quam
1497 1635 1550 1689 hi
1583 1635 1676 1706 qui
1722 1636 1895 1707 magis
1935 1652 2029 1691 sa-

438 1720 650 1790 pientes
679 1729 825 1790 sunt,
876 1722 1175 1777 secundum
1225 1724 1677 1793 Opportunitatem
1735 1724 2022 1794 temporis.

2122 745 2449 816 Scripturas.
2489 748 2666 802 Tertio
2685 749 2861 819 gradu
2892 749 2994 803 sub
3023 750 3301 820 prophetis
3322 750 3502 821 posuit
3532 750 3726 808 docto-

2122 851 2230 899 res,
2265 835 2356 905 qui
2387 835 2457 889 de
2487 837 2727 890 moribus
2750 837 3097 893 instruerent.
3134 840 3193 891 In
3223 839 3305 892 bis
3337 839 3509 893 tribus
3540 855 3729 895 serva-

2122 923 2197 978 vit
2251 923 2519 989 ordinem,
2553 924 2787 981 136
2820 926 3028 998 reliqua
3072 927 3189 981 sine
3236 927 3429 982 ordine
3476 928 3720 984 miscuit.

2132 1013 2332 1069 Deinde
2353 1022 2475 1082 post
2504 1014 2753 1069 doctores
2783 1015 2960 1084 posuit
2984 1016 3242 1079 virtutes,
3266 1031 3359 1070 eos
3388 1016 3594 1072 scilicet
3626 1016 3725 1087 qui

2124 1100 2178 1155 in
2196 1100 2389 1155 virtute
2404 1102 2501 1156 Dei
2519 1116 2693 1157 caecos
2714 1102 2953 1156 illumina
2962 1112 3097 1172 rent,
3117 1113 3356 1159 mortuos
3372 1105 3722 1161 suscitarent.

2127 1190 2349 1245 Exinde
2389 1190 2566 1260 posuit
2598 1193 2815 1260 gratias
2844 1194 3230 1259 curationum,
3264 1209 3359 1248 eos
3388 1193 3597 1249 scilicet
3629 1193 3728 1265 qui

2126 1278 2270 1332 dono
2301 1278 2400 1332 Dei
2431 1279 2653 1333 morbos
2668 1279 3025 1349 depellerent.
3052 1281 3258 1335 Dehinc
3280 1283 3725 1353 opitulationes,

2127 1366 2183 1421 id
2215 1373 2295 1421 est
2323 1367 2595 1436 adjutores
2642 1368 3062 1439 prazdicationis,
3119 1378 3175 1423 ut
3204 1371 3507 1426 Barnabam
3545 1379 3598 1426 et
3624 1371 3726 1425 Ti-

2128 1455 2440 1509 motheum:
2474 1472 2582 1527 quo
2613 1456 2788 1511 oﬁicio
2846 1458 3025 1513 adhuc
3082 1456 3383 1528 funguntur
3410 1458 3575 1531 legati
3605 1460 3726 1516 Ro-

2130 1557 2306 1598 mana:
2338 1543 2504 1597 sedis.
2539 1545 2664 1598 Post
2694 1546 2808 1599 haec
2840 1545 3018 1615 posuit
3058 1547 3510 1616 gubernationes,
3559 1547 3611 1601 id
3645 1556 3731 1603 est

2130 1631 2441 1701 episc0pos,
2474 1633 2829 1703 presbyteros
2862 1650 2875 1687 :
2910 1633 3001 1705 qui
3040 1634 3319 1689 Ecclesias
3351 1634 3592 1689 fidelium
3623 1653 3729 1709 gu-

2132 1719 2441 1775 bernarent.
2476 1721 2559 1775 Ad
2584 1722 2830 1775 ultimum
2852 1722 3251 1793 posuitgenera
3284 1724 3636 1795 linguarum,
3671 1725 3726 1780 id

438 1810 509 1863 Et
538 1823 604 1863 ea
648 1810 898 1865 membra
931 1810 1189 1865 Ecclesiae
1226 1828 1347 1883 qua:
1379 1816 1646 1884 putamus
1677 1814 2026 1883 ignobiliora,
2052 1838 2103 1898 Β
2131 1816 2213 1863 est
2242 1808 2485 1863 ultimam
2514 1810 2761 1879 gratiam,
2795 1826 2956 1882 quam
2980 1827 3097 1875 vos,
3117 1826 3151 1866 ο
3180 1811 3462 1877 Corinthii,
3486 1813 3727 1870 maxime

440 1896 568 1968 quia
595 1896 869 1962 labuntur,
889 1898 1186 1968 aliquando
1209 1898 1295 1955 his
1312 1900 1732 1956 circumdamus
1750 1902 2035 1956 abundan-

441 1986 646 2040 tiorem
663 1986 947 2050 honorem,
963 1986 1017 2040 id
1035 1994 1117 2041 est
1132 1988 1231 2042 hos
1251 1988 1390 2043 tales
1414 1989 1683 2044 solertiori
1700 2005 1833 2045 cura
1849 1989 2035 2045 fovere

442 2072 727 2141 debemus,
779 2081 834 2130 et
889 2075 1152 2131 reducere
1207 2076 1277 2131 ad
1332 2077 1574 2132 meliora.
1634 2081 1821 2132 Nostra
1875 2082 2034 2133 etiam

440 2162 688 2218 membra
703 2179 825 2235 qua
842 2164 1143 2220 inhonesta
1165 2170 1303 2220 sunt
1322 2183 1335 2219 :
1356 2174 1408 2219 ut
1423 2166 1678 2235 pudenda
1694 2166 1745 2220 in
1769 2182 2032 2237 corpore;

443 2258 498 2307 et
526 2250 818 2307 fornicator
849 2252 941 2307 ille
980 2252 1071 2324 qui
1102 2269 1327 2308 uxorem
1369 2255 1533 2323 patris
1564 2254 1795 2310 duxerat
1834 2256 1885 2309 in
1924 2258 2036 2312 Ec-

442 2339 614 2397 clesia
672 2340 1112 2408 Corinthiorum;
1141 2350 1198 2397 ut
1236 2342 1406 2398 David
1438 2345 1655 2414 quando
1711 2345 1954 2415 peccavit
1981 2346 2035 2399 in

442 2444 671 2484 uxorem
694 2428 864 2497 Uriae;
896 2430 1013 2486 haec
1026 2431 1309 2486 inhonesta
1329 2432 1533 2487 habent
1565 2433 2035 2489 abundantiorem

446 2518 822 2586 honestatem,
846 2518 900 2573 id
918 2527 1001 2574 est
1021 2520 1258 2592 diligens
1270 2529 1321 2575 et
1342 2521 1570 2576 honesta
1588 2537 1720 2575 cura
1732 2522 2037 2578 exhibenda

444 2614 528 2661 est
558 2606 657 2673 eis,
692 2623 780 2672 ne,
815 2607 861 2663 si
888 2617 1229 2677 spernantur,
1290 2610 1622 2679 desperent;
1655 2610 1778 2680 quia
1807 2610 2036 2667 fortasse

441 2710 568 2752 cras
597 2695 822 2767 perfecti
851 2704 1024 2763 erunt,
1057 2704 1115 2751 ut
1134 2697 1190 2751 in
1217 2698 1389 2752 David
1420 2698 1595 2752 visum
1618 2706 1718 2753 est.
1745 2700 2039 2754 Inhonesta

440 2782 687 2856 indigent
716 2786 1001 2840 honestate
1033 2803 1046 2839 :
1080 2786 1177 2841 sed
1209 2788 1443 2844 honesta
1460 2788 1710 2842 membra
1739 2804 1854 2843 non
1871 2793 2037 2860 egent

438 2884 618 2939 ullius
646 2884 871 2939 honoris
915 2884 1148 2954 impensi
1179 2884 1281 2939 sibi
1311 2885 1377 2939 ab
1408 2884 1541 2939 alio.
1590 2884 1696 2953 Qui
1727 2886 1872 2940 enim
1903 2902 2036 2956 per-

439 2969 564 3026 fecti
598 2979 740 3040 sunt,
773 2986 882 3027 non
929 2980 1095 3044 egent
1139 2973 1271 3028 alio.
1319 2975 1555 3028 Honesta
1611 2973 1832 3044 quidem
1889 2975 2038 3029 nullo

444 3066 609 3129 egent
640 3076 653 3113 :
685 3060 781 3115 sed
809 3061 955 3115 Deus
978 3063 1333 3132 temperavit,
1367 3061 1422 3114 id
1450 3069 1532 3115 est
1561 3060 1891 3116 modiﬁcavit
1919 3079 2038 3118 cor-

441 3163 566 3219 pus,
622 3154 679 3201 ut
720 3148 950 3204 honesta
997 3157 1257 3203 ornarent
1309 3148 1612 3204 inhonesta.
1671 3150 2035 3220 Temperavit,

444 3236 685 3308 inquam,
715 3237 1014 3293 tribuendo
1033 3238 1506 3293 abundantiorem
1528 3238 1793 3295 honorem
1806 3240 1856 3294 ei
1876 3256 2039 3295 mem-

444 3325 546 3380 bro
574 3325 663 3380 cui
691 3325 897 3396 aliquid
927 3325 1134 3394 deerat,
1169 3333 1227 3379 ut
1282 3327 1587 3381 membrum
1615 3343 1821 3400 aegrum
1849 3329 2040 3397 majori

445 3413 734 3469 dilectione
767 3413 1100 3479 foveremus,
1135 3430 1295 3486 quam
1327 3430 1537 3469 sanum.
1570 3415 1700 3471 ldeo
1723 3416 1802 3472 sic
1824 3424 2036 3488 tempe-

446 3502 602 3569 ravit,
626 3506 693 3558 ut
711 3519 828 3559 non
843 3504 920 3558 sit
939 3503 1206 3569 schisma,
1233 3503 1287 3557 id
1307 3512 1389 3558 est
1407 3504 1699 3572 discordia,
1729 3507 1791 3559 in
1813 3522 2038 3578 corpore

446 3591 664 3657 Christi;
678 3592 774 3648 sed
783 3592 968 3647 omnia
986 3593 1237 3647 membra
1265 3594 1514 3648 sollicita
1530 3594 1649 3649 sint
1658 3611 1759 3665 pro
1774 3596 2034 3663 invicem,

446 3680 503 3735 id
532 3681 856 3737 estalterum
883 3697 986 3751 pro
1014 3680 1184 3736 altero
1208 3700 1222 3747 ;
1253 3684 1567 3737 sentientes
1593 3682 1858 3754 idipsum,
1884 3684 1935 3738 id
1957 3693 2041 3739 est

446 3769 757 3841 angustiam
786 3770 1019 3841 proximi
1044 3770 1349 3839 judicantes
1395 3770 1688 3842 propriam.
1723 3774 1792 3827 Et
1822 3775 1873 3828 si
1909 3773 2041 3846 quid

450 3857 716 3913 molestiae
757 3860 982 3931 patitur
1018 3876 1200 3915 unum
1237 3860 1582 3928 membrum,
1615 3863 2043 3933 compatiantur

449 3947 643 4003 omnia
661 3947 934 4014 membra;
947 3948 1061 4003 sive
1081 3950 1363 4019 gloriatur
1373 3965 1554 4004 unum
1566 3952 1897 4017 membrum,
1918 3967 2045 4006 con-

454 4035 744 4108 gaudeant
755 4036 947 4091 omnia
959 4038 1227 4093 membra.
1243 4038 1310 4093 Et
1321 4036 1585 4109 quidquid
1607 4038 1718 4093 dixi
1745 4038 1813 4093 de
1843 4039 2044 4094 unitate

448 4124 698 4196 corporis
740 4124 958 4192 Christi,
1005 4133 1175 4181 totum
1209 4134 1415 4197 spectat
1446 4127 1514 4181 ad
1545 4143 1660 4192 vos,
1687 4143 1719 4182 ο
1750 4127 2041 4195 Corinthii;

449 4212 575 4285 quia
589 4230 681 4270 vos
698 4215 833 4270 estis
847 4230 1012 4269 unum
1027 4231 1229 4287 corpus
1249 4216 1477 4285 Christi,
1496 4220 1550 4271 et
1564 4215 1778 4271 diversa
1793 4217 2045 4272 membra

449 4301 743 4373 pendentia
774 4303 841 4358 de
870 4304 1114 4359 membro
1138 4303 1356 4370 Christi,
1381 4304 1472 4376 qui
1494 4320 1594 4358 vos
1622 4304 1691 4359 de
1713 4303 1818 4359 fide
1839 4305 2041 4360 docuit.

450 4391 552 4445 Vel
582 4391 831 4446 membra
857 4393 1148 4462 pendentia
1176 4392 1244 4447 de
1274 4393 1542 4457 membro,
1576 4392 1629 4447 id
1661 4401 1744 4448 est
1772 4394 1841 4449 de
1872 4394 2046 4464 capite

455 4479 690 4546 Christo,
743 4479 834 4552 qui
896 4497 1209 4552 supremum
1267 4481 1569 4536 membrum
1618 4489 1700 4536 est
1757 4481 2040 4538 Ecclesiae.

2070 3198 2117 3258 C

2134 1896 2476 1951 desideratis.
2509 1899 2577 1952 Et
2605 1914 2843 1967 congrue
2874 1899 3022 1953 Deus
3060 1900 3400 1955 diversitates
3429 1901 3729 1972 gratiarum

2133 1985 2189 2039 in
2210 1986 2457 2040 Ecclesia
2486 1986 2777 2040 ordinavit.
2812 1988 3076 2060 Nunquid
3110 1988 3253 2043 enim
3293 2005 3486 2045 omnes
3512 1990 3736 2045 fuerunt

2134 2076 2373 2146 apostoli
2407 2078 2430 2129 ἵ
2461 2074 2515 2129 Si
2547 2091 2736 2129 omnes
2765 2075 2968 2146 utique,
3004 2092 3106 2131 nec
3137 2094 3295 2132 unus.
3319 2078 3457 2132 Nam
3488 2079 3553 2147 si,
3601 2094 3733 2134 cum

2135 2179 2327 2218 omnes
2356 2171 2538 2217 essent
2558 2164 2807 2233 apostoli,
2842 2180 2952 2218 non
3006 2174 3190 2220 essent
3227 2166 3423 2236 quibus
3455 2167 3731 2237 praedica-

2135 2260 2256 2307 rent
2289 2253 2516 2306 verbum
2540 2253 2659 2321 Dei,
2694 2252 2816 2324 quia
2846 2269 3036 2308 omnes
3057 2254 3280 2324 perfecti
3306 2273 3320 2319 ;
3347 2255 3565 2321 iterum,
3585 2274 3739 2313 nun-

2135 2341 2266 2412 quid
2297 2357 2487 2395 omnes
2521 2348 2703 2395 essent
2729 2341 3017 2413 prophetia
3051 2346 3072 2398 ?
3102 2343 3191 2398 Sic
3238 2344 3350 2411 jam
3381 2343 3513 2399 nihil
3568 2345 3735 2400 alicui

2134 2436 2320 2499 posset
2352 2428 2604 2498 revelari,
2639 2430 2764 2501 quia
2795 2430 2995 2502 singuli
3027 2439 3209 2484 essent
3236 2433 3532 2503 prOphetze.
3570 2434 3734 2489 Nun-

2135 2517 2267 2589 quid
2293 2516 2490 2571 iterum
2513 2534 2704 2573 omnes
2732 2526 2886 2573 erunt
2918 2519 3213 2574 doctores?
3239 2520 3361 2574 Non
3391 2528 3537 2575 esset
3565 2538 3731 2592 quem

2136 2604 2203 2660 de
2233 2606 2476 2659 moribus
2504 2606 2855 2670 instruerent,
2889 2606 3015 2678 quia
3049 2623 3239 2663 omnes
3269 2608 3435 2663 docti.
3465 2610 3737 2682 Nunquid

2136 2710 2328 2750 omnes
2350 2697 2632 2750 virtutes?
2661 2695 2750 2751 Sic
2770 2711 2871 2751 nec
2901 2705 3065 2765 esset,
3095 2696 3181 2751 cui
3222 2695 3413 2753 fierent
3443 2698 3733 2754 miracula.

2135 2783 2401 2855 Nunquid
2420 2800 2612 2839 omnes
2641 2785 2844 2840 habent
2861 2786 3107 2855 gratiam
3124 2788 3488 2842 curationum
3508 2786 3536 2840 ?
3564 2787 3691 2843 Non
3717 2805 3733 2842 :

2138 2873 2266 2943 quia
2296 2889 2403 2927 non
2432 2881 2577 2928 esset
2597 2890 2758 2945 quem
2792 2882 3063 2929 curarent.
3099 2875 3362 2948 Nunquid
3408 2892 3602 2931 omnes
3629 2892 3737 2931 va-

2138 2961 2233 3016 riis
2295 2963 2504 3032 linguis
2553 2963 2899 3035 loquuntur?
2934 2963 3023 3018 Sic
3070 2963 3184 3031 jam
3212 2964 3316 3018 vile
3346 2971 3400 3019 et
3444 2980 3739 3023 commune

2139 3048 2292 3105 fieret
2320 3050 2523 3105 donum
2544 3052 2663 3106 Dei.
2695 3052 2959 3123 Nunquid
2975 3068 3166 3107 omnes
3181 3054 3664 3125 interpretantur,
3681 3055 3739 3110 id

2139 3146 2239 3206 est,
2292 3138 2533 3209 linguam
2590 3140 2645 3193 in
2693 3140 2933 3211 linguam
2975 3140 3265 3195 transferre
3322 3143 3645 3197 noverunt?
3681 3144 3743 3200 Si

2140 3243 2332 3282 omnes
2361 3227 2706 3299 interpretes,
2755 3244 2855 3299 pro
2902 3228 3070 3283 nihilo
3123 3227 3279 3284 fieret
3334 3230 3739 3302 interpretatio.

2140 3317 2274 3372 Cum
2302 3326 2481 3372 autem
2514 3317 2621 3371 sint
2650 3325 2726 3372 tot
2752 3318 2893 3372 dona
2928 3318 3159 3388 Spiritus
3181 3318 3372 3383 sancti,
3414 3322 3744 3378 wmulami-

2140 3408 2221 3470 ni,
2242 3406 2298 3460 id
2330 3413 2413 3460 est
2440 3406 2745 3461 desiderate
2793 3422 2855 3461 ea
2885 3407 3256 3472 charismata,
3290 3407 3342 3460 id
3374 3415 3457 3462 est
3497 3410 3745 3479 gratuita

2140 3493 2286 3549 dona
2331 3493 2571 3565 spiritus,
2626 3511 2746 3566 quae
2794 3495 2935 3550 inter
2979 3496 3239 3566 praedicta
3298 3504 3421 3550 sunt
3471 3499 3739 3555 meliora.

2141 3582 2425 3638 Charisma
2467 3583 2754 3655 gratuitum
2813 3583 3031 3639 dicitur.
3080 3584 3149 3637 Et
3197 3592 3394 3655 praeter
3450 3585 3566 3640 haec
3616 3603 3747 3657 quae

2141 3687 2309 3741 supra
2338 3672 2659 3737 monstravi,
2692 3673 3014 3728 demonstro
3049 3673 3192 3730 vobis
3230 3673 3413 3729 adhuc
3446 3675 3595 3729 viam
3625 3692 3746 3731 ex-

2142 3762 2549 3826 cellentiorem,
2582 3762 2638 3816 id
2668 3769 2749 3815 est
2779 3762 3119 3828 charitatem,
3139 3778 3260 3833 quae
3273 3761 3360 3817 via
3380 3770 3481 3828 est,
3511 3771 3564 3818 et
3584 3752 3767 3821 omni.

2141 3849 2287 3904 dono
2317 3848 2670 3905 excellentior
2701 3869 2714 3915 ;
2743 3850 2871 3921 quia
2901 3858 3097 3905 caetera
3118 3850 3297 3906 omnia
3326 3866 3436 3906 non
3465 3850 3748 3910 suﬂiciunt

2142 3938 2211 3993 ad
2233 3938 2625 3993 beatitudinem
2668 3938 2786 3993 sine
2825 3938 3103 3994 charitate.

2684 4131 2909 4188 CAPUT
2938 4131 3084 4186 XIII.

2220 4322 2241 4347 ιι
2279 4298 2334 4355 Si
2361 4298 2563 4372 linguis
2593 4297 2870 4352 hominum
2910 4298 3106 4370 loquar
3130 4306 3184 4353 et
3226 4299 3571 4371 angelorum,
3601 4301 3746 4356 cha-

2149 4410 2173 4441 (
2208 4387 2424 4443 ritatem
2454 4395 2634 4442 autem
2669 4404 2778 4441 non
2812 4387 3060 4453 habeam,
3096 4387 3270 4443 factus
3312 4405 3432 4442 sum
3490 4386 3635 4445 velut
3666 4407 3751 4446 aes

2151 4498 2173 4527 α
2210 4491 2431 4542 sonans,
2462 4484 2554 4531 aut
2579 4476 2884 4547 cymbalum
2904 4475 3166 4531 tinniens.
3194 4477 3263 4531 Et
3284 4476 3331 4532 si
3345 4477 3590 4532 habuero
3604 4493 3751 4548 pro-

449 4567 683 4623 Locutus
742 4576 825 4624 est
880 4570 1129 4641 superius
1181 4570 1251 4625 de
1314 4570 1633 4626 diversitate
1676 4556 2114 4626 membrorumD
2149 4588 2170 4617 κ
2205 4564 2465 4637 ρὴοιίεηι,
2512 4572 2565 4619 ει
2594 4564 2841 4619 noverim
2895 4564 3156 4635 mysteria
3185 4566 3385 4632 omnia,
3420 4574 3473 4621 ει
3520 4581 3752 4623 omnem

450 4656 667 4724 Christi,
692 4658 963 4729 quomodo
993 4676 1159 4714 unum
1207 4659 1313 4713 sint
1340 4659 1396 4713 in
1451 4658 1628 4730 capite
1658 4675 1757 4713 suo
1788 4658 2041 4724 Christo;

446 4745 685 4818 loquitur
712 4747 886 4803 adhuc
912 4748 982 4802 de
1013 4748 1220 4804 eisdem
1248 4748 1507 4803 membris
1536 4747 1836 4803 secundum
1856 4747 2041 4802 diver-

454 4834 645 4889 sitates
675 4835 941 4890 donorum
974 4852 1095 4908 quae
1130 4837 1330 4891 habent
1357 4852 1391 4891 a
1422 4835 1621 4907 Spiritu
1681 4843 1909 4900 sancto;
1944 4850 2044 4890 vo-

450 4922 571 4978 lens
600 4939 924 4994 comparare
961 4924 1106 4981 dona
1131 4926 1231 4981 illa
1251 4926 1391 4980 inter
1422 4941 1501 4990 se,
1553 4940 1675 4996 quae
1730 4924 1909 4996 magis
1939 4924 2046 4978 sint

450 5010 620 5075 utilia,
645 5028 813 5083 quam
851 5013 1030 5069 minus
1063 5032 1076 5068 :
1109 5022 1165 5069 ut
1220 5013 1453 5069 charitas
1480 5022 1532 5068 et
1560 5012 1863 5083 prophetia,
1925 5028 2047 5084 quae

452 5100 690 5155 maxima
723 5109 865 5156 sunt.
900 5103 1071 5174 Loqui
1119 5103 1351 5158 diversis
1382 5101 1602 5173 linguis,
1653 5100 1818 5173 longe
1848 5101 1932 5155 his
1956 5101 2045 5155 in-

451 5188 647 5243 ferius.
687 5190 755 5244 Et
789 5191 902 5246 haec
930 5190 1054 5246 ideo
1083 5198 1380 5261 comparat,
1402 5190 1522 5260 quia
1557 5188 1816 5244 Corinthii
1839 5204 2047 5261 genera

447 5276 760 5351 linguarum
799 5280 950 5351 (quae
981 5279 1170 5335 ultima
1200 5282 1339 5349 erat)
1400 5278 1762 5350 praeferebant
1793 5278 2047 5332 omnibus

450 5366 665 5438 gratiis.

520 5455 723 5510 Littera
753 5456 833 5511 sic
868 5456 1148 5528 jungitur:
1182 5458 1291 5512 Vos
1324 5458 1453 5513 estis
1480 5461 1727 5517 membra
1756 5465 2047 5534 pendentia

449 5543 518 5599 de
555 5544 823 5610 membro,
858 5544 911 5598 id
944 5545 1114 5601 estde
1169 5547 1343 5617 capite
1380 5548 1613 5615 Christo,
1640 5551 1693 5606 in
1733 5569 1842 5625 quo
1882 5571 2045 5608 unum

453 5648 651 5703 corpus
668 5632 799 5688 estis
818 5650 833 5699 ;
858 5641 911 5689 et
924 5634 978 5688 in
993 5634 1094 5691 hac
1114 5636 1316 5692 unitate
1337 5638 1616 5705 discretio,
1644 5640 1766 5712 quia
1780 5642 2046 5714 quosdam

450 5720 766 5795 quidem,id
793 5729 875 5779 est
897 5723 1155 5795 discreta,
1177 5730 1370 5801 posuit
1398 5729 1545 5788 Deus
1556 5730 1619 5786 in
1636 5732 1905 5791 Ecclesia.
1923 5733 2048 5790 Pri-

2147 4678 2167 4703 οι
2206 4654 2521 4721 scientiam,
2573 4661 2625 4708 et
2669 4653 2715 4707 si
2769 4653 3016 4709 habuero
3060 4669 3280 4709 omnem
3336 4652 3520 4721 fidem,
3578 4655 3654 4708 ita
3689 4664 3754 4712 ut

2148 4766 2169 4790 α
2204 4752 2418 4798 montes
2449 4741 2796 4807 transferam,
2828 4743 3140 4797 charitatem
3159 4750 3343 4797 autem
3355 4742 3718 4800 nonhabeam
3743 4787 3759 4815 ,

2149 4853 2171 4883 ι
2205 4831 2340 4885 nihil
2370 4847 2505 4885 sum.
2529 4831 2594 4884 Et
2616 4831 2660 4884 si
2681 4831 3011 4886 distribuero
3041 4830 3097 4884 in
3118 4831 3270 4886 cibos
3293 4847 3591 4903 pauperum
3612 4847 3749 4889 orn-

2150 4943 2171 4971 «
2205 4936 2304 4975 nes
2334 4919 2616 4975 facultates
2646 4935 2818 4989 meas,
2851 4927 2905 4974 et
2934 4920 2978 4973 si
3010 4920 3290 4975 tradidero
3322 4936 3523 4992 corpus
3556 4936 3753 4978 meum

2149 5029 2172 5060 ι
2206 5009 2279 5063 ita
2310 5017 2369 5062 ut
2416 5009 2655 5073 ardeam,
2716 5008 3033 5062 charitatem
3089 5016 3271 5063 autem
3322 5024 3430 5064 non
3473 5008 3749 5078 habuero,

2148 5128 2171 5153 η
2208 5106 2339 5160 nihil
2363 5106 2492 5159 mihi
2527 5104 2766 5176 prodest.
2801 5104 3050 5159 Charitas
3092 5105 3307 5175 patiens
3338 5114 3440 5175 est,
3500 5105 3757 5178 benigna

2150 5218 2171 5242 ιι
2212 5203 2311 5250 est.
2346 5195 2595 5250 Charitas
2643 5210 2753 5249 non
2784 5194 3085 5260 aemulatur,
3124 5210 3233 5249 non
3287 5195 3402 5267 agit
3433 5210 3750 5265 perperam,

2151 5307 2174 5333 α
2207 5300 2318 5339 non
2365 5284 2602 5348 inﬂatur,
2634 5299 2743 5338 non
2789 5290 2873 5337 est
2903 5282 3210 5345 ambitiosa,
3244 5298 3355 5337 non
3394 5282 3584 5354 quaerit
3619 5300 3754 5354 qum

2150 5396 2171 5419 α
2210 5388 2309 5427 sua
2339 5379 2483 5437 sunt,
2514 5387 2623 5426 non
2663 5371 2917 5437 irritatur,
2970 5386 3078 5425 non
3135 5370 3335 5440 cogitat
3371 5370 3596 5436 malum,
3624 5388 3748 5428 non

2151 5484 2173 5510 α
2206 5461 2407 5532 gaudet
2437 5476 2603 5529 super
2631 5458 2907 5530 iniquitate
2941 5478 2954 5524 ;
2979 5459 3285 5531 congaudet
3304 5467 3482 5513 autem
3503 5459 3749 5517 veritati.

2150 5573 2171 5597 ι(
2211 5549 2408 5604 Omnia
2436 5547 2642 5613 suﬂ‘ert,
2677 5548 2860 5602 omnia
2881 5548 3074 5613 credit,
3108 5548 3286 5602 omnia
3326 5555 3532 5617 sperat,
3565 5551 3759 5606 omnia

2149 5661 2171 5686 ιι
2207 5638 2452 5692 sustinet.
2485 5636 2728 5691 Charitas
2758 5652 3037 5708 nunquam
3067 5635 3266 5692 excidit
3297 5654 3310 5703 ;
3347 5636 3462 5691 sive
3494 5639 3751 5708 prophe-

2150 5749 2172 5778 «
2208 5726 2294 5782 tiae
2351 5725 2776 5792 evacuabunlur,
2829 5724 2945 5782 sive
3001 5724 3203 5797 linguae
3246 5724 3557 5794 cessabunt,
3628 5727 3755 5788 sive
