3946 6442
298 422 415 491 839

301 579 513 639 passus
549 560 619 617 ab
650 550 933 612 llaistulfo
963 535 1475 612 Longobardorum
1507 540 1664 597 rege,
1696 520 1855 579 venit
1878 515 1949 573 ad
1978 515 2035 576 A

1317 623 1354 639 υ
1378 622 1515 639 νειμ-μ
1550 612 1803 639 n....:-:....
1837 606 1927 639 ιιιι

304 606 609 727 Pippinum
647 657 841 713 regem
868 640 920 694 in
971 632 1107 691 villa
1140 642 1267 700 qua}
1300 622 1517 679 dicitur
1550 612 1804 672 Carisius
1837 606 1949 677 ιλιι,

1064 724 1093 727 _
1508 706 1730 727 ~‘--=—.-.
1769 701 1836 727 ηι.
1872 698 1927 727 ςη

307 698 323 712 ι
352 698 609 727 ιιιιψιι-ν---ν
649 698 661 702 -
688 698 691 699 ν
715 698 744 713 (2
1160 698 1171 700 ἡ

307 754 628 813 suggerens
660 736 732 803 ei,
771 736 833 789 ut
865 744 925 784 se
958 730 1016 782 et
1064 724 1374 776 Romanam
1409 706 1733 767 aecclesiam
1769 701 1839 756 ab
1872 698 1957 753 in-

1181 809 1193 813 -
1248 807 1264 813 Α
1357 802 1368 813 ·
1485 804 1494 813 -
1555 794 1715 813 -νμ-ει
1746 795 1791 813 ..ι
1827 791 1934 813 Ir-..

308 791 620 891 festatione
638 791 1146 891 Longobardorum
1164 802 1525 864 defenderet.
1555 794 1723 851 Venit
1741 795 1796 846 ct
1826 791 1961 843 Kar-

308 924 638 985 lomannus,
666 914 847 968 frater
871 904 1051 974 regis,
1072 900 1189 970 jam
1215 890 1532 950 monachus
1557 888 1767 948 factus,
1789 880 1960 948 jussu

314 964 638 985 ..,...u...._-,
666 964 700 968 __
728 964 747 966 ν
941 964 971 974 ν
1041 964 1091 970 η

314 1009 544 1069 abbatis
569 1003 680 1073 sui,
708 1005 771 1055 ut
796 994 947 1068 apud
975 994 1212 1047 fratrem
1235 998 1399 1040 suum
1424 975 1697 1050 precibus
1720 964 1961 1024 Romani

313 1096 609 1175 pontificis
642 1089 980 1149 obsisteret.
1019 1079 1240 1137 Invitus
1269 1068 1601 1138 tamen,hoc
1625 1061 1833 1119 fecisse
1864 1071 1966 1129 pu-

313 1156 498 1253 tatur,
532 1182 665 1255 quia
699 1192 803 1235 nec
848 1175 944 1230 ille
978 1171 1209 1228 abbatis
1243 1162 1329 1219 sui
1369 1161 1529 1231 jussa
1569 1156 1964 1215 contemnere,

318 1233 498 1253 .......,
535 1233 665 1255 1,-“

318 1294 422 1335 nec
457 1275 639 1331 abbas
671 1268 768 1325 ille
807 1260 1101 1338 preceptis
1134 1253 1289 1323 regis
1311 1243 1845 1317 Longobardorum,
1874 1233 1969 1306 qui

318 1368 371 1424 ei
406 1368 512 1422 hoc
547 1325 878 1432 imperavit,
915 1348 1164 1407 audebat
1202 1341 1500 1399 resistere.
1530 1328 1817 1405 (Rasum)
1852 1325 1974 1380 Ste-

324 1411 371 1424 υ.
406 1411 512 1422 ..νυ
790 1411 793 1413 ,
865 1411 877 1424 ,

324 1458 551 1530 phanus
574 1454 768 1507 autem
795 1456 944 1515 papa
965 1435 1119 1510 apud
1136 1429 1421 1489 Parisium
1437 1416 1796 1493 aliquamdiu
1820 1411 1978 1468 infir-

326 1508 499 1530 ιν--ητ
795 1508 811 1515 -
878 1508 891 1515 -
1004 1508 1011 1510 _

325 1548 538 1607 matus,
573 1545 919 1603 rursumque
968 1541 1070 1599 per
1102 1524 1365 1579 sanetum
1415 1508 1736 1570 Dionisium
1771 1514 1979 1560 conva-

325 1637 577 1699 lescens,
628 1629 934 1698 postquam
968 1632 996 1673 a
1030 1628 1165 1683 rege
1194 1606 1437 1679 Pippino
1488 1616 1593 1673 pro
1624 1598 1842 1653 sancta:
1873 1592 1980 1647 Ro-

332 1736 514 1779 manae
529 1714 814 1776 aecclesiie
833 1705 1167 1766 defensioue
1187 1697 1518 1754 firmitatem
1536 1683 1980 1756 accepit,ipsum

333 1825 501 1870 sacra
536 1805 810 1864 unctione
858 1798 913 1852 in
963 1793 1139 1863 regim
1173 1782 1475 1857 dignitatis
1532 1779 1749 1833 honore
1780 1770 1987 1827 confir-

3590 324 3720 391 840

2062 507 2456 584 gohardorum
2483 511 2611 556 cum
2641 487 2816 549 nichil
2850 495 3049 541 eorum
3074 491 3200 550 quae
3225 472 3377 531 datis
3407 468 3722 528 obsidibus

2891 576 2901 584 .
2946 574 2976 584 ..
3432 559 3722 584 ,κλῇε-ψη

2064 559 2125 658 Et
2177 559 2686 665 factojuramento
2717 574 2986 652 promisit
3025 565 3402 639 complesset,
3432 559 3725 630 Pippinus

2069 706 2170 746 rex
2206 688 2417 742 iterum
2447 693 2575 736 cum
2624 668 2890 729 exercitu
2923 660 3146 718 Italiam
3205 651 3464 719 veniens,
3498 663 3628 704 eum
3663 646 3720 700 in

2068 778 2244 849 Papia
2275 735 2527 837 obsedit,
2576 769 2632 821 et
2665 761 2735 817 ad
2768 749 3060 827 implenda
3108 760 3234 817 quae
3266 739 3533 814 promisit
3566 735 3724 791 obsi-

2073 828 2244 924 dione
2270 828 2492 929 coegit;
2515 828 2925 916 redditumque
2947 838 3057 897 sibi
3082 838 3409 892 Ravennam
3433 832 3490 883 ct
3514 828 3729 882 Penta-

2073 955 2253 1028 polim
2294 956 2643 1014 omnemque
2674 934 3051 995 exarchatum
3085 924 3155 981 ad
3186 924 3516 978 Ravennam
3546 914 3728 987 perti-

2794 1025 2803 1028 -
2983 1019 2993 1028 ·
3026 1016 3036 1027 ⁸
3174 1027 3179 1028 ν
3261 1008 3465 1028 -γ--μιμ
3514 1005 3565 1028 ε..
3600 1001 3696 1028 ρει

2078 1001 2309 1100 gentem
2331 1001 2532 1095 sancto
2552 1001 2731 1087 Petro
2775 1021 2956 1087 dedit,
2983 1016 3191 1085 hisque
3214 1008 3487 1083 peractis,
3514 1005 3569 1060 in
3599 1001 3727 1058 Gal-

2081 1134 2213 1190 liam
2247 1127 2439 1185 rediit.
2478 1126 2617 1179 l’ost
2649 1117 2817 1188 cujus
2874 1112 3213 1167 abscessum
3248 1095 3565 1154 Haistolfus
3593 1105 3727 1147 cum

2081 1238 2145 1279 ea
2182 1234 2311 1291 quae
2343 1210 2615 1289 promisit
2646 1208 2836 1264 denuo
2861 1197 3219 1256 commutare
3247 1187 3649 1249 meditaretur,
3676 1180 3734 1234 in

2083 1308 2395 1367 venatione
2417 1304 2489 1359 de
2510 1314 2659 1370 equo
2684 1309 2786 1353 suo
2817 1289 3129 1364 prolapsus
3151 1284 3209 1337 et
3254 1293 3326 1335 ex
3349 1277 3456 1332 hoc
3486 1272 3737 1328 infirma-

2088 1406 2202 1467 tus,
2238 1398 2389 1452 intra
2424 1402 2643 1464 paucos
2676 1361 3074 1441 dies-vivendi
3108 1371 3278 1426 ﬁnem
3312 1366 3467 1422 fecit.
3504 1361 3602 1419 Cui
3634 1362 3740 1415 De-

2090 1487 2343 1546 siderius
2362 1477 2667 1539 successit.

2164 1598 2213 1651 4.
2250 1595 2332 1647 16.
2370 1593 2432 1646 Α.
2468 1589 2528 1642 Ι).
2562 1587 2686 1641 757.
2733 1570 3152 1636 Constantinus
3208 1565 3524 1635 imperator
3581 1555 3744 1612 misit

2094 1682 2340 1756 Pippino
2382 1675 2502 1745 regi
2545 1682 2805 1737 munera,
2831 1666 2983 1721 inter
3016 1672 3142 1731 quae
3173 1659 3233 1711 et
3261 1664 3538 1722 organum
3566 1665 3578 1713 ;
3614 1660 3745 1716 qua:

2099 1736 2116 1742 —
2145 1736 2275 1756 -ηη
2448 1736 2478 1745 υ
2794 1736 2797 1737 ν

2099 1775 2169 1831 ad
2217 1786 2346 1827 eum
2379 1769 2433 1823 in
2471 1758 2819 1833 Compendio
2863 1751 2999 1809 villa
3034 1743 3446 1821 pervenerunt,
3479 1736 3573 1793 ubi
3606 1739 3748 1789 tunc

340 1825 501 1870 sacra
536 1824 810 1864 uncuuue
858 1824 913 1852 ιιι
965 1824 1139 1863 regia;
1173 1824 1475 1857 υιειιιυμυω
1532 1824 1741 1833 ..νηνη
1790 1824 1836 1827 ,γ

340 1898 542 1964 mavit,
569 1900 627 1950 et
652 1907 779 1948 cum
804 1904 871 1944 co
904 1885 1049 1941 duos
1098 1879 1248 1935 ﬁlios
1279 1873 1425 1943 ejus,
1460 1865 1733 1924 Karolum
1764 1865 1819 1915 et
1852 1860 1988 1913 Kar-
2017 1880 2048 1938 ξ

2185 1860 2305 1934 puli
2339 1857 2429 1915 sui
2487 1847 2816 1923 generalem
2849 1840 3201 1899 conventum
3261 1827 3481 1887 habuit.
3518 1824 3656 1880 illuc
3689 1829 3749 1877 et

2289 1948 2320 1964 "
2414 1946 2509 1964 ἠυ
2559 1936 2954 1964 ““-·”··“²τ-“·ιητ
2991 1942 3117 1964 enm
3173 1918 3526 1964 nrimnrilms
3559 1911 3749 1964 gentis

338 1991 693 2052 lomannum,
722 1993 851 2036 cum
882 1978 1066 2030 matre
1099 1980 1298 2023 eorum
1341 1954 1659 2016 Berhtrada
1687 1962 1990 2006 consecra-

339 2080 456 2145 vit;
478 2063 949 2135 Francorumque
972 2070 1252 2132 proceres
1285 2066 1393 2109 una
1423 2061 1552 2103 cum
1582 2040 1797 2114 populo
1823 2038 1993 2093 bene-

352 2123 364 2134 '
380 2123 423 2134 ⁸·’
443 2123 456 2145 ν
480 2123 497 2130 -
522 2123 537 2129 ’
555 2123 620 2128 νη
637 2123 655 2128 ν
676 2123 689 2126 ν
858 2123 871 2135 ι
973 2123 986 2132 .

343 2166 596 2225 dictione
641 2154 963 2231 apostolica
997 2144 1391 2211 sanctificans,
1447 2131 1803 2191 auctoritate
1838 2123 1993 2183 beati

343 2255 502 2313 Petri
535 2217 789 2322 apostoli
821 2238 1124 2310 obligavit,
1165 2239 1224 2289 ct
1257 2230 1624 2302 protestatus
1656 2226 1747 2277 est
1777 2232 1898 2286 eos,
1938 2217 1998 2269 ut

348 2354 640 2413 nunquam
675 2336 805 2408 ipsi,
851 2330 943 2387 vel
977 2327 1193 2398 quique
1226 2337 1297 2377 ex
1328 2332 1527 2374 eorum
1562 2308 1860 2385 progenie,
1899 2317 1998 2375 per

1934 2392 1998 2413 ,.-

349 2392 639 2413 "“"‘1"“'"
700 2392 711 2408 ι
794 2392 805 2405 ι
998 2392 1009 2398 -
1100 2392 1115 2395 -

349 2426 788 2492 succedentium
837 2414 1132 2477 curricula
1192 2417 1516 2479 temporum
1578 2395 1893 2472 progeniti,
1931 2392 2001 2447 de

351 2523 461 2580 alia
494 2518 679 2588 stirpe
728 2524 921 2581 regem
958 2504 1069 2561 sibi
1114 2498 1526 2573 preponerent,
1562 2489 1669 2544 nisi
1702 2502 1774 2543 ex
1801 2496 2000 2539 eorum

354 2608 694 2686 propagine,
731 2615 876 2673 quos
921 2595 1112 2652 divina
1146 2582 1515 2662 providentia
1552 2585 1689 2635 tunc
1722 2576 1776 2630 in
1810 2573 2005 2628 defen-

1225 2682 1232 2686 ·
1377 2672 1450 2686 ·’·
1572 2684 1608 2686 π
1679 2668 1843 2686 ιε’-η--
1892 2661 1987 2686 ru:

356 2661 572 2686 r'"l'“o
683 2661 693 2675 l
750 2661 765 2673 ι
1148 2661 1157 2662 ι

354 2703 571 2760 sionem
604 2690 886 2752 aecclesiae
918 2686 1153 2754 dignata
1187 2682 1277 2734 ets
1300 2672 1635 2731 sublimare.
1677 2668 1863 2736 (Risu.
1892 2661 2001 2717 Vit.

354 2754 661 2849 Eat—l7.
689 2777 984 2838 Bwrck.-—
1004 2772 1143 2830 0hr.
1191 2767 1297 2838 W.)
1329 2765 1419 2819 Sic
1451 2773 1591 2827 ergo
1627 2754 1905 2827 Pippinus
1936 2766 2009 2805 ex

358 2878 622 2952 prefecto
648 2868 873 2944 palatii,
900 2860 1252 2921 auctoritate
1278 2849 1623 2926 apostolica,
1658 2843 2010 2901 sublimat-us

362 2931 416 2952 τ-
649 2931 664 2944 .
861 2931 868 2937 ,

362 2969 650 3025 etunctus
681 2960 735 3015 in
780 2956 975 3013 sedem
1001 2948 1184 3019 regni,
1205 2949 1409 3017 postea
1451 2935 1713 3008 regnavit
1730 2931 1894 2988 annis
1926 2932 2009 2998 15,

367 3020 673 3113 absolutus
723 3060 824 3118 per
855 3040 1101 3099 eundem
1152 3047 1356 3107 papam
1413 3028 1767 3099 Stephanum
1801 3036 1829 3076 a
1859 3020 2015 3089 jura-

368 3148 581 3213 mento,
609 3137 761 3211 quod
808 3133 927 3202 regi
979 3106 1268 3185 llilderico
1292 3134 1421 3178 eum
1455 3114 1674 3175 ceteris
1718 3109 1877 3180 regni
1908 3106 2021 3178 pri-

372 3233 632 3292 moribus
666 3229 905 3283 fecerat.
963 3216 1290 3275 Ilildericus
1338 3224 1499 3277 vero,
1553 3204 1648 3275 qui
1685 3201 1831 3257 falso
1860 3197 2018 3267 regis
2050 3236 2100 3301 Ο

373 3323 602 3381 nomine
654 3313 1024 3385 fungebatur,
1063 3312 1231 3363 tonso
1263 3300 1477 3373 capite,
1513 3298 1569 3351 in
1601 3288 2018 3350 monasterium

373 3414 583 3469 missus
613 3412 702 3463 est
733 3404 848 3457 ιω.

441 3465 615 3558 ‘14.
654 3498 838 3565 (Eme.
870 3492 965 3561 A.)
1017 3490 1080 3543 A.
1115 3488 1178 3541 D.
1213 3488 1337 3540 755.
1363 3484 1384 3505 *
1412 3475 1693 3549 Pippinus
1725 3486 1849 3537 rex,
1882 3465 2025 3522 invi-

378 3596 540 3650 tante
571 3602 637 3643 ac
666 3561 908 3653 rogante
950 3575 1220 3649 predicto
1254 3583 1401 3642 papa
1435 3565 1746 3636 Stephano,
1784 3561 2025 3630 propter

371 3678 670 3754 justiciam
692 3647 848 3727 beati
872 3647 1033 3724 Petri
1053 3659 1303 3734 apostoli
1322 3655 1664 3725 exigendam
1685 3664 1715 3705 a
1740 3662 1871 3716 rege
1889 3647 2030 3700 Lon-

376 3732 547 3754 .—~v--
1090 3732 1103 3734 _

376 3765 772 3842 gobardorum
803 3753 1114 3821 Haistulfo,
1142 3749 1366 3805 Italiam
1387 3758 1517 3800 cum
1541 3754 1711 3796 manu
1735 3734 1923 3793 valida
1948 3732 2031 3787 in-

379 3823 578 3924 travit,
641 3844 1173 3911 resistentibusque
1232 3830 1628 3905 Longobardis
1657 3831 1713 3882 et
1770 3823 2030 3880 claustra

382 3944 565 4003 Italia:
592 3938 914 4003 tuentibus,
935 3932 1004 3988 ad
1036 3930 1194 4001 ipsas
1220 3923 1497 3981 montium
1521 3919 1719 3975 clusas
1752 3911 2032 3969 acerrime

384 4039 705 4108 pugnatum
738 4030 850 4094 est,
884 4019 1353 4085 cedentibusque
1377 4005 1798 4080 Longobardis,
1835 4014 2034 4059 omnes

385 4124 568 4196 copiae
586 4123 936 4177 Francorum
954 4108 1342 4165 intraverunt.
1365 4097 1686 4156 Ilaistolfus
1707 4107 1846 4151 vero
1862 4106 1964 4146 rex
1978 4089 2034 4143 in

384 4212 559 4285 Papia
596 4208 836 4265 civitate
885 4217 946 4258 se
979 4196 1238 4262 inclusit,
1275 4206 1445 4264 quem
1478 4186 1758 4259 Pippinus
1792 4197 1890 4237 rex
1922 4185 2037 4234 tam

389 4303 489 4360 diu
523 4296 775 4365 obsedit,
835 4293 1017 4347 donec
1077 4281 1373 4342 firmitatis
1429 4290 1604 4336 causa
1637 4289 1743 4346 pro
1777 4267 2039 4327 facienda

390 4396 607 4450 sancta:
637 4389 907 4442 Romanae
934 4376 1217 4436 aacclesize
1246 4370 1483 4443 justicia
1518 4365 1757 4423 obsides
1786 4365 1855 4416 40
1881 4372 2041 4415 rece-

389 4482 495 4555 pit.
530 4478 753 4545 Quibus
784 4471 957 4539 datis,
992 4463 1414 4541 promissisque
1441 4452 1824 4530 jurejurando
1855 4451 2042 4505 firma-

391 4544 491 4642 tis,
509 4544 790 4639 Pippinus
805 4560 1035 4632 quidem
1053 4557 1285 4613 domum
1312 4548 1509 4618 rediit,
1525 4544 1878 4615 Stephanum
1902 4553 2042 4597 vero

394 4672 599 4734 papam
626 4668 757 4711 cum
783 4631 1032 4707 Folrado
1064 4641 1369 4714 capellano
1395 4642 1452 4692 et
1478 4649 1592 4691 non
1616 4632 1848 4688 minima
1874 4631 2047 4685 Fran-

393 4762 595 4808 corum
620 4757 791 4801 manu
823 4742 1056 4795 Romam
1090 4730 1336 4788 remisit.
1384 4724 1805 4782 Karlomannus
1828 4725 2043 4789 autem,

398 4842 583 4897 frater
612 4833 789 4905 regis,
826 4829 925 4901 qui
973 4840 1101 4883 cum
1138 4817 1458 4877 Berhtrada
1510 4813 1706 4882 regina
1742 4811 1796 4866 in
1829 4810 2048 4866 Vienna

397 4929 640 4988 civitate
661 4903 961 4981 remansit,
978 4916 1288 4985 correptus
1303 4908 1486 4976 febre,
1505 4903 1843 4976 priusquam
1860 4913 2054 4956 rever-

397 5023 637 5078 turetur
667 5012 849 5079 obiit;
900 5007 1091 5077 cujus,
1126 5014 1344 5073 corpus
1370 4998 1539 5069 jussu
1569 4992 1727 5062 regis
1755 4991 1826 5047 ad
1861 5004 2054 5047 mona-

403 5109 651 5170 sterium
682 5100 866 5162 sancti
893 5091 1213 5163 Benedicti,
1248 5089 1343 5147 ubi
1378 5085 1697 5144 monachus
1732 5087 1879 5152 erat,
1908 5080 2055 5136 rela-

404 5208 527 5260 tum
550 5186 1023 5256 est.Sanctus“13
1040 5182 1370 5241 Bonifacius
1395 5193 1605 5252 passus
1618 5179 1708 5233 est
1728 5174 1892 5236 (σήν.
1924 5171 2050 5243 lii).

448 5345 455 5349 .
543 5292 567 5315 "
601 5281 1065 5418 13§.E.baddmzt:
1104 5271 1551 5332 Constantinus
1612 5263 2059 5337 tyrannizat.ea:

666 5373 766 5418 me
808 5399 820 5411 .

666 5373 820 5431 egeo.

483 5456 533 5508 3.
569 5455 654 5507 15.
690 5422 878 5517 (Eme.
928 5443 1026 5513 Α.)
1078 5442 1142 5493 Α.
1178 5438 1239 5491 Ι).
1274 5438 1398 5490 756.
1434 5426 1755 5487 l-Iaistolfus
1787 5437 1889 5479 rex
1922 5422 2062 5478 Lon-

2106 1911 2305 1937 ι’νιινη
2341 1911 2403 1915 -νν
2487 1911 2517 1923 υ

2103 1948 2362 2008 'l‘hassilo
2396 1946 2512 2000 dux
2559 1936 2957 1995 Bawariorum
2991 1942 3119 1984 cum
3173 1918 3526 1995 primoribus
3559 1911 3755 1981 gentis

2108 2004 2424 2101 suzevvenit,
2442 2029 2903 2093 fidelitatemque
2932 2013 3169 2087 tamipsi
3192 2004 3570 2080 regiPippino
3584 2013 3756 2072 quam

2111 2129 2245 2185 filiis
2270 2126 2397 2196 ejus
2431 2117 2639 2177 Karolo
2664 2119 2719 2172 et
2756 2092 3141 2167 Karlomanno
3168 2092 3547 2169 jurejurando
3581 2100 3761 2159 supra

2275 2176 2392 2196 ην-
2432 2176 2435 2177 ν

2110 2232 2324 2289 corpus
2351 2209 2537 2270 sancti
2571 2202 2813 2263 Dionisii
2845 2193 3136 2270 promisit,
3170 2202 3274 2245 nec
3308 2184 3490 2240 solum
3523 2180 3620 2249 ibi,
3656 2176 3754 2233 scd

2112 2264 2323 2289 ...μνη
2848 2264 2861 2270 _

2112 2309 2286 2365 etiam
2321 2315 2496 2373 supra
2528 2309 2744 2365 corpus
2789 2285 2974 2346 sancti
3008 2277 3232 2338 Martini
3282 2277 3534 2341 itemque
3569 2264 3757 2323 sancti

2114 2392 2380 2453 Germani
2414 2388 2466 2444 id
2504 2388 2691 2457 ipsum
2727 2378 3155 2436 sacramentum
3187 2380 3313 2423 cum
3349 2360 3615 2419 omnibus
3647 2354 3760 2426 pri-

2117 2485 2372 2542 matibus
2403 2477 2522 2536 suis
2556 2468 2826 2528 firmavit.

2190 2596 2238 2647 ὅ.
2278 2595 2359 2645 17.
2397 2589 2459 2641 A.
2496 2585 2557 2638 D.
2598 2583 2720 2636 758.
2755 2571 3036 2645 Pippinus
3083 2579 3184 2621 rex
3212 2576 3339 2617 cum
3372 2554 3633 2614 exercitu
3668 2552 3765 2605 Sa-

2119 2681 2345 2738 xoniam
2381 2684 2693 2744 aggressus
2742 2668 2853 2731 est,
2886 2664 2944 2716 et
2979 2654 3240 2729 quamvis
3269 2645 3593 2706 Saxonibus
3625 2640 3768 2696 vali-

2121 2769 2357 2827 dissime
2389 2758 2802 2820 resistentibus
2830 2760 2886 2807 et
2908 2763 2970 2805 se
2999 2739 3418 2827 munitionibus
3441 2732 3764 2798 tuentibus,

2125 2858 2312 2933 pulsis
2342 2842 2880 2927 propugnatoribus
2909 2835 3133 2911 praelio,
3158 2845 3263 2903 per
3296 2829 3502 2899 ipsum,
3531 2836 3642 2892 quo
3676 2832 3771 2890 pa-

2126 2912 2303 2933 ιηηη
2344 2912 2357 2927 .
2456 2912 2469 2924 .
2534 2912 2563 2920 ν

2125 2949 2296 3005 triam
2331 2941 2640 2999 defendere
2673 2933 3055 2997 conabantur,
3089 2920 3304 2979 vallum
3329 2912 3594 2975 intravit;
3620 2921 3773 2965 com-

2128 3038 2424 3104 missaque
2458 3028 2672 3102 passim
2704 3020 2929 3095 praelio,
2967 3013 3272 3087 plurimam
3304 3022 3374 3062 ex
3408 3002 3550 3074 ipsis
3584 2996 3775 3055 multi-

2130 3126 2388 3184 tudinem
2411 3117 2652 3186 occidit,
2677 3118 2737 3169 et
2760 3125 2859 3166 eos
2893 3106 2962 3163 ad
2994 3105 3101 3159 hoc
3131 3096 3342 3166 coegit,
3382 3096 3438 3149 ut
3478 3088 3776 3162 promitte-

2132 3221 2282 3283 rent,
2318 3227 2376 3270 se
2405 3222 2573 3266 omne
2597 3202 2751 3275 quod
2772 3198 3006 3271 juberet
3031 3194 3288 3262 facturos
3311 3189 3369 3239 et
3398 3179 3562 3237 annis
3585 3176 3779 3245 singu-

2132 3306 2325 3362 lis300
2356 3313 2538 3371 equos
2555 3308 2728 3353 causa
2769 3286 3009 3345 honoris
3049 3273 3428 3337 daturos.His
3452 3271 3527 3325 ita
3552 3280 3780 3336 compo-

2136 3395 2267 3453 sitis
2290 3396 2346 3449 et
2372 3403 2531 3445 more
2556 3381 2837 3442 Saxonico
2860 3380 2923 3434 ut
2951 3376 3078 3430 rata
3108 3370 3305 3426 essent
3326 3356 3706 3425 confirmatis,
3724 3354 3779 3408 in

2136 3444 2742 3548 C-alliamrepedavit.
2780 3499 2845 3508 ——
2876 3461 3093 3521 Paulus
3144 3469 3292 3529 papa
3321 3452 3447 3507 93us
3504 3444 3651 3503 sedit
3685 3455 3782 3497 an-

2136 3589 2244 3632 nos
2281 3576 2370 3628 10.

2210 3683 2261 3736 6.
2296 3682 2379 3733 18.
2416 3677 2475 3729 A.
2511 3674 2571 3726 D.
2607 3668 2756 3725 759*.
2809 3664 2990 3718 Natus
3036 3662 3127 3713 est
3156 3651 3399 3724 Pippino
3459 3643 3577 3714 regi
3612 3640 3782 3707 filius,

2142 3783 2310 3842 quem
2335 3778 2439 3821 suo
2466 3758 2693 3816 nomine
2728 3752 3030 3824 Pippinum
3054 3742 3249 3801 vocari
3276 3737 3486 3806 voluit,
3512 3731 3612 3789 sed
3644 3742 3789 3801 puer

2146 3821 2244 3842 -ι
2797 3821 2810 3824 -
2838 3821 2849 3823 _

2144 3861 2450 3915 immatura
2485 3851 2670 3904 morte
2700 3842 3036 3915 preventus,
3059 3832 3246 3890 tercio
3277 3832 3411 3901 post
3430 3821 3790 3882 nativitatem

2143 3961 2304 4004 suam
2337 3955 2486 3999 anno
2520 3932 2796 3993 decessit.

2288 4073 2309 4093 "
2341 4070 2402 4123 D.
2437 4067 2497 4122 E.
2531 4059 2767 4120 addunt
2795 4076 2805 4110 :
2843 4056 3093 4110 Sanctus
3121 4042 3425 4123 Gingulfus
3448 4040 3503 4095 in
3536 4038 3790 4113 Burgun-

2362 4139 2453 4195 dia
2488 4151 2518 4191 a
2551 4132 2801 4205 quodam
2835 4104 3078 4205 occisus
3094 4123 3197 4205 est
3217 4104 3433 4174 clerico
3456 4124 3562 4183 pro
3592 4104 3791 4164 uxoris

2362 4190 2621 4267 suasisibi
2656 4203 2921 4259 adamato
2949 4190 3260 4252 adulterio.

2220 4348 2273 4399 7.
2310 4341 2401 4396 19.
2444 4339 2506 4391 A.
2540 4334 2601 4388 D.
2636 4333 2758 4386 760.
2796 4322 3106 4383 Waifarius
3166 4316 3284 4374 dux
3314 4306 3635 4383 Aquitaniae
3665 4317 3793 4360 cum

2154 4447 2249 4490 res
2280 4424 2696 4487 zecclesiarum,
2732 4431 2861 4490 quae
2901 4414 2956 4468 in
2988 4426 3092 4467 sua
3124 4406 3415 4480 potestate
3444 4400 3608 4455 erant
3639 4398 3694 4449 et
3724 4391 3792 4449 ad

2157 4519 2462 4581 :ecclesias
2492 4514 2600 4570 sub
2632 4489 2800 4566 manu
2835 4500 3064 4575 Pippini
3096 4497 3253 4567 regis
3290 4489 3642 4550 constitutas
3671 4497 3797 4556 per-

2076 4596 2128 4659 D
2158 4612 2445 4677 tinebant,
2500 4601 2747 4659 reddere
2797 4592 3103 4661 noluisset,
3138 4587 3441 4658 ipsumque
3474 4589 3665 4646 regem
3696 4588 3797 4645 pro

2160 4702 2250 4759 his
2278 4713 2383 4771 per
2413 4696 2639 4764 legatos
2673 4701 2813 4744 suos
2855 4698 2918 4740 sc
2951 4679 3407 4737 commonentem
3440 4667 3641 4725 audire
3670 4676 3798 4717 con-

3315 4762 3329 4771 -
3730 4749 3793 4771 -.ι

2164 4749 2248 4759 ⁵⁸⁵*
2280 4749 2373 4771 ι¹*·
2416 4749 2425 4750 ί
2448 4749 2501 4764 νυ

2164 4788 2526 4861 tempsisset,
2585 4773 2946 4836 contumacia
3018 4784 3123 4826 sua
3181 4762 3427 4820 eundem
3487 4767 3677 4825 regem
3728 4749 3796 4808 ad

2164 4873 2597 4951 suscipiendum
2632 4871 2837 4927 contra
2867 4878 2930 4921 se
2962 4858 3176 4917 bellum
3199 4846 3535 4909 concitavit.
3569 4845 3799 4899 Contra-

2164 4930 2411 4951 -_---r__

2161 4972 2274 5030 ctis
2304 4981 2443 5038 ergo
2477 4977 2580 5019 rex
2622 4957 2880 5026 undique
2906 4948 3109 5021 copiis.
3147 4936 3513 5013 Aquitaniam
3545 4930 3794 4999 intravit,

2168 5074 2343 5131 seque
2380 5070 2467 5112 res
2496 5067 2562 5109 ac
2589 5046 2861 5121 justicias
2890 5035 3282 5097 aecclcsiarum
3308 5028 3649 5084 exacturum
3679 5031 3797 5091 pro-

2982 5129 2992 5131 -
3246 5120 3256 5130 .
3339 5118 3373 5131 ..
3419 5115 3453 5131 .,
3488 5129 3531 5131 η
3582 5107 3791 5131 "Hm,

2168 5107 2341 5131 “V‘r‘v
2380 5107 2462 5112 -νή
2589 5107 2607 5121 υ

2168 5145 2492 5207 nunciavit.
2562 5142 2818 5208 Cumque
2867 5132 2923 5187 in
2981 5129 3108 5184 loco
3164 5120 3259 5194 qui
3320 5115 3534 5175 dicitur
3582 5107 3796 5168 Tedoad

2170 5237 2381 5313 positis
2431 5228 2643 5289 castris
2699 5218 3093 5286 consedisset,
3126 5207 3440 5269 Waifarius
3468 5201 3622 5260 bello
3675 5212 3802 5255 con-

2955 5309 2965 5313 -
3126 5304 3139 5313 _
3260 5299 3300 5313 _.
3366 5310 3410 5313 Α
3477 5291 3541 5313 ΑΔ
3596 5301 3775 5313 “mm

2172 5291 2325 5313 rw-
2368 5291 2371 5292 ν

2172 5333 2402 5385 certare
2464 5336 2577 5378 non
2632 5330 2831 5383 ausus,
2893 5309 3068 5365 missa
3126 5299 3419 5373 legatione
3474 5291 3547 5350 ad
3596 5301 3799 5361 regem,

2175 5412 2510 5489 spopondit,
2544 5423 2605 5467 se
2638 5377 2921 5477 imperata
2952 5399 3264 5465 facturum,
3288 5377 3808 5449 acclesiarumjus—

1760 5518 2000 5577 VARle
2063 5510 2470 5573 LECTIONES.

490 5644 581 5683 “‘1
606 5642 859 5714 carisius
895 5638 1052 5714 post,
1080 5648 1237 5714 corr.
1293 5629 1548 5705 parisius
1581 5626 1659 5681 ιι).

411 5720 616 5800 postea
657 5713 874 5777 addita
895 5710 1047 5772 Imm
1067 5713 1112 5766 1.

1768 5619 1856 5653 ¹¹¹²
1882 5618 1950 5677 in
1985 5622 2033 5675 1.
2065 5629 2191 5675 mm
2217 5613 2279 5672 et
2308 5607 2569 5669 dimidia
2593 5606 2756 5664 linea
2784 5610 2970 5661 erasae
2986 5592 3144 5657 sunt.

3248 5586 3340 5623 ιω
3367 5586 3611 5643 Sanctus
3638 5608 3701 5621 —
3729 5580 3815 5636 est
