3946 6432
202 410 315 471 841

1087 411 1527 473 (lliRONICA.
1561 446 1638 455 —
1667 408 2142 472 CHRONICON
2190 411 2755 474 UNIVERSALE.‘

3488 418 3605 477 842

209 543 825 609 sticiasredditurum;
849 544 1447 601 ceditctiamobsidcs
1478 543 1625 601 duos
1661 543 1730 600 de
1748 543 1859 616 pri-
1887 544 1942 605 A
1973 544 2277 615 positoque
2311 545 2389 601 ibi
2413 551 2472 602 et
2495 545 2550 602 in
2568 545 3078 603 Bituricaeivitate
3126 548 3385 619 presidio
3417 564 3613 619 regre-

211 632 681 701 moribnsgentis
721 632 1089 701 Adalgarium
1111 638 1171 687 et
1220 632 1703 703 ltherium.(0lzr.
1750 632 1857 703 W.)

210 721 435 787 Quibus
460 719 739 790 acceptis,
776 734 924 774 rcxa
968 720 1119 775 bello
1162 720 1466 789 abstinuit,
1512 721 1859 790 domumque

221 808 386 883 ;ediit
408 810 739 863 -Sanctus
770 807 1083 863 Othmarus
1116 808 1166 862 in
1194 807 1441 864 insulam
1484 823 1612 878 quae
1644 807 1861 863 dicitur

221 896 373 973 sjein
410 896 723 965 relegatus,
748 894 1017 964 migravit
1047 894 1137 927 ιω
1169 895 1239 950 ad
1270 898 1466 951 Deum.

288 988 335 1063 ᾗ.
372 988 441 1041 20
472 983 656 1053 (ΕΙΝΗ.
685 985 780 1053 A.)
815 984 877 1038 A.
918 984 974 1038 D.
1029 986 1151 1037 761.
1187 984 1495 1040 Waifarius
1541 983 1677 1039 licet
1708 983 1862 1040 obsi-

217 1095 322 1152 des
348 1106 361 1143 χ
378 1072 643 1128 dedisset
694 1076 753 1127 et
774 1078 1135 1127 sacramenta
1154 1070 1435 1141 jurasset,
1459 1072 1642 1128 satius
1671 1077 1859 1127 tamen

217 1180 403 1241 munt,
430 1162 477 1217 si
507 1160 577 1216 de
602 1159 765 1216 illato
796 1160 902 1215 sibi
930 1159 1084 1216 bello
1116 1162 1569 1232 superiorianno
1584 1160 1861 1216 ultionem

215 1252 505 1342 exigerct,
540 1248 884 1317 exercitum,
922 1247 1016 1317 qui
1054 1249 1405 1304 Francorum
1458 1249 1862 1319 possessiones

214 1335 914 1432 pophilaratum-usquead
939 1335 1294 1432 Cabillonem
1312 1336 1607 1432 civitatem
1626 1336 1865 1393 fecitae-

209 1425 449 1505 ἐθέλετε.
486 1426 649 1491 Quod
682 1440 811 1481 cum
843 1426 1087 1496 Pippino
1114 1425 1592 1495 regi,gencralem
1618 1440 1867 1481 conven-

210 1532 341 1592 tum
378 1513 639 1585 agentiin
664 1512 800 1569 Villa
825 1512 1018 1582 Duria,
1048 1513 1380 1569 uunciatum
1398 1513 1626 1583 fuisset,
1645 1513 1867 1569 coactis

208 1603 477 1680 u.iidique
527 1602 805 1669 consiliis,
853 1618 984 1658 cum
1027 1616 1232 1671 magno
1286 1602 1421 1657 belli
1482 1606 1764 1674 apparatu
1809 1602 1865 1658 in

206 1693 591 1771 pquitaniam
616 1691 933 1761 ingressus,
969 1691 1156 1746 omnia
1191 1691 1340 1746 ferro
1364 1696 1423 1747 et
1453 1692 1583 1760 igne
1620 1692 1867 1748 vastavit

176 1828 189 1839 .
232 1786 288 1838 et
323 1781 583 1852 quadam
606 1780 816 1851 Oppida
840 1784 895 1835 et
921 1780 1160 1836 castella
1193 1795 1359 1835 manu
1400 1780 1574 1851 cepit,
1608 1780 1869 1851 quaedam

1971 631 2156 688 ditur.

2044 724 2127 777 14.
2164 724 2250 776 26.
2316 724 2379 777 Α.
2416 724 2475 777 D.
2538 724 2700 779 767.‘
2753 724 2890 778 Orta
2940 724 3249 793 quastione
3278 725 3349 781 de
3408 733 3608 782 sancta

1969 809 2250 865 Trinitate
2281 814 2339 866 et
2361 810 2431 866 de
2452 817 2788 867 sanctorum
2816 811 3163 881 imaginibus
3188 814 3339 869 inter
3361 814 3611 870 orienta-

1972 896 2082 951 lem
2115 900 2171 952 et
2208 897 2627 954 occidentalem
2662 898 3001 968 :ccclesiam,
3036 898 3091 953 id
3124 901 3614 960 cstinterGrecos

1972 992 2031 1040 et
2062 987 2371 1057 Romanos,
2407 986 2684 1058 Pippinus
2711 1002 2814 1043 rex
2851 987 2905 1042 in
2955 987 3089 1043 villa
3153 988 3472 1045 Ccntiliaco
3506 992 3607 1063 [αἱ.

1973 1073 2370 1131 Salmonciaco
2421 1073 2529 1145 111⁷]
2595 1076 2873 1146 synodum
2921 1077 3144 1147 habuit,
3214 1078 3611 1149 ventilataque

1974 1163 2301 1232 questione,
2333 1165 2404 1219 ad
2439 1163 2652 1220 bellum
2686 1164 3011 1235 predietum
3034 1166 3453 1222 conﬁciendum
3480 1171 3611 1237 post

1974 1251 2166 1307 natale
2199 1252 2687 1323 Dominiseptimo
2721 1252 2777 1308 in
2804 1254 3169 1323 Aquitaniam
3199 1255 3612 1326 proﬁciscitur;

1976 1339 2291 1410 multisque
2322 1340 2586 1397 castellis
2614 1345 2670 1396 et
2698 1342 2860 1412 pagis
2879 1343 3089 1413 captis,
3135 1342 3407 1399 Viennam
3427 1359 3621 1400 rever-

1976 1428 2143 1499 titur,
2180 1429 2375 1501 ibique
2406 1430 2618 1501 pascha
2633 1431 2935 1487 celebrato
2958 1437 3013 1486 ct
3045 1432 3305 1488 exercitu
3329 1438 3615 1489 recreato.

1977 1531 2177 1574 mense
2210 1519 2478 1588 Augusto
2511 1519 2581 1574 ad
2616 1518 2900 1590 reliquias
2921 1519 3055 1575 belli
3094 1520 3390 1591 profectus
3414 1526 3525 1589 est,
3561 1526 3622 1576 et

1979 1606 2292 1662 Bituricam
2324 1607 2582 1676 veniens,
2617 1613 2967 1664 conventum
3002 1608 3056 1663 in
3115 1623 3320 1680 eampo
3371 1610 3571 1666 habuit
3606 1628 3620 1677 ;

1980 1694 2226 1766 indeque
2252 1693 2321 1750 ad
2356 1696 2680 1752 Garonnam
2710 1696 2945 1753 fluvium
2971 1697 3274 1766 accedens,
3331 1698 3508 1754 multa
3533 1714 3624 1755 ca-

1982 1783 2153 1839 stella
2169 1787 2224 1838 et
2242 1791 2438 1855 petras
2458 1789 2633 1855 atque
2657 1784 3053 1856 speluncas.in
3070 1785 3280 1856 quibus
3296 1801 3355 1843 se
3370 1786 3623 1843 hostium

234 1868 443 1924 victori
475 1884 535 1923 se
570 1868 724 1923 ultro
745 1867 1056 1923 dederunt.
1100 1871 1354 1938 Cumque
1385 1868 1572 1924 omnia
1590 1867 1871 1925 vastando
1900 1900 1954 1960 B
1985 1872 2301 1929 multitudo
2336 1871 2581 1944 plurima
2608 1874 2978 1943 defendebat,
3012 1875 3187 1945 cepit,
3238 1890 3625 1947 reversusque

235 1957 566 2013 Lemovicas
593 1957 867 2016 venisset.
912 1971 1221 2026 regressus
1277 1962 1385 2023 est,
1444 1957 1773 2027 iterumque
1815 1956 1870 2011 in

234 2045 525 2102 Carisiaeo
556 2046 816 2101 hibernis
841 2046 1073 2114 habitis,
1096 2045 1289 2101 natale
1314 2045 1533 2100 Domini
1567 2050 1626 2100 et
1660 2045 1871 2116 pascha

232 2134 308 2190 ibi
333 2134 580 2205 peregit.
611 2135 666 2188 in
701 2134 805 2190 hac
831 2134 1207 2205 expeditione
1226 2133 1559 2190 fuitcumeo
1578 2133 1730 2190 ﬁlius
1749 2133 1876 2204 ejus

234 2222 657 2294 primogenitus
680 2222 947 2293 Karolus,
970 2223 1038 2278 ad
1060 2238 1228 2292 quem
1262 2228 1390 2294 post
1444 2223 1632 2295 patris
1652 2223 1874 2280 obitum

234 2312 419 2367 omnis
451 2308 678 2382 imperii
714 2325 934 2367 summa
969 2312 1252 2382 pervenit.

306 2404 356 2455 9.
384 2406 469 2456 2i.
516 2403 577 2455 A.
607 2401 671 2455 D.
694 2400 1117 2470 762.Pippinus
1150 2404 1541 2470 rexsuscepto
1583 2414 1612 2454 a
1646 2415 1708 2456 se
1725 2400 1878 2456 bello

242 2490 409 2544 ﬁnem
443 2489 740 2560 imponere
772 2489 1036 2559 cupiens,
1077 2489 1260 2544 tercio
1302 2488 1670 2558 Aquitaniam
1702 2488 1880 2545 intra-

238 2579 341 2648 vit,
376 2578 677 2649 captisquc
704 2577 956 2633 Biturica
989 2577 1228 2632 civitate
1257 2580 1313 2632 et
1333 2576 1580 2633 castello
1622 2577 1876 2648 Toarcis,

242 2667 579 2737 revertitur,
604 2666 995 2736 hiemavitque
1028 2667 1083 2721 in
1107 2666 1241 2722 villa
1262 2666 1600 2722 Gentiliaco.

314 2762 398 2813 10.
427 2761 510 2813 22.
551 2758 692 2812 A.D.
750 2760 874 2811 763.
908 2756 1204 2827 Pippinus,
1248 2756 1448 2811 habito
1488 2761 1778 2812 conventu
1826 2757 1882 2812 in

240 2846 531 2915 Nivernis,
568 2849 777 2915 quarto
808 2845 1174 2915 Aquitaniam
1230 2844 1489 2913 intravit,
1542 2845 1885 2915 cunctisque

244 2940 411 2992 extra
448 2934 795 2991 munitiones
823 2935 1070 2990 vastatis
1095 2949 1275 3003 usque
1290 2935 1357 2989 ad
1373 2933 1646 3004 oppidum
1672 2933 1886 2990 Cadur-

246 3024 395 3080 ciam
419 3021 673 3092 “°"‘,cum
716 3022 945 3091 integro
968 3024 1230 3079 exercitu
1263 3024 1316 3078 in
1345 3023 1638 3078 Franciam
1679 3038 1740 3079 se
1801 3038 1889 3078 re-

246 3116 541 3185 cepturus,
554 3126 655 3183 per
676 3112 1037 3168 Lemovicum
1060 3128 1179 3181 regi
1196 3113 1411 3168 editur.
1430 3112 1600 3183 (Ann.
1620 3114 1796 3169 Later.
1818 3144 1887 3152 ~—

248 3203 415 3260 EINH.
448 3200 789 3274 A.)Tassi|o
835 3201 953 3257 dux
996 3202 1272 3257 Bawarizc
1319 3206 1676 3272 postponens
1700 3215 1889 3257 saera-

249 3295 444 3348 menta
470 3290 937 3362 qumjuraverat,
987 3294 1041 3346 et
1076 3291 1296 3347 oblitus
1348 3290 1534 3347 omnia
1582 3292 1727 3345 bona
1762 3305 1887 3361 quae

247 3380 357 3436 sibi
389 3378 710 3437 avunculus
744 3394 887 3435 suus
920 3379 1201 3450 Pippinus
1226 3394 1327 3434 rex
1354 3381 1590 3448 fecerat,
1618 3378 1889 3434 simulata

247 3468 607 3537 inﬁrmitate,
642 3469 712 3524 ab
755 3469 859 3523 hac
891 3467 1264 3539 expeditione
1304 3482 1411 3538 per
1443 3466 1639 3523 dolum
1664 3481 1727 3523 se
1757 3468 1895 3523 sub-

248 3557 434 3627 duxit,
472 3562 527 3611 et
563 3557 617 3610 in
650 3557 972 3612 Bawariam
1000 3556 1206 3623 rediit;
1238 3556 1583 3625 ﬁrmatoque
1616 3555 1685 3610 ad
1741 3555 1894 3611 defe-

249 3646 500 3703 ctionem
534 3646 743 3711 animo,
762 3645 832 3700 ad
849 3649 1229 3716 conSpectum
1248 3645 1401 3714 regis
1418 3661 1479 3699 se
1494 3644 1743 3701 ulterius
1760 3660 1893 3700 ven-

250 3740 446 3791 turum
470 3734 779 3805 abjuravit.
835 3735 956 3790 Rex
979 3739 1171 3790 autem
1205 3733 1448 3789 dimisso
1494 3734 1780 3805 exercitu,
1834 3734 1891 3787 in

249 3822 389 3880 villa
422 3822 704 3893 Longlarc
736 3823 1028 3878 hiemavit.

323 3917 406 3966 11.
437 3915 524 3967 23.
561 3914 624 3967 A.
654 3913 711 3966 Ι).
750 3915 872 3967 764.
905 3913 1026 3967 Rex
1054 3911 1355 3983 Pippinus,
1418 3912 1705 3967 distracto
1730 3911 1785 3966 in
1815 3909 1897 3965 di-

252 4015 417 4057 versa
448 4001 639 4057 animo
673 4007 910 4073 propter
934 4001 1048 4058 duo
1098 4000 1269 4062 bella.
1304 4001 1710 4071 Aquitanicum
1741 3999 1899 4056 scili-

253 4093 346 4145 cet
375 4090 491 4159 jam
521 4089 656 4146 olim
682 4094 1020 4161 susceptum
1045 4095 1104 4144 ct
1128 4090 1484 4145 Bawaricum
1511 4094 1752 4159 propter
1766 4090 1899 4144 Tas-

254 4178 460 4236 silonis
480 4180 645 4236 ducis
659 4180 1044 4236 defectionem
1069 4177 1525 4249 suscipiendum,
1545 4185 1896 4233 conventum

251 4267 454 4339 populi
486 4269 572 4326 sui
604 4270 809 4325 habuit
834 4269 891 4323 in
926 4268 1270 4337 Wormacia,
1295 4266 1594 4337 dilataque
1636 4266 1692 4321 in
1747 4266 1900 4323 futu-

253 4372 380 4413 rum
405 4358 796 4430 expeditione,
834 4357 934 4413 illo
967 4371 1116 4412 anno
1151 4371 1212 4411 se
1238 4355 1390 4412 domi
1424 4355 1734 4412 continuit.

324 4450 409 4501 12.
452 4451 538 4503 24.
569 4449 629 4502 Α.
663 4449 725 4503 D.
760 4450 881 4501 7.55.
929 4445 1208 4517 Pippinus
1264 4445 1597 4515 generalem
1653 4458 1900 4501 conven-

249 4538 374 4591 tum
399 4536 453 4590 in
476 4535 740 4592 Atiniaco
766 4534 899 4592 villa
925 4533 1147 4603 habuit,
1177 4534 1280 4590 sed
1314 4538 1371 4589 et
1420 4534 1530 4589 hoc
1561 4548 1709 4590 anno
1766 4548 1901 4599 nus-

1919 3253 1968 3316 C

1985 1960 2321 2031 Bituricam,
2353 1962 2677 2019 exercitum
2707 1962 2763 2017 in
2796 1962 3033 2019 hiberna
3070 1962 3310 2019 dimisit.

2126 2086 2148 2109 "
2178 2086 2238 2139 D.
2275 2086 2336 2140 E.
2372 2085 2637 2143 addunt:
2660 2087 3074 2143 Constantinus
3099 2087 3133 2141 i.
3187 2094 3246 2142 et
3294 2089 3365 2142 Η.
3425 2102 3475 2143 a.
3524 2103 3628 2145 rex

2185 2155 2642 2283 gagrgicenorum
2674 2158 2801 2228 pari
2828 2190 2870 2198 -
2902 2159 3272 2230 profundum.
3297 2173 3386 2215 ex.
3422 2159 3627 2231 Sigeb.

2058 2319 2142 2370 15.
2174 2319 2261 2371 27.
2303 2318 2363 2372 A.
2400 2318 2461 2371 Ι).
2498 2319 2620 2372 768.
2682 2318 2965 2389 Pippinus
3022 2318 3077 2373 in
3129 2318 3383 2374 Biturica
3437 2317 3630 2374 natale

1985 2403 2209 2460 Domini
2239 2403 2581 2475 celebravit,
2616 2410 2676 2461 et
2732 2420 2863 2462 cum
2911 2406 3158 2477 primum
3184 2406 3254 2461 ad
3312 2407 3630 2476 gerendum

1990 2490 2202 2547 bellum
2221 2495 2452 2563 tempus
2471 2497 2669 2563 aptum
2688 2493 3190 2564 videret,evocato
3207 2494 3461 2563 undique
3475 2508 3635 2549 exer-

1989 2581 2131 2651 citu,
2170 2581 2237 2635 ad
2256 2580 2621 2637 Santonicam
2670 2581 2970 2638 civitatem
2995 2582 3320 2648 contendit;
3344 2588 3632 2653 captoque

1991 2669 2048 2725 in
2081 2669 2290 2726 itinere
2305 2669 2669 2739 Rimisteino,
2703 2686 2832 2727 cum
2860 2671 2932 2726 ad
2963 2672 3165 2727 urbem
3198 2671 3518 2742 predictam
3542 2684 3634 2726 ve-

1992 2760 2196 2827 nisset,
2233 2765 2417 2816 mater
2440 2765 2500 2815 ct
2522 2774 2690 2815 soror
2710 2763 2767 2815 et
2814 2765 3022 2830 neptes
3078 2760 3337 2815 Waifarii
3365 2760 3532 2816 ducis
3562 2759 3630 2814 ad

1993 2864 2120 2904 cum
2156 2848 2423 2905 adductae
2444 2847 2772 2914 sunt.Quas
2805 2864 2933 2905 cum
2960 2849 3051 2920 pie
3070 2853 3376 2919 susceptas
3412 2863 3633 2903 servari

1989 2937 2291 3007 jussissct,
2324 2938 2394 2992 ad
2425 2938 2746 2993 Garonnam
2798 2936 3034 2993 ﬂuvium
3086 2936 3501 3008 proﬁciscitur.
3529 2935 3635 2991 Ubi

1995 3026 2046 3082 ei
2081 3026 2407 3095 lleriwigus
2438 3024 2680 3082 “meum
2705 3025 2813 3081 alia
2843 3026 3053 3096 prefati
3101 3026 3268 3082 ducis
3297 3040 3498 3081 sorore
3545 3040 3638 3080 oe-

1995 3115 2200 3184 currit,
2236 3129 2413 3185 seque
2444 3118 2503 3169 et
2532 3115 2686 3170 illam
2705 3114 3309 3184 regitradidit.Rebus
3338 3113 3638 3183 igiturali-

1998 3208 2142 3273 quot
2166 3203 2656 3274 prosperegestis,
2684 3218 2782 3256 rex
2816 3202 3154 3271 revertitur,
3181 3206 3240 3257 et
3284 3202 3339 3256 in
3391 3202 3637 3257 castello

1999 3292 2153 3362 quod
2194 3290 2409 3347 dicitur
2433 3290 2558 3345 Scls
2592 3290 3169 3360 pasehaeelebravit;
3214 3295 3637 3359 assumptaque

2000 3395 2197 3436 secum
2231 3393 2411 3435 uxore
2450 3392 2551 3434 sua
2570 3382 2745 3448 atque
2789 3378 3025 3448 familia,
3082 3379 3290 3434 iterum
3323 3379 3392 3432 ad
3436 3375 3637 3433 urbem

2000 3466 2538 3525 Santonicamvenit
2570 3483 2584 3531 ;
2618 3465 3065 3537 dimissaqueibi
3102 3481 3280 3522 uxore
3312 3481 3375 3521 ac
3402 3466 3635 3535 familia,

2001 3573 2130 3614 cum
2165 3557 2434 3613 omnibus
2455 3555 2642 3628 copiis
2675 3555 2742 3610 ad
2796 3557 3257 3626 persequendum
3305 3554 3639 3610 Wail‘arium

2002 3647 2208 3703 ducem
2236 3646 2488 3701 animum
2522 3643 2792 3714 intendit,
2829 3658 2935 3699 nec
2963 3644 3127 3714 prius
3164 3644 3453 3699 desistere
3479 3643 3642 3698 iusti-

2003 3737 2135 3806 tuit,
2164 3750 2331 3806 quam
2353 3738 2454 3790 aut
2475 3735 2665 3789 vivum
2685 3737 2923 3804 caperet
2951 3739 3048 3791 aut
3076 3733 3451 3794 rebellantem
3470 3732 3643 3786 inter-

2004 3825 2224 3880 ﬁceret.
2245 3821 2692 3889 Quointerfecto
2719 3823 2772 3877 in
2799 3822 3101 3878 territorio
3119 3822 3493 3891 Petragorieo
3509 3838 3643 3878 con-

2006 3914 2276 3984 fectoque
2306 3911 2460 3968 bello
2484 3912 2852 3982 Aquitanico,
2889 3911 3174 3967 Santonas
3207 3926 3480 3968 reversus
3530 3917 3641 3982 est,

2006 4002 2203 4072 ibique
2238 3999 2934 4069 demoransaliquamdiu,
2960 4000 3308 4069 aegritudine
3344 4000 3642 4070 decubuit,

2008 4089 2239 4148 delatus
2274 4093 2463 4144 tamen
2489 4090 2750 4144 Turonos
2779 4088 2930 4159 apud
2961 4088 3144 4143 sancti
3178 4088 3401 4143 Martini
3440 4104 3646 4143 memo-

2007 4179 2152 4235 riam
2184 4178 2394 4246 oravit,
2423 4176 2670 4246 indeque
2703 4176 2986 4231 Parisium
3020 4176 3277 4246 veniens,
3324 4176 3638 4233 8.Kalcnd.

2008 4267 2247 4323 Octobr.
2273 4265 2438 4333 obiit,
2464 4278 2795 4336 corpusque
2855 4265 2982 4334 ejus
3031 4264 3085 4319 in
3148 4265 3385 4320 basilica
3454 4264 3640 4321 sancti

2009 4354 2247 4412 Dionisii
2272 4353 2566 4410 humatum
2599 4354 2705 4407 est.
2727 4351 2941 4405 —Filii
2973 4366 3111 4407 vero
3145 4352 3273 4422 ejus
3322 4352 3568 4408 Karolus
3590 4358 3648 4407 et

2010 4442 2432 4499 Karlomannus
2479 4440 2732 4497 omnium
2768 4441 3115 4496 Francorum
3154 4455 3438 4496 consensu
3482 4440 3649 4496 ambo

2012 4547 2181 4603 reges
2214 4530 2397 4589 creati
2421 4533 2553 4587 sunt
2585 4531 2770 4601 (Emu.
2803 4545 2853 4586 c.
2891 4530 2990 4601 3.),
3016 4544 3079 4585 ea
3138 4529 3471 4585 conditione
3528 4545 3653 4601 pre-

252 4638 422 4695 quam
456 4638 693 4679 movens
745 4623 1201 4694 expeditionem,
1265 4622 1446 4694 Aquis
1502 4622 1797 4678 hiemavit.
1834 4653 1893 4661 -—
1927 4611 1981 4672 D
2013 4622 2292 4692 missa,ut
2318 4626 2504 4677 totum
2539 4618 2701 4688 regni
2731 4633 3033 4690 corpusex
3062 4633 3229 4689 aequo
3254 4619 3649 4689 partirentur:

255 4714 513 4784 Corpora
546 4709 638 4743 “1°
669 4713 1005 4767 sanctorum
1030 4711 1327 4781 Gorgonii,
1354 4710 1699 4767 Narboriset
1725 4712 1902 4767 Naza-

254 4800 327 4856 rii
361 4800 432 4856 de
467 4801 644 4855 Roma
682 4799 971 4856 translata
1004 4799 1214 4856 sunt-in
1249 4800 1567 4856 Franciam.

330 4891 520 4944 13.25.
559 4891 628 4945 A.
667 4891 729 4944 D.
766 4889 1077 4946 766.Turci
1098 4888 1322 4959 egressi
1346 4904 1376 4945 a
1415 4888 1640 4960 Caspiis
1690 4888 1900 4960 portis,

258 4993 389 5035 cum
414 4978 703 5037 Avaribus
737 4978 953 5035 bellum
977 4978 1251 5050 inierunt,
1285 4978 1569 5049 multique
1619 4992 1692 5035 ex
1730 4978 1905 5035 utris-

262 5082 374 5142 que
388 5069 710 5141 perierunt.
734 5069 1015 5141 Pippinus
1029 5073 1272 5140 propter
1290 5068 1715 5127 conﬁciendum
1732 5068 1905 5140 Aqui-

260 5159 517 5215 tanicum
550 5160 786 5230 bellum,
823 5159 1191 5216 conventuin
1244 5158 1571 5217 Aurelianis
1599 5158 1822 5230 habito,
1849 5157 1905 5214 in

264 5247 632 5316 aquitaniam
664 5249 867 5318 quinto
892 5248 1193 5319 profectus
1224 5253 1336 5319 est,
1372 5253 1429 5305 et
1477 5249 1845 5306 destructum
1873 5261 1906 5304 a

2011 4716 2071 4767 et
2094 4711 2341 4766 Karolus
2372 4722 2496 4764 eam
2529 4712 2755 4778 partem
2789 4721 2957 4778 quam
2991 4712 3159 4778 pater
3201 4706 3327 4776 ejus
3378 4706 3655 4778 Pippinus

2012 4797 2744 4869 tenuerat,Karlomannus
2762 4811 2902 4852 vero
2918 4811 3043 4852 eam
3073 4811 3242 4866 quam
3290 4800 3534 4866 patruus
3562 4809 3656 4850 eo-

2014 4904 2139 4946 rum
2182 4887 2602 4943 Karlomannus
2670 4884 2952 4957 possedit,
3020 4888 3357 4957 susceperat
3411 4889 3502 4951 ;et
3561 4886 3661 4939 Ka-

2013 4978 2176 5034 rolus
2204 4983 2236 5033 7
2260 4975 2393 5033 Idus
2424 4973 2695 5030 Octobris
2728 4974 2785 5029 in
2843 4973 3119 5030 Noviomo
3156 4973 3396 5029 civitate
3464 4971 3661 5028 Karlo-

2016 5081 2260 5123 mannus
2286 5079 2427 5121 vero
2459 5063 2516 5117 in
2537 5062 2871 5134 Suessiona,
2906 5061 3069 5133 regni
3118 5061 3662 5134 susceperuntinsi-

2014 5157 2167 5229 gnia.
2202 5153 2388 5227 (Enna.
2421 5154 2574 5210 Ann.
2599 5150 2873 5223 etlam.)
2923 5150 3307 5222 Karolusque,
3350 5151 3445 5222 qui
3480 5150 3662 5220 major

2018 5251 2148 5303 erat
2178 5249 2340 5317 natu,
2374 5245 3079 5319 Aquasgraniprofectus,
3115 5240 3309 5300 natale
3344 5239 3661 5298 Dominiibi

261 5333 541 5391 Waifario
565 5338 1049 5406 Argentomagum
1073 5343 1334 5395 castrum
1360 5338 1759 5410 rerediﬁcavit,
1795 5336 1910 5394 dis-
2016 5336 2361 5405 celebravit,
2386 5339 2602 5410 pascha
2616 5336 2834 5396 veroin
2855 5336 3174 5406 Botomago
3213 5331 3473 5391 civitate.
3501 5331 3666 5401 (Eme

1627 5474 1865 5531 VARIE
1904 5472 2304 5534 LECTIONES.

338 5581 429 5615 ιω
460 5583 615 5664 ,Χνμ
681 5585 760 5664 K._
776 5584 1139 5664 Decembris
1161 5601 1233 5642 m.
1267 5590 1317 5642 5.
1352 5585 1442 5619 ¹¹¹⁵
1497 5589 1828 5664 earduciam
1863 5590 1922 5645 1b
1948 5589 2052 5664 γωδ
2100 5593 2357 5664 corpora
2384 5622 2455 5664 έ
2486 5589 2782 5664 Franciam
2799 5588 3006 5664 postea
3025 5586 3317 5664 addita}.
3354 5584 3442 5664 ξω
3482 5588 3570 5664 ea;
3607 5586 3672 5664 in

264 5657 546 5736 margine
569 5660 617 5711 1.
646 5655 852 5736 eadem
888 5656 961 5713 ut
977 5656 1214 5736 videtur
1230 5672 1427 5736 mane
1442 5677 1470 5729 ,ο
1490 5659 1637 5736 Gent
1657 5663 2057 5736 superscripto
2089 5655 2335 5736 Sal._'E1.
2362 5661 2757 5720 salmonciaco
2786 5655 2879 5718 vel
2896 5659 3213 5732 gentiliaco
3238 5660 3299 5716 ι).
3331 5659 3495 5717 deest
3518 5659 3589 5715 ιι).
3616 5661 3664 5714 4.

267 5728 373 5787 ubi
390 5726 614 5802 legitur
644 5745 656 5782 :
692 5727 861 5784 aliam
884 5726 1187 5801 synodum.
1222 5760 1291 5770 —
1322 5734 1372 5786 5.
1404 5726 1480 5787 96.
1516 5735 1601 5787 10.
1630 5726 1838 5790 11.’1118
1867 5726 2260 5794 bericus1b.

589 5826 849 5892 PATROL.
884 5824 1095 5890 CLIV.

3440 5827 3514 5888 27
