3946 6414
228 393 349 454 845

1104 388 1544 452 CHRONICA.
1577 422 1654 435 -—
1685 382 2166 451 CHRONICON
2211 387 2757 456 UNIVERSALE.

3517 398 3635 461 846

230 525 467 592 castris,
501 523 716 580 bellum
750 522 1189 593 Beneventanis,
1225 522 1279 578 ni
1311 521 1691 592 dederentur,
1719 536 1871 578 com-
1899 519 1958 582 A
1983 520 2295 579 comitibus
2334 523 2509 580 etiam
2553 540 2620 581 ac
2663 524 2872 596 legatis
2917 527 3273 598 perﬁcienda
3318 531 3631 589 commisit.

230 613 486 670 minatus
516 615 627 668 est.
661 611 927 668 Prevenit
953 612 1056 668 hoc
1080 611 1196 667 dux
1223 610 1417 681 gentis
1450 609 1731 681 Aragisus
1760 608 1867 679 ¹¹²⁰,

230 701 496 774 ﬁliosque
524 717 662 759 suos
686 701 1031 759 Rumoldum
1053 706 1113 757 et
1137 700 1490 757 Grimoldum
1513 716 1641 757 cum
1669 714 1872 769 magna

229 792 480 863 pecunia
515 792 635 863 regi
670 792 896 848 obviam
938 791 1197 861 mittens,
1240 794 1427 861 rogat,
1460 795 1520 846 ut
1555 789 1704 847 ﬁlios
1734 804 1874 846 suos

232 880 468 937 obsides
496 880 801 951 suscipiat,
833 894 1013 950 seque
1038 894 1165 935 cum
1189 884 1364 949 gente
1389 879 1673 950 imperata
1699 878 1879 934 factu-

231 983 378 1039 rum,
406 974 604 1041 preter
625 970 734 1026 hoc
757 968 944 1025 solum
964 968 1011 1024 si
1033 968 1157 1039 ipse
1180 968 1249 1024 ad
1274 974 1656 1039 conspectum
1680 966 1879 1023 venire

229 1060 559 1127 cogeretur.
613 1058 735 1112 Rex
786 1056 1041 1113 utilitate
1091 1057 1283 1125 gentis
1331 1056 1519 1126 magis
1550 1071 1719 1127 quam
1754 1054 1880 1124 ejus

229 1145 623 1202 obstinatione
642 1145 1032 1215 considerata,
1047 1144 1278 1200 oblatos
1296 1142 1409 1200 sibi
1428 1144 1666 1201 obsides
1685 1158 1880 1207 susce.

229 1234 335 1305 pit,
367 1232 559 1303 eique,
595 1235 658 1288 ut
681 1231 752 1288 ad
774 1236 1150 1304 conspectum
1181 1233 1380 1288 venire
1407 1248 1517 1289 non
1540 1236 1874 1308 cogeretur,

232 1337 336 1393 pro
358 1335 564 1391 magno
596 1335 832 1377 munere
864 1320 1175 1389 concessit,
1198 1327 1255 1375 et
1282 1320 1505 1377 minore
1538 1320 1656 1377 ﬁlio
1688 1321 1875 1392 gratia

231 1409 534 1467 obsidatus
551 1414 802 1478 retento,
820 1410 1095 1480 majorem
1118 1409 1267 1480 patri
1285 1410 1530 1479 remisit,
1552 1410 1877 1481 legatisque

230 1498 303 1554 ob
334 1504 697 1554 sacramenta
741 1497 1044 1554 ﬁdelitatis
1076 1514 1103 1554 a
1139 1497 1560 1554 Beneventanis
1590 1499 1874 1569 exigenda

230 1601 357 1644 cum
375 1587 617 1657 Aragiso
636 1586 912 1656 dimissis,
930 1588 1163 1642 Romam
1184 1585 1381 1655 rediit,
1400 1601 1636 1642 consum
1645 1586 1875 1657 ptisque

231 1675 309 1731 ibi
326 1676 380 1731 in
396 1680 730 1732 sanctorum
752 1676 1129 1732 veneratione
1146 1674 1368 1745 aliquot
1389 1675 1617 1745 diebus,
1634 1674 1872 1732 Galliam

231 1765 572 1821 revertitur.
596 1797 667 1805 —
688 1765 1046 1835 Bajoaricum
1073 1764 1282 1820 deinde
1313 1762 1526 1820 bellum
1551 1769 1607 1819 et
1635 1768 1873 1835 repente

1986 609 2123 676 Qum
2154 627 2283 668 cum
2317 613 2388 669 ab
2422 613 2511 670 his
2543 614 2948 671 strenuissime
2980 617 3227 673 fuissent
3262 618 3518 690 impleta,
3546 635 3638 678 oc-

1986 701 2122 755 tavo
2152 701 2384 756 tandem
2418 717 2566 759 anno
2599 703 2748 759 idem
2784 703 2997 759 bellum
3031 712 3495 764 consummatum
3521 716 3631 765 est.

1989 786 2139 853 Quot
2172 789 2370 859 praelia
2390 790 2443 845 in
2464 805 2534 846 eo
2550 796 2715 861 gesta
2740 792 2879 862 sint,
2905 799 3301 865 quantumque
3331 797 3635 867 sanguinis

1988 875 2255 947 eﬁ‘usum,
2302 883 2557 936 testatur
2596 880 2889 936 Pannonia
2931 883 3084 937 omni
3130 898 3273 955 pene
3306 885 3637 942 habitatore

1989 979 2169 1021 vacua
2195 969 2253 1021 et
2275 965 2461 1038 locus,
2498 967 2551 1023 in
2577 984 2691 1039 quo
2716 969 2871 1039 regia
2906 970 3116 1039 Cagani
3151 977 3297 1041 erat,
3332 974 3411 1029 ita
3446 974 3639 1031 deser-

1992 1054 2105 1123 tus,
2142 1058 2203 1108 ut
2232 1068 2302 1109 nc
2336 1054 2644 1124 vestigium
2686 1057 2917 1126 quidem
2961 1058 3222 1115 humanae
3261 1060 3639 1119 habitationis

1992 1138 2047 1194 in
2071 1154 2139 1195 eo
2162 1147 2461 1213 appareat.
2486 1144 2623 1199 Tota
2649 1143 2704 1199 in
2731 1146 2837 1200 hoc
2862 1144 3013 1201 bello
3036 1149 3331 1204 Hunorum
3361 1149 3637 1207 nobilitas

1990 1229 2185 1299 periit,
2216 1234 2333 1286 tota
2355 1230 2541 1300 gloria
2567 1231 2805 1296 decidit,
2828 1234 3015 1290 omnis
3037 1236 3278 1306 pecunia
3297 1242 3354 1292 et
3373 1245 3640 1314 congesti

1988 1333 2060 1375 ex
2077 1317 2250 1388 longo
2270 1323 2534 1390 tempore
2552 1321 2812 1378 thesauri
2835 1322 3049 1395 direpti
3068 1329 3225 1395 sunt,
3251 1340 3435 1396 neque
3457 1327 3635 1387 ullum

1990 1405 2202 1462 bellum
2225 1410 2425 1463 contra
2452 1409 2702 1464 Francos
2723 1415 2992 1467 exortum
3024 1412 3268 1469 humana
3298 1420 3497 1485 potest
3524 1434 3639 1474 me-

1988 1495 2169 1550 moria
2192 1495 2509 1567 recordari,
2534 1512 2645 1568 quo
2666 1497 2747 1554 illi
2769 1500 2950 1569 magis
2975 1500 3144 1557 ditati
3164 1507 3220 1557 et
3245 1504 3454 1574 opibus
3480 1508 3634 1563 aucti

1986 1582 2123 1653 sint,
2159 1584 2373 1655 quippe
2402 1600 2529 1641 cum
2562 1601 2744 1657 usque
2766 1587 2823 1643 in
2850 1588 2904 1642 id
2930 1591 3212 1660 temporis
3246 1607 3390 1663 pene
3424 1609 3638 1668 paupe-

1989 1685 2083 1727 res
2115 1672 2475 1729 viderentur.
2507 1676 2747 1731 Tantum
2779 1677 2906 1733 auri
2935 1682 2994 1732 et
3026 1681 3249 1748 argenti
3279 1680 3332 1736 in
3358 1684 3516 1752 regia
3551 1700 3637 1741 re-

1989 1764 2239 1832 pertum,
2283 1765 2368 1818 tot
2409 1762 2595 1834 spolia
2641 1764 2902 1836 preciosa
2937 1767 2993 1822 in
3031 1768 3246 1838 praeliis
3288 1771 3539 1842 sublata,
3572 1780 3635 1830 ut

230 1858 421 1912 ortum
453 1860 512 1911 et
543 1854 719 1912 celeri
753 1855 862 1911 ﬁne
890 1854 1244 1926 completum
1275 1859 1388 1924 est,
1421 1854 1575 1924 quod
1600 1854 1872 1925 superbia
1903 1871 1958 1931 Β
1990 1849 2197 1905 merito
2228 1850 2389 1906 credi
2424 1852 2630 1922 possit,
2658 1851 2766 1909 hoc
2791 1855 3044 1910 Francos
3073 1857 3254 1913 Hunis
3279 1857 3410 1928 jure
3441 1861 3637 1918 abstu-

231 1941 475 1999 simulet
492 1942 761 1999 socordia
784 1942 1103 1999 Tassilonis
1122 1941 1286 1998 ducis
1304 1941 1604 2013 excitavit,
1628 1941 1723 2012 qui
1744 1941 1877 1998 hor-

231 2036 355 2088 tatu
389 2031 605 2101 uxoris,
644 2046 770 2102 qua
805 2030 918 2086 ﬁlia
949 2030 1235 2086 Desiderii
1268 2028 1422 2100 regis
1451 2035 1579 2086 erat
1601 2044 1664 2086 ac
1689 2031 1874 2101 patris

231 2119 469 2178 exilium
503 2135 606 2193 per
634 2121 905 2178 maritum
940 2120 1144 2177 ulcisci
1179 2134 1348 2191 posse
1380 2119 1644 2191 putabat,
1670 2119 1876 2189 juncto

229 2208 449 2265 foedere
489 2224 620 2266 cum
663 2209 864 2279 Hunis,
909 2209 1004 2280 qui
1046 2207 1324 2279 Bajoariis
1362 2211 1501 2263 sunt
1539 2205 1611 2262 ab
1651 2206 1875 2263 oriente

226 2297 593 2367 contermini,
629 2312 741 2353 non
777 2296 961 2354 solum
994 2297 1274 2368 imperata
1306 2310 1418 2352 non
1453 2294 1641 2351 facere
1663 2294 1766 2350 sed
1791 2308 1877 2351 re—

225 2398 357 2456 gem
372 2384 525 2442 bello
540 2400 859 2457 provocare
873 2385 1217 2457 temptabat.
1237 2383 1413 2454 Cujus
1429 2382 1870 2452 contumaciam,

231 2474 362 2546 quia
389 2474 563 2531 nimia
585 2474 917 2543 videbatur,
949 2472 1291 2529 animositas
1322 2470 1478 2541 regis
1503 2472 1655 2527 ferre
1676 2470 1878 2541 nequi-

228 2568 414 2634 verat,
443 2578 507 2620 ac
536 2562 779 2634 proinde
801 2561 1127 2618 contractis
1156 2561 1411 2632 undique
1438 2559 1645 2631 copiis,
1681 2559 1878 2631 Bajoa-

231 2651 375 2707 riam
402 2651 720 2723 petiturus,
756 2650 825 2706 ad
862 2651 1053 2707 Licum
1087 2665 1310 2706 amnem
1338 2649 1519 2719 venit,
1553 2649 1648 2720 qui
1684 2648 1878 2721 Bajoa-

231 2740 352 2797 rios
375 2741 446 2795 ab
472 2738 824 2796 Alemanniis
846 2739 1074 2796 dividit.
1101 2740 1276 2810 Cujus
1298 2738 1353 2793 in
1378 2738 1502 2809 ripa
1527 2738 1740 2796 castris
1764 2739 1880 2795 col-

233 2828 465 2897 locatis,
485 2827 819 2899 priusquam
842 2828 1198 2900 provinciam
1220 2829 1488 2897 intraret,
1507 2827 1757 2884 animum
1777 2827 1879 2885 du-

232 2916 318 2974 cis
338 2931 441 2988 per
457 2915 684 2986 legatos
704 2916 915 2972 statuit
936 2915 1210 2987 experiri.
1238 2915 1348 2972 Sed
1374 2914 1470 2971 ille
1494 2915 1879 2987 pertinaciter

234 3017 407 3075 agere
431 3019 537 3060 nec
562 3004 670 3060 sibi
700 3003 788 3060 vel
811 3005 970 3074 genti
1004 3003 1146 3059 utile
1176 3008 1362 3075 ratus,
1398 3004 1518 3074 regi
1547 3018 1608 3059 se
1629 3004 1880 3076 supplex

236 3093 524 3165 permisit,
543 3091 779 3149 obsides
798 3092 893 3163 qui
916 3092 1355 3164 imperabantur
1367 3090 1548 3160 dedit,
1569 3092 1723 3147 inter
1738 3106 1880 3163 quos

234 3184 295 3237 et
327 3179 508 3237 ﬁlium
537 3195 702 3237 suum
732 3178 1118 3249 Theodonem,
1164 3178 1296 3235 data
1335 3179 1574 3250 insuper
1608 3177 1719 3234 ﬁde
1749 3193 1879 3234 cum

231 3267 586 3339 iuramento,
622 3267 776 3339 quod
799 3266 870 3323 ab
895 3266 1047 3323 illius
1076 3268 1367 3338 potestate
1397 3267 1466 3323 ad
1497 3266 1879 3323 defectionem

233 3356 450 3413 nemini
501 3357 769 3414 suadenti
820 3356 1214 3421 consentiret;
1263 3356 1461 3427 sicque
1504 3354 1679 3427 bello,
1725 3356 1878 3427 quod

235 3447 401 3516 quasi
428 3445 736 3502 maximum
767 3444 1077 3502 videbatur
1106 3444 1384 3515 futurum,
1418 3444 1763 3501 celerrimus
1789 3449 1882 3502 est

237 3532 371 3590 ﬁnis
404 3533 731 3606 impositus.
767 3532 990 3590 Tassilo
1031 3537 1220 3589 tamen
1263 3537 1463 3605 postea
1496 3537 1777 3590 evocatus
1809 3533 1881 3590 ad

236 3637 453 3693 regem,
472 3637 659 3694 neque
682 3623 874 3679 redire
899 3623 1216 3695 permissus
1237 3627 1348 3695 est,
1374 3637 1560 3694 neque
1584 3622 1881 3695 provincia

234 3725 405 3782 quam
434 3704 672 3768 tenebat
703 3711 953 3768 ulterius
978 3710 1132 3782 duci,
1158 3712 1260 3769 sed
1284 3711 1597 3769 comitibus
1618 3714 1712 3766 est
1732 3725 1884 3768 com-

234 3800 431 3857 missa.
471 3799 556 3870 (V.
593 3801 741 3857 Ama.
778 3816 828 3857 a.
861 3802 1013 3873 788.)
1048 3801 1183 3856 Nam
1208 3815 1339 3858 cum
1363 3799 1586 3856 Tassilo
1611 3797 1727 3856 dux
1750 3814 1886 3857 reus

234 3888 892 3959 majestatisjudicatus,
909 3888 1102 3961 capite
1118 3889 1554 3961 dampnaretur,
1573 3888 1883 3945 clementia

233 3977 391 4047 regis
423 3978 541 4034 vita
566 3978 676 4034 sibi
700 3991 1001 4048 concessa,
1036 3981 1259 4034 mutato
1288 3977 1488 4035 habitu
1512 3976 1569 4033 in
1596 3984 1886 4035 monaste-

234 4066 383 4123 rium
413 4066 627 4123 missus
648 4071 761 4137 est,
788 4066 941 4123 ﬁlius
960 4081 1188 4137 quoque
1205 4065 1333 4136 ejus
1348 4067 1580 4124 Theodo
1603 4066 1887 4125 detonsus

235 4155 575 4211 monasticae
608 4154 1042 4211 conversationi
1078 4155 1395 4226 deputatus
1424 4161 1535 4212 est.
1572 4188 1636 4197 —
1670 4156 1885 4240 (Vita.)

234 4243 335 4300 liis
358 4242 615 4299 motibus
640 4242 719 4299 ita
743 4241 1103 4314 compositis,
1140 4241 1381 4315 Sclavis,
1410 4245 1506 4315 qui
1533 4250 1727 4302 nostra
1753 4263 1888 4304 con-

232 4332 545 4390 suetudine
587 4332 774 4403 Wilci,
818 4332 1053 4404 propria
1085 4345 1225 4388 vero
1255 4330 1450 4403 lingua
1484 4333 1766 4391 Weletabi
1801 4336 1886 4393 di-

232 4424 466 4490 cuntur,
513 4417 728 4476 bellum
771 4419 994 4476 illatum
1027 4423 1141 4490 est,
1177 4418 1229 4475 in
1264 4435 1377 4492 quo
1409 4421 1684 4493 Saxones,
1720 4422 1878 4480 velut

233 4509 549 4568 auxiliares
573 4508 726 4565 inter
746 4513 974 4566 ceteras
1003 4510 1286 4582 nationes,
1315 4525 1641 4583 quanquam
1667 4511 1797 4570 ﬁcta
1820 4517 1878 4569 et

1912 3223 1963 3288 C

1988 1936 2148 2009 lisse,
2175 1939 2330 2008 quod
2353 1940 2500 1996 Huni
2528 1940 2689 2012 prius
2713 1941 2844 1998 aliis
2865 1944 3140 2013 gentibus
3164 1946 3379 2015 injuste
3411 1950 3638 2020 eripue-

1988 2031 2142 2082 runt.
2196 2058 2264 2067 —
2312 2028 2647 2099 Descriptio
2696 2028 2787 2062 ’1“
2833 2031 3006 2088 terra
3052 2033 3367 2091 Hunorum
3406 2055 3426 2091 .·
3463 2038 3634 2094 Terra

1987 2113 2202 2185 quippe
2232 2115 2549 2186 Hunorum,
2577 2123 2642 2171 ut
2663 2117 3039 2188 antiquorum
3072 2125 3395 2194 temporum
3427 2124 3638 2181 relatos

1989 2215 2084 2257 res
2130 2206 2426 2259 testantur
2467 2202 2647 2275 (Μοπ.
2680 2207 2873 2277 Sang.
2911 2222 2970 2277 ιι,
3005 2208 3079 2280 1),
3122 2224 3328 2266 novem
3373 2212 3632 2284 circulis,

1987 2303 2135 2359 quos
2175 2290 2473 2347 Teutonici
2520 2291 2663 2362 haga
2712 2292 2942 2367 dicunt,
2978 2295 3345 2369 cingebatur,
3392 2315 3636 2370 quorum

1987 2376 2199 2447 singuli
2232 2378 2310 2434 ita
2344 2379 2647 2451 stipitibus
2687 2383 2924 2452 quernis
2965 2383 3090 2441 sive
3123 2386 3333 2456 faginis
3361 2388 3451 2443 vel
3485 2390 3639 2445 abie-

1986 2466 2117 2536 gnis
2158 2471 2325 2523 erant
2370 2470 2678 2541 exstructi,
2731 2476 2789 2527 ut
2825 2471 2896 2527 de
2928 2473 3186 2543 margine
3217 2476 3287 2531 ad
3322 2478 3635 2545 marginem

1987 2556 2195 2626 viginti
2231 2556 2442 2628 pedum
2472 2559 2732 2631 spacium
2756 2562 3101 2618 tenderetur
3124 2564 3178 2619 in
3203 2564 3381 2622 latum
3415 2572 3471 2621 et
3505 2568 3642 2623 toti-

1989 2645 2118 2701 dem
2151 2645 2602 2715 subrigerentur
2624 2647 2679 2703 in
2705 2648 2905 2721 altum,
2940 2651 3162 2708 eavitas
3184 2650 3487 2709 11mautem
3519 2655 3640 2710 nni-

1987 2747 2155 2789 versa
2175 2738 2276 2789 aut
2295 2733 2630 2791 durissimis
2650 2736 2946 2808 lapidibus
2966 2744 3059 2795 aut
3082 2745 3242 2796 creta
3265 2742 3637 2800 tenacissima

1991 2820 2342 2892 repleretur,
2364 2838 2539 2894 porro
2560 2825 2900 2896 superﬁcies
2917 2827 3201 2886 vallorum
3226 2832 3542 2885 eorundem
3559 2830 3639 2886 in-

1990 2910 2321 2979 tegerrimis
2337 2911 2664 2983 cespitibus
2681 2918 3002 2983 tegeretur.
3027 2918 3182 2973 Inter
3201 2932 3445 2988 quorum
3466 2919 3614 2975 conﬁ
3628 2951 3645 2961 -

1991 2999 2083 3054 nia
2120 2999 2536 3070 plantabantur
2565 3002 2912 3073 arbusculae,
2949 3020 3097 3075 quze,
3132 3010 3193 3062 ut
3222 3022 3461 3063 cernere
3494 3007 3640 3063 sple-

1991 3103 2136 3159 mus,
2170 3089 2414 3146 abscisae
2447 3097 2620 3161 atque
2654 3091 2931 3161 projects:
2959 3108 3155 3150 comas
3181 3095 3448 3151 caudium
3475 3096 3638 3153 folio-

1993 3192 2237 3249 rumque
2256 3179 2580 3250 profcrunt.
2608 3180 2686 3235 Dc
2711 3181 2895 3251 primo
2913 3187 3104 3237 autem
3123 3183 3345 3239 circulo
3364 3201 3547 3255 usque
3566 3186 3636 3243 ad

1993 3265 2313 3322 secundum
2336 3271 2405 3322 20
2428 3266 2671 3321 miliaria
2696 3268 3005 3324 Teutonica
3031 3270 3552 3341 protendebantur,
3579 3278 3634 3328 et

1994 3354 2127 3410 inde
2167 3354 2438 3410 similiter
2471 3355 2540 3411 ad
2572 3354 2838 3426 tercium,
2872 3359 2930 3411 et
2962 3356 3037 3411 ita
3084 3373 3267 3427 usque
3298 3358 3367 3413 ad
3402 3374 3634 3431 nonum,

1993 3442 2257 3514 quamvis
2288 3441 2398 3514 ipsi
2431 3441 2636 3499 circuli
2669 3442 2822 3499 alius
2854 3442 2967 3499 alio
2999 3445 3179 3501 multo
3210 3448 3637 3504 contractiores

1992 3530 2261 3588 fuissent.
2296 3531 2453 3585 Inter
2485 3531 2591 3587 hos
2622 3530 2801 3600 igitur
2834 3545 3080 3601 aggeres
3114 3533 3191 3588 ita
3224 3534 3334 3591 vici
3368 3535 3638 3607 villaeque

1992 3627 2161 3677 erant
2183 3618 2409 3689 locatas,
2445 3624 2505 3676 ut
2529 3619 2601 3676 de
2622 3619 2752 3676 aliis
2774 3620 2846 3676 ad
2871 3620 3014 3677 alias
3035 3636 3148 3677 vox
3170 3622 3414 3679 humana
3440 3632 3637 3695 posset

1995 3709 2204 3766 audiri.
2231 3710 2443 3765 Contra
2469 3708 2667 3765 eadem
2692 3723 2831 3765 vero
2853 3709 3094 3766 aediﬁcia
3115 3710 3267 3767 inter
3286 3712 3639 3784 inexpugna-

1993 3797 2143 3855 biles
2175 3812 2371 3855 muros
2401 3802 2586 3870 portae
2611 3813 2719 3855 non
2746 3799 2892 3855 satis
2915 3798 3048 3856 latze
3078 3805 3245 3856 erant
3276 3803 3633 3874 constituta,

1996 3903 2102 3959 per
2124 3902 2270 3960 quas
2292 3876 2679 3944 latrocinandi
2707 3888 2896 3956 gratia
2930 3904 3042 3944 non
3076 3887 3261 3946 solum
3288 3891 3635 3962 exteriores,

1996 3976 2097 4035 sed
2120 3976 2294 4033 etiam
2318 3976 2629 4033 interiores
2653 3976 2918 4035 solebant
2943 3978 3123 4033 exire.
3155 3979 3232 4033 De
3255 3977 3476 4034 circulo
3500 3994 3638 4048 quos

1999 4081 2111 4141 que
2134 4066 2204 4123 ad
2227 4065 2512 4124 circulum
2533 4065 2613 4123 sic
2632 4071 2795 4123 erant
2820 4064 3395 4137 possessiones“’3et
3418 4067 3639 4122 habita-

1995 4156 2126 4214 cula
2152 4154 2406 4226 undique
2435 4169 2668 4211 versum
2699 4153 2986 4225 ordinata,
3014 4158 3077 4210 ut
3098 4154 3337 4224 clangor
3368 4156 3637 4210 tubarum

1997 4248 2152 4304 inter
2182 4243 2411 4315 singula
2439 4242 2720 4313 cujusque
2750 4242 2831 4297 rei
2866 4247 3067 4314 posset
3099 4242 3520 4312 signiﬁcativus
3552 4242 3639 4280 ¹¹²⁸

1996 4334 2244 4394 adverti.
2281 4332 2366 4389 Ad
2387 4333 2493 4388 has
2514 4346 2655 4401 ergo
2686 4330 3036 4387 munitiones
3056 4345 3162 4403 per
3182 4332 3467 4389 ducentos
3488 4337 3546 4388 et
3569 4347 3637 4390 eo

1995 4423 2244 4497 amplius
2276 4435 2479 4491 annos,
2526 4419 2973 4491 qualescumque
3013 4420 3265 4477 omnium
3307 4421 3639 4477 occidenta-

1992 4512 2135 4570 lium
2175 4509 2410 4568 divitias
2450 4512 2896 4579 congregantes,
2932 4524 3060 4564 cum
3093 4514 3152 4563 et
3182 4509 3349 4564 Gothi
3381 4514 3438 4565 et
3472 4511 3638 4565 Wan-

232 4601 423 4657 minus
462 4598 672 4657 devota
713 4600 1092 4671 oboedientia,
1128 4599 1478 4672 militabant,
1514 4616 1742 4676 unaque
1771 4604 1879 4661 hac
1909 4583 1963 4644 D
1992 4601 2108 4659 dali
2151 4600 2405 4672 quietem
2443 4597 2736 4654 hominum
2780 4596 3211 4669 perturbarent,
3255 4598 3454 4654 orbem
3487 4596 3638 4653 occi-

230 4688 607 4764 expeditione
630 4689 781 4746 idem
806 4689 992 4748 Sclavi
1018 4691 1097 4748 ita
1121 4696 1254 4749 sunt
1279 4691 1505 4762 domiti,
1542 4696 1601 4749 ut
1626 4692 1878 4751 ulterius

225 4780 406 4852 jussis
435 4794 548 4836 non
579 4779 959 4836 contrairent.
987 4811 1051 4820 -—
1077 4780 1383 4837 Maximum
1412 4781 1665 4838 omnium
1697 4797 1824 4854 qua:
1846 4799 1876 4840 a

230 4869 440 4926 Karolo
468 4873 634 4940 gesta
667 4874 801 4926 sunt
826 4867 1108 4926 bellorum
1142 4874 1341 4940 preter
1370 4869 1711 4928 Saxonicum
1743 4871 1878 4929 huic

230 4956 385 5015 bello
417 4958 731 5027 successit,
764 4955 908 5013 illud
929 4955 1208 5013 videlicet
1232 4956 1387 5028 quod
1417 4962 1622 5016 contra
1656 4962 1877 5018 Avares

230 5046 353 5104 sive
390 5047 586 5102 Hunos
623 5050 956 5118 susceptum
991 5050 1101 5116 est,
1154 5046 1306 5117 quod
1342 5046 1439 5104 ille
1467 5052 1526 5105 et
1556 5048 1877 5109 animosius

230 5149 402 5208 quam
431 5140 627 5192 cetera
650 5139 708 5192 et
734 5135 904 5208 longe
938 5137 1140 5210 majori
1173 5141 1457 5211 apparatu
1490 5139 1878 5199 amministra—

228 5224 332 5283 vit.
367 5226 544 5282 Unam
578 5228 768 5281 tamen
798 5240 900 5297 per
923 5241 986 5282 se
1017 5227 1073 5282 in
1097 5227 1449 5284 Pannoniam
1474 5261 1540 5270 -
1563 5245 1691 5287 nam
1728 5230 1877 5289 hanc

231 5314 591 5388 provinciam
608 5328 676 5370 ea
689 5327 833 5384 gens
856 5313 1144 5372 incolebat
1166 5318 1687 5389 —expeditionem
1712 5320 1872 5394 fecit,

233 5408 431 5465 cetera
464 5404 585 5462 ﬁlio
611 5418 720 5462 suo
749 5403 997 5477 Pippino
1027 5418 1093 5463 ac
1116 5407 1393 5478 prefectis
1414 5409 1873 5485 porvinciarum,

1992 4690 2168 4748 duum
2190 4703 2335 4763 pene
2354 4702 2600 4746 vacuum
2624 4685 2985 4743 dimiserunt.
3013 4686 3170 4752 Quos
3191 4690 3308 4741 tum
3333 4684 3638 4741 invictissi-

1990 4794 2120 4837 mus
2148 4777 2395 4835 Karolus
2425 4777 2479 4833 in
2510 4776 2676 4833 annis
2705 4779 2840 4832 octo
2871 4775 2951 4831 ita
2983 4774 3337 4846 perdomuit,
3373 4778 3434 4830 ut
3457 4773 3526 4830 de
3550 4774 3636 4830 eis

1988 4883 2061 4926 ne
2092 4868 2356 4924 minimas
2379 4865 2611 4938 quidem
2634 4864 2915 4936 reliquias
2947 4879 3248 4921 remanere
3277 4864 3631 4935 permiserit.

1989 4958 2036 5014 A
2067 4956 2419 5027 Vulgaribus
2450 4970 2588 5013 vero
2609 4954 2740 5011 ideo
2766 4968 2994 5011 manum
3028 4953 3295 5024 retraxit,
3324 4952 3455 5022 quia
3481 4952 3637 5009 vide-

1988 5045 2151 5119 licet,
2174 5046 2356 5103 Hunis
2377 5044 2679 5114 extinctis,
2703 5057 2883 5114 regno
2904 5044 3259 5100 Francorum
3281 5040 3456 5097 nichil
3481 5041 3637 5099 noci-

1989 5137 2108 5195 turi
2140 5136 2500 5195 viderentur.
2534 5136 2719 5189 Porro
2750 5131 3001 5204 praedam
3036 5131 3091 5187 in
3121 5129 3414 5187 Pannonia
3442 5145 3637 5202 reper-

1987 5231 2110 5284 tam
2142 5240 2247 5301 per
2274 5222 2590 5299 epyscopia
2614 5220 2704 5280 vel
2730 5220 3083 5279 monasteria
3106 5218 3519 5277 liberalissima
3552 5218 3637 5276 di-

1988 5318 2212 5378 visione
2234 5314 2559 5374 distribuit.
2585 5312 2770 5386 (Emu.
2808 5312 2945 5377 Vita
2962 5312 3145 5390 Kar.)
3168 5312 3292 5372 Duo
3314 5315 3541 5370 tantum
3564 5324 3638 5369 ex

1991 5409 2340 5488 proceribus
2368 5408 2717 5471 Francorum
2749 5421 2819 5467 eo
2853 5405 3009 5465 bello
3036 5406 3360 5480 perierunt.
3395 5402 3637 5461 Hericus

1590 5538 1826 5598 VARIE
1866 5537 2273 5602 LECTIONES.

298 5628 391 5714 “"f
409 5629 853 5717 arssgilfqybg
891 5629 1147 5717 fﬁ‘Hqg
1171 5632 1742 5717 in_mgrging_muro
1771 5639 1967 5701 colore
1994 5643 2227 5717 scripta
2246 5637 2406 5701 sum.
2447 5642 2497 5695 1.
2561 5635 2651 5670 ¹¹²²
2692 5631 2901 5691 civitas
2950 5634 3000 5690 4.
3027 5631 3082 5689 ei
3113 5630 3325 5691 civitas
3378 5629 3457 5685 9°.
3542 5625 3642 5664 “3’

235 5701 623 5782 passiones].
673 5701 763 5738 ⁸³³⁸
783 5701 1211 5776 signiﬁcantius
1235 5707 1287 5764 6.
1322 5701 1474 5769 5.90.
1500 5712 1588 5770 10.
1646 5713 1732 5771 11.
