3946 6414
271 359 413 422 847.

1432 340 1913 410 EKKEHARDI
1961 338 2516 407 URAUGIENSIS

3555 348 3680 409 848

277 507 395 553 nux
426 494 827 566 Forojulianus
854 492 907 547 in
942 488 1213 547 Liburnia
1240 489 1406 560 juxta
1434 483 1727 542 Tarsicam
1750 482 1921 539 mari-
1946 479 2007 541 A
2035 480 2187 536 niam
2216 484 2276 536 et
2307 479 2634 551 appositam
2667 478 2723 535 in
2756 478 2944 536 altera
2986 480 3229 538 Danubii
3270 482 3393 554 ripa
3425 485 3682 557 Daciam,

274 586 474 641 timam
507 583 804 639 civitatem
830 579 1062 635 insidiis
1085 577 1508 649 Oppidanorum
1535 574 1917 645 interceptus,

278 679 337 731 et
367 671 652 729 Geroldus
686 668 963 738 Bajoarize
1008 666 1320 737 praefectus
1354 664 1409 719 in
1442 662 1756 731 Pannonia,
1791 676 1921 718 cum

2034 568 2309 625 Histriam
2352 581 2583 638 quoque
2614 571 2673 623 et
2709 567 3051 639 Lyburniam
3094 575 3270 640 atque
3312 572 3680 645 Dalmatiam,

2034 658 2294 729 exceptis
2314 656 2619 712 maritimis
2641 657 3001 728 civitatibus,
3025 673 3168 728 quas
3186 662 3259 715 ob
3276 661 3594 720 amiciciam
3621 670 3685 721 et

279 769 483 819 contra
508 761 704 815 Hunos
729 754 1103 827 praeliaturus
1130 754 1308 810 aciem
1333 757 1609 820 strueret,
1634 750 1923 807 incertum
2028 745 2294 815 junctum
2317 758 2447 801 cum
2472 758 2540 799 eo
2562 743 2746 800 fcedus
2771 747 3477 818 Constantinopolitanum
3506 752 3685 824 impe-

282 867 310 909 a
345 865 480 922 quo,
513 863 644 904 cum
677 845 909 902 duobus
940 848 1163 900 tantum
1196 842 1291 913 qui
1323 855 1453 897 eum
1486 840 1923 910 obequitantem

282 956 347 997 ac
370 936 633 1007 singulos
655 933 1061 990 cohortantem
1092 932 1542 999 comitabantur,
1576 929 1926 984 interfectus

281 1031 388 1083 est.
425 1026 692 1080 Ceterum
727 1021 1095 1077 incruentum
1135 1033 1278 1091 pene
1310 1017 1546 1073 Francis
1580 1015 1793 1072 bellum
1816 1016 1928 1072 hoc

282 1115 385 1173 fuit
402 1118 458 1170 et
477 1110 932 1185 prosperrimum
956 1109 1174 1165 exitum
1201 1106 1424 1177 habuit,
1448 1105 1683 1161 tametsi
1704 1104 1928 1160 diutius

278 1203 368 1263 sui
402 1199 801 1271 magnitudine
842 1199 1196 1254 traheretur.
1240 1198 1382 1252 Post
1422 1194 1573 1265 quod
1604 1198 1662 1249 et
1696 1191 1932 1249 Saxoni-

278 1307 409 1350 cum
433 1306 535 1347 sua
565 1289 905 1362 prolixitate
934 1289 1353 1356 congruentem
1384 1283 1553 1339 finem
1587 1282 1836 1353 accepit.
1864 1312 1933 1320 —

280 1379 609 1438 Boemicum
637 1392 866 1448 quoque
892 1384 951 1431 et
974 1375 1311 1443 Lilonicum,
1348 1387 1475 1443 quae
1501 1376 1703 1443 postea
1728 1375 1932 1427 exorta

278 1474 436 1538 sunt,
469 1469 681 1524 durare
704 1480 812 1521 non
839 1468 1179 1536 potuerunt,
1214 1476 1459 1533 quorum
1486 1465 1798 1531 utrumque
1831 1459 1933 1515 du-

279 1565 378 1615 ctu
412 1555 603 1613 Karoli
624 1554 877 1624 junioris
901 1553 1077 1609 celeri
1104 1552 1213 1607 fine
1235 1551 1591 1621 completum
1615 1553 1723 1605 est.
1748 1579 1816 1588 —
1839 1547 1933 1603 Ul-

283 1648 486 1702 timum
510 1649 716 1701 contra
741 1643 1101 1697 Normannos
1127 1640 1223 1710 qui
1249 1639 1386 1694 Dani
1411 1642 1718 1706 vocantur,
1747 1636 1931 1708 primo

284 1734 605 1808 pyraticam
638 1735 1008 1799 exercentes,
1049 1728 1258 1784 deinde
1300 1727 1502 1799 majori
1535 1727 1725 1783 classe
1760 1726 1931 1781 litora

2036 840 2290 891 ratorem
2315 835 2527 889 habere
2552 834 2835 904 permisit,
2864 834 3072 891 deinde
3095 851 3295 892 omnes
3322 839 3597 897 barbaras
3621 847 3681 898 et

2040 925 2191 979 feras
2224 924 2512 993 nationes,
2556 938 2684 994 quas
2725 924 2878 979 inter
2907 924 3166 981 Rhenum
3201 942 3265 982 ac
3297 928 3545 985 Visulam
3579 931 3683 986 ﬂu-

2039 1012 2163 1067 vios
2196 1026 2594 1081 oceanumque
2624 1027 2689 1067 ac
2722 1012 3042 1068 Danubium
3074 1013 3297 1084 posita},
3333 1015 3526 1086 lingua
3560 1019 3681 1088 qui-

2040 1102 2168 1157 dem
2196 1115 2339 1171 pene
2364 1099 2606 1170 similes,
2639 1101 2897 1156 moribus
2920 1115 3058 1157 vero
3081 1106 3255 1171 atque
3284 1103 3482 1161 habitu
3514 1105 3685 1163 valde

2041 1189 2375 1251 dissimiles,
2411 1188 2770 1245 Germaniam
2807 1190 3087 1261 incolunt,
3124 1192 3203 1247 ita
3238 1193 3582 1263 perdomuit,
3622 1203 3691 1252 ut

2041 1293 2141 1333 eas
2168 1277 2515 1334 tributarias
2544 1277 2820 1333 efficeret.
2854 1279 3032 1334 Auxit
3056 1279 3228 1335 etiam
3250 1279 3492 1344 gloriam
3523 1284 3687 1353 regni

2044 1369 2154 1436 su‘,
2188 1365 2529 1437 quibusdam
2564 1367 2802 1436 regibus
2833 1382 2897 1423 ac
2926 1368 3201 1437 gentibus
3232 1384 3333 1440 per
3362 1371 3687 1429 amiciciam

2044 1456 2151 1512 sibi
2185 1455 2531 1525 conjunctis.
2577 1455 2735 1510 Adeo
2768 1469 3014 1524 namque
3048 1457 3417 1529 Adel‘onsum,
3453 1460 3688 1518 Galieiaa

2044 1548 2220 1615 atque
2244 1542 2633 1600 Asturicze‘m
2647 1558 2860 1613 regem,
2883 1544 2993 1599 sibi
3019 1545 3302 1601 societate
3326 1547 3600 1619 devinxit,
3622 1557 3687 1606 ut

2049 1632 2095 1687 is
2119 1646 2246 1688 cum
2272 1632 2341 1688 ad
2366 1646 2497 1687 eum
2521 1632 2612 1688 vel
2637 1630 2869 1687 litteras
2891 1631 2983 1687 vel
3007 1632 3230 1702 legatos
3258 1635 3536 1705 mitteret,
3574 1653 3685 1693 non

2048 1719 2220 1775 aliter
2242 1736 2304 1776 se
2328 1719 2478 1791 apud
2503 1720 2665 1775 illum
2690 1734 2860 1789 quam
2887 1720 3183 1791 proprium
3209 1737 3374 1779 suum
3406 1724 3687 1796 appellari

285 1822 483 1881 Gallia:
525 1825 701 1892 atque
745 1818 1063 1876 Germanias
1110 1822 1428 1885 vastantes,
1474 1815 1687 1872 bellum
1737 1828 1933 1871 susce—
1962 1836 2018 1897 Β
2044 1808 2296 1897 jubet-et.
2320 1810 2649 1865 Scottorum
2672 1823 2904 1897 quoque
2925 1824 3092 1879 reges
3114 1809 3198 1867 sic
3219 1810 3417 1868 habuit
3439 1812 3507 1869 ad
3526 1828 3689 1870 suam

282 1918 448 1984 ptum
469 1915 581 1980 est,
620 1924 862 1980 quorum
896 1922 999 1963 rex
1031 1906 1368 1962 Gotefridus
1391 1904 1535 1961 adeo
1558 1918 1703 1960 vana
1727 1919 1830 1975 spe
1852 1904 1936 1958 in-

287 2002 460 2056 ﬂatus
482 2002 630 2068 erat,
660 2003 722 2053 ut
744 1996 852 2052 sibi
877 1995 1063 2051 totius
1092 1994 1411 2049 Germaniae
1442 1992 1815 2063 promitteret
1842 2007 1936 2062 po-

287 2092 602 2156 testatem;
620 2084 870 2141 Fresiam
894 2097 1123 2153 quoque
1150 2088 1322 2153 atque
1347 2081 1649 2137 Saxoniam
1671 2080 1810 2136 haut
1836 2079 1937 2135 ali-

287 2182 378 2232 ter
400 2180 577 2247 atque
600 2189 735 2230 suas
761 2171 1094 2244 provincias
1116 2170 1445 2226 estimabat.
1470 2172 1592 2225 Jam
1618 2167 1936 2224 Abodritos

286 2265 511 2321 vicinos
549 2278 688 2318 suos
721 2261 777 2315 in
810 2274 970 2317 suam
1011 2258 1290 2314 ditionem
1333 2258 1662 2327 redegerat,
1690 2258 1805 2328 jam
1835 2271 1937 2312 eos

286 2352 398 2409 sibi
450 2349 768 2420 vectigales
828 2349 1064 2415 fecerat,
1114 2346 1377 2416 jactabat
1434 2346 1610 2400 etiam
1661 2359 1725 2400 se
1775 2344 1936 2400 brevi

290 2439 664 2512 Aquisgrani,
699 2438 796 2495 ubi
824 2437 978 2506 regis
1002 2436 1314 2491 comitatus
1335 2439 1482 2505 erat,
1517 2449 1645 2490 cum
1672 2433 1936 2490 maximis

287 2528 476 2601 cepiis
497 2529 904 2584 adventurum.
930 2527 1045 2580 Nec
1067 2524 1243 2580 dictis
1264 2525 1389 2594 ejus
1409 2523 1670 2594 quamvis
1694 2523 1939 2579 vanissi-

289 2618 397 2674 mis
424 2617 659 2674 omnino
702 2615 846 2670 ﬁdes
892 2614 1280 2682 abnuebatur,
1317 2615 1454 2683 quin
1490 2612 1685 2684 potius
1716 2610 1937 2683 aliquid

291 2705 407 2761 tale
449 2705 846 2773 inchoaturus,
901 2702 1007 2757 nisi
1051 2703 1321 2758 festinata
1356 2701 1556 2757 fuisset
1593 2706 1779 2756 morte
1814 2716 1941 2772 pre-

290 2798 520 2863 ventus,
552 2794 892 2864 putabatur.
930 2792 1066 2845 Nam
1090 2805 1119 2845 a
1148 2791 1381 2862 proprio
1413 2788 1687 2859 satellite,
1724 2789 1848 2844 sive
1877 2792 1938 2845 ut

290 2882 523 2953 quidam
556 2881 753 2937 verius
779 2880 1054 2935 cstimant
1090 2881 1265 2951 (Μοπ.
1299 2881 1491 2950 Sang.
1519 2894 1576 2949 ιι,
1605 2880 1717 2949 13),
1749 2893 1777 2933 a
1814 2893 1942 2949 pro-

291 2969 418 3041 prio
444 2968 583 3038 lilio,
610 2969 778 3039 cujus
803 2972 1045 3023 matrem
1071 2968 1366 3037 abjeecrat
1389 2972 1445 3021 et
1469 2966 1638 3023 aliam
1668 2967 1936 3037 duxerat,

291 3058 661 3130 interfectus,
694 3061 752 3113 et
782 3072 904 3114 suae
935 3056 1069 3113 vitze
1091 3061 1147 3112 et
1175 3056 1310 3113 belli
1335 3071 1364 3111 a
1390 3070 1450 3112 se
1483 3056 1739 3112 inchoati
1772 3056 1941 3111 finem

291 3147 447 3204 fecit.

364 3237 548 3306 (Emn.
592 3235 725 3293 Vita
741 3236 922 3306 Kar.)
946 3236 1078 3292 Haec
1102 3238 1236 3292 sunt
1264 3234 1435 3305 bella,
1464 3251 1591 3307 quas
1616 3250 1717 3291 rex
1741 3241 1944 3308 poten-

293 3324 557 3381 tissimus
576 3339 678 3396 per
697 3339 879 3380 annos
903 3327 1149 3380 άσ-ιοι
1170 3324 1321 3380 enim
1340 3326 1507 3382 annis
1525 3326 1939 3395 regnavit—in

291 3413 540 3471 diversis
564 3417 854 3469 terrarum
883 3413 1148 3485 partibus
1170 3429 1393 3469 summa
1426 3414 1734 3486 prudentia
1766 3419 1942 3485 atque

292 3503 571 3559 felicitate
604 3504 807 3572 gessit,
844 3502 1057 3574 quibus
1098 3505 1452 3561 Francorum
1491 3519 1751 3574 regnum,
1787 3503 1941 3574 quod

292 3597 428 3663 post
451 3596 675 3664 patrem
698 3591 1004 3663 Pippinum
1030 3606 1298 3661 magnum
1323 3593 1554 3663 quidem
1569 3598 1628 3648 et
1645 3593 1795 3648 forte
1819 3607 1944 3649 sus-

291 3683 551 3751 ceperat,
588 3679 668 3733 ita
711 3679 991 3735 nobiliter
1041 3680 1360 3750 ampliavit,
1408 3684 1471 3736 ut
1509 3696 1655 3752 pene
1703 3680 1941 3752 duplum

293 3767 633 3825 reddiderit.
690 3768 828 3824 Nam
868 3783 997 3824 cum
1041 3768 1203 3838 prius
1246 3783 1358 3824 non
1391 3768 1642 3839 amplius
1673 3783 1843 3839 quam
1874 3782 1941 3824 ea

293 3872 429 3930 pars
457 3855 677 3925 Galliae,
714 3856 1021 3926 quaeinter
1043 3857 1389 3931 Rhenumet
1412 3857 1670 3927 Ligerem
1705 3857 1942 3915 ﬂuvium

293 3960 691 4016 oceanumque
713 3960 777 4000 ac
801 3959 958 4000 mare
985 3944 1338 4001 Balearicum
1363 3945 1539 4015 jacet,
1566 3950 1624 4001 et
1650 3961 1786 4018 pars
1810 3947 1944 4003 Ger-

293 4036 518 4106 mania},
553 4050 664 4106 que
696 4036 849 4090 inter
880 4034 1187 4090 Saxoniam
1220 4041 1277 4090 et
1301 4037 1625 4092 Danubium
1655 4051 1721 4092 ac
1754 4036 1942 4094 Salam

294 4125 552 4195 fluvium,
597 4124 692 4195 qui
732 4123 1054 4193 Thuringos
1085 4128 1141 4180 et
1175 4125 1428 4180 Sorabos
1461 4124 1689 4196 dividit,
1737 4131 1944 4197 postea

292 4214 568 4271 incolitur
617 4228 648 4269 a
698 4214 939 4269 Francis
990 4214 1087 4284 qui
1148 4213 1470 4270 orientales
1524 4215 1823 4286 dicuntur,
1884 4219 1941 4271 et

292 4303 650 4377 prmterhzec
672 4301 969 4357 Alemanni
994 4306 1171 4373 atque
1198 4302 1465 4374 Bajoarii,
1493 4303 1563 4359 ad
1583 4304 1745 4375 regni
1774 4307 1945 4361 Fran-

293 4408 494 4452 corum
528 4396 883 4464 potestatem
918 4391 1285 4461 pertinerent
1313 4409 1325 4445 :
1352 4392 1475 4464 ipse
1505 4408 1611 4464 per
1644 4392 1796 4449 bella
1830 4408 1945 4449 me-

295 4488 518 4539 morata
569 4482 755 4553 primo
802 4481 1173 4551 Aquitaniam
1214 4486 1273 4537 et
1311 4482 1673 4538 Wasconiam
1731 4487 1945 4539 totum-

295 4586 407 4643 que
454 4550 697 4643 Pyrenei
747 4550 960 4625 montis
1004 4569 1204 4640 jugum
1238 4574 1294 4625 et
1328 4584 1514 4640 usque
1544 4571 1616 4625 ad
1648 4572 1940 4642 Hyberum
1969 4550 2026 4613 D

294 4675 542 4731 amnem,
593 4659 690 4730 qui
741 4659 895 4730 apud
927 4661 1215 4715 Novarros
1244 4657 1334 4691 ωδ
1364 4666 1530 4716 ortus
1556 4665 1614 4714 et
1650 4660 1943 4717 fertilissi-

295 4764 421 4807 mos
449 4748 740 4820 Hispaniae
780 4763 952 4817 agros
992 4762 1216 4818 secans,
1257 4749 1364 4804 sub
1393 4749 1653 4804 Tertosaa
1683 4749 1945 4808 civitatis

295 4838 481 4895 menia
545 4836 843 4894 Balearico
893 4837 1034 4893 mari
1084 4837 1389 4905 miscetur,
1451 4837 1661 4893 deinde
1716 4838 1941 4896 Italiam

293 4932 478 4985 totam
512 4928 583 4983 ab
613 4929 871 4996 Augusta
904 4926 1183 4982 Prastoria
1210 4941 1389 4996 usque
1414 4926 1470 4980 in
1494 4926 1819 4985 Calabriam
1844 4928 1943 4984 mi-

295 5031 515 5088 norem,
548 5016 603 5073 in
638 5031 750 5087 qua
774 5018 1091 5072 Grecorum
1126 5029 1191 5071 ac
1220 5016 1687 5087 Beneventorum
1712 5022 1941 5076 constat

294 5121 425 5164 esse
454 5105 724 5176 conﬁnia,
771 5108 892 5162 tum
933 5104 1260 5174 Saxoniam,
1301 5120 1430 5175 quas
1469 5107 1787 5164 Germaniae
1821 5108 1944 5180 qui-

296 5197 425 5253 dem
456 5210 658 5268 magna
693 5210 829 5268 pars
860 5199 971 5265 est,
1006 5199 1067 5251 et
1096 5193 1241 5265 ejus,
1269 5210 1397 5266 quas
1422 5211 1452 5252 a
1472 5198 1712 5255 Francis
1742 5198 1944 5256 incoli-

296 5291 413 5357 tur,
440 5286 680 5360 duplum
706 5285 760 5342 in
786 5284 905 5342 lato
927 5286 1143 5342 habere
1172 5290 1433 5357 putatur,
1464 5302 1594 5344 cum
1619 5287 1668 5345 ei
1695 5287 1947 5358 longitu-

296 5373 429 5434 dine
451 5376 635 5450 possit
655 5390 789 5434 esse
812 5375 1373 5443 consimilis;deinde
1398 5380 1704 5451 utramque
1724 5380 1947 5434 Panno-

1971 3190 2022 3255 C

2049 1896 2408 1953 voluntatem
2451 1912 2556 1967 per
2596 1896 3048 1953 munificentiam
3089 1898 3416 1970 inclinatos,
3461 1906 3519 1957 ut
3559 1918 3691 1959 eum

2050 1999 2339 2055 nunquam
2381 1985 2489 2041 nisi
2530 1985 2843 2055 dominum,
2889 2001 3068 2056 seque
3101 1987 3368 2044 subditos
3397 1993 3455 2045 et
3487 2005 3693 2048 servos

2049 2075 2175 2145 ejus
2196 2074 2672 2145 pronunciarent.
2702 2075 2838 2130 Cum
2866 2077 3049 2130 Aaron
3078 2090 3211 2145 rege
3236 2078 3559 2149 Persarum,
3595 2080 3692 2150 qui

2048 2169 2296 2234 excepta
2330 2164 2486 2219 India
2517 2168 2708 2219 totum
2733 2178 2879 2234 pene
2903 2166 3140 2220 tenebat
3171 2165 3483 2237 Orientem,
3521 2167 3692 2224 talem

2048 2240 2298 2306 habebat
2326 2250 2379 2305 in
2404 2250 2666 2306 amiciria
2700 2250 3095 2322 concordiam,
3128 2256 3188 2307 ut
3216 2253 3264 2309 is
3287 2253 3531 2322 gratiam
3564 2253 3691 2324 ejus

2048 2340 2301 2395 omnium
2334 2340 2508 2409 quiin
2535 2344 2661 2395 toto
2684 2344 2852 2395 erant
2880 2341 3021 2396 orbe
3052 2355 3249 2410 regum
3275 2355 3340 2397 ac
3364 2342 3689 2414 principum

2050 2428 2327 2484 amiciciae
2359 2434 2750 2499 prieponeret,
2793 2427 3095 2499 solumque
3127 2428 3346 2485 honore
3378 2445 3441 2485 ac
3471 2430 3692 2486 munifi-

2049 2518 2239 2573 centia
2254 2516 2368 2573 sibi
2384 2516 3017 2586 colendumjudicaret.
3032 2549 3096 2558 -—
3114 2518 3503 2589 Imperatores
3516 2519 3691 2576 etiam

2050 2595 2707 2675 Constantinopolitani,
2742 2605 3123 2676 Nicephorus,
3157 2606 3434 2661 Michahel
3466 2611 3522 2662 et
3560 2607 3687 2676 Leo,

2051 2694 2208 2750 ultro
2232 2692 2553 2749 amiciciam
2573 2700 2628 2748 et
2649 2693 2990 2749 societatem
3008 2694 3135 2763 ejus
3155 2698 3512 2765 expetentes,
3540 2709 3694 2751 com-

2054 2782 2249 2854 plures
2280 2781 2350 2838 ad
2382 2797 2484 2837 eos
2524 2782 2733 2838 misere
2772 2780 3012 2851 legatos.
3059 2783 3195 2839 Cum
3234 2783 3443 2853 quibus
3474 2788 3690 2856 tamen,

2053 2877 2293 2944 prepter
2332 2877 2669 2943 susceptum
2701 2886 2731 2927 a
2765 2886 2824 2927 se
2856 2871 3227 2943 imperatoris
3268 2887 3492 2940 nomen,
3527 2877 3583 2929 et
3617 2874 3694 2930 ob

2051 2960 2181 3031 hoc,
2217 2961 2381 3031 quasi
2406 2960 2501 3030 qui
2527 2960 2828 3031 imperium
2853 2960 2939 3016 eis
2962 2961 3261 3032 preriperc
3292 2960 3487 3032 vellet,
3524 2961 3693 3017 valde

2053 3055 2449 3120 susspectum,
2491 3049 2680 3105 foedus
2721 3048 3112 3105 firmissimum
3157 3051 3388 3121 statuit,
3433 3055 3492 3106 ut
3534 3049 3692 3106 nulla

2054 3137 2206 3193 inter
2238 3142 2438 3208 partes
2462 3136 2777 3206 cujuslibet
2802 3136 3058 3192 scandali
3086 3142 3411 3193 remaneret
3436 3138 3689 3194 occasio.

2055 3228 2188 3282 Erat
2210 3226 2358 3282 enim
2381 3241 2610 3297 semper
2627 3225 2970 3281 Romanisct
2985 3225 3184 3281 Grecis
3203 3227 3548 3283 Francorum
3571 3240 3696 3284 sus-

2055 3319 2256 3387 specta
2293 3315 2572 3386 potentia.
2610 3314 2770 3370 Unde
2802 3318 2859 3368 et
2895 3312 3036 3369 illud
3068 3314 3310 3369 Grecum
3340 3319 3533 3370 exstat
3564 3330 3698 3387 pro-

2055 3413 2318 3471 verbium
2340 3430 2429 3463 τον
2464 3430 2690 3484 φρανκον
2731 3409 2886 3483 (pulos
2915 3428 3101 3481 κεχες,
3119 3428 3316 3482 γντονα
3345 3430 3403 3463 ου
3431 3429 3588 3483 nexae,-
3620 3442 3695 3451 --—

2055 3502 2162 3568 Qui
2202 3519 2331 3559 cum
2377 3508 2574 3559 tantus
2604 3502 2659 3557 in
2689 3500 3019 3573 ampliando
3052 3516 3231 3572 regno
3261 3508 3322 3557 et
3353 3502 3695 3573 subigendis

2053 3593 2276 3649 exteris
2289 3592 2619 3648 nationibus
2632 3591 2983 3648 cxisteretet
2999 3592 3054 3646 in
3067 3590 3115 3661 ej
3129 3591 3698 3663 usmodioccupatio-

2055 3680 2229 3736 nibus
2256 3680 2489 3737 assidue
2521 3685 2879 3750 versaretur,
2915 3695 3091 3752 Opera
3122 3683 3312 3736 tamen
3344 3680 3592 3752 plurima
3625 3680 3696 3737 ad

2054 3770 2216 3839 regni
2235 3769 2503 3826 decorem
2518 3774 2577 3827 et
2590 3770 3061 3826 commoditatem
3080 3769 3435 3841 pertinentia
3451 3770 3701 3828 diversis

2055 3858 2113 3914 in
2138 3857 2284 3915 locis
2306 3859 2621 3930 inchoavit,
2650 3858 2910 3930 quaedam
2936 3858 3109 3915 etiam
3132 3860 3586 3927 consummavit;
3617 3860 3702 3917 in-

2055 3953 2146 4003 ter
2166 3963 2293 4019 quat
2312 3948 2594 4020 precipua
2612 3964 2722 4004 non
2743 3948 3031 4004 immerito
3056 3947 3238 4005 videri
3262 3953 3509 4019 possunt
3536 3950 3699 4020 basy-

2056 4036 2165 4094 lica
2189 4043 2406 4095 sancta:
2431 4038 2529 4093 Dei
2551 4036 2859 4107 genitricis
2880 4037 3223 4108 Aquisgrani
3247 4051 3423 4108 opere
3448 4037 3697 4094 mirabili

2055 4132 2416 4197 constructa,
2443 4132 2501 4182 et
2526 4141 2669 4198 pons
2692 4127 2844 4198 apud
2867 4126 3213 4195 Mogontiam
3238 4125 3292 4181 in
3317 4126 3514 4182 Ilheno
3537 4126 3702 4197 quin-

2053 4219 2363 4286 gentorum
2398 4231 2673 4287 passuum
2709 4214 3122 4285 longitudinis;
3156 4230 3282 4271 nam
3316 4219 3480 4271 tanta
3502 4219 3595 4271 est
3616 4215 3694 4272 ibi

2056 4304 2308 4360 ﬂuminis
2328 4303 2595 4360 latitudo.
2625 4302 2731 4369 Qui
2758 4309 2947 4359 tamen
2970 4319 3080 4359 uno
3097 4318 3246 4359 anno
3271 4306 3579 4374 antequam
3604 4303 3698 4360 de-

2056 4395 2293 4449 cederet
2318 4392 2588 4449 incendi)
2611 4392 3010 4463 conﬂagravit,
3037 4406 3142 4448 nec
3166 4391 3324 4448 refici
3348 4392 3541 4464 potuit
3566 4408 3696 4465 pro-

2056 4488 2187 4553 pter
2206 4480 2545 4536 festinatum
2566 4479 2725 4537 illius
2744 4480 3069 4546 decessum,
3086 4494 3411 4550 quanquam
3432 4480 3486 4535 in
3502 4496 3567 4537 ea
3585 4495 3699 4537 me-

2059 4570 2341 4627 ditatione
2372 4574 2550 4639 esset,
2581 4574 2641 4625 ut
2665 4585 2770 4641 pro
2795 4569 2985 4639 ligneo
3011 4568 3298 4641 lapideum
3330 4569 3692 4626 restitueret.

2055 4658 2354 4715 Inchoavit
2371 4664 2428 4713 et
2449 4657 2665 4729 palatia
2686 4656 2882 4729 aperis
2899 4658 3139 4728 egregii,
3164 4672 3336 4714 unum
3357 4656 3510 4714 haud
3528 4655 3697 4728 longe

2056 4764 2084 4805 a
2115 4749 2477 4818 Mogontiaca
2512 4748 2774 4819 civitate,
2803 4749 2969 4819 juxta
3002 4747 3197 4804 villam
3227 4746 3319 4804 cui
3352 4744 3696 4804 vocabulum

2053 4846 2148 4897 est
2170 4838 2580 4909 Ingelenheim,
2603 4837 2851 4895 alterum
2873 4837 3206 4908 Noviomagi
3229 4848 3403 4907 super
3424 4834 3694 4891 Vahalem

2055 4930 2311 4987 ﬂuvium.
2344 4928 2628 5000 Precipue
2658 4934 2847 4984 tamen
2871 4928 3030 4985 aedes
3051 4941 3247 4985 sacras
3269 4924 3616 4994 ubicumque
3638 4922 3696 4981 in

2054 5025 2182 5076 toto
2209 5034 2386 5090 regno
2408 5033 2514 5075 suo
2536 5021 2834 5075 vetustate
2856 5017 3151 5089 collapsas
3173 5013 3478 5087 comperit,
3511 5013 3697 5087 ponti-

2058 5110 2264 5166 ficibus
2283 5114 2339 5165 et
2359 5107 2694 5177 abbatibus,
2716 5108 2787 5163 ad
2812 5122 3059 5178 quorum
3082 5120 3280 5163 curam
3305 5102 3697 5177 pertinebant,

2057 5204 2117 5257 ut
2154 5201 2651 5267 restaurarentur,
2695 5195 3023 5268 imperavit,
3057 5194 3342 5251 adhibens
3368 5207 3568 5251 curam
3599 5205 3703 5265 per

2058 5288 2303 5360 legatos,
2330 5294 2392 5344 ut
2414 5288 2699 5359 imperata
2733 5284 3103 5356 perficerent.
3136 5283 3327 5341 Talem
3356 5297 3486 5341 eum
3510 5282 3566 5339 in
3589 5295 3703 5339 am-

2059 5377 2294 5449 pliando
2318 5383 2377 5433 et
2400 5375 2618 5434 tuendo
2644 5373 2933 5446 simulque
2960 5373 3285 5432 ordinando
3312 5386 3494 5447 regno
3521 5371 3703 5434 fuisse

1668 5530 1904 5589 VARUE
1948 5529 2348 5592 LECTIONES.

369 5674 460 5717 ω’
488 5678 579 5741 ita
600 5676 764 5740 codd.
828 5678 920 5718 ¹⁸²⁶
958 5680 1315 5745 Adefonsum
1359 5687 1534 5756 atque
1569 5682 1840 5740 Astrucie
1894 5681 1970 5742 Ib.
