3946 6436
251 470 368 533 849

1145 473 1586 544 CHRONICA.
1623 512 1700 525 --
1730 474 2207 541 CHRONICON
2250 476 2775 540 UNIVERSALE

3535 476 3654 539 850

252 608 518 675 constat;
541 608 823 680 ceterum,
860 607 1049 679 qualis
1070 610 1125 668 in
1150 609 1469 671 domestica
1495 629 1634 672 cura
1667 615 1892 683 fuisset,
1926 611 1981 673 A
2010 619 2337 672 extremum
2369 628 2441 671 ex
2488 612 2809 671 satellitum
2855 627 3096 670 numero
3128 612 3197 670 ad
3228 611 3339 671 hoc
3396 612 3652 673 ordinati

252 695 739 755 dicatur.—Post
784 705 1027 757 mortem
1052 704 1239 774 patris
1276 720 1405 763 cum
1428 707 1607 763 fratre
1657 721 1896 776 regnum

251 787 506 857 partitus
536 790 699 844 tanta
726 790 1009 860 patientia
1031 792 1437 851 simultateset
1471 796 1743 851 invidiam
1773 797 1898 867 ejus

253 873 409 946 tulit,
433 880 496 933 ut
519 878 787 935 omnibus
810 878 1017 936 mirum
1055 881 1377 953 videretur,
1420 885 1573 955 quod
1599 900 1666 941 ne
1690 885 1759 941 ad
1792 885 1899 941 ira-

254 962 523 1019 cundiam
562 964 792 1035 quidem
817 968 889 1023 ab
912 982 982 1024 eo
1016 972 1320 1040 provocari
1354 973 1657 1044 potuisset.
1684 973 1899 1030 Deinde

257 1066 386 1108 cum
432 1053 638 1110 matris
666 1055 903 1113 hortatu
956 1057 1129 1115 tiliam
1164 1061 1443 1118 Desiderii
1496 1064 1651 1133 regis
1685 1066 1901 1134 Longo-

259 1140 569 1200 bardorum
594 1144 858 1201 duxisset
885 1162 1142 1212 uxorem.
1176 1155 1309 1221 post
1337 1166 1545 1208 annum
1571 1153 1899 1223 repudiavit

256 1243 404 1300 eam,
437 1236 495 1287 et
529 1231 920 1302 Hildigardam
956 1235 1027 1293 de
1049 1242 1222 1306 gente
1245 1239 1581 1309 Suavorum,
1607 1240 1901 1313 precipuze

258 1317 586 1374 nobilitatis
646 1321 934 1392 feminam,
972 1324 1024 1379 in
1077 1328 1501 1384 matrimonium
1550 1329 1797 1401 accepit,
1833 1329 1903 1385 de

258 1418 366 1475 qua
402 1407 552 1464 filios
587 1412 730 1479 tres,
788 1411 1053 1469 Karolum
1086 1414 1359 1471 videlicet
1406 1432 1472 1473 ae
1500 1417 1808 1488 Pippinum
1842 1421 1899 1472 et

258 1493 650 1566 Ludowicum,
715 1498 1075 1570 totidemque
1150 1502 1316 1574 tilias,
1389 1504 1789 1561 Ruothrudem
1844 1510 1904 1562 et

260 1580 528 1638 Berhtam
565 1588 621 1641 et
674 1585 903 1653 Gislam,
936 1590 1158 1657 genuit.
1192 1591 1401 1647 Habuit
1435 1597 1493 1649 et
1524 1592 1668 1649 alias
1698 1597 1817 1649 tres
1844 1592 1906 1647 ti-

262 1668 387 1739 lias,
403 1672 889 1731 Theoderatamet
912 1677 1236 1735 Hiltrudam
1257 1684 1313 1736 et
1338 1682 1743 1753 Buotheidem,
1760 1683 1905 1739 duas

260 1757 330 1813 de
356 1759 632 1817 Fastrada
665 1779 863 1833 uxore,
893 1781 1003 1837 que
1027 1766 1097 1822 de
1128 1767 1497 1826 orientalium
1532 1773 1903 1833 Francorum,

255 1846 483 1903 scilicet
517 1850 951 1924 Germanorum,
1002 1860 1177 1924 gente
1207 1862 1353 1928 erat,
1387 1860 1627 1915 terciam
1669 1859 1740 1915 de
1771 1874 1906 1914 con-

250 1936 457 1992 cubina
512 1939 778 2008 quadam.
840 1943 1120 2000 Defuncta
1184 1947 1485 2018 Fastrada,
1535 1948 1899 2016 Luitgardam

250 2021 625 2081 Alamannam
654 2026 841 2095 duxit,
878 2028 948 2084 de
980 2045 1090 2100 qua
1124 2031 1345 2088 liberos
1377 2048 1486 2089 non
1513 2033 1735 2089 habuit.
1764 2023 1900 2088 l’ost

250 2111 418 2180 cujus
447 2120 690 2171 mortem
725 2120 848 2173 tres
879 2118 1081 2174 habuit
1116 2122 1492 2189 concubinas,
1520 2122 1900 2178 Gersuindam

252 2200 519 2258 Saxonici
570 2206 822 2276 generis,
860 2207 928 2263 de
961 2221 1071 2278 qua
1104 2210 1156 2266 ei
1190 2210 1304 2267 filia
1338 2211 1567 2267 nomine
1619 2211 1898 2267 Adeltrud

250 2293 384 2345 nata
418 2294 527 2360 est,
555 2292 865 2365 Regenam,
910 2297 1101 2365 quaeei
1122 2300 1487 2368 Druogonem
1520 2304 1578 2355 et
1602 2301 1899 2368 nugonem

248 2377 471 2448 genuit,
500 2381 840 2437 Adelindam
895 2398 1145 2456 quoque,
1172 2402 1300 2457 quae
1322 2388 1737 2462 Theodericum
1772 2403 1903 2457 pro-

250 2466 490 2521 creavit.
528 2499 596 2507 —
630 2469 809 2525 Mater
860 2486 1090 2542 quoque
1117 2474 1244 2543 ejus
1295 2475 1569 2531 Bertrada
1603 2476 1658 2531 in
1696 2489 1901 2544 magno

251 2553 404 2623 apud
438 2569 567 2610 eum
621 2557 837 2615 honore
883 2563 1230 2629 consenuit;
1284 2563 1509 2620 colebat
1571 2564 1723 2621 enim
1777 2578 1901 2619 eam

252 2654 383 2720 cum
411 2656 613 2713 magna
635 2647 986 2718 reverentia,
1005 2648 1081 2704 ita
1108 2654 1170 2705 ut
1195 2651 1351 2707 nulla
1385 2666 1635 2722 unquam
1658 2652 1904 2707 invicem

256 2728 331 2783 sit
358 2737 562 2788 exorta
590 2733 901 2805 discordia,
928 2736 1035 2792 nisi
1064 2737 1118 2792 in
1149 2738 1403 2797 divortio
1426 2739 1556 2797 tiliae
1576 2741 1732 2809 regis
1749 2740 1907 2795 Desi-

255 2815 423 2889 derii,
461 2833 630 2889 quam
662 2821 759 2878 illa
794 2824 1077 2881 suadente
1111 2835 1435 2897 acceperat.
1489 2829 1748 2884 Decessit
1782 2831 1906 2883 tan-

255 2903 381 2962 dem
406 2912 539 2978 post
567 2914 811 2967 mortem
836 2911 1197 2983 Hiltigardaa,
1228 2930 1355 2972 cum
1374 2915 1488 2985 jam
1514 2921 1637 2972 tres
1662 2920 1907 2987 nepotes

258 3008 399 3052 suos
420 2996 784 3069 totidemque
803 3004 1011 3073 neptes
1037 3003 1091 3058 in
1117 3002 1215 3059 ﬁlii
1242 3003 1410 3060 domo
1428 3005 1694 3062 vidisset.
1724 3004 1901 3071 Quam

260 3080 358 3138 ille
390 3082 442 3138 in
488 3085 690 3141 eadem
751 3089 1007 3158 basylica
1040 3105 1148 3161 qua
1179 3096 1347 3164 pater
1396 3094 1547 3150 situs
1579 3098 1689 3163 est,
1748 3094 1901 3165 apud

252 3170 526 3228 Sanctum
561 3174 877 3233 Dionisium
937 3193 1143 3249 magno
1198 3196 1327 3237 cum
1358 3181 1576 3237 honore
1633 3183 1771 3239 fecit
1799 3183 1901 3239 hu-

255 3259 397 3315 mari
422 3260 532 3317 “’7.
582 3264 809 3320 -—Erat
867 3266 919 3322 ei
974 3268 1141 3324 unica
1199 3284 1370 3325 soror
1401 3270 1629 3327 nomine
1659 3270 1832 3342 Gisia,
1868 3287 1896 3328 a

267 3347 626 3418 puellaribus
673 3353 839 3410 annis
870 3354 1158 3425 religiosae
1207 3358 1634 3415 conversationi
1690 3360 1893 3416 manci-

251 3438 585 3505 pata,quam
600 3436 871 3495 similiter
889 3444 950 3496 ut
974 3446 1198 3513 patrem
1231 3458 1433 3513 magna
1454 3444 1635 3502 coluit
1654 3445 1895 3522 pietate,

253 3536 380 3591 quae
412 3523 586 3579 etiam
641 3527 844 3597 paucis
873 3533 1007 3585 ante
1061 3530 1283 3588 obitum
1316 3532 1475 3590 illius
1523 3534 1708 3604 annis,
1740 3534 1796 3589 in
1827 3548 1895 3591 eo

251 3624 365 3680 quo
396 3618 738 3671 conversata
764 3619 855 3672 est
880 3619 1233 3675 monasterio
1266 3619 1541 3677 decessit.
1566 3653 1635 3662 —
1658 3622 1893 3680 Liberos

253 3712 394 3756 suos
416 3699 495 3756 ita
519 3702 743 3759 censuit
771 3703 1183 3777 instituendos,
1211 3712 1272 3765 ut
1296 3713 1412 3765 tam
1439 3709 1540 3764 nm
1565 3724 1733 3781 quam
1761 3711 1892 3769 filim

255 3786 441 3858 primo
485 3787 833 3849 liberalibus
877 3794 1106 3863 studiis,
1140 3796 1353 3866 quibus
1393 3802 1452 3854 et
1483 3798 1608 3869 ipse
1657 3812 1891 3871 operam

251 3874 449 3947 dabat,
482 3877 878 3952 erudirentur,
938 3885 1058 3938 tum
1092 3883 1260 3956 ﬁlios,
1293 3901 1420 3942 cum
1471 3886 1716 3958 primum
1747 3890 1892 3945 aetas

251 3963 607 4035 patiebatur,
634 3982 791 4023 more
815 3968 1164 4027 Francorum
1187 3973 1470 4043 equitare,
1500 3975 1677 4031 armis
1704 3989 1769 4031 ac
1801 3990 1895 4031 ve-

245 4049 483 4106 natibus
494 4053 758 4109 exerceri
775 4054 1089 4125 fecit,tilias
1102 4072 1241 4114 vero
1255 4058 1516 4116 lanetlcio
1529 4075 1890 4132 assuescere,

242 4136 489 4206 coloque
505 4152 569 4194 ac
594 4140 740 4210 fuso,
757 4154 828 4196 ne
849 4155 954 4212 per
980 4143 1162 4199 otium
1188 4148 1512 4216 torperent,
1541 4162 1777 4218 operam
1795 4149 1895 4203 im-

245 4223 518 4294 pendere,
545 4230 721 4296 atque
745 4227 815 4283 ad
838 4242 1065 4285 omnem
1090 4230 1449 4287 honestatem
1464 4234 1684 4289 erudiri
1695 4234 1889 4304 jussit.

245 4311 328 4365 Ex
360 4310 451 4367 his
480 4313 751 4370 omnibus
780 4314 929 4371 duos
963 4319 1191 4374 tantum
1226 4318 1376 4375 filios
1404 4324 1456 4375 et
1494 4335 1662 4377 unam
1696 4322 1891 4391 filiam,

248 4398 584 4469 priusquam
618 4406 966 4474 moreretur,
1007 4405 1225 4473 amisit,
1256 4407 1546 4477 Karolum,
1583 4410 1678 4480 qui
1710 4410 1893 4479 major

245 4490 383 4543 natu
405 4492 552 4554 erat,
581 4493 641 4545 et
663 4490 989 4562 Pippinum,
1009 4507 1177 4564 quem
1201 4509 1396 4564 regem
1419 4496 1601 4555 Italiae
1631 4499 1891 4570 prefece-

244 4580 356 4645 rat,
392 4580 450 4631 et
484 4577 904 4649 Ruothrudem,
933 4595 1060 4651 quae
1084 4580 1329 4639 filiarum
1354 4583 1480 4654 ejus
1503 4586 1887 4656 primogenita

1930 3316 1979 3379 C

2011 705 2346 762 tuebantur.
2385 703 2522 771 Quae
2550 718 2679 761 cum
2712 702 3120 776 pulcherrimae
3151 707 3351 759 essent
3399 708 3456 759 et
3490 704 3561 761 ab
3583 719 3653 762 eo

2011 792 2320 865 plurimum
2353 792 2759 863 diligerentur,
2794 793 3001 849 mirum
3036 793 3219 864 dictu,
3248 793 3401 865 quod
3434 794 3650 851 nullam

2010 896 2209 939 earum
2238 881 2508 953 cuiquam
2530 886 2624 938 aut
2651 896 2889 939 suorum
2914 887 3011 938 aut
3037 888 3374 938 exterorum
3406 890 3651 955 nuptum

2013 969 2151 1027 dare
2196 970 2402 1041 voluit,
2452 970 2554 1026 sed
2583 985 2783 1027 omnes
2832 985 3029 1027 secum
3083 985 3265 1041 usque
3298 971 3368 1027 ad
3430 971 3651 1029 obitum

2013 1074 2182 1116 suum
2216 1059 2271 1115 in
2304 1059 2473 1115 domo
2503 1074 2606 1116 sua
2637 1059 2899 1130 retinuit,
2944 1059 3162 1129 dicens,
3199 1073 3262 1115 se
3292 1074 3491 1116 earum
3521 1074 3655 1116 con-

2014 1146 2286 1204 tubernio
2318 1162 2522 1204 carere
2570 1163 2685 1204 non
2719 1162 2910 1219 posse,
2946 1163 3012 1204 ac
3064 1151 3303 1219 propter
3332 1146 3461 1217 hoc,
3513 1146 3654 1204 licet

2013 1235 2157 1292 alias
2187 1235 2344 1303 felix,
2381 1235 2643 1292 adversae
2677 1236 2923 1292 fortuna
2947 1235 3350 1304 indignitatem
3373 1239 3654 1306 expertus

2013 1328 2134 1391 est;
2161 1325 2313 1394 quod
2348 1330 2537 1381 tamen
2563 1325 2641 1381 ita
2683 1323 3091 1393 dissimulavit,
3127 1323 3244 1380 acsi
3278 1322 3348 1379 de
3377 1323 3463 1379 eis
3496 1322 3653 1380 nulla

2014 1426 2265 1483 unquam
2297 1413 2545 1484 alicujus
2594 1414 2792 1486 probri
2827 1412 3116 1485 susspicio
3148 1416 3349 1468 exorta
3382 1412 3473 1469 vel
3507 1412 3653 1468 fama

2016 1498 2283 1572 dispersa
2319 1501 2543 1557 fuisset.
2576 1533 2646 1541 —
2668 1502 2805 1557 Erat
2836 1501 2889 1557 ei
2928 1501 3081 1557 filius
3113 1499 3342 1557 nomine
3374 1499 3657 1571 Pippinus

2015 1602 2085 1644 ex
2106 1589 2424 1645 concubina
2449 1590 2664 1657 editus,
2692 1590 2858 1659 cujus
2878 1590 3030 1645 inter
3052 1593 3287 1646 ceteros
3303 1589 3652 1644 mentionem

2018 1676 2211 1734 facere
2234 1677 2459 1749 distuli,
2501 1678 2647 1734 facie
2670 1678 2900 1748 quidem
2920 1676 3183 1748 pulcher,
3214 1676 3316 1732 sed
3348 1676 3526 1746 gibbo
3560 1676 3658 1731 de-

2020 1764 2237 1821 formis.
2274 1768 2330 1822 Is
2361 1781 2487 1823 cum
2519 1770 2688 1838 pater
2720 1765 2873 1823 bello
2906 1780 3035 1822 cum
3069 1765 3248 1822 Hunis
3288 1767 3565 1835 suscepto
3596 1764 3652 1821 in

2018 1853 2279 1924 Bajoaria
2330 1855 2634 1926 hiemaret,
2683 1870 2813 1911 cun
2862 1854 3204 1925 quibusdam
3236 1868 3267 1909 e
3300 1853 3654 1925 primoribus

1932 1969 1987 2030 Β
2018 1940 2388 2014 Francorum,
2425 1944 2520 2016 qui
2571 1959 2700 2000 eum
2735 1958 2880 2000 vana
2933 1942 3095 2013 regni
3156 1942 3537 2014 promissione
3587 1941 3654 1997 il-

2015 2027 2299 2102 lexerant,
2336 2034 2617 2090 adversus
2660 2036 2884 2104 patrem
2927 2032 3277 2102 conjuravit.
3312 2031 3490 2098 Quem
3521 2034 3652 2103 post

2013 2118 2270 2175 fraudem
2303 2120 2591 2176 detectam
2620 2125 2679 2176 et
2702 2119 3137 2189 conjuratorum
3160 2118 3649 2190 dampnationem,

2012 2206 2341 2278 detonsum,
2385 2208 2439 2263 in
2471 2209 2739 2265 eoenobio
2788 2208 3019 2263 Prumia
3053 2207 3343 2276 religiosa;
3374 2206 3510 2263 vitae
3536 2206 3651 2276 jam

2010 2294 2299 2352 volentem
2316 2311 2524 2353 vacare
2538 2296 2824 2368 permisit.
2843 2299 3011 2352 Facta
3026 2300 3117 2352 est
3138 2300 3193 2352 et
3210 2294 3319 2351 alia
3343 2295 3508 2366 prius
3521 2310 3654 2353 con-

2014 2387 2100 2439 tra
2125 2399 2254 2441 eum
2279 2384 2334 2439 in
2357 2385 2655 2441 Germania
2682 2385 2869 2441 valida
2894 2383 3239 2454 conjuratio,
3265 2384 3433 2453 cujus
3456 2388 3654 2440 aucto-

2014 2486 2111 2527 res
2127 2473 2335 2542 partim
2357 2472 2675 2530 luminibus
2705 2473 2918 2542 orbati,
2938 2472 3146 2543 partim
3171 2470 3505 2540 incolomes,
3537 2486 3655 2526 om-

2015 2575 2117 2616 nes
2148 2565 2342 2617 tamen
2384 2561 2559 2618 exilio
2580 2561 2875 2634 deportati
2901 2564 3055 2627 sunt,
3078 2574 3263 2630 neque
3288 2558 3443 2616 ullus
3466 2572 3537 2614 ex
3567 2558 3652 2616 eis

2016 2649 2360 2706 interfectus
2389 2656 2501 2720 est,
2544 2650 2654 2706 nisi
2687 2656 2808 2706 tres
2852 2653 3100 2717 tantum,
3155 2648 3412 2719 quicum
3465 2663 3547 2717 se,
3583 2660 3652 2704 ne

2014 2737 2667 2809 comprehenderentur,
2725 2738 2952 2795 strictis
2989 2736 3200 2807 gladiis
3249 2735 3650 2806 defenderent,

2017 2824 2244 2896 aliquos
2260 2826 2432 2882 etiam
2473 2827 2851 2895 occidissent,
2889 2825 3021 2895 quia
3043 2824 3216 2881 aliter
3246 2824 3507 2880 coerceri
3540 2838 3649 2880 non

2018 2919 2308 2985 poterant,
2335 2914 2666 2985 interempti
2688 2918 2842 2971 sunt.
2860 2916 3071 2970 Harum
3092 2917 3280 2968 tamen
3303 2912 3655 2982 conjuratio-

2015 3017 2147 3057 num
2181 3002 2475 3059 Fastradaa
2509 3003 2723 3073 reginie
2754 3001 3072 3063 crudelitas
3095 3016 3267 3057 causa
3297 3006 3356 3058 et
3387 3001 3551 3071 origo
3573 3000 3655 3056 di-

2013 3090 2167 3147 citur
2197 3091 2489 3161 extitisse,
2523 3096 2582 3148 et
2601 3092 2821 3148 idcirco
2852 3091 2905 3146 in
2930 3090 3212 3146 ambabus
3236 3094 3436 3145 contra
3458 3104 3651 3159 regem

2011 3179 2409 3251 conspiratum
2443 3183 2556 3249 est,
2610 3179 2743 3250 quia
2799 3178 2995 3235 uxoris
3039 3177 3376 3234 crudelitati
3411 3192 3653 3233 consen-

2010 3267 2182 3338 tiens,
2215 3281 2244 3322 a
2279 3282 2399 3324 suae
2447 3273 2668 3323 naturae
2718 3266 3077 3335 benignitate
3109 3280 3175 3321 ac
3208 3264 3652 3321 mansuetudine

2009 3354 2319 3411 videbatur
2339 3354 2726 3411 exorbitasse.
2754 3355 3022 3409 Ceterum
3053 3367 3156 3423 per
3179 3366 3347 3408 omne
3372 3367 3491 3409 suae
3517 3353 3651 3408 vita)

2010 3448 2240 3516 tempus
2264 3443 2342 3500 ita
2365 3458 2494 3500 cum
2519 3458 2743 3500 summo
2761 3442 3012 3498 omnium
3035 3454 3229 3496 amore
3253 3444 3428 3510 atque
3456 3442 3650 3496 favore

2008 3531 2162 3590 domi
2193 3536 2254 3589 et
2283 3532 2425 3589 foris
2462 3534 2847 3589 conversatus
2877 3534 2990 3598 est,
3038 3532 3101 3585 ut
3152 3540 3445 3599 nunquam
3474 3527 3526 3583 ei
3559 3527 3651 3582 vel

2007 3619 2237 3691 minima
2261 3620 2492 3691 injustze
2515 3617 2889 3675 credulitatis
2918 3621 3053 3673 nota
3077 3631 3105 3671 a
3131 3629 3417 3686 quoquam
3444 3615 3649 3671 fuisset

2005 3706 2257 3777 objecta.
2295 3707 2538 3763 Amabat
2584 3704 2926 3777 peregrinos
2958 3708 3014 3759 et
3048 3704 3102 3758 in
3131 3702 3216 3758 eis
3260 3701 3651 3771 suscipiendis

2008 3808 2271 3865 magnam
2303 3794 2551 3850 habebat
2585 3806 2804 3861 curam,
2839 3790 2986 3848 adeo
3019 3794 3080 3846 ut
3114 3804 3311 3846 eorum
3336 3788 3650 3844 multitudo

2008 3898 2119 3940 non
2151 3883 2335 3941 solum
2387 3881 2625 3954 palatio,
2664 3895 2865 3939 verum
2897 3879 3071 3938 etiam
3105 3893 3283 3948 regno
3314 3893 3424 3934 non
3460 3878 3652 3933 iumie‘

2010 3970 2123 4027 rito
2145 3971 2447 4027 videretur
2467 3971 2877 4040 enerosa.lpse
2902 3973 3090 4024 tamen
3112 3981 3232 4037 prae
3256 3965 3649 4035 magnitudine

2006 4060 2179 4116 animi
2203 4057 2601 4130 hujuscemodi
2633 4058 2889 4128 pondere
2906 4055 2996 4089 “’9
3018 4055 3248 4110 minimc
3269 4054 3645 4123 gravabatur,

2007 4162 2137 4204 cum
2153 4147 2326 4203 etiam
2344 4146 2599 4216 ingentia
2615 4144 2978 4200 incommoda
2997 4142 3164 4199 laude
3185 4141 3561 4197 liberalitatis
3582 4156 3646 4197 ac

2007 4234 2175 4291 bona;
2206 4234 2370 4289 famae
2411 4231 2679 4288 mercede
2707 4232 3134 4302 compensaret.
3157 4260 3223 4270 ——
3258 4230 3509 4301 Corpore
3543 4228 3649 4284 fuit

2005 4318 2198 4392 amplo
2222 4326 2399 4390 atque
2421 4319 2686 4387 robusto,
2721 4322 2948 4374 statura
2969 4316 3267 4387 eminenti,
3303 4331 3432 4388 quae
3456 4322 3647 4371 tamen

2006 4422 2117 4464 non
2137 4406 2532 4464 excederet—
2551 4419 2679 4461 nam
2704 4410 2924 4477 septem
2949 4419 3186 4462 suorum
3212 4404 3421 4476 pedum
3448 4420 3647 4475 proce-

2006 4495 2237 4552 ritatem
2270 4494 2397 4565 ejus
2437 4498 2672 4550 constat
2719 4493 2995 4550 habuisse
3026 4507 3353 4549 mensuram
3385 4524 3444 4533 —
3483 4492 3645 4564 apitc

2005 4583 2218 4655 capitis
2264 4582 2537 4653 rotundo,
2588 4580 2773 4638 oculis
2820 4580 3245 4653 pregrandibus
3292 4594 3360 4636 ac
3399 4580 3641 4651 vegetis,

239 4669 300 4720 et
333 4679 363 4720 a
384 4666 765 4723 Constantino
799 4667 1111 4725 Grecorum
1145 4670 1514 4742 imperatore,
1543 4673 1660 4729 tilio
1686 4674 1889 4731 Leonis
1921 4668 1973 4728 D
2006 4687 2145 4730 naso
2171 4669 2469 4744 paululum
2502 4670 2557 4726 in
2582 4669 3045 4727 mediocritatem
3068 4668 3396 4739 excedenti,
3420 4669 3646 4726 canicie

241 4757 297 4808 et
342 4753 570 4825 Hyrene
615 4753 803 4811 fuerat
860 4755 1235 4826 desponsata.
1302 4758 1555 4825 Quorum
1610 4761 1889 4833 Pippinus

242 4855 417 4898 unum
451 4841 627 4900 tilium
653 4844 1074 4915 Bernhardum,
1112 4846 1257 4902 tilias
1287 4851 1477 4903 autem
1516 4850 1771 4920 quinque
1795 4866 1890 4907 su-

244 4928 524 5000 perstites
565 4929 827 5001 reliquit,
858 4930 915 4987 in
942 4932 1157 5003 quibus
1175 4949 1276 4989 rex
1296 4935 1535 5006 pietatis
1563 4952 1682 4992 sum
1707 4938 1888 5008 preci-

241 5031 417 5087 puum
469 5017 881 5076 documentum
932 5022 1212 5091 ostendit,
1247 5038 1375 5079 cum
1428 5029 1699 5096 nepotem
1733 5030 1885 5097 patri

243 5103 559 5160 succedere
593 5109 654 5160 et
683 5111 892 5177 neptes
918 5109 1072 5164 inter
1104 5110 1253 5167 ﬁlias
1284 5125 1419 5168 suas
1441 5112 1677 5168 educari
1716 5114 1876 5169 fecit.

247 5190 521 5247 Filiorum
548 5205 614 5248 ac
643 5193 891 5250 filiarum
916 5200 1135 5252 tantam
1157 5197 1248 5232 ¹¹²⁶
1277 5199 1332 5254 in
1368 5199 1669 5258 educando
1689 5216 1885 5258 curam

240 5276 465 5338 habuit,
493 5281 860 5349 utnunquam
875 5280 1024 5337 domi
1046 5284 1271 5354 positus
1295 5286 1421 5342 sine
1449 5286 1593 5359 ipsis
1606 5295 1883 5355 coenaret,

243 5379 536 5435 nunquam
569 5365 682 5424 iter
731 5365 855 5424 sine
890 5367 1005 5426 illis
1060 5371 1298 5429 faceret.
1367 5375 1799 5447 Adequitabant
1832 5379 1885 5434 ei

243 5451 369 5523 tllii,
406 5451 538 5511 filiae
572 5468 709 5513 vero
742 5471 892 5528 pone
937 5460 1354 5533 sequebantur,
1390 5477 1632 5534 quarum
1682 5480 1885 5536 agmen

2005 4761 2267 4834 pulchra,
2301 4759 2445 4816 faeie
2479 4758 2614 4816 laeta
2642 4763 2703 4816 et
2730 4759 2937 4831 hylari,
2982 4759 3132 4815 unde
3162 4759 3358 4814 formas
3390 4757 3645 4815 auctori-

2002 4855 2094 4906 tas
2120 4864 2187 4907 ae
2210 4848 2465 4919 dignitas
2486 4852 2604 4905 tam
2628 4847 2807 4904 stanti
2833 4861 3003 4919 quam
3027 4846 3249 4904 sedenti
3275 4845 3520 4917 plurima
3552 4859 3644 4901 ac-

2000 4938 2364 5009 quirebatur.
2409 4936 2744 5007 Quanquam
2790 4936 2941 4992 enim
2972 4936 3172 4993 cervix
3202 4936 3379 4992 obesa
3426 4939 3487 4990 et
3516 4935 3643 4990 bre-

2001 5027 2126 5083 vior
2145 5031 2465 5096 venterque
2485 5025 2787 5082 videretur
2807 5024 3146 5097 projectior,
3182 5028 3374 5079 tamen
3398 5022 3520 5079 haec
3549 5037 3642 5078 ce-

2004 5120 2259 5171 terorum
2313 5114 2702 5170 membrorum
2751 5112 2982 5170 celabat
3025 5112 3350 5183 aequalitas.
3403 5112 3640 5167 lncessu

1999 5207 2124 5259 erat
2155 5202 2340 5272 ﬁrmo,
2380 5207 2620 5272 totaque
2637 5200 2905 5273 corporis
2934 5198 3277 5257 habitudine
3295 5198 3471 5269 virili,
3497 5213 3638 5255 voce

1998 5290 2156 5348 clara
2179 5289 2431 5361 quidem,
2474 5289 2577 5347 sed
2611 5304 2737 5361 quae
2774 5290 2964 5346 minus
2986 5287 3252 5360 corporis
3279 5287 3475 5344 formae
3504 5301 3639 5343 con-

1998 5379 2247 5449 veniret,
2266 5377 2587 5436 valitudine
2610 5391 2910 5450 prospera,
2932 5380 3133 5448 preter
3153 5375 3307 5448 quod
3324 5378 3634 5446 antequam

1999 5467 2315 5526 decederet
2339 5481 2441 5540 per
2462 5470 2715 5539 quatuor
2738 5480 2920 5523 annOs
2941 5466 3153 5523 crebro
3175 5464 3437 5523 febribus
3457 5463 3638 5524 corri-

1589 5627 1826 5685 VARLE
1866 5628 2264 5686 LECTIONES.

319 5746 412 5781 “'7
444 5748 682 5807 humare
712 5764 862 5810 corr.
896 5751 1118 5810 humari
1152 5759 1210 5814 l.
1272 5753 1362 5791 ¹⁸³⁶
1391 5762 1613 5816 tantum
1647 5760 1818 5830 (corr.
1847 5763 2131 5835 tantam?)
2162 5766 2217 5823 l.
2257 5764 2481 5819 tantum
2514 5765 2596 5819 0°.
2635 5758 2726 5818 10.
2763 5759 2867 5818 Et.
2928 5758 3021 5795 ω’
3045 5774 3222 5818 onere
3252 5764 3309 5815 8.
