3946 6410
338 402 451 468 851

1498 413 1983 479 EKKEHAHDI
2024 412 2585 481 URAUGIENSIS

3629 411 3755 476 852

341 537 633 614 piebatur,
658 538 729 600 ad
751 545 1072 607 extremum
1099 550 1274 611 etiam
1300 568 1415 612 uno
1436 554 1987 627 pedeclaudicabat.
2023 548 2078 611 A
2108 553 2408 625 ctoritate,
2442 557 2502 611 et
2523 551 2774 611 ecclesia
2809 548 2998 611 sancti
3023 544 3181 608 Petri
3208 562 3308 621 per
3340 544 3499 605 illum
3522 561 3634 606 non
3655 559 3756 604 so-

341 630 477 729 Erat
509 631 840 729 eloquentia
875 641 1148 710 copiosus
1171 648 1231 699 et
1262 646 1613 717 exuberans,
1640 652 1993 720 poteratque

345 722 617 790 quicquid
652 724 828 781 vellet
866 731 1237 800 apertissime
1269 736 1632 807 exprimere;
1662 754 1770 795 nec
1800 741 1993 811 patrio

346 821 614 909 sermone
647 819 983 888 contentus,
1035 821 1210 878 etiam
1257 826 1583 894 peregrinis
1630 826 1846 898 linguis
1875 830 1996 885 edi-

348 897 583 991 scendis
615 916 851 968 cperam
893 906 1090 979 dabat,
1128 911 1181 967 in
1213 913 1425 983 quibus
1450 897 1817 974 Latinamiita
1851 918 1996 976 didi-

347 987 449 1053 cit,
477 988 538 1040 ut
558 1000 623 1041 ea
647 1002 712 1043 ac
738 992 924 1061 patria
966 994 1164 1065 lingua
1194 1014 1363 1057 orare
1386 1001 1459 1057 sit
1490 1000 1721 1076 solitus,
1755 1006 1995 1064 Grecam

345 1083 486 1166 vero
522 1077 1096 1166 meliusintellegere
1128 1102 1298 1158 quam
1329 1094 1718 1163 pronunciare
1738 1097 1991 1166 poterat.

346 1159 522 1255 Artes
556 1163 829 1255 liberales
850 1173 1286 1234 studiosissime
1314 1159 1517 1252 coluit,
1548 1159 1867 1255 carumque
1897 1185 1997 1244 do-

348 1252 544 1339 ctores
568 1253 877 1323 plurimum
910 1267 1244 1337 veneratus,
1275 1270 1499 1339 magnis
1520 1270 1736 1328 extulit
1764 1252 1997 1331 honori-

349 1336 476 1393 bus.
506 1340 564 1394 In
590 1343 864 1402 discenda
897 1336 1275 1418 grammatica
1310 1336 1545 1416 Petrum
1580 1360 1852 1419 Pisanum
1877 1363 1997 1419 dia-

348 1436 551 1481 conem
577 1444 770 1486 senem
795 1448 821 1488 a
835 1435 1037 1508 udivit,
1054 1440 1110 1496 in
1125 1444 1342 1502 ceteris
1360 1445 1692 1519 disciplinis
1724 1449 1995 1510 Albinum

348 1522 732 1613 cognomento
756 1521 1100 1600 Alcwinum,
1117 1530 1255 1588 item
1274 1533 1579 1593 diaconum
1603 1536 1675 1594 de
1690 1538 1992 1613 Brittania,

347 1607 537 1700 virum
581 1607 984 1700 undecumque
1014 1617 1434 1694 doctissimum,
1464 1633 1869 1699 preceptorem
1901 1607 1999 1688 ha-

350 1689 682 1790 huit,‘apud
714 1712 883 1768 quem
917 1708 976 1759 et
1009 1706 1320 1768 rethoricaa
1342 1716 1400 1769 et
1422 1689 1779 1787 dialect-icta,
1815 1719 2000 1790 preci-

347 1792 464 1876 pue
512 1785 704 1876 tamen
757 1794 1169 1876 astronomicae
1219 1799 1549 1860 ediscenda;
1594 1785 1905 1876 plurimum
1939 1812 1997 1865 et

2109 642 2225 701 lum
2257 646 2384 701 tuta
2415 659 2482 700 ac
2527 642 2788 710 defensa,
2832 640 2933 698 sed
2965 641 3140 697 etiam
3189 638 3310 695 suis
3337 636 3615 709 operibus
3642 649 3755 710 pro

2107 734 2378 790 omnibus
2411 731 2693 789 azcclesiis
2723 735 2882 788 esset
2912 735 3115 786 ornata
3142 730 3316 799 atque
3340 726 3543 783 ditata.
3564 725 3750 792 Quam

2107 839 2236 880 cum
2259 821 2405 878 tanti
2432 820 2732 892 penderet,
2763 824 2951 876 tamen
2973 818 3122 874 intra
3147 819 3213 872 46
3231 830 3507 872 annorum
3533 814 3750 885 quibus

2109 913 2452 982 regnaverat
2510 909 2770 981 spacium
2802 912 3010 979 quater
3045 909 3266 962 tantum
3317 904 3417 960 illo
3472 906 3747 961 votorum

2108 999 2521 1057 solvendorum
2538 1011 2602 1054 ac
2628 995 2995 1068 supplicandi
3017 1008 3191 1051 causa
3205 994 3506 1065 profectus
3527 995 3633 1049 est.
3650 990 3749 1047 Ul-

2111 1088 2231 1145 timi
2256 1087 2544 1144 adventus
2560 1086 2648 1142 sui
2666 1100 2777 1142 non
2796 1084 2982 1141 solum
3004 1084 3130 1140 haec
3152 1082 3382 1139 fuerunt
3406 1095 3616 1151 causae,
3648 1093 3751 1136 ve-

2109 1193 2234 1236 rum
2250 1177 2423 1233 etiam
2450 1175 2602 1246 quod
2644 1173 2882 1231 Romani
2918 1174 3160 1229 Leonem
3186 1170 3514 1244 pontificem
3545 1169 3748 1228 multis

2107 1268 2378 1324 affectum
2398 1264 2648 1335 injuriis,
2673 1262 2861 1318 erutis
2887 1261 3133 1330 scilicet,
3166 1264 3231 1318 ut
3258 1259 3488 1331 quidam
3520 1259 3746 1329 dicunt,

2108 1355 2311 1425 oculis,
2348 1354 2662 1423 linguaque
2696 1354 3017 1422 amputata,
3047 1348 3216 1405 ﬁdem
3249 1348 3405 1419 regis
3435 1348 3749 1420 implorare

2106 1440 2536 1514 compulerunt.
2566 1438 2790 1495 Idcirco
2809 1438 3044 1494 Romam
3067 1435 3307 1493 veniens
3328 1440 3568 1508 propter
3590 1449 3755 1507 repa-

2110 1531 2374 1602 randum,
2407 1529 2503 1601 qui
2536 1527 2707 1584 nimis
2730 1527 3118 1584 conturbatus
3151 1524 3604 1596 erat,:ecclesim
3634 1527 3754 1581 sta-

2112 1624 2255 1690 tum,
2290 1618 2366 1674 ibi
2419 1622 2605 1674 totum
2650 1615 2857 1672 hiemis
2889 1618 3118 1685 tempus
3149 1613 3424 1670 extraxit.
3462 1612 3583 1679 Quo
3610 1616 3755 1670 tem-

2111 1723 2250 1782 pore
2283 1704 2657 1778 imperatoris
2701 1708 2755 1761 et
2792 1702 3028 1774 augusti
3063 1717 3266 1759 nomen
3300 1701 3548 1774 accepit,
3598 1700 3754 1774 quod

2112 1799 2299 1870 primo
2324 1797 2379 1851 in
2402 1798 2631 1852 tantum
2657 1797 2965 1850 aversatus
2989 1795 3102 1862 est,
3140 1795 3203 1847 ut
3227 1790 3558 1862 afﬁrmaret,
3591 1804 3653 1848 se
3682 1805 3757 1847 eo

350 1868 634 1971 temporis
760 1875 978 1971 laboris
1025 1882 1367 1955 impertivit.
1417 1868 1695 1950 Discebat
1724 1898 1781 1951 et
1813 1900 1999 1954 artem
2028 1910 2082 1971 B
2114 1868 2226 1956 die,
2261 1883 2525 1957 quamvis
2573 1882 2849 1955 precipua
2898 1880 3188 1938 festivitas
3218 1883 3401 1950 esset,
3435 1878 3757 1937 :ecclesiam

350 1962 745 2058 computandi,
778 1969 837 2058 et
877 1967 1202 2030 intentione
1231 1978 1424 2046 sagaci
1456 1980 1712 2039 siderum
1760 2000 1999 2044 cursum

350 2053 747 2137 curiosissime
772 2053 1110 2116 rimabatur.
1147 2064 1487 2137 Temptabat
1515 2074 1571 2126 et
1606 2072 1883 2137 scribere,
1921 2081 2002 2133 ta-

350 2130 520 2231 bulas
544 2140 604 2231 et
642 2140 962 2201 codicellos
985 2148 1056 2204 ad
1081 2150 1192 2208 hoc
1214 2119 1456 2213 in'iééié

352 2324 579 2414 manum
602 2315 825 2414 litteris
847 2324 1171 2395 efflgiandis
1222 2343 1628 2407 assuesceret;
1670 2315 1774 2397 sed
1800 2315 2002 2414 parum

353 2409 642 2489 successit
665 2409 837 2465 tabor
858 2422 1239 2486 preposterus
1257 2436 1323 2479 ac
1354 2439 1486 2483 sero
1502 2409 1828 2487 inchoatus.
1847 2433 2007 2489 Assi-

355 2484 892 2593 (jlle‘sxerccbatur
951 2484 1268 2576 equitando
1299 2527 1366 2570 ac
1414 2484 2003 2589 venando,quo-dvivlli

350 2579 713 2673 gentilicium
740 2593 889 2661 erat,
926 2594 1058 2663 quia
1082 2597 1179 2653 vix
1212 2599 1326 2657 ulla
1352 2601 1407 2658 in
1450 2605 1629 2662 terris
1658 2579 1818 2666 nat-io
1850 2608 2007 2667 inve-

354 2668 682 2767 nitur,lquae
702 2672 756 2767 in
774 2675 876 2735 hac
890 2684 1016 2737 arte
1034 2684 1270 2745 Francis
1295 2691 1809 2767 possitcoaaquari.
1846 2697 2008 2755 Dele-

355 2756 631 2852 ctabatur
656 2762 832 2852 etiam
864 2773 1180 2841 vaporibus
1210 2756 1489 2848 aquarum
1533 2756 1884 2842 naturaliter
1916 2802 2009 2844 ca-

360 2839 952 2946 l—e‘ntium,.fi'equenti
1000 2865 1204 2919 natatu
1231 2839 1446 2938 corpus
1489 2839 2008 2945 exercensrcujus

357 2929 501 3025 adeo
525 2936 755 3004 peritus
782 2942 906 3013 fuit,
933 2949 1209 3008 utnullus
1232 2954 1284 3008 ei
1304 2929 1465 3025 juste
1488 2957 1678 3016 valeat

357 3018 451 3123 Ob.
472 3020 579 3079 hoc
630 3027 804 3123 etiam
857 3034 1205 3107 Aquisgrani
1238 3018 1456 3115 regiam
1490 3049 1775 3122 extruxit,
1811 3018 2009 3123 ibique

358 3113 657 3213 extremos
677 3116 851 3213 _vit:e
886 3137 1069 3183 annos
1120 3113 1406 3201 usquead
1447 3136 1669 3193 obitum
1721 3113 2006 3213 perpetim

357 3195 646 3299 duxit.‘—-
677 3206 735 3260 In
778 3209 911 3266 cibo
945 3218 1002 3270 et
1048 3195 1348 3287 potu-erat
1410 3195 2007 3299 temperans,

355 3288 498 3391 potu
544 3293 984 3391 temperantior,
1040 3303 1118 3361 ita
1154 3312 1216 3363 ut
1242 3323 1425 3382 super
1454 3288 1677 3372 coenam
1710 3288 1844 3375 raro
1877 3318 2010 3391 plus

357 3385 525 3480 quam
560 3382 651 3434 ter
668 3380 923 3455 biberet;
974 3391 1105 3449 cibo
1127 3410 1239 3451 non
1262 3380 1408 3456 adeo
1431 3402 1726 3462 abstinere
1758 3380 2008 3480 poterat,

357 3466 421 3566 ut
444 3478 580 3564 sepe
617 3482 988 3566 quereretur,
1014 3483 1186 3539 noxia
1211 3499 1318 3543 suo
1350 3491 1582 3561 corpori
1610 3507 1743 3550 esse
1759 3466 2009 3566 .jejunia:

359 3549 792 3653 sitinvivabatur
844 3566 1160 3641 rarissime,
1203 3577 1262 3629 et
1294 3575 1406 3633 hoc
1457 3549 2012 3653 precipuis'tia'ntum

359 3635 802 3737 festivitatibus,
868 3635 1231 3715 tunetamen
1288 3678 1417 3720 cum

365 3736 630 3820 numero.
660 3735 833 3793 Coena
854 3743 1175 3803 cottidiana
1200 3735 1749 3820 quaternistantum
1776 3760 2015 3820 ferculis

360 3815 741 3918 prebebatur,
775 3834 973 3896 preter
1003 3815 1238 3892 carnem
1262 3852 1474 3913 assam,
1500 3857 1670 3914 quam
1704 3815 2019 3908 venatores

361 3906 602 4009 veribus
653 3909 867 3972 inferre
902 3920 1194 3995 solebant,
1240 3942 1348 3999 qua
1385 3906 1484 3988 ille
1517 3906 1812 3995 libentius
1844 3906 2015 4009 quam

364 4002 482 4062 ullo
515 4009 628 4067 alio
646 4013 778 4069 cibo
826 4017 1191 4072 vescebatur.
1220 4019 1377 4078 Inter
1405 4025 1750 4082 cmuandum
1782 4002 1885 4084 aut
1917 4029 2019 4087 ali'

363 4096 517 4186 quod
543 4114 771 4157 acroma
798 4108 895 4159 aut
923 4104 1199 4163 lectorem
1233 4110 1530 4169 audiebat.
1568 4113 1935 4186 Legebantur
1961 4118 2015 4176 ei

362 4180 639 4280 hvstoriae
682 4195 747 4280 et
796 4193 1169 4263 antiquorum
1220 4212 1317 4256 res
1347 4204 1549 4274 gestae,
1606 4180 2016 4263 delectabatur

362 4275 533 4371 etiam
559 4275 728 4371 libris
753 4281 944 4371 sancti
987 4284 1317 4359 Augustini,
1367 4289 1764 4363 precipueque
1794 4292 1885 4350 his
1917 4295 2014 4366 qui

365 4358 436 4415 dc
467 4362 705 4422 civitate
747 4369 847 4425 Dei
896 4372 1227 4443 pretitulati
1259 4358 1413 4433 sunt.
1441 4409 1507 4418 —
1531 4358 1695 4437 Circa
1725 4358 2017 4454 pauperes

366 4455 1183 4541 sustentandosetgratuitam
1204 4463 1642 4540 liberalitatem,
1659 4484 1829 4541 quam
1848 4470 2013 4528 Greci

363 4539 734 4630 elemosinam
776 4554 1006 4621 vocant,
1048 4551 1469 4612 devotissimus
1499 4563 1645 4627 erat,
1680 4539 1741 4615 ut
1776 4559 1872 4630 qui
1902 4573 2011 4617 non

2115 1990 2226 2033 non
2252 1975 2628 2041 intraturum,
2651 1971 2696 2027 si
2720 1969 2976 2041 prescire
2998 1968 3286 2041 potuisset
3315 1967 3599 2040 pontificis
3620 1981 3757 2026 con-

2115 2064 2329 2121 silium.
2374 2060 2652 2117 Invidiam
2673 2064 2865 2115 tamen
2896 2062 3152 2130 suscepti
3184 2057 3452 2128 nominis,
3483 2057 3755 2114 Romanis

2117 2150 2572 2225 imperatoribus
2596 2163 2770 2220 super
2787 2147 2898 2204 hoc
2918 2145 3375 2217 indignantibus,
3393 2161 3589 2217 magna
3614 2144 3752 2203 tulit

2119 2240 2418 2315 patientia,
2458 2238 2716 2308 vicitque
2764 2250 2965 2292 eorum
2998 2233 3420 2291 contumaciam
3470 2234 3756 2305 magnani-

2117 2332 2339 2401 mitate,
2363 2343 2473 2399 qua
2499 2326 2584 2383 eis
2609 2324 3010 2398 proculdubio
3033 2323 3202 2394 longe
3227 2323 3580 2395 prestantior
3603 2328 3754 2395 erat,

2119 2417 2405 2476 mittendo
2439 2416 2509 2473 ad
2540 2431 2642 2472 eos
2673 2415 2915 2471 crebras
2966 2413 3290 2483 legationes
3318 2417 3375 2470 et
3408 2415 3463 2469 in
3494 2411 3758 2486 epistolis

2120 2510 2331 2566 fratres
2357 2521 2459 2563 eos
2514 2503 2884 2576 appellando.
2916 2502 3058 2559 Post
3097 2506 3433 2574 susceptum
3462 2500 3759 2573 imperiale

2119 2612 2326 2655 nomen
2359 2610 2490 2652 cum
2539 2593 2871 2649 adverteret
2917 2590 3096 2647 multa
3148 2590 3374 2660 legibus
3425 2590 3619 2663 populi
3665 2590 3755 2648 sui

2120 2687 2324 2743 deesse
2352 2714 2410 2724 —
2439 2697 2566 2738 nam
2611 2681 2812 2737 Franci
2840 2680 2983 2737 duas
3039 2678 3254 2736 habent
3288 2678 3467 2750 leges,
3497 2676 3554 2735 in
3581 2676 3759 2751 pluri-

2121 2776 2228 2833 mis
2250 2773 2394 2831 locis
2430 2771 2597 2829 valde
2627 2770 2895 2826 diversas
2915 2800 3003 2837 —,
3031 2767 3331 2839 cogitavit,
3360 2782 3487 2839 qua;
3517 2767 3755 2825 deerant

2121 2867 2357 2935 addere,
2383 2868 2443 2921 et
2464 2861 2857 2932 discrepantia
2882 2860 3068 2931 unire,
3090 2873 3265 2931 prava
3286 2873 3516 2930 quoque
3544 2874 3609 2915 ac
3634 2873 3760 2931 per-

2123 2970 2320 3028 peram
2346 2952 2569 3025 prolata
2602 2950 2932 3021 corrigere;
2966 2949 3068 3008 sed
3091 2949 3161 3005 de
3193 2948 3281 3005 his
3305 2948 3481 3004 nichil
3502 2947 3657 3005 aliud
3685 2948 3758 3004 ab

2121 3060 2191 3101 eo
2236 3044 2450 3099 factum
2487 3044 2599 3109 est,
2635 3038 2747 3095 nisi
2780 3038 2935 3110 quod
2976 3052 3159 3110 pauca
3189 3035 3443 3109 capitula
3474 3040 3531 3094 et
3563 3051 3628 3093 ea
3659 3038 3760 3093 im-

2123 3133 2384 3208 perfecta
2408 3129 2638 3199 legibus
2662 3125 2905 3185 addidit.
2940 3126 3205 3185 Omnium
3226 3130 3418 3182 tamen
3443 3126 3757 3197 nationum,

2126 3238 2253 3295 quae
2282 3221 2391 3278 sub
2441 3218 2569 3287 eius
2609 3216 2910 3273 dominatu
2939 3219 3125 3287 erant,
3179 3215 3331 3287 jura,
3385 3228 3511 3286 quas
3541 3214 3758 3287 scripta

2126 3328 2236 3369 non
2270 3312 2460 3378 erant,
2517 3305 2694 3363 scribi
2740 3319 2808 3362 ac
2837 3303 3056 3362 litteris
3112 3302 3371 3360 mandari
3426 3303 3591 3370 fecit;
3623 3302 3758 3359 item

2127 3401 2374 3458 barbara
2409 3399 2469 3452 et
2511 3392 2919 3465 antiquissima
2950 3391 3229 3461 carmina,
3261 3390 3471 3462 quibus
3501 3396 3760 3449 veterum

2128 3503 2327 3559 regum
2361 3490 2529 3542 actus
2549 3488 2606 3540 et
2632 3480 2782 3539 bella
2805 3480 3187 3551 canebantur,
3212 3480 3450 3552 scripsit
3472 3484 3530 3537 et
3553 3494 3761 3536 memo-

2128 3577 2227 3634 rizc
2250 3573 2565 3632 mandavit.
2588 3569 2889 3629 inchoavit
2917 3574 2977 3627 et
2997 3568 3429 3639 grammaticam
3453 3567 3622 3641 patrii
3645 3581 3765 3625 ser-

2127 3665 2344 3730 monis,
2378 3661 2677 3718 mensibus
2732 3658 2908 3715 etiam
2935 3658 3103 3728 juxta
3162 3657 3455 3729 propriam
3509 3655 3760 3728 linguam

2125 3751 2411 3811 vocabula
2435 3748 2734 3822 imposuit,
2761 3746 2857 3818 qui
2877 3750 3011 3803 ante
3035 3745 3092 3802 id
3114 3745 3396 3817 temporis
3419 3745 3569 3817 apud
3594 3747 3764 3803 Fran-

2127 3858 2228 3901 cos
2252 3841 2462 3915 partim
2486 3838 2725 3906 Latinis,
2753 3836 2963 3909 partim
2988 3835 3252 3893 barbaris
3285 3835 3611 3892 nominibus
3634 3850 3764 3908 pro-

2128 3930 2574 3999 nunciabantur,
2610 3931 2670 3984 et
2707 3924 3042 3983 Ianuarium
3094 3924 3405 3997 appellavit
3438 3924 3766 3981 winterma-

2130 4020 2291 4091 noth,
2310 4016 2685 4075 Februarium
2709 4014 2995 4084 hornung,
3026 4013 3290 4070 Martium
3317 4012 3759 4084 lencinmanoth,

2128 4109 2386 4183 Aprilem
2410 4103 2834 4175 ostermanoth,
2850 4101 3056 4160 Maium
3074 4101 3762 4169 vunnemanoth,1unium

2127 4195 2535 4265 brahmanoth,
2582 4191 2797 4251 Iulium
2818 4190 3238 4261 howimanoth,
3283 4192 3605 4260 Augustum
3646 4204 3767 4247 arn-

2127 4286 2384 4355 manoth,
2407 4282 2805 4354 Septembrem
2833 4279 3234 4349 witemanoth,
3274 4278 3585 4336 Octobrem
3626 4277 3766 4336 win-

2126 4372 2459 4443 demanoth,
2478 4370 2863 4428 Novembrem
2881 4367 3367 4438 berbistmanoth,
3393 4368 3763 4424 Decembrem

2126 4460 2708 4522 heilicmanoth.ltem
2721 4456 3262 4529 ventosl2propriis
3276 4454 3765 4528 appellationibus

2128 4552 2453 4627 insignivit,
2475 4566 2607 4610 cum
2639 4549 2801 4623 prius
2813 4560 2927 4604 non
2951 4544 3200 4618 amplius
3216 4559 3386 4616 quam
3400 4544 3497 4600 vix
3519 4548 3766 4616 quatuor

364 4628 418 4685 in
443 4634 632 4702 patria
658 4636 845 4695 solum
866 4645 926 4696 et
956 4640 1014 4697 in
1042 4657 1151 4700 suo
1172 4659 1354 4714 regno
1378 4645 1435 4702 id
1478 4647 1671 4704 facere
1693 4628 2007 4720 curaverit,
2040 4628 2096 4691 D
2126 4649 2436 4701 ventorum
2459 4637 2745 4698 vocabula
2766 4637 3002 4710 possent
3026 4633 3289 4690 inveniri.
3309 4630 3763 4690 Etsubsolanum

363 4731 566 4818 verum
600 4727 765 4818 trans
821 4728 1003 4818 maria
1036 4730 1092 4786 in
1140 4731 1363 4803 Syriam
1394 4736 1457 4789 ct
1500 4735 1809 4807 Egyptum
1837 4739 2014 4809 atque

365 4807 637 4884 Africam,
663 4814 1089 4890 Hierosolimis,
1127 4818 1515 4894 Alexandriae,
1561 4824 1879 4897 Kartagini,
1917 4807 2013 4884 ubi

364 4896 720 4996 christianos
738 4904 793 4959 in
829 4911 1178 4979 paupertate
1201 4909 1398 4967 vivere
1414 4918 1801 4984 compererat,
1837 4929 2017 4987 penu-

366 4989 467 5045 rias
498 4989 734 5051 illorum
758 4998 1143 5070 compatiens,
1176 5000 1477 5071 pecuniam
1504 5001 1741 5060 mittere
1762 5003 2011 5075 solebat,

364 5077 440 5132 ob
464 5077 572 5136 hoc
601 5082 849 5142 maxime
897 5088 1421 5146 transmarinorum
1464 5105 1666 5162 regum
1722 5092 2018 5152 amicicias

364 5172 670 5243 expetens,
690 5178 753 5230 ut
780 5173 1455 5237 christianissubeorum
1482 5180 1781 5239 dominatu
1806 5182 2018 5253 degen-

367 5258 529 5317 tibus
559 5262 927 5334 refrigerium
964 5263 1201 5337 aliquod
1231 5281 1299 5325 ac
1330 5266 1613 5326 relevatio
1642 5270 2006 5342 proveniret.

367 5347 607 5405 Colebat
638 5365 744 5423 pre
774 5353 993 5411 ceteris
1023 5354 1210 5413 sacris
1238 5354 1384 5414 locis
1413 5357 1567 5429 apud
1596 5358 1836 5415 Romam
1861 5358 2014 5416 beati

365 5436 525 5494 Petri
549 5441 803 5511 apostoli
827 5442 1171 5517 aacclesiam,
1216 5444 1272 5501 in
1296 5444 1463 5515 cujus
1482 5444 1722 5503 donaria
1753 5459 2014 5515 magnam

366 5528 482 5585 vim
519 5530 778 5601 pecunias
825 5532 1141 5603 congessit.
1192 5535 1388 5607 Neque
1420 5533 1519 5590 ille
1568 5537 1698 5591 toto
1726 5534 1889 5604 regni
1923 5534 2015 5591 sui

370 5623 634 5693 tempore
682 5620 989 5692 quicquam
1013 5622 1182 5680 duxit
1218 5622 1538 5696 antiquius,
1573 5637 1742 5693 quam
1777 5625 1841 5678 ut
1874 5623 2015 5680 urbs

368 5708 545 5766 Roma
581 5723 686 5767 sua
716 5724 893 5781 opera
925 5725 1146 5783 suoque
1167 5711 1371 5771 labore
1397 5714 1603 5771 vetere
1636 5709 1886 5784 polleret
1918 5726 2016 5772 au-

2123 4735 2921 4806 vocavitosterwint,eurum
2942 4729 3759 4800 ostsundroni,euroaustrum

2127 4824 2528 4897 sundostroni,
2546 4828 2809 4882 austrum
2823 4815 3572 4891 sundroni,austroafricum
3590 4814 3765 4871 sund-

2122 4914 2427 4987 westroni,
2446 4912 2691 4971 africum
2704 4904 3465 4979 westsundroni,zephirum
3481 4902 3762 4959 westroni

2123 5007 2366 5064 chorum
2378 5000 2833 5071 westnordroni,
2854 4998 3094 5057 circium
3110 4990 3762 5064 nordwestroni,septen

2127 5095 2374 5153 trionem
2414 5090 2715 5161 uordroni,
2753 5087 3084 5161 aquilonem
3122 5080 3514 5153 nordostroni,
3547 5079 3764 5137 vultur-

2124 5199 2260 5242 num
2273 5181 2514 5241 ostnord
2525 5179 2669 5237 roni.
2688 5210 2753 5220 -—
2774 5176 3130 5248 Religionem
3145 5171 3547 5240 christianam,
3572 5182 3678 5241 qua
3692 5167 3761 5225 ab

2126 5270 2364 5327 infantia
2400 5270 2590 5327 fuerat
2617 5266 2896 5336 imbutus,
2921 5262 3290 5322 sanctissime
3313 5264 3370 5317 et
3394 5273 3524 5316 cum
3548 5270 3759 5314 summa

2123 5359 2345 5432 pietate
2364 5355 2642 5427 excoluit,
2669 5369 2736 5411 ac
2765 5356 3010 5427 pr0pter
3032 5351 3141 5408 hoc
3161 5348 3428 5422 plurimae
3451 5343 3765 5420 pulchritu-

2125 5447 2278 5506 dinis
2302 5445 2617 5519 basylicam
2642 5441 2989 5515 Aquisgrani
3015 5438 3310 5497 exstruxit
3335 5448 3595 5507 auroque
3616 5436 3765 5490 etar-

2123 5538 2301 5608 gento
2332 5538 2393 5590 et
2417 5518 2806 5590 luminaribus
2829 5534 3007 5601 atque
3029 5543 3102 5587 ex
3133 5541 3249 5585 aere
3283 5522 3474 5581 solido
3497 5518 3764 5579 cancellis

2122 5630 2184 5682 et
2199 5621 2396 5694 januis
2436 5620 2760 5678 adornavit.
2814 5618 2901 5676 Ad
2923 5616 3093 5688 cujus
3139 5617 3499 5672 structuram
3517 5622 3646 5667 cum
3678 5624 3767 5668 co-

2123 5710 2351 5772 lumnas
2370 5713 2432 5768 et
2453 5719 2740 5766 marmora
2769 5704 3005 5764 aliunde
3027 5704 3245 5763 habere
3280 5713 3393 5760 non
3416 5703 3632 5774 posset,
3661 5698 3768 5757 Ro-
