3946 6426
222 429 338 494 853

1090 440 1528 508 CHRONICA.
1563 475 1642 488 —
1669 439 2144 504 CHRONICUN
2194 441 2740 506 UNlVERSALE.

3505 443 3618 505 851

223 586 308 630 ma
342 580 518 648 atque
542 577 812 633 Ravenna
856 578 1191 639 devehenda
1235 581 1481 639 curavit.
1516 580 1858 638 .Ecelesiam
1891 573 1949 634 A
1981 587 2310 655 correptus,
2373 581 2672 653 decubuit,
2735 580 3071 653 statimque,
3139 586 3195 638 ut
3257 580 3310 638 in
3363 581 3592 640 febribu

223 682 386 723 mane
419 673 476 723 et
506 685 769 740 vespere,
806 670 941 726 item
978 674 1284 730 nocturnis
1315 674 1476 728 horis
1512 672 1858 728 ctsaerificii

225 760 506 827 tempore,
545 760 735 829 quoad
771 760 1030 817 valitudo
1054 777 1181 818 eum
1216 763 1581 834 permiserat,
1618 761 1862 832 impigre

226 847 654 918 frequentabat,
674 851 1034 920 eurabatque
1052 866 1422 921 magnopere,
1442 857 1502 907 ut
1518 851 1706 907 omnia
1737 864 1862 919 quae

229 936 282 991 in
309 952 372 991 ea
407 939 765 1004 gerebantur
794 955 920 995 cum
985 941 1227 996 maxima
1277 942 1478 994 ﬁerent
1536 941 1861 1002 honestate,

226 1025 460 1082 edituos
498 1028 854 1084 creberrime
883 1045 1271 1098 conummens,
1309 1045 1376 1085 ne
1410 1028 1860 1099 quidindeccus,

228 1119 324 1169 aut
353 1116 651 1172 sordidum
699 1117 790 1171 vel
812 1119 1010 1172 inferri
1034 1119 1196 1174 vclin
1213 1133 1276 1174 ea
1313 1132 1607 1173 remanere
1631 1117 1868 1188 permit-

232 1209 441 1260 terent.
477 1208 782 1262 Sacrorum
798 1223 1064 1264 vasorum
1087 1224 1152 1262 ex
1173 1224 1316 1264 auro
1340 1212 1396 1262 et
1428 1213 1670 1276 argento
1695 1205 1868 1260 vesti-

231 1301 674 1365 mentorumque
710 1296 1162 1352 sacerdotalium
1192 1301 1412 1351 tantam
1446 1296 1499 1350 in
1533 1309 1599 1350 ea
1643 1295 1866 1365 copiam

233 1384 567 1452 procuravit
604 1390 666 1439 ut
700 1384 752 1438 in
786 1385 1089 1440 sacrificiis
1121 1385 1486 1440 celebrandis
1513 1400 1580 1438 ne
1603 1381 1870 1453 janitori-

230 1470 335 1524 bus
369 1471 741 1540 quidem,qu
778 1473 963 1528 ultimi
1000 1473 1224 1528 ordinis
1249 1472 1644 1542 sunt,privato
1665 1471 1864 1525 habitu

234 1559 566 1614 ministrare
595 1574 834 1615 necesse
873 1561 1094 1617 fuisset.
1137 1593 1205 1600 —
1246 1561 1491 1627 Legendi
1519 1565 1694 1628 atque
1721 1559 1870 1628 psal-

233 1647 386 1701 lendi
423 1647 788 1717 disciplinam
840 1649 1286 1717 diligentissime
1334 1648 1701 1710 emendavit;
1744 1654 1866 1702 erat

230 1737 380 1790 enim
407 1737 711 1806 utriusque
741 1737 1045 1794 admodum
1071 1739 1359 1804 eruditus,
1396 1753 1721 1807 quanquam
1748 1737 1870 1806 ipse

233 1839 338 1878 nec
370 1825 600 1895 publice
632 1825 871 1894 legeret,
906 1842 1009 1882 nec
1040 1827 1144 1882 nisi
1197 1827 1501 1882 summismr
1525 1833 1584 1881 et
1635 1826 1688 1880 in
1719 1841 1872 1879 com-

1979 675 2226 744 solebat,
2252 673 2364 729 cibi
2399 672 2811 728 abstinentiam
2845 672 2954 728 sibi
3010 672 3238 742 indixit,
3304 673 3628 730 arbitratus

1979 765 2086 820 hac
2117 763 2480 820 continentia
2519 763 2781 818 morbum
2845 778 3014 833 posse
3047 761 3260 833 depelli
3331 762 3423 818 vel
3468 769 3628 820 certe

1981 852 2381 922 mitigari.Sed
2412 852 2727 907 accedente
2761 851 2831 906 ad
2866 853 3084 907 febrem
3143 852 3346 908 lateris
3403 851 3626 924 dolore,

1980 956 2150 1012 quem
2177 941 2640 1010 Grecipleurisin
2657 941 2883 1010 dicunt,
2922 940 3138 1010 illoque
3171 940 3624 998 adhueinediam

1983 1032 2274 1086 retinente
2300 1046 2486 1101 neque
2521 1046 2737 1102 corpus
2763 1030 2935 1084 aliter
2969 1045 3137 1100 quam
3171 1031 3469 1086 rarissimo
3485 1036 3626 1102 potu

1983 1127 2376 1190 sustentante,
2416 1121 2664 1192 septimo
2683 1126 2987 1192 postquam
3013 1119 3290 1175 decubuit
3313 1121 3424 1188 die,
3461 1135 3628 1177 sacra

1980 1211 2385 1267 communione
2401 1213 2701 1281 percepta,
2725 1209 2996 1278 decessit,
3015 1209 3373 1264 annomtatis
3402 1209 3630 1268 sua3‘720

1981 1305 2039 1353 et
2071 1316 2142 1354 ex
2174 1315 2287 1369 quo
2323 1313 2566 1366 regnare
2590 1302 2848 1368 coeperat
2883 1299 2967 1367 46,
3007 1298 3205 1353 indict.
3242 1303 3273 1352 7
3307 1295 3464 1367 “30,5
3498 1296 3618 1351 Kal.

1985 1389 2170 1457 Febr.,
2195 1389 2335 1442 hora
2368 1387 2479 1442 diei
2513 1388 2717 1442 tercia.
2739 1388 2914 1457 Cujus
2945 1402 3163 1457 corpus
3190 1401 3348 1441 more
3381 1386 3625 1442 solemni

1982 1478 2163 1532 lotum
2188 1481 2548 1544 etcuratum,
2570 1475 2816 1530 maxime
2834 1475 3019 1530 totius
3040 1474 3232 1544 populi
3255 1474 3414 1530 luctu
3432 1475 3629 1532 {eccle-

1985 1566 2087 1623 siae
2113 1565 2530 1634 illatumatque
2554 1565 2849 1618 humatum
2883 1568 2995 1618 cst.
3032 1563 3368 1618 Dubitatum
3411 1563 3628 1634 estpri-

1986 1670 2095 1724 mo,
2136 1653 2229 1709 ubi
2262 1653 2741 1724 reponideberet,
2765 1667 2833 1706 eo
2868 1651 3020 1720 quod
3057 1651 3181 1721 ipse
3233 1651 3396 1707 vivus
3421 1652 3488 1707 de
3521 1652 3626 1707 hoc

1988 1743 2160 1798 nichil
2178 1741 2815 1813 preecpisset.Tandcm
2832 1740 3082 1795 omnium
3099 1740 3305 1796 animis
3318 1740 3629 1810 sedit,nus—

1989 1846 2157 1900 quam
2180 1831 2484 1886 honestius
2504 1845 2630 1884 cum
2657 1827 2932 1884 tumulari
2951 1843 3142 1898 posse,
3164 1843 3332 1896 quam
3366 1828 3419 1882 in
3437 1843 3503 1883 ea
3539 1830 3630 1884 ba-

234 1927 402 1969 mune
431 1921 714 1970 cantaret.
735 1916 1024 1975 (Monach.
1059 1918 1340 1987 Sam/all.
1369 1933 1405 1985 I,
1443 1922 1491 1983 5,
1527 1918 1604 1985 7.)
1634 1915 1872 1970 Fuitau-
1905 1933 1959 1992 Β
1990 1920 2189 1989 syliea,
2234 1919 2541 1988 quamipse
2561 1923 2801 1988 propter
2817 1931 3067 1971 amorem
3089 1915 3182 1969 Dei
3210 1922 3264 1970 et
3292 1916 3507 1971 domini
3533 1933 3628 1972 no-

236 2005 348 2055 tem
384 2003 773 2070 consuetudo,
809 2007 868 2058 ut
899 2005 948 2058 in
979 2005 1228 2073 basyliea
1255 2005 1380 2073 ejus
1405 2005 1684 2070 magister
1700 2003 1874 2058 scola:

235 2090 574 2160 designaret
613 2092 796 2162 pridie
833 2092 1094 2161 singulis,
1127 2094 1276 2163 quod
1298 2093 1730 2163 rcsponsorimn
1758 2091 1877 2145 suis

233 2187 472 2236 cantare
497 2181 740 2235 deberet
777 2181 828 2234 in
868 2183 1357 2246 uocte;l(':ctioncs
1390 2196 1526 2235 vero
1552 2179 1878 2236 nulluscui-

236 2284 403 2338 quam
441 2269 774 2324 recitandas
805 2269 1074 2337 injunxit,
1111 2270 1302 2325 nullus
1336 2270 1406 2324 ad
1445 2269 1754 2323 terminum
1788 2267 1872 2322 vel

235 2372 424 2412 ceram
464 2357 758 2427 imposuit,
796 2357 884 2412 vel
919 2359 1207 2426 unguibus
1258 2358 1460 2412 saltem
1513 2357 1880 2426 quantulum-

234 2462 481 2516 cumque
516 2448 741 2515 signum
775 2447 1077 2517 impressit
1110 2465 1122 2511 ;
1155 2449 1255 2501 sed
1305 2446 1500 2502 cuncti
1543 2446 1876 2514 omniaqum

235 2534 480 2604 legenda
513 2539 677 2590 erant
741 2535 818 2590 ita
851 2535 960 2589 sibi
1013 2541 1150 2590 uota
1210 2537 1398 2590 facere
1457 2540 1758 2596 ciu-arant,
1816 2538 1877 2587 ut

237 2623 466 2692 quando
509 2623 804 2693 inopinate
837 2623 1421 2691 legerejubereutur,
1458 2623 1877 2691 irreprelu-nsi-

238 2711 384 2766 biles
417 2711 713 2780 apudequ
741 2711 1161 2766 invenirentur.
1183 2711 1575 2776 Digitoautem
1605 2709 1879 2764 velbaeu-

237 2799 290 2853 lo
319 2799 697 2868 porrectovel
721 2798 992 2854 exlatcre
1015 2814 1121 2854 suo
1141 2800 1209 2854 ad
1237 2799 1441 2868 proeul
1479 2800 1752 2853 sedentes
1780 2797 1878 2851 ali-

237 2901 350 2955 quo
380 2886 1244 2956 directo,demonstravitquem
1265 2887 1456 2954 legere
1473 2887 1772 2942 voluisset.
1794 2885 1878 2939 Fi-

237 2989 362 3028 nem
381 2991 518 3029 vero
535 2974 806 3030 lectionis
823 2975 1600 3043 sonogutturisdesignavit;
1620 2976 1687 3028 ad
1709 2989 1874 3043 quem

239 3063 494 3118 universi
521 3063 596 3118 ita
624 3063 846 3118 intente
877 3064 1140 3134 suspensi
1178 3068 1405 3133 sunt,ut
1430 3063 1550 3117 sive
1579 3063 1878 3117 ﬁnitasen-

239 3151 440 3219 tentia,
480 3152 679 3207 sivein
711 3153 900 3207 media
938 3153 1334 3220 distinctione,
1383 3152 1502 3206 sive
1555 3151 1876 3206 subdistin-

236 3239 426 3294 ctione
461 3239 836 3309 significaret,
871 3240 1068 3296 nullus
1099 3255 1350 3310 sequens
1376 3240 1649 3307 superius
1681 3239 1876 3293 autin-

239 3327 418 3381 ferius
449 3326 703 3396 incipere
729 3332 1655 3396 presumeret,quantumcumque
1681 3326 1876 3380 incon-

234 3428 376 3482 grua
412 3412 538 3468 finis
579 3417 679 3467 aut
743 3412 976 3468 inicmm
1024 3413 1486 3476 viderentur";ct
1545 3413 1652 3467 hoc
1705 3415 1874 3468 modo

238 3503 452 3557 factum
485 3506 597 3569 est,
634 3505 695 3556 ut
727 3501 902 3556 etiam
935 3502 981 3556 si
1017 3517 1126 3557 non
1156 3501 1570 3570 intelligerent.
1604 3503 1872 3558 omnesin

236 3590 363 3658 ejus
399 3588 612 3659 palatio
629 3588 883 3644 lectores
899 3590 1100 3658 Optimi
1121 3589 1386 3644 fuissent.
1407 3589 1609 3645 Nullus
1627 3591 1869 3659 alienus,

239 3677 433 3732 nullus
462 3677 635 3732 etiam
696 3692 898 3745 novus,
955 3677 1059 3733 nisi
1087 3677 1279 3746 legere
1312 3679 1503 3733 sciens
1533 3684 1587 3732 et
1641 3694 1871 3744 canere,

237 3765 477 3820 chorum
511 3766 637 3835 ejus
670 3771 952 3821 aususest
981 3766 1219 3821 intrare.

311 3856 788 3910 Extrcmo'vero
841 3860 1101 3924 tempore
1156 3871 1284 3909 eum
1329 3854 1442 3922 jam
1477 3859 1532 3909 et
1585 3857 1788 3911 morbo
1820 3861 1878 3909 ct

239 3946 540 3998 senectute
576 3947 957 4013 premeretur,
985 3948 1285 3997 evocatum
1310 3943 1378 3996 ad
1413 3958 1474 3997 se
1510 3944 1625 3999 Lud
1667 3943 1877 3998 wieum

243 4031 419 4086 filium
455 4046 621 4086 suum
654 4030 978 4099 Aquitaniae
1038 4045 1254 4098 regem,
1309 4031 1402 4098 qui
1438 4030 1596 4086 solus
1631 4031 1878 4086 filiorum

241 4117 592 4185 Hildigardze
610 4117 823 4184 regina)
844 4122 1168 4186 supererat,
1196 4119 1565 4185 congregatis
1588 4118 1881 4173 sollemni-

237 4210 328 4258 ter
361 4206 430 4259 de
456 4208 579 4257 toto
595 4205 940 4257 Francorum
965 4218 1142 4271 regno
1163 4203 1716 4273 primoribusﬂirxu.
1750 4206 1881 4261 ῐἩίι

238 4294 438 4362 Κέω),
471 4295 816 4346 cunctorum
833 4289 1428 4345 eonsilioeonsortem
1465 4291 1572 4345 sibi
1592 4293 1879 4347 totiusre-

237 4381 332 4449 gni
359 4385 418 4432 et
448 4378 762 4449 imperialis
792 4378 1645 4433 nominisheredemconstituit
1672 4381 1880 4450 ;impo-

243 4469 474 4537 sitoque
498 4467 675 4536 capiti
719 4466 1209 4536 ejusdiademate,
1253 4467 1657 4536 imperatm'em
1692 4474 1746 4522 et
1791 4484 1879 4523 au-

241 4563 474 4626 gustum
503 4555 1350 4626 jussitappellari.Susceptum
1369 4564 1455 4610 est
1472 4557 1576 4611 hoc
1611 4558 1736 4625 ejus
1751 4574 1856 4611 con

1906 3284 1956 3346 C

1991 2007 2099 2061 stri
2122 2007 2298 2062 Jhcsu
2324 2006 2558 2075 Christi,
2587 2013 2642 2060 et
2677 2005 2748 2058 ob
2783 2019 3030 2059 amorem
3058 2009 3270 2059 sanctae
3310 2010 3366 2059 et
3392 2011 3626 2061 aeterna:

1990 2096 2232 2164 virginis
2292 2095 2596 2163 genitricis
2627 2095 2773 2163 ejus,
2809 2093 3296 2164 propriosumptu
3323 2094 3376 2147 in
3429 2094 3627 2148 eodem

1991 2183 2117 2238 vico
2142 2184 2490 2239 construxit.
2530 2184 2587 2236 In
2626 2183 2726 2236 hac.
2761 2181 3028 2251 sepultus
3056 2186 3145 2236 cst
3179 2181 3376 2236 eadem
3411 2182 3502 2237 die
3519 2198 3628 2252 qua

1990 2273 2300 2327 defunctus
2324 2279 2731 2340 cst,areusque
2755 2285 2927 2340 supra
2992 2269 3276 2325 tumulum
3311 2270 3629 2326 deauratus

1990 2367 2118 2406 cum
2155 2351 2398 2419 imagine
2431 2356 2489 2404 ct
2519 2349 2696 2404 titulo
2743 2353 3083 2403 exstructus
3139 2353 3248 2403 est.
3288 2349 3392 2414 Qui
3427 2349 3631 2405 titulus

1990 2439 2096 2494 hoe
2127 2440 2295 2493 modo
2311 2435 2769 2508 deseriptusest’:
2800 2437 3051 2494 Sub/ioc
3088 2438 3411 2493 conditorio
3448 2439 3631 2494 silum

1989 2527 2297 2596 estcorpus
2313 2525 2741 2593 [faro/imamzi
2757 2526 2938 2595 atque
2976 2526 3290 2581 orthodoxi
3321 2527 3544 2596 impera
3554 2528 3631 2580 lo-

1985 2617 2096 2681 ris,
2131 2615 2235 2685 qui
2262 2631 2510 2685 regnum
2541 2616 2904 2670 Francorum
2925 2614 3200 2670 nobiliter
3233 2614 3558 2685 (ιηψίὶίιτὶι
3577 2617 3635 2670 ct

1979 2718 2090 2775 per
2123 2718 2310 2759 anuos
2342 2708 2407 2758 46
2424 2703 2701 2773 feliciter
2728 2703 2910 2759 rexit.

2131 2794 2151 2814 *
2194 2793 2514 2863 Eme-mit:
2579 2791 2732 2845 Idem
2819 2805 2957 2845 vero
3010 2790 3326 2860 impm'ator
3357 2807 3484 2848 cum
3514 2793 3627 2862 jam

2219 2864 2439 2932 morbo,
2461 2863 2563 2919 etc.

2093 2954 2113 2974 "
2150 2952 2400 3022 Stcphau
2415 2967 2478 3007 us
2509 2949 2598 2983 “3‘
2633 2965 2774 3021 papa
2807 2951 2932 3005 94“
2955 2949 3103 3004 sedit
3141 2963 3320 3005 anuos
3342 2955 3630 3018 3,menscs

1988 3027 2037 3090 5,
2073 3022 2198 3077 dies
2233 3029 2318 3079 es.

2166 3113 2186 3132 *
2228 3112 2291 3166 D.
2327 3112 2387 3166 E.
2423 3110 2686 3167 addunt:
2723 3110 2901 3163 Rome
2924 3107 3104 3162 Paulo
3127 3141 3182 3148 -—
3206 3109 3628 3166 seandalo.lloc

2261 3197 2359 3250 per
2382 3183 2566 3236 zelum
2601 3213 2667 3220 ——
2692 3180 2938 3250 privato,
2959 3179 3258 3248 ctpost28:
3282 3181 3377 3235 [lic
3414 3186 3522 3235 tam
3554 3213 3620 3221 ——

2254 3251 2937 3324 erisma,Venerationem
3027 3251 3058 3303 i.
3076 3266 3125 3305 c.
3144 3263 3193 3305 c.
3212 3265 3267 3320 ρ.
3287 3265 3336 3305 a.
3355 3266 3430 3307 ex
3447 3253 3628 3324 Sigeo

2261 3336 2323 3378 ιι.
2363 3327 2466 3378 767
2498 3323 2556 3378 et
2583 3326 2702 3376 768.

2130 3410 2271 3464 Anni
2422 3411 2588 3466 Anni.

1987 3497 2370 3552 Constantini.
2405 3496 2616 3552 Karoli.

2125 3589 2194 3639 ‘28
2451 3591 2497 3640 1.
2687 3587 2847 3640 Anno
2881 3583 3184 3639 dominica)
3211 3583 3630 3640 incarnationis

1987 3673 2892 3744 769,KarolusMagnus,I’ippini
2942 3673 3116 3740 ﬁlius,
3156 3672 3343 3727 diviso
3366 3677 3497 3742 post
3541 3688 3634 3744 pa-

1991 3771 2134 3818 trem
2154 3778 2356 3831 regno,
2376 3777 2504 3817 cum
2523 3763 2701 3816 fratre
2729 3761 2822 3822 (cf.
2845 3761 2987 3817 01w.
3018 3760 3124 3832 lli)
3157 3759 3633 3816 Karlomaunore-

1989 3867 2168 3922 guare
2189 3851 2386 3922 coepit,
2416 3855 2471 3906 et
2507 3853 2572 3906 46
2597 3850 2859 3918 regnavit
2891 3849 3078 3917 annis,
3142 3849 3332 3904 tribus
3361 3866 3489 3905 cum
3527 3851 3633 3905 fra-

1990 3946 2102 4008 tre,
2127 3939 2368 3995 43$0lus
2393 3945 2596 4010 postea
2622 3939 2978 4009 (Emit/17m.)
3023 3937 3198 4006 Cujus
3241 3953 3388 3993 anno
3446 3939 3631 4009 primo

1994 4029 2293 4084 l-Iunoldus
2312 4029 2543 4097 quidam
2566 4027 2952 4096 Aquitaniam,
2979 4041 3106 4095 qua)
3125 4026 3178 4080 in
3196 4034 3412 4080 sortem
3438 4029 3628 4084 Karoli

1993 4115 2516 4183 cesserat,invasit,
2539 4122 2593 4169 et
2617 4113 3057 4184 provincialium
3090 4114 3310 4169 animos
3349 4115 3417 4169 ad
3442 4117 3636 4171 conci-

1996 4204 2164 4258 tanda
2186 4217 2332 4257 nova
2351 4203 2633 4267 excitans,
2660 4200 2893 4269 bellum,
2911 4201 3063 4270 quod
3091 4205 3256 4270 pater
3301 4203 3427 4269 ejus
3448 4204 3634 4274 Pippi-

1995 4307 2100 4346 nus
2121 4291 2312 4346 occiso
2331 4290 2508 4344 Waifa
2521 4290 2604 4343 rio
2623 4303 3062 4343 consummasse
3086 4291 3248 4344 visus
3273 4297 3379 4360 est,
3395 4308 3636 4350 renova-

1994 4379 2314 4434 vitJZoutra
2339 4393 2506 4447 quem
2526 4376 2769 4431 Karolus
2783 4377 3103 4446 profectus,
3145 4380 3341 4434 fratris
3356 4381 3632 4436 auxilium

1996 4466 2312 4538 postulavit
2351 4464 2952 4535 :sedimpcdientibus
2975 4465 3140 4520 malis
3176 4467 3639 4539 hominibus,ha-

1997 4557 2132 4610 bcre
2167 4569 2273 4609 non
2299 4552 2509 4625 potuit;
2535 4552 3037 4621 eolloquiotameu
3060 4568 3188 4607 cum
3213 4569 3282 4609 eo
3319 4556 3537 4626 habito,
3567 4558 3635 4612 ad

241 4647 435 4701 silium
461 4645 532 4701 ab
565 4645 833 4699 omnibus
861 4643 1216 4712 quiaderant
1246 4660 1374 4699 eum
1410 4659 1612 4713 magno
1651 4647 1874 4710 favore;
1908 4635 1960 4694 D
1995 4642 2458 4715 persequendum
2486 4641 2810 4696 llunoldum
2848 4641 3144 4710 profectus
3169 4647 3533 4713 est,cumque
3568 4645 3637 4699 ad

241 4749 368 4789 nam
403 4733 684 4789 divinitus
699 4733 749 4788 ei
777 4737 1018 4802 propter
1047 4733 1206 4799 regni
1227 4732 1541 4788 utilitatem
1568 4733 1875 4788 videbatur

247 4824 588 4893 inspiratam
618 4839 631 4886 ;
659 4821 937 4889 auxitque
971 4820 1330 4888 majestatem
1357 4822 1482 4890 ejus
1512 4822 1619 4875 hoe.
1638 4824 1869 4881 factum.

237 4917 293 4967 et
317 4911 534 4966 exteris
552 4909 884 4965 nationibus
901 4925 1008 4964 non
1028 4909 1319 4963 minimum
1347 4909 1591 4964 terroris
1610 4911 1869 4965 incussit.

251 5031 295 5038 οη
330 4999 576 5053 Dimisso
600 4997 808 5052 deinde
848 4997 903 5051 in
953 4998 1319 5067 Aquitaniam
1382 4997 1516 5064 filio,
1563 4999 1684 5067 ipse
1716 5015 1874 5054 more

245 5085 442 5153 solito,
479 5085 738 5155 quamvis
768 5091 1069 5140 senectute
1100 5086 1422 5150 confectus,
1476 5101 1581 5140 non
1644 5086 1811 5155 longe
1846 5107 1872 5141 a

246 5173 400 5242 regia
433 5177 606 5241 Aquze
631 5172 740 5226 nisi
773 5177 1043 5228 venatum
1097 5173 1504 5242 proficiscitur,
1547 5179 1872 5244 exactoque

241 5267 296 5318 in
313 5261 710 5332 hujuscemodi
729 5261 959 5324 negotio
973 5262 1124 5332 quod
1145 5262 1425 5332 reliquum
1443 5267 1570 5318 erat
1587 5265 1868 5334 autumni,

237 5351 390 5408 circa
437 5349 722 5405 Kalendas
779 5350 1053 5405 Novemb.
1115 5352 1474 5421 Aquasgrani
1534 5352 1870 5407 revertitur.

239 5442 500 5508 Cumque
535 5437 614 5492 ibi
648 5437 949 5507 hiemaret,
986 5441 1468 5497 meuseJanuario
1502 5441 1660 5496 febre
1685 5441 1874 5496 valida

1997 4734 2214 4801 Lupum
2229 4731 2548 4786 Waseonia)
2569 4730 2772 4784 ducem
2792 4728 3094 4798 fugitivum
3122 4729 3295 4785 missa
3322 4730 3634 4802 legatione,

1999 4819 2220 4889 recepit
2246 4834 2372 4875 eum
2399 4833 2581 4874 uxore
2606 4832 2728 4886 sua,
2757 4817 2998 4888 ipsoque
3021 4817 3318 4887 Lupocum
3362 4823 3484 4874 tota
3512 4823 3638 4876 Wa-

1999 4908 2193 4964 sconia
2218 4907 2673 4975 sibiobcdiente,
2712 4920 3015 4975 regressus
3048 4910 3167 4961 est.

2066 5001 2150 5051 “29.
2186 5001 2236 5052 2.
2274 5000 2340 5050 A.
2373 4997 2432 5050 D.
2456 5000 2578 5051 770.
2617 4994 2863 5050 Karolus
2923 5010 3023 5048 rex
3063 4995 3264 5050 habuit
3308 4995 3638 5064 generalem

1995 5090 2345 5141 conventum
2398 5085 2452 5138 in
2478 5084 2802 5138 Wormacia
2836 5082 3097 5138 civitate.
3134 5083 3637 5155 Berthradavero,

1999 5177 2184 5229 mater
2229 5188 2449 5241 regum,
2500 5187 2628 5226 cum
2678 5171 3063 5226 Karlomanno
3098 5171 3187 5204 “3’
3241 5173 3462 5229 minore
3521 5175 3638 5230 lilio

1997 5263 2147 5333 apud
2183 5261 2472 5316 Salussam
2507 5261 2719 5327 locata,
2751 5259 2908 5330 pacis
2936 5273 3108 5316 causa
3168 5259 3224 5315 in
3254 5261 3477 5316 Italiam
3512 5279 3642 5334 pro-

1996 5351 2304 5420 ﬁciscitur,
2333 5355 2687 5421 peraetoque
2710 5348 2946 5417 negotio
2967 5363 3070 5418 pro
3097 5363 3210 5419 quo
3234 5349 3646 5419 ibat,adoratis

1993 5442 2166 5497 etiam
2189 5441 2382 5496 Romae
2408 5443 2742 5495 sanctorum
2764 5437 3167 5508 apostolorum
3212 5438 3536 5514 liminibus,
3571 5446 3641 5501 ad

1597 5567 1831 5620 VARLE
1875 5565 2273 5622 LECTIONES.

314 5659 406 5692 “3°
437 5658 641 5714 Indict.
677 5662 728 5712 7.
764 5657 962 5712 eadem
991 5674 1175 5716 manu
1196 5662 1601 5732 superscripto.
1631 5663 1784 5718 sunt.
1828 5668 1871 5716 1.
1937 5661 2026 5695 “31
2057 5664 2389 5734 Stephanus
2440 5693 2507 5702 --
2534 5663 2619 5715 28.
2667 5659 2810 5730 post
2852 5659 2989 5715 add.
3063 5665 3114 5716 1.
3175 5660 3263 5694 ‘1‘"
3322 5662 3648 5723 Kalrloman

240 5747 335 5788 no.
365 5737 414 5786 1.
