  <div class='ocr_page' id='page_1' title='image "/cluster/home/n/w/nwhite01/storage/ocr_20150623/153-154/uc1.31175019678096/102.png"; bbox 0 0 3948 6452; ppageno 0'>
   <div class='ocr_carea' id='block_1_1' title="bbox 185 374 282 426">
    <p class='ocr_par' dir='ltr' id='par_1_1' title="bbox 185 374 282 426">
     <span class='ocr_line' id='line_1_1' title="bbox 185 374 282 426; baseline 0 0"><span class='ocrx_word' id='word_1_1' title='bbox 185 374 282 426; x_wconf 82' lang='grc'>193</span> 
     </span>
    </p>
   </div>
   <div class='ocr_carea' id='block_1_2' title="bbox 810 362 2870 427">
    <p class='ocr_par' dir='ltr' id='par_1_2' title="bbox 810 362 2870 427">
     <span class='ocr_line' id='line_1_2' title="bbox 810 362 2870 427; baseline -0.003 -2"><span class='ocrx_word' id='word_1_2' title='bbox 810 367 1187 427; x_wconf 84' lang='lat' dir='ltr'>EXPOSITIO</span> <span class='ocrx_word' id='word_1_3' title='bbox 1225 368 1299 424; x_wconf 88' lang='lat' dir='ltr'>IN</span> <span class='ocrx_word' id='word_1_4' title='bbox 1340 366 1720 425; x_wconf 81' lang='lat' dir='ltr'>EPISTOLAS</span> <span class='ocrx_word' id='word_1_5' title='bbox 1766 364 1994 423; x_wconf 80' lang='lat' dir='ltr'>PAULI.</span> <span class='ocrx_word' id='word_1_6' title='bbox 2026 395 2097 407; x_wconf 92' lang='lat'><strong>—</strong></span> <span class='ocrx_word' id='word_1_7' title='bbox 2127 364 2200 420; x_wconf 90' lang='lat' dir='ltr'>IN</span> <span class='ocrx_word' id='word_1_8' title='bbox 2232 364 2451 422; x_wconf 86' lang='lat' dir='ltr'>EPIST.</span> <span class='ocrx_word' id='word_1_9' title='bbox 2504 364 2528 419; x_wconf 89' lang='grc' dir='ltr'>Ι</span> <span class='ocrx_word' id='word_1_10' title='bbox 2566 364 2661 420; x_wconf 78' lang='lat' dir='ltr'>AD</span> <span class='ocrx_word' id='word_1_11' title='bbox 2710 362 2870 421; x_wconf 82' lang='lat' dir='ltr'>COR.</span> 
     </span>
    </p>
   </div>
   <div class='ocr_carea' id='block_1_3' title="bbox 3396 362 3499 418">
    <p class='ocr_par' dir='ltr' id='par_1_3' title="bbox 3396 362 3499 418">
     <span class='ocr_line' id='line_1_3' title="bbox 3396 362 3499 418; baseline 0 -1"><span class='ocrx_word' id='word_1_12' title='bbox 3396 362 3499 418; x_wconf 67' lang='grc'>194</span> 
     </span>
    </p>
   </div>
   <div class='ocr_carea' id='block_1_4' title="bbox 193 486 3507 566">
    <p class='ocr_par' dir='ltr' id='par_1_4' title="bbox 193 486 3507 566">
     <span class='ocr_line' id='line_1_4' title="bbox 193 486 3507 566; baseline -0.003 -15"><span class='ocrx_word' id='word_1_13' title='bbox 193 519 215 544; x_wconf 85' lang='lat'><strong><em>«</em></strong></span> <span class='ocrx_word' id='word_1_14' title='bbox 255 494 484 552; x_wconf 90' lang='lat' dir='ltr'>scientia</span> <span class='ocrx_word' id='word_1_15' title='bbox 530 495 862 551; x_wconf 78' lang='lat' dir='ltr'>destruetur.</span> <span class='ocrx_word' id='word_1_16' title='bbox 912 496 993 550; x_wconf 88' lang='lat' dir='ltr'>Ex</span> <span class='ocrx_word' id='word_1_17' title='bbox 1022 501 1177 566; x_wconf 88' lang='lat' dir='ltr'>parte</span> <span class='ocrx_word' id='word_1_18' title='bbox 1206 493 1352 550; x_wconf 92' lang='lat' dir='ltr'>enim</span> <span class='ocrx_word' id='word_1_19' title='bbox 1384 492 1792 565; x_wconf 83' lang='lat' dir='ltr'>cognoscimus,</span> <span class='ocrx_word' id='word_1_20' title='bbox 1817 493 1873 553; x_wconf 85' lang='grc' dir='ltr'><strong>Α</strong></span> <span class='ocrx_word' id='word_1_21' title='bbox 1901 490 1957 545; x_wconf 92' lang='lat' dir='ltr'>id</span> <span class='ocrx_word' id='word_1_22' title='bbox 2002 498 2085 546; x_wconf 92' lang='lat' dir='ltr'>est</span> <span class='ocrx_word' id='word_1_23' title='bbox 2129 489 2335 547; x_wconf 86' lang='lat' dir='ltr'>nemini</span> <span class='ocrx_word' id='word_1_24' title='bbox 2385 489 2609 546; x_wconf 80' lang='lat' dir='ltr'>invidet.</span> <span class='ocrx_word' id='word_1_25' title='bbox 2658 490 2780 546; x_wconf 83' lang='lat' dir='ltr'>Non</span> <span class='ocrx_word' id='word_1_26' title='bbox 2809 488 2931 562; x_wconf 87' lang='lat' dir='ltr'>agit</span> <span class='ocrx_word' id='word_1_27' title='bbox 2970 503 3291 562; x_wconf 80' lang='lat' dir='ltr'>perperam,</span> <span class='ocrx_word' id='word_1_28' title='bbox 3337 486 3391 543; x_wconf 90' lang='lat' dir='ltr'>id</span> <span class='ocrx_word' id='word_1_29' title='bbox 3421 494 3507 543; x_wconf 92' lang='lat' dir='ltr'>est</span> 
     </span>
    </p>
   </div>
   <div class='ocr_carea' id='block_1_5' title="bbox 194 582 1797 656">
    <p class='ocr_par' dir='ltr' id='par_1_5' title="bbox 194 582 1797 656">
     <span class='ocr_line' id='line_1_5' title="bbox 194 582 1797 656; baseline -0.002 -16"><span class='ocrx_word' id='word_1_30' title='bbox 194 607 213 632; x_wconf 81' lang='grc' dir='ltr'>α</span> <span class='ocrx_word' id='word_1_31' title='bbox 259 593 311 641; x_wconf 90' lang='lat' dir='ltr'>et</span> <span class='ocrx_word' id='word_1_32' title='bbox 340 602 407 640; x_wconf 89' lang='lat' dir='ltr'>ex</span> <span class='ocrx_word' id='word_1_33' title='bbox 434 592 590 656; x_wconf 88' lang='lat' dir='ltr'>parte</span> <span class='ocrx_word' id='word_1_34' title='bbox 619 586 1031 656; x_wconf 90' lang='lat' dir='ltr'>prophetamus.</span> <span class='ocrx_word' id='word_1_35' title='bbox 1054 585 1188 639; x_wconf 92' lang='lat' dir='ltr'>Cum</span> <span class='ocrx_word' id='word_1_36' title='bbox 1210 592 1390 639; x_wconf 91' lang='lat' dir='ltr'>autem</span> <span class='ocrx_word' id='word_1_37' title='bbox 1414 583 1627 639; x_wconf 79' lang='lat' dir='ltr'>venerit</span> <span class='ocrx_word' id='word_1_38' title='bbox 1647 582 1797 654; x_wconf 92' lang='lat' dir='ltr'>quod</span> 
     </span>
    </p>
   </div>
   <div class='ocr_carea' id='block_1_6' title="bbox 193 671 1798 745">
    <p class='ocr_par' dir='ltr' id='par_1_6' title="bbox 193 671 1798 745">
     <span class='ocr_line' id='line_1_6' title="bbox 193 671 1798 745; baseline -0.002 -16"><span class='ocrx_word' id='word_1_39' title='bbox 193 697 214 722; x_wconf 76' lang='grc' dir='ltr'>σε</span> <span class='ocrx_word' id='word_1_40' title='bbox 255 674 556 745; x_wconf 88' lang='lat' dir='ltr'>perfectum</span> <span class='ocrx_word' id='word_1_41' title='bbox 589 682 691 742; x_wconf 90' lang='lat' dir='ltr'>est,</span> <span class='ocrx_word' id='word_1_42' title='bbox 724 673 1075 730; x_wconf 87' lang='lat' dir='ltr'>evacuabitur</span> <span class='ocrx_word' id='word_1_43' title='bbox 1103 672 1249 745; x_wconf 90' lang='lat' dir='ltr'>quod</span> <span class='ocrx_word' id='word_1_44' title='bbox 1270 689 1335 729; x_wconf 89' lang='lat' dir='ltr'>ex</span> <span class='ocrx_word' id='word_1_45' title='bbox 1354 680 1510 744; x_wconf 90' lang='lat' dir='ltr'>parte</span> <span class='ocrx_word' id='word_1_46' title='bbox 1532 679 1632 727; x_wconf 90' lang='lat' dir='ltr'>est.</span> <span class='ocrx_word' id='word_1_47' title='bbox 1657 671 1798 727; x_wconf 90' lang='lat' dir='ltr'>Cum</span> 
     </span>
    </p>
   </div>
   <div class='ocr_carea' id='block_1_7' title="bbox 195 760 1797 834">
    <p class='ocr_par' dir='ltr' id='par_1_7' title="bbox 195 760 1797 834">
     <span class='ocr_line' id='line_1_7' title="bbox 195 760 1797 834; baseline -0.002 -15"><span class='ocrx_word' id='word_1_48' title='bbox 195 786 217 810; x_wconf 71' lang='grc' dir='ltr'>α</span> <span class='ocrx_word' id='word_1_49' title='bbox 259 779 440 819; x_wconf 91' lang='lat' dir='ltr'>essem</span> <span class='ocrx_word' id='word_1_50' title='bbox 486 762 764 834; x_wconf 88' lang='lat' dir='ltr'>parvulus,</span> <span class='ocrx_word' id='word_1_51' title='bbox 812 762 1078 834; x_wconf 83' lang='lat' dir='ltr'>loquebar</span> <span class='ocrx_word' id='word_1_52' title='bbox 1106 770 1164 817; x_wconf 94' lang='lat' dir='ltr'>ut</span> <span class='ocrx_word' id='word_1_53' title='bbox 1193 762 1479 833; x_wconf 88' lang='lat' dir='ltr'>parvulus,</span> <span class='ocrx_word' id='word_1_54' title='bbox 1512 760 1797 832; x_wconf 89' lang='lat' dir='ltr'>sapiebam</span> 
     </span>
    </p>
   </div>
   <div class='ocr_carea' id='block_1_8' title="bbox 199 850 1798 925">
    <p class='ocr_par' dir='ltr' id='par_1_8' title="bbox 199 850 1798 925">
     <span class='ocr_line' id='line_1_8' title="bbox 199 850 1798 925; baseline -0.003 -18"><span class='ocrx_word' id='word_1_55' title='bbox 199 875 220 899; x_wconf 71' lang='grc' dir='ltr'><strong><em>κ</em></strong></span> <span class='ocrx_word' id='word_1_56' title='bbox 262 860 320 907; x_wconf 92' lang='lat' dir='ltr'>ut</span> <span class='ocrx_word' id='word_1_57' title='bbox 365 851 656 923; x_wconf 85' lang='lat' dir='ltr'>parvulus,</span> <span class='ocrx_word' id='word_1_58' title='bbox 692 852 1004 925; x_wconf 82' lang='lat' dir='ltr'>cogitabam</span> <span class='ocrx_word' id='word_1_59' title='bbox 1032 859 1091 906; x_wconf 91' lang='lat' dir='ltr'>ut</span> <span class='ocrx_word' id='word_1_60' title='bbox 1118 850 1403 923; x_wconf 88' lang='lat' dir='ltr'>parvulus.</span> <span class='ocrx_word' id='word_1_61' title='bbox 1439 850 1670 919; x_wconf 86' lang='lat' dir='ltr'>Quando</span> <span class='ocrx_word' id='word_1_62' title='bbox 1700 865 1798 903; x_wconf 85' lang='lat' dir='ltr'>au-</span> 
     </span>
    </p>
   </div>
   <div class='ocr_carea' id='block_1_9' title="bbox 204 938 1793 1013">
    <p class='ocr_par' dir='ltr' id='par_1_9' title="bbox 204 938 1793 1013">
     <span class='ocr_line' id='line_1_9' title="bbox 204 938 1793 1013; baseline -0.003 -16"><span class='ocrx_word' id='word_1_63' title='bbox 204 964 225 990; x_wconf 80' lang='lat'><em>«</em></span> <span class='ocrx_word' id='word_1_64' title='bbox 268 950 379 997; x_wconf 90' lang='lat' dir='ltr'>tem</span> <span class='ocrx_word' id='word_1_65' title='bbox 410 941 587 998; x_wconf 90' lang='lat' dir='ltr'>factus</span> <span class='ocrx_word' id='word_1_66' title='bbox 630 958 750 996; x_wconf 89' lang='lat' dir='ltr'>sum</span> <span class='ocrx_word' id='word_1_67' title='bbox 778 941 884 1011; x_wconf 88' lang='lat' dir='ltr'>vir,</span> <span class='ocrx_word' id='word_1_68' title='bbox 921 940 1181 997; x_wconf 75' lang='lat' dir='ltr'>ev&#39;acuavi</span> <span class='ocrx_word' id='word_1_69' title='bbox 1210 957 1330 1013; x_wconf 68' lang='lat' dir='ltr'>qum</span> <span class='ocrx_word' id='word_1_70' title='bbox 1376 947 1530 996; x_wconf 89' lang='lat' dir='ltr'>erant</span> <span class='ocrx_word' id='word_1_71' title='bbox 1558 938 1793 1011; x_wconf 85' lang='lat' dir='ltr'>parvuli.</span> 
     </span>
    </p>
   </div>
   <div class='ocr_carea' id='block_1_10' title="bbox 199 1029 1797 1102">
    <p class='ocr_par' dir='ltr' id='par_1_10' title="bbox 199 1029 1797 1102">
     <span class='ocr_line' id='line_1_10' title="bbox 199 1029 1797 1102; baseline -0.003 -15"><span class='ocrx_word' id='word_1_72' title='bbox 199 1053 220 1077; x_wconf 75' lang='grc' dir='ltr'>«ι</span> <span class='ocrx_word' id='word_1_73' title='bbox 265 1030 525 1087; x_wconf 81' lang='lat' dir='ltr'>Videmus</span> <span class='ocrx_word' id='word_1_74' title='bbox 574 1045 720 1086; x_wconf 91' lang='lat' dir='ltr'>nunc</span> <span class='ocrx_word' id='word_1_75' title='bbox 754 1045 858 1101; x_wconf 90' lang='lat' dir='ltr'>per</span> <span class='ocrx_word' id='word_1_76' title='bbox 902 1029 1185 1101; x_wconf 90' lang='lat' dir='ltr'>speculum</span> <span class='ocrx_word' id='word_1_77' title='bbox 1213 1029 1268 1083; x_wconf 92' lang='lat' dir='ltr'>in</span> <span class='ocrx_word' id='word_1_78' title='bbox 1298 1029 1587 1102; x_wconf 68' lang='lat' dir='ltr'>aenigmate</span> <span class='ocrx_word' id='word_1_79' title='bbox 1621 1043 1633 1083; x_wconf 90' lang='lat'><strong>:</strong></span> <span class='ocrx_word' id='word_1_80' title='bbox 1667 1036 1797 1083; x_wconf 89' lang='lat' dir='ltr'>tunc</span> 
     </span>
    </p>
   </div>
   <div class='ocr_carea' id='block_1_11' title="bbox 196 1119 1793 1191">
    <p class='ocr_par' dir='ltr' id='par_1_11' title="bbox 196 1119 1793 1191">
     <span class='ocr_line' id='line_1_11' title="bbox 196 1119 1793 1191; baseline -0.003 -16"><span class='ocrx_word' id='word_1_81' title='bbox 196 1142 219 1166; x_wconf 80' lang='grc' dir='ltr'><strong><em>α</em></strong></span> <span class='ocrx_word' id='word_1_82' title='bbox 263 1128 447 1175; x_wconf 89' lang='lat' dir='ltr'>autem</span> <span class='ocrx_word' id='word_1_83' title='bbox 476 1119 615 1176; x_wconf 87' lang='lat' dir='ltr'>facie</span> <span class='ocrx_word' id='word_1_84' title='bbox 647 1119 718 1174; x_wconf 91' lang='lat' dir='ltr'>ad</span> <span class='ocrx_word' id='word_1_85' title='bbox 747 1119 960 1175; x_wconf 85' lang='lat' dir='ltr'>faciem.</span> <span class='ocrx_word' id='word_1_86' title='bbox 995 1120 1153 1174; x_wconf 87' lang='lat' dir='ltr'>Nunc</span> <span class='ocrx_word' id='word_1_87' title='bbox 1183 1133 1463 1191; x_wconf 82' lang='lat' dir='ltr'>cognosco</span> <span class='ocrx_word' id='word_1_88' title='bbox 1495 1134 1560 1173; x_wconf 89' lang='lat' dir='ltr'>ex</span> <span class='ocrx_word' id='word_1_89' title='bbox 1590 1124 1745 1189; x_wconf 88' lang='lat' dir='ltr'>parte</span> <span class='ocrx_word' id='word_1_90' title='bbox 1779 1134 1793 1170; x_wconf 90' lang='lat'><strong>:</strong></span> 
     </span>
    </p>
   </div>
   <div class='ocr_carea' id='block_1_12' title="bbox 197 1207 1793 1281">
    <p class='ocr_par' dir='ltr' id='par_1_12' title="bbox 197 1207 1793 1281">
     <span class='ocr_line' id='line_1_12' title="bbox 197 1207 1793 1281; baseline -0.002 -18"><span class='ocrx_word' id='word_1_91' title='bbox 197 1231 219 1255; x_wconf 67' lang='grc' dir='ltr'><strong><em>η</em></strong></span> <span class='ocrx_word' id='word_1_92' title='bbox 262 1217 390 1265; x_wconf 90' lang='lat' dir='ltr'>tunc</span> <span class='ocrx_word' id='word_1_93' title='bbox 436 1218 619 1264; x_wconf 88' lang='lat' dir='ltr'>autem</span> <span class='ocrx_word' id='word_1_94' title='bbox 664 1224 1016 1281; x_wconf 84' lang='lat' dir='ltr'>cognoscam,</span> <span class='ocrx_word' id='word_1_95' title='bbox 1075 1207 1213 1264; x_wconf 88' lang='lat' dir='ltr'>sicut</span> <span class='ocrx_word' id='word_1_96' title='bbox 1259 1216 1312 1263; x_wconf 92' lang='lat' dir='ltr'>et</span> <span class='ocrx_word' id='word_1_97' title='bbox 1358 1207 1612 1280; x_wconf 89' lang='lat' dir='ltr'>cognitus</span> <span class='ocrx_word' id='word_1_98' title='bbox 1653 1222 1793 1261; x_wconf 91' lang='lat' dir='ltr'>sum.</span> 
     </span>
    </p>
   </div>
   <div class='ocr_carea' id='block_1_13' title="bbox 198 1296 1799 1367">
    <p class='ocr_par' dir='ltr' id='par_1_13' title="bbox 198 1296 1799 1367">
     <span class='ocr_line' id='line_1_13' title="bbox 198 1296 1799 1367; baseline -0.002 -14"><span class='ocrx_word' id='word_1_99' title='bbox 198 1321 219 1346; x_wconf 75' lang='grc' dir='ltr'><strong>ε</strong></span> <span class='ocrx_word' id='word_1_100' title='bbox 264 1299 421 1354; x_wconf 84' lang='lat' dir='ltr'>Nunc</span> <span class='ocrx_word' id='word_1_101' title='bbox 462 1306 645 1354; x_wconf 89' lang='lat' dir='ltr'>autem</span> <span class='ocrx_word' id='word_1_102' title='bbox 700 1306 920 1353; x_wconf 89' lang='lat' dir='ltr'>manent</span> <span class='ocrx_word' id='word_1_103' title='bbox 981 1296 1137 1363; x_wconf 82' lang='lat' dir='ltr'>ﬁdes,</span> <span class='ocrx_word' id='word_1_104' title='bbox 1187 1313 1332 1367; x_wconf 88' lang='lat' dir='ltr'>spes.</span> <span class='ocrx_word' id='word_1_105' title='bbox 1375 1296 1614 1353; x_wconf 89' lang='lat' dir='ltr'>charitas</span> <span class='ocrx_word' id='word_1_106' title='bbox 1649 1311 1661 1350; x_wconf 91' lang='lat'><strong>:</strong></span> <span class='ocrx_word' id='word_1_107' title='bbox 1695 1296 1799 1350; x_wconf 83' lang='lat' dir='ltr'>tria</span> 
     </span>
    </p>
   </div>
   <div class='ocr_carea' id='block_1_14' title="bbox 199 1385 1503 1457">
    <p class='ocr_par' dir='ltr' id='par_1_14' title="bbox 199 1385 1503 1457">
     <span class='ocr_line' id='line_1_14' title="bbox 199 1385 1503 1457; baseline 0 -16"><span class='ocrx_word' id='word_1_108' title='bbox 199 1409 220 1433; x_wconf 76' lang='grc' dir='ltr'><strong><em>α</em></strong></span> <span class='ocrx_word' id='word_1_109' title='bbox 264 1387 403 1444; x_wconf 67' lang='lat' dir='ltr'>hare.</span> <span class='ocrx_word' id='word_1_110' title='bbox 434 1388 610 1457; x_wconf 85' lang='lat' dir='ltr'>Major</span> <span class='ocrx_word' id='word_1_111' title='bbox 636 1394 819 1442; x_wconf 88' lang='lat' dir='ltr'>autem</span> <span class='ocrx_word' id='word_1_112' title='bbox 848 1387 1043 1443; x_wconf 92' lang='lat' dir='ltr'>horum</span> <span class='ocrx_word' id='word_1_113' title='bbox 1078 1393 1160 1443; x_wconf 88' lang='lat' dir='ltr'>est</span> <span class='ocrx_word' id='word_1_114' title='bbox 1189 1385 1445 1442; x_wconf 88' lang='lat' dir='ltr'>charitas.</span> <span class='ocrx_word' id='word_1_115' title='bbox 1481 1408 1503 1434; x_wconf 76' lang='grc' dir='ltr'>»ι</span> 
     </span>
    </p>
   </div>
   <div class='ocr_carea' id='block_1_15' title="bbox 1898 575 3503 652">
    <p class='ocr_par' dir='ltr' id='par_1_15' title="bbox 1898 575 3503 652">
     <span class='ocr_line' id='line_1_15' title="bbox 1898 575 3503 652; baseline -0.002 -17"><span class='ocrx_word' id='word_1_116' title='bbox 1898 596 2181 650; x_wconf 86' lang='lat' dir='ltr'>perverse,</span> <span class='ocrx_word' id='word_1_117' title='bbox 2215 579 2456 652; x_wconf 91' lang='lat' dir='ltr'>aliquid;</span> <span class='ocrx_word' id='word_1_118' title='bbox 2486 596 2603 635; x_wconf 88' lang='lat' dir='ltr'>non</span> <span class='ocrx_word' id='word_1_119' title='bbox 2619 580 2884 648; x_wconf 83' lang='lat' dir='ltr'>inﬂatur,</span> <span class='ocrx_word' id='word_1_120' title='bbox 2908 578 2964 633; x_wconf 93' lang='lat' dir='ltr'>id</span> <span class='ocrx_word' id='word_1_121' title='bbox 2993 586 3078 634; x_wconf 91' lang='lat' dir='ltr'>est</span> <span class='ocrx_word' id='word_1_122' title='bbox 3098 593 3209 633; x_wconf 90' lang='lat' dir='ltr'>non</span> <span class='ocrx_word' id='word_1_123' title='bbox 3235 575 3503 648; x_wconf 87' lang='lat' dir='ltr'>superbit,</span> 
     </span>
    </p>
   </div>
   <div class='ocr_carea' id='block_1_16' title="bbox 1895 667 3504 740">
    <p class='ocr_par' dir='ltr' id='par_1_16' title="bbox 1895 667 3504 740">
     <span class='ocr_line' id='line_1_16' title="bbox 1895 667 3504 740; baseline -0.001 -17"><span class='ocrx_word' id='word_1_124' title='bbox 1895 669 1964 724; x_wconf 92' lang='lat' dir='ltr'>de</span> <span class='ocrx_word' id='word_1_125' title='bbox 1992 668 2281 740; x_wconf 83' lang='lat' dir='ltr'>temporali</span> <span class='ocrx_word' id='word_1_126' title='bbox 2312 669 2454 724; x_wconf 91' lang='lat' dir='ltr'>bono</span> <span class='ocrx_word' id='word_1_127' title='bbox 2483 668 2571 724; x_wconf 90' lang='lat' dir='ltr'>vel</span> <span class='ocrx_word' id='word_1_128' title='bbox 2602 667 2864 739; x_wconf 89' lang='lat' dir='ltr'>spirituali</span> <span class='ocrx_word' id='word_1_129' title='bbox 2889 686 2904 734; x_wconf 88' lang='lat'>;</span> <span class='ocrx_word' id='word_1_130' title='bbox 2937 684 3053 724; x_wconf 87' lang='lat' dir='ltr'>non</span> <span class='ocrx_word' id='word_1_131' title='bbox 3075 671 3165 724; x_wconf 82' lang='lat' dir='ltr'>est</span> <span class='ocrx_word' id='word_1_132' title='bbox 3183 668 3504 731; x_wconf 81' lang='lat' dir='ltr'>ambitiosa,</span> 
     </span>
    </p>
   </div>
   <div class='ocr_carea' id='block_1_17' title="bbox 1895 756 3508 831">
    <p class='ocr_par' dir='ltr' id='par_1_17' title="bbox 1895 756 3508 831">
     <span class='ocr_line' id='line_1_17' title="bbox 1895 756 3508 831; baseline -0.001 -18"><span class='ocrx_word' id='word_1_133' title='bbox 1895 766 1951 813; x_wconf 90' lang='lat' dir='ltr'>ut</span> <span class='ocrx_word' id='word_1_134' title='bbox 1982 758 2278 831; x_wconf 81' lang='lat' dir='ltr'>dignitates</span> <span class='ocrx_word' id='word_1_135' title='bbox 2325 758 2515 812; x_wconf 91' lang='lat' dir='ltr'>mundi</span> <span class='ocrx_word' id='word_1_136' title='bbox 2562 756 2946 828; x_wconf 90' lang='lat' dir='ltr'>concupiscat;</span> <span class='ocrx_word' id='word_1_137' title='bbox 2978 774 3096 813; x_wconf 86' lang='lat' dir='ltr'>non</span> <span class='ocrx_word' id='word_1_138' title='bbox 3128 756 3336 829; x_wconf 68' lang='lat' dir='ltr'>quierit</span> <span class='ocrx_word' id='word_1_139' title='bbox 3384 772 3508 829; x_wconf 72' lang='lat' dir='ltr'>quae</span> 
     </span>
    </p>
   </div>
   <div class='ocr_carea' id='block_1_18' title="bbox 1894 842 3503 918">
    <p class='ocr_par' dir='ltr' id='par_1_18' title="bbox 1894 842 3503 918">
     <span class='ocr_line' id='line_1_18' title="bbox 1894 842 3503 918; baseline -0.002 -15"><span class='ocrx_word' id='word_1_140' title='bbox 1894 864 2002 905; x_wconf 89' lang='lat' dir='ltr'>sua</span> <span class='ocrx_word' id='word_1_141' title='bbox 2021 851 2160 903; x_wconf 84' lang='lat' dir='ltr'>sunt</span> <span class='ocrx_word' id='word_1_142' title='bbox 2188 855 2415 914; x_wconf 87' lang='lat' dir='ltr'>tantum,</span> <span class='ocrx_word' id='word_1_143' title='bbox 2449 846 2546 902; x_wconf 90' lang='lat' dir='ltr'>sed</span> <span class='ocrx_word' id='word_1_144' title='bbox 2575 862 2733 918; x_wconf 69' lang='lat' dir='ltr'>mque</span> <span class='ocrx_word' id='word_1_145' title='bbox 2762 845 2978 900; x_wconf 83' lang='lat' dir='ltr'>utilitati</span> <span class='ocrx_word' id='word_1_146' title='bbox 3008 845 3239 902; x_wconf 88' lang='lat' dir='ltr'>intendit</span> <span class='ocrx_word' id='word_1_147' title='bbox 3269 842 3503 916; x_wconf 83' lang='lat' dir='ltr'>proximi</span> 
     </span>
    </p>
   </div>
   <div class='ocr_carea' id='block_1_19' title="bbox 1896 933 3506 1008">
    <p class='ocr_par' dir='ltr' id='par_1_19' title="bbox 1896 933 3506 1008">
     <span class='ocr_line' id='line_1_19' title="bbox 1896 933 3506 1008; baseline -0.001 -16"><span class='ocrx_word' id='word_1_148' title='bbox 1896 944 1956 992; x_wconf 93' lang='lat' dir='ltr'>ut</span> <span class='ocrx_word' id='word_1_149' title='bbox 1984 952 2115 992; x_wconf 65' lang='lat' dir='ltr'>suae.</span> <span class='ocrx_word' id='word_1_150' title='bbox 2151 936 2250 992; x_wconf 87' lang='lat' dir='ltr'>Vel</span> <span class='ocrx_word' id='word_1_151' title='bbox 2274 953 2392 992; x_wconf 88' lang='lat' dir='ltr'>non</span> <span class='ocrx_word' id='word_1_152' title='bbox 2412 937 2637 1008; x_wconf 67' lang='lat' dir='ltr'>quaerit,</span> <span class='ocrx_word' id='word_1_153' title='bbox 2665 934 2720 989; x_wconf 87' lang='lat' dir='ltr'>id</span> <span class='ocrx_word' id='word_1_154' title='bbox 2741 942 2825 989; x_wconf 91' lang='lat' dir='ltr'>est</span> <span class='ocrx_word' id='word_1_155' title='bbox 2844 949 2955 989; x_wconf 92' lang='lat' dir='ltr'>non</span> <span class='ocrx_word' id='word_1_156' title='bbox 2977 933 3226 1005; x_wconf 86' lang='lat' dir='ltr'>requirit,</span> <span class='ocrx_word' id='word_1_157' title='bbox 3251 950 3375 1007; x_wconf 67' lang='lat' dir='ltr'>qua</span> <span class='ocrx_word' id='word_1_158' title='bbox 3398 949 3506 990; x_wconf 87' lang='lat' dir='ltr'>sua</span> 
     </span>
    </p>
   </div>
   <div class='ocr_carea' id='block_1_20' title="bbox 1896 1022 3511 1097">
    <p class='ocr_par' dir='ltr' id='par_1_20' title="bbox 1896 1022 3511 1097">
     <span class='ocr_line' id='line_1_20' title="bbox 1896 1022 3511 1097; baseline -0.004 -14"><span class='ocrx_word' id='word_1_159' title='bbox 1896 1030 2056 1093; x_wconf 87' lang='lat' dir='ltr'>sunt,</span> <span class='ocrx_word' id='word_1_160' title='bbox 2090 1025 2137 1079; x_wconf 91' lang='lat' dir='ltr'>si</span> <span class='ocrx_word' id='word_1_161' title='bbox 2170 1025 2291 1097; x_wconf 89' lang='lat' dir='ltr'>quis</span> <span class='ocrx_word' id='word_1_162' title='bbox 2321 1024 2606 1080; x_wconf 86' lang='lat' dir='ltr'>abstulerit</span> <span class='ocrx_word' id='word_1_163' title='bbox 2635 1023 2707 1078; x_wconf 91' lang='lat' dir='ltr'>ei.</span> <span class='ocrx_word' id='word_1_164' title='bbox 2741 1024 2863 1079; x_wconf 85' lang='lat' dir='ltr'>Non</span> <span class='ocrx_word' id='word_1_165' title='bbox 2885 1025 3174 1091; x_wconf 84' lang='lat' dir='ltr'>irritatur,</span> <span class='ocrx_word' id='word_1_166' title='bbox 3199 1022 3255 1077; x_wconf 93' lang='lat' dir='ltr'>id</span> <span class='ocrx_word' id='word_1_167' title='bbox 3285 1030 3370 1078; x_wconf 89' lang='lat' dir='ltr'>est</span> <span class='ocrx_word' id='word_1_168' title='bbox 3397 1038 3511 1079; x_wconf 90' lang='lat' dir='ltr'>non</span> 
     </span>
    </p>
   </div>
   <div class='ocr_carea' id='block_1_21' title="bbox 1897 1111 3510 1188">
    <p class='ocr_par' dir='ltr' id='par_1_21' title="bbox 1897 1111 3510 1188">
     <span class='ocr_line' id='line_1_21' title="bbox 1897 1111 3510 1188; baseline -0.001 -18"><span class='ocrx_word' id='word_1_169' title='bbox 1897 1123 2226 1188; x_wconf 88' lang='lat' dir='ltr'>provocatur</span> <span class='ocrx_word' id='word_1_170' title='bbox 2255 1113 2324 1169; x_wconf 91' lang='lat' dir='ltr'>ad</span> <span class='ocrx_word' id='word_1_171' title='bbox 2372 1114 2533 1179; x_wconf 91' lang='lat' dir='ltr'>iram,</span> <span class='ocrx_word' id='word_1_172' title='bbox 2575 1130 2693 1169; x_wconf 88' lang='lat' dir='ltr'>non</span> <span class='ocrx_word' id='word_1_173' title='bbox 2739 1113 2950 1186; x_wconf 85' lang='lat' dir='ltr'>cogitat</span> <span class='ocrx_word' id='word_1_174' title='bbox 2991 1113 3231 1178; x_wconf 88' lang='lat' dir='ltr'>malum,</span> <span class='ocrx_word' id='word_1_175' title='bbox 3274 1119 3334 1166; x_wconf 93' lang='lat' dir='ltr'>ut</span> <span class='ocrx_word' id='word_1_176' title='bbox 3361 1111 3510 1168; x_wconf 86' lang='lat' dir='ltr'>dicat</span> 
     </span>
    </p>
   </div>
   <div class='ocr_carea' id='block_1_22' title="bbox 1897 1200 3508 1274">
    <p class='ocr_par' dir='ltr' id='par_1_22' title="bbox 1897 1200 3508 1274">
     <span class='ocr_line' id='line_1_22' title="bbox 1897 1200 3508 1274; baseline -0.001 -15"><span class='ocrx_word' id='word_1_177' title='bbox 1897 1204 1985 1259; x_wconf 90' lang='lat' dir='ltr'>vel</span> <span class='ocrx_word' id='word_1_178' title='bbox 2017 1203 2216 1258; x_wconf 87' lang='lat' dir='ltr'>inferat</span> <span class='ocrx_word' id='word_1_179' title='bbox 2265 1202 2444 1257; x_wconf 91' lang='lat' dir='ltr'>alicui.</span> <span class='ocrx_word' id='word_1_180' title='bbox 2478 1203 2599 1258; x_wconf 83' lang='lat' dir='ltr'>Non</span> <span class='ocrx_word' id='word_1_181' title='bbox 2628 1201 2838 1272; x_wconf 82' lang='lat' dir='ltr'>gaudet</span> <span class='ocrx_word' id='word_1_182' title='bbox 2866 1218 3055 1274; x_wconf 88' lang='lat' dir='ltr'>super,</span> <span class='ocrx_word' id='word_1_183' title='bbox 3088 1200 3144 1256; x_wconf 90' lang='lat' dir='ltr'>id</span> <span class='ocrx_word' id='word_1_184' title='bbox 3175 1208 3258 1256; x_wconf 91' lang='lat' dir='ltr'>est</span> <span class='ocrx_word' id='word_1_185' title='bbox 3286 1200 3356 1256; x_wconf 91' lang='lat' dir='ltr'>de</span> <span class='ocrx_word' id='word_1_186' title='bbox 3385 1202 3508 1258; x_wconf 83' lang='lat' dir='ltr'>ini-</span> 
     </span>
    </p>
   </div>
   <div class='ocr_carea' id='block_1_23' title="bbox 1899 1289 3509 1365">
    <p class='ocr_par' dir='ltr' id='par_1_23' title="bbox 1899 1289 3509 1365">
     <span class='ocr_line' id='line_1_23' title="bbox 1899 1289 3509 1365; baseline -0.002 -17"><span class='ocrx_word' id='word_1_187' title='bbox 1899 1293 2151 1365; x_wconf 90' lang='lat' dir='ltr'>quitate;</span> <span class='ocrx_word' id='word_1_188' title='bbox 2194 1292 2241 1346; x_wconf 90' lang='lat' dir='ltr'>si</span> <span class='ocrx_word' id='word_1_189' title='bbox 2282 1291 2432 1348; x_wconf 86' lang='lat' dir='ltr'>videt</span> <span class='ocrx_word' id='word_1_190' title='bbox 2476 1290 2659 1362; x_wconf 90' lang='lat' dir='ltr'>inique</span> <span class='ocrx_word' id='word_1_191' title='bbox 2706 1290 2798 1362; x_wconf 88' lang='lat' dir='ltr'>agi</span> <span class='ocrx_word' id='word_1_192' title='bbox 2845 1289 2901 1344; x_wconf 92' lang='lat' dir='ltr'>in</span> <span class='ocrx_word' id='word_1_193' title='bbox 2948 1290 3280 1361; x_wconf 88' lang='lat' dir='ltr'>proximum,</span> <span class='ocrx_word' id='word_1_194' title='bbox 3324 1289 3509 1361; x_wconf 91' lang='lat' dir='ltr'>potius</span> 
     </span>
    </p>
   </div>
   <div class='ocr_carea' id='block_1_24' title="bbox 1899 1377 3510 1451">
    <p class='ocr_par' dir='ltr' id='par_1_24' title="bbox 1899 1377 3510 1451">
     <span class='ocr_line' id='line_1_24' title="bbox 1899 1377 3510 1451; baseline -0.001 -15"><span class='ocrx_word' id='word_1_195' title='bbox 1899 1381 2230 1451; x_wconf 87' lang='lat' dir='ltr'>compatitur</span> <span class='ocrx_word' id='word_1_196' title='bbox 2253 1398 2266 1446; x_wconf 93' lang='lat'>;</span> <span class='ocrx_word' id='word_1_197' title='bbox 2302 1380 2619 1451; x_wconf 87' lang='lat' dir='ltr'>eongaudet</span> <span class='ocrx_word' id='word_1_198' title='bbox 2640 1384 2839 1435; x_wconf 83' lang='lat' dir='ltr'>autem</span> <span class='ocrx_word' id='word_1_199' title='bbox 2858 1380 3113 1443; x_wconf 85' lang='lat' dir='ltr'>veritati,</span> <span class='ocrx_word' id='word_1_200' title='bbox 3137 1377 3193 1434; x_wconf 91' lang='lat' dir='ltr'>id</span> <span class='ocrx_word' id='word_1_201' title='bbox 3214 1387 3294 1434; x_wconf 86' lang='lat' dir='ltr'>est</span> <span class='ocrx_word' id='word_1_202' title='bbox 3314 1395 3510 1435; x_wconf 90' lang='lat' dir='ltr'>secun-</span> 
     </span>
    </p>
   </div>
   <div class='ocr_carea' id='block_1_25' title="bbox 1900 1467 3509 1540">
    <p class='ocr_par' dir='ltr' id='par_1_25' title="bbox 1900 1467 3509 1540">
     <span class='ocr_line' id='line_1_25' title="bbox 1900 1467 3509 1540; baseline -0.001 -15"><span class='ocrx_word' id='word_1_203' title='bbox 1900 1471 2031 1525; x_wconf 91' lang='lat' dir='ltr'>dum</span> <span class='ocrx_word' id='word_1_204' title='bbox 2070 1470 2360 1525; x_wconf 88' lang='lat' dir='ltr'>veritatem</span> <span class='ocrx_word' id='word_1_205' title='bbox 2405 1468 2652 1540; x_wconf 89' lang='lat' dir='ltr'>loquenti</span> <span class='ocrx_word' id='word_1_206' title='bbox 2702 1467 2790 1523; x_wconf 80' lang='lat' dir='ltr'>vel</span> <span class='ocrx_word' id='word_1_207' title='bbox 2835 1468 3041 1540; x_wconf 87' lang='lat' dir='ltr'>agenti.</span> <span class='ocrx_word' id='word_1_208' title='bbox 3094 1468 3300 1524; x_wconf 89' lang='lat' dir='ltr'>Omnia</span> <span class='ocrx_word' id='word_1_209' title='bbox 3347 1467 3509 1523; x_wconf 89' lang='lat' dir='ltr'>etiam</span> 
     </span>
    </p>
   </div>
   <div class='ocr_carea' id='block_1_26' title="bbox 1901 1556 3506 1630">
    <p class='ocr_par' dir='ltr' id='par_1_26' title="bbox 1901 1556 3506 1630">
     <span class='ocr_line' id='line_1_26' title="bbox 1901 1556 3506 1630; baseline -0.001 -17"><span class='ocrx_word' id='word_1_210' title='bbox 1901 1559 2134 1615; x_wconf 89' lang='lat' dir='ltr'>adversa</span> <span class='ocrx_word' id='word_1_211' title='bbox 2163 1574 2285 1630; x_wconf 63' lang='lat' dir='ltr'>quae</span> <span class='ocrx_word' id='word_1_212' title='bbox 2334 1557 2659 1623; x_wconf 90' lang='lat' dir='ltr'>inferuntur,</span> <span class='ocrx_word' id='word_1_213' title='bbox 2712 1556 2980 1628; x_wconf 88' lang='lat' dir='ltr'>patienter</span> <span class='ocrx_word' id='word_1_214' title='bbox 3015 1557 3239 1628; x_wconf 68' lang='lat' dir='ltr'>sti/fert,</span> <span class='ocrx_word' id='word_1_215' title='bbox 3273 1556 3506 1625; x_wconf 88' lang='lat' dir='ltr'>tolerat;</span> 
     </span>
    </p>
   </div>
   <div class='ocr_carea' id='block_1_27' title="bbox 1903 1645 3506 1718">
    <p class='ocr_par' dir='ltr' id='par_1_27' title="bbox 1903 1645 3506 1718">
     <span class='ocr_line' id='line_1_27' title="bbox 1903 1645 3506 1718; baseline -0.001 -14"><span class='ocrx_word' id='word_1_216' title='bbox 1903 1650 2099 1704; x_wconf 83' lang='lat' dir='ltr'>omnia</span> <span class='ocrx_word' id='word_1_217' title='bbox 2125 1646 2328 1715; x_wconf 85' lang='lat' dir='ltr'>credit,</span> <span class='ocrx_word' id='word_1_218' title='bbox 2354 1660 2696 1718; x_wconf 66' lang='lat' dir='ltr'>quaecunque</span> <span class='ocrx_word' id='word_1_219' title='bbox 2717 1646 2788 1701; x_wconf 91' lang='lat' dir='ltr'>de</span> <span class='ocrx_word' id='word_1_220' title='bbox 2810 1647 2925 1701; x_wconf 92' lang='lat' dir='ltr'>Deo</span> <span class='ocrx_word' id='word_1_221' title='bbox 2946 1662 3077 1701; x_wconf 88' lang='lat' dir='ltr'>sane</span> <span class='ocrx_word' id='word_1_222' title='bbox 3099 1645 3252 1702; x_wconf 89' lang='lat' dir='ltr'>credi</span> <span class='ocrx_word' id='word_1_223' title='bbox 3274 1654 3506 1717; x_wconf 87' lang='lat' dir='ltr'>oportet.</span> 
     </span>
    </p>
   </div>
   <div class='ocr_carea' id='block_1_28' title="bbox 263 1733 3509 1809">
    <p class='ocr_par' dir='ltr' id='par_1_28' title="bbox 263 1733 3509 1809">
     <span class='ocr_line' id='line_1_28' title="bbox 263 1733 3509 1809; baseline -0.001 -16"><span class='ocrx_word' id='word_1_224' title='bbox 263 1737 404 1807; x_wconf 87' lang='lat' dir='ltr'>Quia</span> <span class='ocrx_word' id='word_1_225' title='bbox 432 1736 547 1793; x_wconf 88' lang='lat' dir='ltr'>vult</span> <span class='ocrx_word' id='word_1_226' title='bbox 586 1736 895 1793; x_wconf 86' lang='lat' dir='ltr'>Corinthios</span> <span class='ocrx_word' id='word_1_227' title='bbox 944 1735 1125 1809; x_wconf 89' lang='lat' dir='ltr'>magis</span> <span class='ocrx_word' id='word_1_228' title='bbox 1169 1744 1427 1808; x_wconf 88' lang='lat' dir='ltr'>appetere</span> <span class='ocrx_word' id='word_1_229' title='bbox 1474 1735 1796 1792; x_wconf 88' lang='lat' dir='ltr'>charitatem</span> <span class='ocrx_word' id='word_1_230' title='bbox 1905 1737 2109 1793; x_wconf 86' lang='lat' dir='ltr'>Omnia</span> <span class='ocrx_word' id='word_1_231' title='bbox 2149 1740 2360 1809; x_wconf 88' lang='lat' dir='ltr'>sperat,</span> <span class='ocrx_word' id='word_1_232' title='bbox 2414 1743 2466 1791; x_wconf 90' lang='lat' dir='ltr'>et</span> <span class='ocrx_word' id='word_1_233' title='bbox 2512 1735 2569 1789; x_wconf 92' lang='lat' dir='ltr'>in</span> <span class='ocrx_word' id='word_1_234' title='bbox 2591 1734 2849 1803; x_wconf 61' lang='lat' dir='ltr'>praesenti</span> <span class='ocrx_word' id='word_1_235' title='bbox 2878 1735 3123 1799; x_wconf 85' lang='lat' dir='ltr'>virtutes,</span> <span class='ocrx_word' id='word_1_236' title='bbox 3158 1742 3213 1789; x_wconf 89' lang='lat' dir='ltr'>et</span> <span class='ocrx_word' id='word_1_237' title='bbox 3240 1734 3298 1789; x_wconf 92' lang='lat' dir='ltr'>in</span> <span class='ocrx_word' id='word_1_238' title='bbox 3325 1733 3509 1791; x_wconf 88' lang='lat' dir='ltr'>futuro</span> 
     </span>
    </p>
   </div>
   <div class='ocr_carea' id='block_1_29' title="bbox 194 1821 3510 1918">
    <p class='ocr_par' dir='ltr' id='par_1_29' title="bbox 194 1821 3510 1918">
     <span class='ocr_line' id='line_1_29' title="bbox 194 1821 3510 1918; baseline -0.001 -36"><span class='ocrx_word' id='word_1_239' title='bbox 194 1842 361 1899; x_wconf 90' lang='lat' dir='ltr'>quam</span> <span class='ocrx_word' id='word_1_240' title='bbox 391 1825 632 1899; x_wconf 82' lang='lat' dir='ltr'>linguas,</span> <span class='ocrx_word' id='word_1_241' title='bbox 650 1825 849 1897; x_wconf 89' lang='lat' dir='ltr'>probat</span> <span class='ocrx_word' id='word_1_242' title='bbox 869 1825 1185 1881; x_wconf 88' lang='lat' dir='ltr'>charitatem</span> <span class='ocrx_word' id='word_1_243' title='bbox 1207 1824 1649 1881; x_wconf 88' lang='lat' dir='ltr'>excellentiorem</span> <span class='ocrx_word' id='word_1_244' title='bbox 1674 1842 1798 1881; x_wconf 91' lang='lat' dir='ltr'>esse</span> <span class='ocrx_word' id='word_1_245' title='bbox 1820 1858 1871 1918; x_wconf 79' lang='grc' dir='ltr'>Β</span> <span class='ocrx_word' id='word_1_246' title='bbox 1906 1824 2158 1898; x_wconf 88' lang='lat' dir='ltr'>gloriam.</span> <span class='ocrx_word' id='word_1_247' title='bbox 2193 1824 2399 1880; x_wconf 80' lang='lat' dir='ltr'>Omnia</span> <span class='ocrx_word' id='word_1_248' title='bbox 2426 1826 2700 1885; x_wconf 84' lang='lat' dir='ltr'>sustinet,</span> <span class='ocrx_word' id='word_1_249' title='bbox 2735 1823 2791 1877; x_wconf 92' lang='lat' dir='ltr'>id</span> <span class='ocrx_word' id='word_1_250' title='bbox 2820 1830 2923 1892; x_wconf 92' lang='lat' dir='ltr'>est,</span> <span class='ocrx_word' id='word_1_251' title='bbox 2956 1823 3004 1878; x_wconf 91' lang='lat' dir='ltr'>si</span> <span class='ocrx_word' id='word_1_252' title='bbox 3031 1821 3316 1878; x_wconf 74' lang='lat' dir='ltr'>differatur</span> <span class='ocrx_word' id='word_1_253' title='bbox 3344 1823 3510 1879; x_wconf 90' lang='lat' dir='ltr'>retri-</span> 
     </span>
    </p>
   </div>
   <div class='ocr_carea' id='block_1_30' title="bbox 195 1911 3513 1988">
    <p class='ocr_par' dir='ltr' id='par_1_30' title="bbox 195 1911 3513 1988">
     <span class='ocr_line' id='line_1_30' title="bbox 195 1911 3513 1988; baseline -0.001 -17"><span class='ocrx_word' id='word_1_254' title='bbox 195 1932 357 1988; x_wconf 90' lang='lat' dir='ltr'>quam</span> <span class='ocrx_word' id='word_1_255' title='bbox 387 1915 539 1986; x_wconf 85' lang='lat' dir='ltr'>loqui</span> <span class='ocrx_word' id='word_1_256' title='bbox 568 1914 788 1987; x_wconf 85' lang='lat' dir='ltr'>linguis,</span> <span class='ocrx_word' id='word_1_257' title='bbox 821 1913 1016 1971; x_wconf 87' lang='lat' dir='ltr'>dicens</span> <span class='ocrx_word' id='word_1_258' title='bbox 1050 1931 1063 1969; x_wconf 90' lang='lat'><strong>:</strong></span> <span class='ocrx_word' id='word_1_259' title='bbox 1099 1914 1349 1969; x_wconf 86' lang='lat' dir='ltr'>Charitas</span> <span class='ocrx_word' id='word_1_260' title='bbox 1379 1915 1564 1986; x_wconf 90' lang='lat' dir='ltr'>utique</span> <span class='ocrx_word' id='word_1_261' title='bbox 1594 1915 1797 1987; x_wconf 85' lang='lat' dir='ltr'>linguis</span> <span class='ocrx_word' id='word_1_262' title='bbox 1820 1911 1867 1918; x_wconf 59' lang='grc'>⁷</span> <span class='ocrx_word' id='word_1_263' title='bbox 1899 1913 2071 1978; x_wconf 92' lang='lat' dir='ltr'>butio,</span> <span class='ocrx_word' id='word_1_264' title='bbox 2101 1911 2432 1985; x_wconf 90' lang='lat' dir='ltr'>longaminis</span> <span class='ocrx_word' id='word_1_265' title='bbox 2461 1920 2543 1967; x_wconf 91' lang='lat' dir='ltr'>est</span> <span class='ocrx_word' id='word_1_266' title='bbox 2573 1912 2630 1966; x_wconf 91' lang='lat' dir='ltr'>in</span> <span class='ocrx_word' id='word_1_267' title='bbox 2660 1911 2998 1966; x_wconf 89' lang='lat' dir='ltr'>sustinendo.</span> <span class='ocrx_word' id='word_1_268' title='bbox 3033 1911 3158 1966; x_wconf 79' lang='lat' dir='ltr'>Alia</span> <span class='ocrx_word' id='word_1_269' title='bbox 3188 1911 3513 1967; x_wconf 85' lang='lat' dir='ltr'>excellentia</span> 
     </span>
    </p>
   </div>
   <div class='ocr_carea' id='block_1_31' title="bbox 197 2000 3508 2076">
    <p class='ocr_par' dir='ltr' id='par_1_31' title="bbox 197 2000 3508 2076">
     <span class='ocr_line' id='line_1_31' title="bbox 197 2000 3508 2076; baseline -0.001 -17"><span class='ocrx_word' id='word_1_270' title='bbox 197 2012 283 2060; x_wconf 89' lang='lat' dir='ltr'>est</span> <span class='ocrx_word' id='word_1_271' title='bbox 311 2004 667 2061; x_wconf 80' lang='lat' dir='ltr'>excellentior</span> <span class='ocrx_word' id='word_1_272' title='bbox 692 2023 705 2071; x_wconf 92' lang='lat'>;</span> <span class='ocrx_word' id='word_1_273' title='bbox 736 2020 859 2058; x_wconf 91' lang='lat' dir='ltr'>nam</span> <span class='ocrx_word' id='word_1_274' title='bbox 889 2005 938 2059; x_wconf 87' lang='lat' dir='ltr'>si</span> <span class='ocrx_word' id='word_1_275' title='bbox 966 2019 1072 2075; x_wconf 88' lang='lat' dir='ltr'>ego</span> <span class='ocrx_word' id='word_1_276' title='bbox 1104 2004 1302 2076; x_wconf 84' lang='lat' dir='ltr'>loquar</span> <span class='ocrx_word' id='word_1_277' title='bbox 1323 2005 1533 2076; x_wconf 79' lang='lat' dir='ltr'>linguis</span> <span class='ocrx_word' id='word_1_278' title='bbox 1554 2004 1800 2059; x_wconf 92' lang='lat' dir='ltr'>omnium</span> <span class='ocrx_word' id='word_1_279' title='bbox 1900 2001 2197 2068; x_wconf 89' lang='lat' dir='ltr'>charitatis,</span> <span class='ocrx_word' id='word_1_280' title='bbox 2217 2001 2424 2057; x_wconf 89' lang='lat' dir='ltr'>scilicet</span> <span class='ocrx_word' id='word_1_281' title='bbox 2444 2000 2569 2073; x_wconf 90' lang='lat' dir='ltr'>quia</span> <span class='ocrx_word' id='word_1_282' title='bbox 2592 2001 2848 2056; x_wconf 85' lang='lat' dir='ltr'>charitas</span> <span class='ocrx_word' id='word_1_283' title='bbox 2872 2018 3169 2072; x_wconf 85' lang='lat' dir='ltr'>nunquam</span> <span class='ocrx_word' id='word_1_284' title='bbox 3190 2000 3426 2069; x_wconf 78' lang='lat' dir='ltr'>excidit,</span> <span class='ocrx_word' id='word_1_285' title='bbox 3450 2000 3508 2057; x_wconf 91' lang='lat' dir='ltr'>id</span> 
     </span>
    </p>
   </div>
   <div class='ocr_carea' id='block_1_32' title="bbox 199 2090 3513 2165">
    <p class='ocr_par' dir='ltr' id='par_1_32' title="bbox 199 2090 3513 2165">
     <span class='ocr_line' id='line_1_32' title="bbox 199 2090 3513 2165; baseline -0.001 -15"><span class='ocrx_word' id='word_1_286' title='bbox 199 2094 516 2159; x_wconf 84' lang='lat' dir='ltr'>hominum,</span> <span class='ocrx_word' id='word_1_287' title='bbox 534 2094 730 2165; x_wconf 85' lang='lat' dir='ltr'>loquar</span> <span class='ocrx_word' id='word_1_288' title='bbox 741 2092 902 2148; x_wconf 88' lang='lat' dir='ltr'>etiam</span> <span class='ocrx_word' id='word_1_289' title='bbox 926 2093 1137 2164; x_wconf 80' lang='lat' dir='ltr'>linguis</span> <span class='ocrx_word' id='word_1_290' title='bbox 1158 2094 1632 2164; x_wconf 88' lang='lat' dir='ltr'>angelorum(non</span> <span class='ocrx_word' id='word_1_291' title='bbox 1656 2094 1802 2165; x_wconf 89' lang='lat' dir='ltr'>quod</span> <span class='ocrx_word' id='word_1_292' title='bbox 1904 2100 2007 2161; x_wconf 91' lang='lat' dir='ltr'>est,</span> <span class='ocrx_word' id='word_1_293' title='bbox 2040 2107 2368 2162; x_wconf 88' lang='lat' dir='ltr'>permanens</span> <span class='ocrx_word' id='word_1_294' title='bbox 2397 2098 2480 2145; x_wconf 88' lang='lat' dir='ltr'>est</span> <span class='ocrx_word' id='word_1_295' title='bbox 2507 2090 2565 2144; x_wconf 90' lang='lat' dir='ltr'>in</span> <span class='ocrx_word' id='word_1_296' title='bbox 2591 2097 2872 2155; x_wconf 70' lang='lat' dir='ltr'>aeternum,</span> <span class='ocrx_word' id='word_1_297' title='bbox 2906 2098 2958 2145; x_wconf 89' lang='lat' dir='ltr'>et</span> <span class='ocrx_word' id='word_1_298' title='bbox 2987 2107 3265 2163; x_wconf 88' lang='lat' dir='ltr'>nunquam</span> <span class='ocrx_word' id='word_1_299' title='bbox 3283 2100 3513 2163; x_wconf 70' lang='lat' dir='ltr'>praeter-</span> 
     </span>
    </p>
   </div>
   <div class='ocr_carea' id='block_1_33' title="bbox 199 2178 3514 2255">
    <p class='ocr_par' dir='ltr' id='par_1_33' title="bbox 199 2178 3514 2255">
     <span class='ocr_line' id='line_1_33' title="bbox 199 2178 3514 2255; baseline -0 -18"><span class='ocrx_word' id='word_1_300' title='bbox 199 2182 383 2255; x_wconf 86' lang='lat' dir='ltr'>angeli</span> <span class='ocrx_word' id='word_1_301' title='bbox 410 2181 617 2254; x_wconf 88' lang='lat' dir='ltr'>linguis</span> <span class='ocrx_word' id='word_1_302' title='bbox 662 2180 973 2254; x_wconf 90' lang='lat' dir='ltr'>loquantur,</span> <span class='ocrx_word' id='word_1_303' title='bbox 1008 2182 1107 2237; x_wconf 90' lang='lat' dir='ltr'>sed</span> <span class='ocrx_word' id='word_1_304' title='bbox 1139 2182 1468 2254; x_wconf 89' lang='lat' dir='ltr'>quibusdam</span> <span class='ocrx_word' id='word_1_305' title='bbox 1511 2180 1686 2255; x_wconf 89' lang='lat' dir='ltr'>signis</span> <span class='ocrx_word' id='word_1_306' title='bbox 1715 2182 1802 2237; x_wconf 90' lang='lat' dir='ltr'>al-</span> <span class='ocrx_word' id='word_1_307' title='bbox 1904 2180 1984 2236; x_wconf 91' lang='lat' dir='ltr'>iit.</span> <span class='ocrx_word' id='word_1_308' title='bbox 2022 2181 2160 2236; x_wconf 84' lang='lat' dir='ltr'>Vere</span> <span class='ocrx_word' id='word_1_309' title='bbox 2193 2179 2433 2236; x_wconf 90' lang='lat' dir='ltr'>charitas</span> <span class='ocrx_word' id='word_1_310' title='bbox 2484 2178 2603 2234; x_wconf 89' lang='lat' dir='ltr'>sola</span> <span class='ocrx_word' id='word_1_311' title='bbox 2649 2194 2758 2234; x_wconf 91' lang='lat' dir='ltr'>non</span> <span class='ocrx_word' id='word_1_312' title='bbox 2791 2178 3010 2235; x_wconf 84' lang='lat' dir='ltr'>excidit.</span> <span class='ocrx_word' id='word_1_313' title='bbox 3044 2180 3182 2236; x_wconf 88' lang='lat' dir='ltr'>Nam</span> <span class='ocrx_word' id='word_1_314' title='bbox 3210 2180 3514 2252; x_wconf 70' lang='lat' dir='ltr'>prophetiae</span> 
     </span>
    </p>
   </div>
   <div class='ocr_carea' id='block_1_34' title="bbox 197 2268 3510 2344">
    <p class='ocr_par' dir='ltr' id='par_1_34' title="bbox 197 2268 3510 2344">
     <span class='ocr_line' id='line_1_34' title="bbox 197 2268 3510 2344; baseline 0 -18"><span class='ocrx_word' id='word_1_315' title='bbox 197 2271 301 2327; x_wconf 89' lang='lat' dir='ltr'>teri</span> <span class='ocrx_word' id='word_1_316' title='bbox 330 2271 467 2325; x_wconf 88' lang='lat' dir='ltr'>alter</span> <span class='ocrx_word' id='word_1_317' title='bbox 496 2270 832 2326; x_wconf 88' lang='lat' dir='ltr'>voluntatem</span> <span class='ocrx_word' id='word_1_318' title='bbox 862 2285 1016 2325; x_wconf 89' lang='lat' dir='ltr'>suam</span> <span class='ocrx_word' id='word_1_319' title='bbox 1039 2269 1352 2343; x_wconf 88' lang='lat' dir='ltr'>significat),</span> <span class='ocrx_word' id='word_1_320' title='bbox 1375 2279 1428 2325; x_wconf 91' lang='lat' dir='ltr'>et</span> <span class='ocrx_word' id='word_1_321' title='bbox 1449 2270 1493 2325; x_wconf 87' lang='lat' dir='ltr'>si</span> <span class='ocrx_word' id='word_1_322' title='bbox 1515 2286 1621 2344; x_wconf 89' lang='lat' dir='ltr'>ego</span> <span class='ocrx_word' id='word_1_323' title='bbox 1642 2278 1806 2327; x_wconf 68' lang='lat' dir='ltr'>tantae</span> <span class='ocrx_word' id='word_1_324' title='bbox 1906 2278 1961 2326; x_wconf 90' lang='lat' dir='ltr'>et</span> <span class='ocrx_word' id='word_1_325' title='bbox 1991 2269 2239 2335; x_wconf 88' lang='lat' dir='ltr'>scientia,</span> <span class='ocrx_word' id='word_1_326' title='bbox 2289 2285 2412 2341; x_wconf 76' lang='lat' dir='ltr'>quae</span> <span class='ocrx_word' id='word_1_327' title='bbox 2438 2269 2579 2323; x_wconf 91' lang='lat' dir='ltr'>inter</span> <span class='ocrx_word' id='word_1_328' title='bbox 2625 2275 2824 2323; x_wconf 63' lang='lat' dir='ltr'>caetera</span> <span class='ocrx_word' id='word_1_329' title='bbox 2853 2268 3029 2340; x_wconf 90' lang='lat' dir='ltr'>magis</span> <span class='ocrx_word' id='word_1_330' title='bbox 3058 2276 3208 2325; x_wconf 88' lang='lat' dir='ltr'>stare</span> <span class='ocrx_word' id='word_1_331' title='bbox 3236 2270 3510 2339; x_wconf 90' lang='lat' dir='ltr'>videntur,</span> 
     </span>
    </p>
   </div>
   <div class='ocr_carea' id='block_1_35' title="bbox 198 2358 3514 2433">
    <p class='ocr_par' dir='ltr' id='par_1_35' title="bbox 198 2358 3514 2433">
     <span class='ocr_line' id='line_1_35' title="bbox 198 2358 3514 2433; baseline 0.001 -19"><span class='ocrx_word' id='word_1_332' title='bbox 198 2359 553 2432; x_wconf 85' lang='lat' dir='ltr'>perfectionis</span> <span class='ocrx_word' id='word_1_333' title='bbox 609 2375 809 2427; x_wconf 90' lang='lat' dir='ltr'>essem,</span> <span class='ocrx_word' id='word_1_334' title='bbox 873 2367 932 2414; x_wconf 93' lang='lat' dir='ltr'>ut</span> <span class='ocrx_word' id='word_1_335' title='bbox 970 2359 1295 2415; x_wconf 86' lang='lat' dir='ltr'>monitiones</span> <span class='ocrx_word' id='word_1_336' title='bbox 1335 2359 1657 2433; x_wconf 86' lang='lat' dir='ltr'>angelorum</span> <span class='ocrx_word' id='word_1_337' title='bbox 1704 2375 1805 2416; x_wconf 90' lang='lat' dir='ltr'>co-</span> <span class='ocrx_word' id='word_1_338' title='bbox 1908 2359 2003 2414; x_wconf 86' lang='lat' dir='ltr'>illa</span> <span class='ocrx_word' id='word_1_339' title='bbox 2032 2360 2409 2414; x_wconf 80' lang='lat' dir='ltr'>destruantur.</span> <span class='ocrx_word' id='word_1_340' title='bbox 2441 2358 2565 2413; x_wconf 84' lang='lat' dir='ltr'>Sive</span> <span class='ocrx_word' id='word_1_341' title='bbox 2598 2358 2753 2414; x_wconf 87' lang='lat' dir='ltr'>enim</span> <span class='ocrx_word' id='word_1_342' title='bbox 2776 2358 3093 2430; x_wconf 67' lang='lat' dir='ltr'>praphetite</span> <span class='ocrx_word' id='word_1_343' title='bbox 3112 2358 3238 2428; x_wconf 87' lang='lat' dir='ltr'>sint,</span> <span class='ocrx_word' id='word_1_344' title='bbox 3272 2376 3514 2417; x_wconf 86' lang='lat' dir='ltr'>evacua-</span> 
     </span>
    </p>
   </div>
   <div class='ocr_carea' id='block_1_36' title="bbox 201 2446 3511 2521">
    <p class='ocr_par' dir='ltr' id='par_1_36' title="bbox 201 2446 3511 2521">
     <span class='ocr_line' id='line_1_36' title="bbox 201 2446 3511 2521; baseline 0 -16"><span class='ocrx_word' id='word_1_345' title='bbox 201 2464 548 2520; x_wconf 76' lang='lat' dir='ltr'>gnoscerem,</span> <span class='ocrx_word' id='word_1_346' title='bbox 572 2448 792 2505; x_wconf 68' lang='lat' dir='ltr'>I37</span> <span class='ocrx_word' id='word_1_347' title='bbox 821 2448 908 2504; x_wconf 84' lang='lat' dir='ltr'>vel</span> <span class='ocrx_word' id='word_1_348' title='bbox 947 2449 1158 2521; x_wconf 87' lang='lat' dir='ltr'>linguis</span> <span class='ocrx_word' id='word_1_349' title='bbox 1188 2450 1523 2519; x_wconf 85' lang='lat' dir='ltr'>angelorum</span> <span class='ocrx_word' id='word_1_350' title='bbox 1551 2447 1809 2520; x_wconf 91' lang='lat' dir='ltr'>loquerer</span> <span class='ocrx_word' id='word_1_351' title='bbox 1910 2448 2126 2504; x_wconf 86' lang='lat' dir='ltr'>buntur</span> <span class='ocrx_word' id='word_1_352' title='bbox 2150 2447 2205 2501; x_wconf 92' lang='lat' dir='ltr'>in</span> <span class='ocrx_word' id='word_1_353' title='bbox 2234 2446 2431 2502; x_wconf 91' lang='lat' dir='ltr'>futuro.</span> <span class='ocrx_word' id='word_1_354' title='bbox 2480 2447 2618 2502; x_wconf 89' lang='lat' dir='ltr'>Cum</span> <span class='ocrx_word' id='word_1_355' title='bbox 2656 2446 2802 2501; x_wconf 90' lang='lat' dir='ltr'>enim</span> <span class='ocrx_word' id='word_1_356' title='bbox 2831 2447 3011 2502; x_wconf 88' lang='lat' dir='ltr'>omnia</span> <span class='ocrx_word' id='word_1_357' title='bbox 3041 2447 3293 2503; x_wconf 91' lang='lat' dir='ltr'>omnibus</span> <span class='ocrx_word' id='word_1_358' title='bbox 3322 2458 3511 2520; x_wconf 87' lang='lat' dir='ltr'>aperta</span> 
     </span>
    </p>
   </div>
   <div class='ocr_carea' id='block_1_37' title="bbox 199 2535 3511 2609">
    <p class='ocr_par' dir='ltr' id='par_1_37' title="bbox 199 2535 3511 2609">
     <span class='ocr_line' id='line_1_37' title="bbox 199 2535 3511 2609; baseline 0.001 -15"><span class='ocrx_word' id='word_1_359' title='bbox 199 2540 348 2607; x_wconf 90' lang='lat' dir='ltr'>(cum</span> <span class='ocrx_word' id='word_1_360' title='bbox 381 2538 526 2592; x_wconf 89' lang='lat' dir='ltr'>enim</span> <span class='ocrx_word' id='word_1_361' title='bbox 558 2537 741 2608; x_wconf 89' lang='lat' dir='ltr'>angeli</span> <span class='ocrx_word' id='word_1_362' title='bbox 772 2546 1049 2609; x_wconf 90' lang='lat' dir='ltr'>assumpta</span> <span class='ocrx_word' id='word_1_363' title='bbox 1078 2537 1253 2593; x_wconf 88' lang='lat' dir='ltr'>forma</span> <span class='ocrx_word' id='word_1_364' title='bbox 1285 2537 1465 2609; x_wconf 88' lang='lat' dir='ltr'>aliqua</span> <span class='ocrx_word' id='word_1_365' title='bbox 1494 2538 1809 2593; x_wconf 89' lang='lat' dir='ltr'>hominibus</span> <span class='ocrx_word' id='word_1_366' title='bbox 1909 2536 2059 2605; x_wconf 84' lang='lat' dir='ltr'>ﬁent,</span> <span class='ocrx_word' id='word_1_367' title='bbox 2092 2536 2222 2608; x_wconf 91' lang='lat' dir='ltr'>quid</span> <span class='ocrx_word' id='word_1_368' title='bbox 2252 2537 2640 2607; x_wconf 89' lang='lat' dir='ltr'>prophetarent</span> <span class='ocrx_word' id='word_1_369' title='bbox 2659 2535 2687 2590; x_wconf 76' lang='lat' dir='ltr'>‘P</span> <span class='ocrx_word' id='word_1_370' title='bbox 2712 2536 2835 2593; x_wconf 85' lang='lat' dir='ltr'>Sive</span> <span class='ocrx_word' id='word_1_371' title='bbox 2867 2537 3079 2606; x_wconf 77' lang='lat' dir='ltr'>lingua:</span> <span class='ocrx_word' id='word_1_372' title='bbox 3110 2537 3237 2605; x_wconf 90' lang='lat' dir='ltr'>sint,</span> <span class='ocrx_word' id='word_1_373' title='bbox 3261 2537 3370 2594; x_wconf 52' lang='lat' dir='ltr'>illa}</span> <span class='ocrx_word' id='word_1_374' title='bbox 3387 2556 3511 2595; x_wconf 83' lang='lat' dir='ltr'>ces-</span> 
     </span>
    </p>
   </div>
   <div class='ocr_carea' id='block_1_38' title="bbox 198 2622 3512 2699">
    <p class='ocr_par' dir='ltr' id='par_1_38' title="bbox 198 2622 3512 2699">
     <span class='ocr_line' id='line_1_38' title="bbox 198 2622 3512 2699; baseline 0 -17"><span class='ocrx_word' id='word_1_375' title='bbox 198 2627 521 2699; x_wconf 91' lang='lat' dir='ltr'>loquuntur,</span> <span class='ocrx_word' id='word_1_376' title='bbox 547 2640 777 2683; x_wconf 87' lang='lat' dir='ltr'>necesse</span> <span class='ocrx_word' id='word_1_377' title='bbox 807 2635 890 2682; x_wconf 91' lang='lat' dir='ltr'>est</span> <span class='ocrx_word' id='word_1_378' title='bbox 918 2634 976 2681; x_wconf 90' lang='lat' dir='ltr'>ut</span> <span class='ocrx_word' id='word_1_379' title='bbox 1006 2627 1175 2683; x_wconf 89' lang='lat' dir='ltr'>verba</span> <span class='ocrx_word' id='word_1_380' title='bbox 1195 2626 1436 2681; x_wconf 88' lang='lat' dir='ltr'>humana</span> <span class='ocrx_word' id='word_1_381' title='bbox 1468 2626 1806 2698; x_wconf 83' lang='lat' dir='ltr'>proferant);</span> <span class='ocrx_word' id='word_1_382' title='bbox 1910 2626 2136 2693; x_wconf 84' lang='lat' dir='ltr'>sabunt,</span> <span class='ocrx_word' id='word_1_383' title='bbox 2170 2625 2426 2680; x_wconf 92' lang='lat' dir='ltr'>omnibus</span> <span class='ocrx_word' id='word_1_384' title='bbox 2469 2624 2615 2679; x_wconf 90' lang='lat' dir='ltr'>enim</span> <span class='ocrx_word' id='word_1_385' title='bbox 2662 2624 2719 2679; x_wconf 93' lang='lat' dir='ltr'>in</span> <span class='ocrx_word' id='word_1_386' title='bbox 2764 2622 2943 2679; x_wconf 88' lang='lat' dir='ltr'>futuro</span> <span class='ocrx_word' id='word_1_387' title='bbox 2971 2623 3224 2681; x_wconf 88' lang='lat' dir='ltr'>identitas</span> <span class='ocrx_word' id='word_1_388' title='bbox 3253 2627 3357 2682; x_wconf 90' lang='lat' dir='ltr'>erit</span> <span class='ocrx_word' id='word_1_389' title='bbox 3387 2644 3512 2684; x_wconf 89' lang='lat' dir='ltr'>ser-</span> 
     </span>
    </p>
   </div>
   <div class='ocr_carea' id='block_1_39' title="bbox 200 2713 3512 2788">
    <p class='ocr_par' dir='ltr' id='par_1_39' title="bbox 200 2713 3512 2788">
     <span class='ocr_line' id='line_1_39' title="bbox 200 2713 3512 2788; baseline 0.001 -17"><span class='ocrx_word' id='word_1_390' title='bbox 200 2716 246 2771; x_wconf 91' lang='lat' dir='ltr'>si</span> <span class='ocrx_word' id='word_1_391' title='bbox 269 2724 462 2772; x_wconf 91' lang='lat' dir='ltr'>autem</span> <span class='ocrx_word' id='word_1_392' title='bbox 479 2716 596 2770; x_wconf 71' lang='lat' dir='ltr'>haec</span> <span class='ocrx_word' id='word_1_393' title='bbox 620 2716 812 2771; x_wconf 89' lang='lat' dir='ltr'>eadem</span> <span class='ocrx_word' id='word_1_394' title='bbox 838 2716 1004 2771; x_wconf 89' lang='lat' dir='ltr'>verba</span> <span class='ocrx_word' id='word_1_395' title='bbox 1028 2716 1235 2787; x_wconf 89' lang='lat' dir='ltr'>loquar.</span> <span class='ocrx_word' id='word_1_396' title='bbox 1269 2715 1371 2772; x_wconf 83' lang='lat' dir='ltr'>Vel</span> <span class='ocrx_word' id='word_1_397' title='bbox 1393 2716 1502 2771; x_wconf 89' lang='lat' dir='ltr'>ita:</span> <span class='ocrx_word' id='word_1_398' title='bbox 1537 2717 1595 2772; x_wconf 89' lang='lat' dir='ltr'>Si</span> <span class='ocrx_word' id='word_1_399' title='bbox 1618 2717 1815 2788; x_wconf 88' lang='lat' dir='ltr'>loquar</span> <span class='ocrx_word' id='word_1_400' title='bbox 1911 2714 2129 2780; x_wconf 89' lang='lat' dir='ltr'>monis;</span> <span class='ocrx_word' id='word_1_401' title='bbox 2161 2715 2275 2770; x_wconf 88' lang='lat' dir='ltr'>sive</span> <span class='ocrx_word' id='word_1_402' title='bbox 2322 2714 2568 2769; x_wconf 86' lang='lat' dir='ltr'>scientia</span> <span class='ocrx_word' id='word_1_403' title='bbox 2613 2729 2735 2785; x_wconf 67' lang='lat' dir='ltr'>quae</span> <span class='ocrx_word' id='word_1_404' title='bbox 2775 2728 2923 2769; x_wconf 89' lang='lat' dir='ltr'>nunc</span> <span class='ocrx_word' id='word_1_405' title='bbox 2968 2713 3219 2783; x_wconf 88' lang='lat' dir='ltr'>habetur,</span> <span class='ocrx_word' id='word_1_406' title='bbox 3270 2715 3366 2771; x_wconf 88' lang='lat' dir='ltr'>illa</span> <span class='ocrx_word' id='word_1_407' title='bbox 3411 2717 3512 2775; x_wconf 84' lang='lat' dir='ltr'>de-</span> 
     </span>
    </p>
   </div>
   <div class='ocr_carea' id='block_1_40' title="bbox 202 2801 3517 2877">
    <p class='ocr_par' dir='ltr' id='par_1_40' title="bbox 202 2801 3517 2877">
     <span class='ocr_line' id='line_1_40' title="bbox 202 2801 3517 2877; baseline 0.001 -17"><span class='ocrx_word' id='word_1_408' title='bbox 202 2807 420 2877; x_wconf 87' lang='lat' dir='ltr'>linguis</span> <span class='ocrx_word' id='word_1_409' title='bbox 472 2805 802 2867; x_wconf 82' lang='lat' dir='ltr'>hominum,</span> <span class='ocrx_word' id='word_1_410' title='bbox 841 2804 896 2860; x_wconf 92' lang='lat' dir='ltr'>id</span> <span class='ocrx_word' id='word_1_411' title='bbox 926 2812 1009 2860; x_wconf 89' lang='lat' dir='ltr'>est</span> <span class='ocrx_word' id='word_1_412' title='bbox 1039 2805 1350 2860; x_wconf 89' lang='lat' dir='ltr'>humaniter</span> <span class='ocrx_word' id='word_1_413' title='bbox 1378 2804 1674 2860; x_wconf 88' lang='lat' dir='ltr'>viventium</span> <span class='ocrx_word' id='word_1_414' title='bbox 1708 2819 1721 2858; x_wconf 92' lang='lat'>:</span> <span class='ocrx_word' id='word_1_415' title='bbox 1754 2810 1812 2861; x_wconf 89' lang='lat' dir='ltr'>et</span> <span class='ocrx_word' id='word_1_416' title='bbox 1912 2807 2194 2860; x_wconf 85' lang='lat' dir='ltr'>struetur.</span> <span class='ocrx_word' id='word_1_417' title='bbox 2250 2801 2393 2871; x_wconf 87' lang='lat' dir='ltr'>Quia</span> <span class='ocrx_word' id='word_1_418' title='bbox 2435 2802 2504 2857; x_wconf 90' lang='lat' dir='ltr'>de</span> <span class='ocrx_word' id='word_1_419' title='bbox 2570 2801 2800 2858; x_wconf 90' lang='lat' dir='ltr'>scientia</span> <span class='ocrx_word' id='word_1_420' title='bbox 2848 2802 3173 2874; x_wconf 90' lang='lat' dir='ltr'>quibusdam</span> <span class='ocrx_word' id='word_1_421' title='bbox 3231 2804 3517 2862; x_wconf 86' lang='lat' dir='ltr'>videbatur</span> 
     </span>
    </p>
   </div>
   <div class='ocr_carea' id='block_1_41' title="bbox 196 2891 3516 2967">
    <p class='ocr_par' dir='ltr' id='par_1_41' title="bbox 196 2891 3516 2967">
     <span class='ocr_line' id='line_1_41' title="bbox 196 2891 3516 2967; baseline 0.001 -19"><span class='ocrx_word' id='word_1_422' title='bbox 196 2893 413 2967; x_wconf 89' lang='lat' dir='ltr'>linguis</span> <span class='ocrx_word' id='word_1_423' title='bbox 439 2895 792 2966; x_wconf 83' lang='lat' dir='ltr'>angelorum,</span> <span class='ocrx_word' id='word_1_424' title='bbox 825 2894 882 2949; x_wconf 90' lang='lat' dir='ltr'>id</span> <span class='ocrx_word' id='word_1_425' title='bbox 911 2902 995 2949; x_wconf 89' lang='lat' dir='ltr'>est</span> <span class='ocrx_word' id='word_1_426' title='bbox 1030 2909 1223 2949; x_wconf 92' lang='lat' dir='ltr'>eorum</span> <span class='ocrx_word' id='word_1_427' title='bbox 1263 2893 1356 2966; x_wconf 90' lang='lat' dir='ltr'>qui</span> <span class='ocrx_word' id='word_1_428' title='bbox 1386 2894 1442 2948; x_wconf 92' lang='lat' dir='ltr'>in</span> <span class='ocrx_word' id='word_1_429' title='bbox 1471 2893 1577 2950; x_wconf 91' lang='lat' dir='ltr'>hoc</span> <span class='ocrx_word' id='word_1_430' title='bbox 1604 2892 1811 2949; x_wconf 90' lang='lat' dir='ltr'>mundo</span> <span class='ocrx_word' id='word_1_431' title='bbox 1913 2892 2059 2965; x_wconf 91' lang='lat' dir='ltr'>quod</span> <span class='ocrx_word' id='word_1_432' title='bbox 2092 2907 2422 2963; x_wconf 90' lang='lat' dir='ltr'>permanens</span> <span class='ocrx_word' id='word_1_433' title='bbox 2469 2899 2633 2957; x_wconf 90' lang='lat' dir='ltr'>esset,</span> <span class='ocrx_word' id='word_1_434' title='bbox 2664 2891 2859 2963; x_wconf 87' lang='lat' dir='ltr'>prohat</span> <span class='ocrx_word' id='word_1_435' title='bbox 2888 2892 3034 2963; x_wconf 89' lang='lat' dir='ltr'>quod</span> <span class='ocrx_word' id='word_1_436' title='bbox 3063 2908 3257 2949; x_wconf 87' lang='lat' dir='ltr'>revera</span> <span class='ocrx_word' id='word_1_437' title='bbox 3288 2894 3516 2951; x_wconf 89' lang='lat' dir='ltr'>scientia</span> 
     </span>
    </p>
   </div>
   <div class='ocr_carea' id='block_1_42' title="bbox 197 2979 3516 3055">
    <p class='ocr_par' dir='ltr' id='par_1_42' title="bbox 197 2979 3516 3055">
     <span class='ocr_line' id='line_1_42' title="bbox 197 2979 3516 3055; baseline 0 -15"><span class='ocrx_word' id='word_1_438' title='bbox 197 2983 627 3055; x_wconf 86' lang='lat' dir='ltr'>contemplative</span> <span class='ocrx_word' id='word_1_439' title='bbox 640 2982 844 3050; x_wconf 90' lang='lat' dir='ltr'>vivunt,</span> <span class='ocrx_word' id='word_1_440' title='bbox 859 2984 1408 3039; x_wconf 85' lang='lat' dir='ltr'>charitatemautem</span> <span class='ocrx_word' id='word_1_441' title='bbox 1422 2998 1537 3039; x_wconf 89' lang='lat' dir='ltr'>non</span> <span class='ocrx_word' id='word_1_442' title='bbox 1554 2983 1806 3048; x_wconf 88' lang='lat' dir='ltr'>habeam,</span> <span class='ocrx_word' id='word_1_443' title='bbox 1911 2997 2160 3053; x_wconf 67' lang='lat' dir='ltr'>praesens</span> <span class='ocrx_word' id='word_1_444' title='bbox 2188 2981 2532 3047; x_wconf 88' lang='lat' dir='ltr'>destruetur;</span> <span class='ocrx_word' id='word_1_445' title='bbox 2561 2979 2687 3051; x_wconf 85' lang='lat' dir='ltr'>quia</span> <span class='ocrx_word' id='word_1_446' title='bbox 2735 2996 2879 3036; x_wconf 92' lang='lat' dir='ltr'>nunc</span> <span class='ocrx_word' id='word_1_447' title='bbox 2906 2984 3313 3053; x_wconf 82' lang='lat' dir='ltr'>cognoscimus,</span> <span class='ocrx_word' id='word_1_448' title='bbox 3345 2983 3402 3039; x_wconf 92' lang='lat' dir='ltr'>id</span> <span class='ocrx_word' id='word_1_449' title='bbox 3432 2992 3516 3040; x_wconf 89' lang='lat' dir='ltr'>est</span> 
     </span>
    </p>
   </div>
   <div class='ocr_carea' id='block_1_43' title="bbox 197 3068 3516 3144">
    <p class='ocr_par' dir='ltr' id='par_1_43' title="bbox 197 3068 3516 3144">
     <span class='ocr_line' id='line_1_43' title="bbox 197 3068 3516 3144; baseline 0 -16"><span class='ocrx_word' id='word_1_450' title='bbox 197 3076 402 3144; x_wconf 82' lang='lat' dir='ltr'>factus</span> <span class='ocrx_word' id='word_1_451' title='bbox 421 3089 550 3128; x_wconf 87' lang='lat' dir='ltr'>sum</span> <span class='ocrx_word' id='word_1_452' title='bbox 566 3071 771 3127; x_wconf 88' lang='lat' dir='ltr'>inutilis</span> <span class='ocrx_word' id='word_1_453' title='bbox 790 3073 947 3128; x_wconf 86' lang='lat' dir='ltr'>velut</span> <span class='ocrx_word' id='word_1_454' title='bbox 964 3089 1040 3127; x_wconf 60' lang='lat' dir='ltr'>res</span> <span class='ocrx_word' id='word_1_455' title='bbox 1061 3089 1292 3138; x_wconf 85' lang='lat' dir='ltr'>sonans,</span> <span class='ocrx_word' id='word_1_456' title='bbox 1316 3071 1461 3144; x_wconf 90' lang='lat' dir='ltr'>quod</span> <span class='ocrx_word' id='word_1_457' title='bbox 1478 3071 1811 3129; x_wconf 89' lang='lat' dir='ltr'>infructuose</span> <span class='ocrx_word' id='word_1_458' title='bbox 1914 3070 2116 3126; x_wconf 89' lang='lat' dir='ltr'>scimus</span> <span class='ocrx_word' id='word_1_459' title='bbox 2145 3086 2219 3125; x_wconf 73' lang='lat' dir='ltr'>ea:</span> <span class='ocrx_word' id='word_1_460' title='bbox 2246 3073 2430 3142; x_wconf 90' lang='lat' dir='ltr'>parte,</span> <span class='ocrx_word' id='word_1_461' title='bbox 2451 3068 2506 3123; x_wconf 91' lang='lat' dir='ltr'>id</span> <span class='ocrx_word' id='word_1_462' title='bbox 2526 3077 2606 3124; x_wconf 91' lang='lat' dir='ltr'>est</span> <span class='ocrx_word' id='word_1_463' title='bbox 2627 3068 2966 3139; x_wconf 86' lang='lat' dir='ltr'>imperfecte.</span> <span class='ocrx_word' id='word_1_464' title='bbox 2991 3070 3059 3124; x_wconf 92' lang='lat' dir='ltr'>Et</span> <span class='ocrx_word' id='word_1_465' title='bbox 3079 3086 3209 3126; x_wconf 88' lang='lat' dir='ltr'>vere</span> <span class='ocrx_word' id='word_1_466' title='bbox 3230 3073 3516 3144; x_wconf 86' lang='lat' dir='ltr'>prophetia</span> 
     </span>
    </p>
   </div>
   <div class='ocr_carea' id='block_1_44' title="bbox 200 3158 3515 3233">
    <p class='ocr_par' dir='ltr' id='par_1_44' title="bbox 200 3158 3515 3233">
     <span class='ocr_line' id='line_1_44' title="bbox 200 3158 3515 3233; baseline 0.001 -17"><span class='ocrx_word' id='word_1_467' title='bbox 200 3169 474 3233; x_wconf 90' lang='lat' dir='ltr'>quantum</span> <span class='ocrx_word' id='word_1_468' title='bbox 523 3160 592 3215; x_wconf 85' lang='lat' dir='ltr'>ad</span> <span class='ocrx_word' id='word_1_469' title='bbox 641 3177 700 3216; x_wconf 89' lang='lat' dir='ltr'>se</span> <span class='ocrx_word' id='word_1_470' title='bbox 744 3161 1110 3231; x_wconf 89' lang='lat' dir='ltr'>pertunditur,</span> <span class='ocrx_word' id='word_1_471' title='bbox 1161 3165 1264 3217; x_wconf 90' lang='lat' dir='ltr'>aut</span> <span class='ocrx_word' id='word_1_472' title='bbox 1292 3162 1447 3217; x_wconf 85' lang='lat' dir='ltr'>velut</span> <span class='ocrx_word' id='word_1_473' title='bbox 1492 3162 1812 3233; x_wconf 83' lang='lat' dir='ltr'>cymbalum</span> <span class='ocrx_word' id='word_1_474' title='bbox 1846 3221 1886 3233; x_wconf 50' lang='grc' dir='ltr'><strong>Α</strong></span> <span class='ocrx_word' id='word_1_475' title='bbox 1915 3159 2291 3215; x_wconf 83' lang='lat' dir='ltr'>evacuabitur.</span> <span class='ocrx_word' id='word_1_476' title='bbox 2315 3159 2455 3212; x_wconf 89' lang='lat' dir='ltr'>Nam</span> <span class='ocrx_word' id='word_1_477' title='bbox 2476 3174 2619 3213; x_wconf 89' lang='lat' dir='ltr'>nunc</span> <span class='ocrx_word' id='word_1_478' title='bbox 2636 3158 3042 3229; x_wconf 88' lang='lat' dir='ltr'>prophetamus</span> <span class='ocrx_word' id='word_1_479' title='bbox 3062 3166 3331 3232; x_wconf 73' lang='lat' dir='ltr'>exparte,</span> <span class='ocrx_word' id='word_1_480' title='bbox 3354 3161 3411 3217; x_wconf 91' lang='lat' dir='ltr'>id</span> <span class='ocrx_word' id='word_1_481' title='bbox 3431 3171 3515 3219; x_wconf 90' lang='lat' dir='ltr'>est</span> 
     </span>
    </p>
   </div>
   <div class='ocr_carea' id='block_1_45' title="bbox 199 3221 3515 3323">
    <p class='ocr_par' dir='ltr' id='par_1_45' title="bbox 199 3221 3515 3323">
     <span class='ocr_line' id='line_1_45' title="bbox 199 3221 3515 3323; baseline 0.001 -18"><span class='ocrx_word' id='word_1_482' title='bbox 199 3221 490 3318; x_wconf 47' lang='lat' dir='ltr'>t&#39;inniens,</span> <span class='ocrx_word' id='word_1_483' title='bbox 526 3250 672 3322; x_wconf 92' lang='lat' dir='ltr'>quod</span> <span class='ocrx_word' id='word_1_484' title='bbox 700 3221 861 3306; x_wconf 77' lang='lat' dir='ltr'>aures</span> <span class='ocrx_word' id='word_1_485' title='bbox 889 3221 1170 3306; x_wconf 85' lang='lat' dir='ltr'>hominum</span> <span class='ocrx_word' id='word_1_486' title='bbox 1200 3250 1455 3316; x_wconf 90' lang='lat' dir='ltr'>delectat,</span> <span class='ocrx_word' id='word_1_487' title='bbox 1488 3221 1656 3314; x_wconf 72' lang='lat' dir='ltr'>seque</span> <span class='ocrx_word' id='word_1_488' title='bbox 1678 3265 1809 3321; x_wconf 86' lang='lat' dir='ltr'>per-</span> <span class='ocrx_word' id='word_1_489' title='bbox 1841 3221 1887 3282; x_wconf 73' lang='grc' dir='ltr'><strong>Ο</strong></span> <span class='ocrx_word' id='word_1_490' title='bbox 1908 3247 2224 3320; x_wconf 86' lang='lat' dir='ltr'>imperfecte</span> <span class='ocrx_word' id='word_1_491' title='bbox 2248 3246 2371 3314; x_wconf 89' lang='lat' dir='ltr'>;sed</span> <span class='ocrx_word' id='word_1_492' title='bbox 2382 3246 2439 3301; x_wconf 89' lang='lat' dir='ltr'>in</span> <span class='ocrx_word' id='word_1_493' title='bbox 2455 3221 2775 3303; x_wconf 46' lang='lat' dir='ltr'>futuro-cum</span> <span class='ocrx_word' id='word_1_494' title='bbox 2795 3248 3015 3303; x_wconf 85' lang='lat' dir='ltr'>venerit</span> <span class='ocrx_word' id='word_1_495' title='bbox 3035 3221 3515 3323; x_wconf 73' lang='lat' dir='ltr'>quodper/cetum</span> 
     </span>
    </p>
   </div>
   <div class='ocr_carea' id='block_1_46' title="bbox 198 3336 3515 3412">
    <p class='ocr_par' dir='ltr' id='par_1_46' title="bbox 198 3336 3515 3412">
     <span class='ocr_line' id='line_1_46' title="bbox 198 3336 3515 3412; baseline 0.002 -19"><span class='ocrx_word' id='word_1_496' title='bbox 198 3340 386 3394; x_wconf 91' lang='lat' dir='ltr'>tundit</span> <span class='ocrx_word' id='word_1_497' title='bbox 415 3346 470 3394; x_wconf 93' lang='lat' dir='ltr'>et</span> <span class='ocrx_word' id='word_1_498' title='bbox 515 3338 781 3394; x_wconf 91' lang='lat' dir='ltr'>diminuit.</span> <span class='ocrx_word' id='word_1_499' title='bbox 831 3341 899 3394; x_wconf 84' lang='lat' dir='ltr'>Et</span> <span class='ocrx_word' id='word_1_500' title='bbox 946 3341 995 3395; x_wconf 87' lang='lat' dir='ltr'>si</span> <span class='ocrx_word' id='word_1_501' title='bbox 1031 3339 1277 3397; x_wconf 84' lang='lat' dir='ltr'>habuero</span> <span class='ocrx_word' id='word_1_502' title='bbox 1320 3338 1700 3412; x_wconf 85' lang='lat' dir='ltr'>prophetiam,</span> <span class='ocrx_word' id='word_1_503' title='bbox 1752 3346 1812 3394; x_wconf 91' lang='lat' dir='ltr'>ut</span> <span class='ocrx_word' id='word_1_504' title='bbox 1909 3342 2016 3405; x_wconf 88' lang='lat' dir='ltr'>est,</span> <span class='ocrx_word' id='word_1_505' title='bbox 2050 3337 2419 3395; x_wconf 85' lang='lat' dir='ltr'>evacuabitur</span> <span class='ocrx_word' id='word_1_506' title='bbox 2463 3352 2626 3392; x_wconf 91' lang='lat' dir='ltr'>omne</span> <span class='ocrx_word' id='word_1_507' title='bbox 2672 3336 2807 3391; x_wconf 92' lang='lat' dir='ltr'>illud</span> <span class='ocrx_word' id='word_1_508' title='bbox 2852 3338 2996 3410; x_wconf 86' lang='lat' dir='ltr'>quod</span> <span class='ocrx_word' id='word_1_509' title='bbox 3025 3354 3100 3394; x_wconf 75' lang='lat' dir='ltr'>ea:</span> <span class='ocrx_word' id='word_1_510' title='bbox 3126 3347 3314 3412; x_wconf 87' lang='lat' dir='ltr'>parte,</span> <span class='ocrx_word' id='word_1_511' title='bbox 3345 3340 3402 3397; x_wconf 89' lang='lat' dir='ltr'>id</span> <span class='ocrx_word' id='word_1_512' title='bbox 3431 3350 3515 3399; x_wconf 83' lang='lat' dir='ltr'>est</span> 
     </span>
    </p>
   </div>
   <div class='ocr_carea' id='block_1_47' title="bbox 197 3425 2426 3499">
    <p class='ocr_par' dir='ltr' id='par_1_47' title="bbox 197 3425 2426 3499">
     <span class='ocr_line' id='line_1_47' title="bbox 197 3425 2426 3499; baseline -0.001 -16"><span class='ocrx_word' id='word_1_513' title='bbox 197 3427 514 3483; x_wconf 89' lang='lat' dir='ltr'>illuminato</span> <span class='ocrx_word' id='word_1_514' title='bbox 542 3443 709 3483; x_wconf 89' lang='lat' dir='ltr'>sensu</span> <span class='ocrx_word' id='word_1_515' title='bbox 725 3435 956 3483; x_wconf 86' lang='lat' dir='ltr'>ventura</span> <span class='ocrx_word' id='word_1_516' title='bbox 975 3428 1372 3499; x_wconf 67' lang='lat' dir='ltr'>praedicarem;</span> <span class='ocrx_word' id='word_1_517' title='bbox 1404 3432 1461 3484; x_wconf 88' lang='lat' dir='ltr'>et</span> <span class='ocrx_word' id='word_1_518' title='bbox 1491 3428 1538 3483; x_wconf 89' lang='lat' dir='ltr'>si</span> <span class='ocrx_word' id='word_1_519' title='bbox 1561 3428 1811 3484; x_wconf 86' lang='lat' dir='ltr'>noverim</span> <span class='ocrx_word' id='word_1_520' title='bbox 1909 3425 2289 3497; x_wconf 86' lang='lat' dir='ltr'>imperfectum</span> <span class='ocrx_word' id='word_1_521' title='bbox 2322 3430 2426 3483; x_wconf 88' lang='lat' dir='ltr'>est.</span> 
     </span>
    </p>
   </div>
   <div class='ocr_carea' id='block_1_48' title="bbox 839 1601 1145 1641">
    <p class='ocr_par' dir='ltr' id='par_1_48' title="bbox 839 1601 1145 1641">
     <span class='ocr_line' id='line_1_48' title="bbox 839 1601 1145 1641; baseline 0 0"><span class='ocrx_word' id='word_1_522' title='bbox 839 1601 1145 1641; x_wconf 79' lang='lat' dir='ltr'>EXPOSITIO.</span> 
     </span>
    </p>
   </div>
   <div class='ocr_carea' id='block_1_49' title="bbox 196 3515 1811 3589">
    <p class='ocr_par' dir='ltr' id='par_1_49' title="bbox 196 3515 1811 3589">
     <span class='ocr_line' id='line_1_49' title="bbox 196 3515 1811 3589; baseline -0.001 -16"><span class='ocrx_word' id='word_1_523' title='bbox 196 3518 402 3573; x_wconf 85' lang='lat' dir='ltr'>omnia</span> <span class='ocrx_word' id='word_1_524' title='bbox 422 3517 715 3588; x_wconf 85' lang='lat' dir='ltr'>mysteria,</span> <span class='ocrx_word' id='word_1_525' title='bbox 750 3516 804 3571; x_wconf 92' lang='lat' dir='ltr'>id</span> <span class='ocrx_word' id='word_1_526' title='bbox 833 3524 916 3571; x_wconf 88' lang='lat' dir='ltr'>est</span> <span class='ocrx_word' id='word_1_527' title='bbox 941 3515 1148 3588; x_wconf 83' lang='lat' dir='ltr'>ﬁguras</span> <span class='ocrx_word' id='word_1_528' title='bbox 1176 3532 1404 3588; x_wconf 84' lang='lat' dir='ltr'>Operum</span> <span class='ocrx_word' id='word_1_529' title='bbox 1434 3517 1533 3572; x_wconf 91' lang='lat' dir='ltr'>Dei</span> <span class='ocrx_word' id='word_1_530' title='bbox 1562 3518 1642 3589; x_wconf 93' lang='lat' dir='ltr'>(ut</span> <span class='ocrx_word' id='word_1_531' title='bbox 1670 3516 1811 3572; x_wconf 52' lang='lat' dir='ltr'>dilu-</span> 
     </span>
    </p>
   </div>
   <div class='ocr_carea' id='block_1_50' title="bbox 193 3604 1812 3678">
    <p class='ocr_par' dir='ltr' id='par_1_50' title="bbox 193 3604 1812 3678">
     <span class='ocr_line' id='line_1_50' title="bbox 193 3604 1812 3678; baseline -0.001 -17"><span class='ocrx_word' id='word_1_532' title='bbox 193 3606 346 3661; x_wconf 83' lang='lat' dir='ltr'>vium</span> <span class='ocrx_word' id='word_1_533' title='bbox 381 3604 565 3678; x_wconf 82' lang='lat' dir='ltr'>ﬁgura</span> <span class='ocrx_word' id='word_1_534' title='bbox 592 3604 691 3660; x_wconf 89' lang='lat' dir='ltr'>fuit</span> <span class='ocrx_word' id='word_1_535' title='bbox 735 3605 991 3676; x_wconf 90' lang='lat' dir='ltr'>baptismi</span> <span class='ocrx_word' id='word_1_536' title='bbox 1020 3613 1074 3661; x_wconf 91' lang='lat' dir='ltr'>et</span> <span class='ocrx_word' id='word_1_537' title='bbox 1116 3605 1376 3676; x_wconf 86' lang='lat' dir='ltr'>similia);</span> <span class='ocrx_word' id='word_1_538' title='bbox 1409 3610 1465 3662; x_wconf 91' lang='lat' dir='ltr'>et</span> <span class='ocrx_word' id='word_1_539' title='bbox 1495 3605 1540 3660; x_wconf 89' lang='lat' dir='ltr'>si</span> <span class='ocrx_word' id='word_1_540' title='bbox 1567 3605 1812 3661; x_wconf 86' lang='lat' dir='ltr'>noverim</span> 
     </span>
    </p>
   </div>
   <div class='ocr_carea' id='block_1_51' title="bbox 195 3693 1815 3766">
    <p class='ocr_par' dir='ltr' id='par_1_51' title="bbox 195 3693 1815 3766">
     <span class='ocr_line' id='line_1_51' title="bbox 195 3693 1815 3766; baseline -0.001 -15"><span class='ocrx_word' id='word_1_541' title='bbox 195 3711 436 3751; x_wconf 88' lang='lat' dir='ltr'>omnem</span> <span class='ocrx_word' id='word_1_542' title='bbox 451 3695 776 3760; x_wconf 84' lang='lat' dir='ltr'>scientiam,</span> <span class='ocrx_word' id='word_1_543' title='bbox 800 3694 855 3749; x_wconf 92' lang='lat' dir='ltr'>id</span> <span class='ocrx_word' id='word_1_544' title='bbox 876 3702 960 3750; x_wconf 91' lang='lat' dir='ltr'>est</span> <span class='ocrx_word' id='word_1_545' title='bbox 979 3694 1224 3766; x_wconf 88' lang='lat' dir='ltr'>ipsorum</span> <span class='ocrx_word' id='word_1_546' title='bbox 1240 3695 1628 3766; x_wconf 83' lang='lat' dir='ltr'>mysteriorum</span> <span class='ocrx_word' id='word_1_547' title='bbox 1649 3693 1815 3766; x_wconf 89' lang='lat' dir='ltr'>signi-</span> 
     </span>
    </p>
   </div>
   <div class='ocr_carea' id='block_1_52' title="bbox 194 3782 1815 3853">
    <p class='ocr_par' dir='ltr' id='par_1_52' title="bbox 194 3782 1815 3853">
     <span class='ocr_line' id='line_1_52' title="bbox 194 3782 1815 3853; baseline 0 -14"><span class='ocrx_word' id='word_1_548' title='bbox 194 3782 524 3841; x_wconf 85' lang='lat' dir='ltr'>ficationem</span> <span class='ocrx_word' id='word_1_549' title='bbox 546 3801 562 3849; x_wconf 94' lang='lat'>;</span> <span class='ocrx_word' id='word_1_550' title='bbox 589 3786 645 3839; x_wconf 91' lang='lat' dir='ltr'>et</span> <span class='ocrx_word' id='word_1_551' title='bbox 666 3784 715 3839; x_wconf 82' lang='lat' dir='ltr'>si</span> <span class='ocrx_word' id='word_1_552' title='bbox 744 3784 986 3839; x_wconf 87' lang='lat' dir='ltr'>habuero</span> <span class='ocrx_word' id='word_1_553' title='bbox 1017 3799 1245 3840; x_wconf 88' lang='lat' dir='ltr'>omnem</span> <span class='ocrx_word' id='word_1_554' title='bbox 1260 3782 1450 3853; x_wconf 81' lang='lat' dir='ltr'>ﬁdem,</span> <span class='ocrx_word' id='word_1_555' title='bbox 1471 3786 1557 3839; x_wconf 88' lang='lat' dir='ltr'>ita</span> <span class='ocrx_word' id='word_1_556' title='bbox 1572 3787 1638 3839; x_wconf 88' lang='lat' dir='ltr'>ut</span> <span class='ocrx_word' id='word_1_557' title='bbox 1657 3800 1815 3839; x_wconf 86' lang='lat' dir='ltr'>mon-</span> 
     </span>
    </p>
   </div>
   <div class='ocr_carea' id='block_1_53' title="bbox 198 3871 1813 3945">
    <p class='ocr_par' dir='ltr' id='par_1_53' title="bbox 198 3871 1813 3945">
     <span class='ocr_line' id='line_1_53' title="bbox 198 3871 1813 3945; baseline 0.001 -18"><span class='ocrx_word' id='word_1_558' title='bbox 198 3878 280 3929; x_wconf 83' lang='lat' dir='ltr'>tes</span> <span class='ocrx_word' id='word_1_559' title='bbox 310 3871 410 3943; x_wconf 86' lang='lat' dir='ltr'>(ad</span> <span class='ocrx_word' id='word_1_560' title='bbox 440 3872 701 3942; x_wconf 88' lang='lat' dir='ltr'>litteram)</span> <span class='ocrx_word' id='word_1_561' title='bbox 733 3876 1083 3945; x_wconf 81' lang='lat' dir='ltr'>transferam</span> <span class='ocrx_word' id='word_1_562' title='bbox 1105 3874 1232 3943; x_wconf 87' lang='lat' dir='ltr'>(hoc</span> <span class='ocrx_word' id='word_1_563' title='bbox 1251 3873 1395 3929; x_wconf 91' lang='lat' dir='ltr'>enim</span> <span class='ocrx_word' id='word_1_564' title='bbox 1425 3880 1538 3928; x_wconf 89' lang='lat' dir='ltr'>erat</span> <span class='ocrx_word' id='word_1_565' title='bbox 1556 3873 1813 3929; x_wconf 89' lang='lat' dir='ltr'>meritum</span> 
     </span>
    </p>
   </div>
   <div class='ocr_carea' id='block_1_54' title="bbox 195 3960 1815 4030">
    <p class='ocr_par' dir='ltr' id='par_1_54' title="bbox 195 3960 1815 4030">
     <span class='ocr_line' id='line_1_54' title="bbox 195 3960 1815 4030; baseline 0.002 -14"><span class='ocrx_word' id='word_1_566' title='bbox 195 3960 349 4029; x_wconf 85' lang='lat' dir='ltr'>ﬁdei,</span> <span class='ocrx_word' id='word_1_567' title='bbox 404 3969 471 4017; x_wconf 91' lang='lat' dir='ltr'>ut</span> <span class='ocrx_word' id='word_1_568' title='bbox 514 3961 560 4017; x_wconf 89' lang='lat' dir='ltr'>si</span> <span class='ocrx_word' id='word_1_569' title='bbox 607 3960 785 4017; x_wconf 87' lang='lat' dir='ltr'>fidelis</span> <span class='ocrx_word' id='word_1_570' title='bbox 826 3961 1031 4017; x_wconf 88' lang='lat' dir='ltr'>diceret</span> <span class='ocrx_word' id='word_1_571' title='bbox 1075 3961 1248 4017; x_wconf 90' lang='lat' dir='ltr'>monti</span> <span class='ocrx_word' id='word_1_572' title='bbox 1312 3961 1506 4019; x_wconf 88' lang='lat' dir='ltr'>tollere</span> <span class='ocrx_word' id='word_1_573' title='bbox 1553 3963 1711 4030; x_wconf 88' lang='lat' dir='ltr'>hinc,</span> <span class='ocrx_word' id='word_1_574' title='bbox 1761 3970 1815 4019; x_wconf 93' lang='lat' dir='ltr'>et</span> 
     </span>
    </p>
   </div>
   <div class='ocr_carea' id='block_1_55' title="bbox 190 4049 1810 4123">
    <p class='ocr_par' dir='ltr' id='par_1_55' title="bbox 190 4049 1810 4123">
     <span class='ocr_line' id='line_1_55' title="bbox 190 4049 1810 4123; baseline 0.002 -18"><span class='ocrx_word' id='word_1_575' title='bbox 190 4051 413 4106; x_wconf 89' lang='lat' dir='ltr'>mittere</span> <span class='ocrx_word' id='word_1_576' title='bbox 444 4050 504 4105; x_wconf 92' lang='lat' dir='ltr'>in</span> <span class='ocrx_word' id='word_1_577' title='bbox 536 4065 687 4105; x_wconf 88' lang='lat' dir='ltr'>mare</span> <span class='ocrx_word' id='word_1_578' title='bbox 706 4049 926 4122; x_wconf 78' lang='lat' dir='ltr'>[Matth.</span> <span class='ocrx_word' id='word_1_579' title='bbox 950 4067 1059 4119; x_wconf 75' lang='grc' dir='ltr'>χχι,</span> <span class='ocrx_word' id='word_1_580' title='bbox 1080 4050 1191 4123; x_wconf 77' lang='grc'>21],</span> <span class='ocrx_word' id='word_1_581' title='bbox 1215 4050 1287 4105; x_wconf 90' lang='lat' dir='ltr'>ita</span> <span class='ocrx_word' id='word_1_582' title='bbox 1306 4067 1408 4123; x_wconf 91' lang='lat' dir='ltr'>pro</span> <span class='ocrx_word' id='word_1_583' title='bbox 1438 4059 1591 4107; x_wconf 90' lang='lat' dir='ltr'>certo</span> <span class='ocrx_word' id='word_1_584' title='bbox 1612 4050 1810 4109; x_wconf 79' lang='lat' dir='ltr'>fieret).</span> 
     </span>
    </p>
   </div>
   <div class='ocr_carea' id='block_1_56' title="bbox 193 4138 1815 4211">
    <p class='ocr_par' dir='ltr' id='par_1_56' title="bbox 193 4138 1815 4211">
     <span class='ocr_line' id='line_1_56' title="bbox 193 4138 1815 4211; baseline 0.001 -17"><span class='ocrx_word' id='word_1_585' title='bbox 193 4139 295 4196; x_wconf 84' lang='lat' dir='ltr'>Vel</span> <span class='ocrx_word' id='word_1_586' title='bbox 327 4140 500 4195; x_wconf 88' lang='lat' dir='ltr'>aliter</span> <span class='ocrx_word' id='word_1_587' title='bbox 532 4156 545 4193; x_wconf 90' lang='lat'>:</span> <span class='ocrx_word' id='word_1_588' title='bbox 572 4138 628 4195; x_wconf 91' lang='lat' dir='ltr'>Si</span> <span class='ocrx_word' id='word_1_589' title='bbox 647 4139 890 4195; x_wconf 88' lang='lat' dir='ltr'>habuero</span> <span class='ocrx_word' id='word_1_590' title='bbox 918 4146 1031 4195; x_wconf 89' lang='lat' dir='ltr'>tam</span> <span class='ocrx_word' id='word_1_591' title='bbox 1049 4139 1352 4211; x_wconf 84' lang='lat' dir='ltr'>perfectam</span> <span class='ocrx_word' id='word_1_592' title='bbox 1369 4138 1530 4196; x_wconf 87' lang='lat' dir='ltr'>fidem</span> <span class='ocrx_word' id='word_1_593' title='bbox 1551 4148 1608 4196; x_wconf 93' lang='lat' dir='ltr'>ut</span> <span class='ocrx_word' id='word_1_594' title='bbox 1628 4140 1815 4196; x_wconf 89' lang='lat' dir='ltr'>tollam</span> 
     </span>
    </p>
   </div>
   <div class='ocr_carea' id='block_1_57' title="bbox 192 4228 1816 4302">
    <p class='ocr_par' dir='ltr' id='par_1_57' title="bbox 192 4228 1816 4302">
     <span class='ocr_line' id='line_1_57' title="bbox 192 4228 1816 4302; baseline 0.001 -19"><span class='ocrx_word' id='word_1_595' title='bbox 192 4237 445 4296; x_wconf 88' lang='lat' dir='ltr'>montes,</span> <span class='ocrx_word' id='word_1_596' title='bbox 503 4228 560 4283; x_wconf 91' lang='lat' dir='ltr'>id</span> <span class='ocrx_word' id='word_1_597' title='bbox 622 4236 706 4283; x_wconf 91' lang='lat' dir='ltr'>est</span> <span class='ocrx_word' id='word_1_598' title='bbox 763 4228 1011 4284; x_wconf 90' lang='lat' dir='ltr'>diabolos</span> <span class='ocrx_word' id='word_1_599' title='bbox 1057 4229 1128 4285; x_wconf 90' lang='lat' dir='ltr'>ab</span> <span class='ocrx_word' id='word_1_600' title='bbox 1188 4228 1432 4285; x_wconf 91' lang='lat' dir='ltr'>obsessis</span> <span class='ocrx_word' id='word_1_601' title='bbox 1492 4230 1816 4302; x_wconf 90' lang='lat' dir='ltr'>corporibus</span> 
     </span>
    </p>
   </div>
   <div class='ocr_carea' id='block_1_58' title="bbox 193 4316 1817 4389">
    <p class='ocr_par' dir='ltr' id='par_1_58' title="bbox 193 4316 1817 4389">
     <span class='ocr_line' id='line_1_58' title="bbox 193 4316 1817 4389; baseline 0.001 -18"><span class='ocrx_word' id='word_1_602' title='bbox 193 4317 543 4373; x_wconf 86' lang='lat' dir='ltr'>transferam</span> <span class='ocrx_word' id='word_1_603' title='bbox 590 4316 648 4371; x_wconf 95' lang='lat' dir='ltr'>in</span> <span class='ocrx_word' id='word_1_604' title='bbox 685 4332 882 4389; x_wconf 89' lang='lat' dir='ltr'>porcos</span> <span class='ocrx_word' id='word_1_605' title='bbox 909 4316 995 4373; x_wconf 76' lang='lat' dir='ltr'>vel</span> <span class='ocrx_word' id='word_1_606' title='bbox 1024 4317 1080 4373; x_wconf 92' lang='lat' dir='ltr'>in</span> <span class='ocrx_word' id='word_1_607' title='bbox 1110 4317 1438 4387; x_wconf 69' lang='lat' dir='ltr'>huiusmodi,</span> <span class='ocrx_word' id='word_1_608' title='bbox 1472 4320 1817 4375; x_wconf 86' lang='lat' dir='ltr'>charitatem</span> 
     </span>
    </p>
   </div>
   <div class='ocr_carea' id='block_1_59' title="bbox 195 4405 1820 4473">
    <p class='ocr_par' dir='ltr' id='par_1_59' title="bbox 195 4405 1820 4473">
     <span class='ocr_line' id='line_1_59' title="bbox 195 4405 1820 4473; baseline 0.001 -11"><span class='ocrx_word' id='word_1_609' title='bbox 195 4412 398 4463; x_wconf 83' lang='lat' dir='ltr'>autem</span> <span class='ocrx_word' id='word_1_610' title='bbox 422 4423 551 4462; x_wconf 88' lang='lat' dir='ltr'>non</span> <span class='ocrx_word' id='word_1_611' title='bbox 583 4405 845 4473; x_wconf 81' lang='lat' dir='ltr'>habuero,</span> <span class='ocrx_word' id='word_1_612' title='bbox 885 4407 1035 4462; x_wconf 88' lang='lat' dir='ltr'>nihil</span> <span class='ocrx_word' id='word_1_613' title='bbox 1055 4423 1201 4473; x_wconf 86' lang='lat' dir='ltr'>sum,</span> <span class='ocrx_word' id='word_1_614' title='bbox 1224 4407 1280 4462; x_wconf 91' lang='lat' dir='ltr'>id</span> <span class='ocrx_word' id='word_1_615' title='bbox 1298 4415 1400 4472; x_wconf 88' lang='lat' dir='ltr'>est,</span> <span class='ocrx_word' id='word_1_616' title='bbox 1420 4408 1622 4463; x_wconf 89' lang='lat' dir='ltr'>nullius</span> <span class='ocrx_word' id='word_1_617' title='bbox 1638 4408 1820 4464; x_wconf 89' lang='lat' dir='ltr'>meriti</span> 
     </span>
    </p>
   </div>
   <div class='ocr_carea' id='block_1_60' title="bbox 192 4494 1817 4568">
    <p class='ocr_par' dir='ltr' id='par_1_60' title="bbox 192 4494 1817 4568">
     <span class='ocr_line' id='line_1_60' title="bbox 192 4494 1817 4568; baseline 0.001 -16"><span class='ocrx_word' id='word_1_618' title='bbox 192 4505 433 4568; x_wconf 89' lang='lat' dir='ltr'>propter</span> <span class='ocrx_word' id='word_1_619' title='bbox 465 4494 637 4551; x_wconf 86' lang='lat' dir='ltr'>fidem</span> <span class='ocrx_word' id='word_1_620' title='bbox 660 4496 777 4551; x_wconf 91' lang='lat' dir='ltr'>sine</span> <span class='ocrx_word' id='word_1_621' title='bbox 797 4495 1061 4552; x_wconf 90' lang='lat' dir='ltr'>charitate</span> <span class='ocrx_word' id='word_1_622' title='bbox 1076 4496 1314 4565; x_wconf 87' lang='lat' dir='ltr'>judicor.</span> <span class='ocrx_word' id='word_1_623' title='bbox 1336 4497 1406 4553; x_wconf 88' lang='lat' dir='ltr'>Et</span> <span class='ocrx_word' id='word_1_624' title='bbox 1420 4497 1817 4555; x_wconf 85' lang='lat' dir='ltr'>sidistribuero</span> 
     </span>
    </p>
   </div>
   <div class='ocr_carea' id='block_1_61' title="bbox 1983 3514 3517 3591">
    <p class='ocr_par' dir='ltr' id='par_1_61' title="bbox 1983 3514 3517 3591">
     <span class='ocr_line' id='line_1_61' title="bbox 1983 3514 3517 3591; baseline 0.004 -20"><span class='ocrx_word' id='word_1_625' title='bbox 1983 3516 2302 3587; x_wconf 90' lang='lat' dir='ltr'>Opponeret</span> <span class='ocrx_word' id='word_1_626' title='bbox 2328 3514 2527 3587; x_wconf 89' lang='lat' dir='ltr'>aliquis</span> <span class='ocrx_word' id='word_1_627' title='bbox 2555 3532 2568 3569; x_wconf 88' lang='lat'><strong>:</strong></span> <span class='ocrx_word' id='word_1_628' title='bbox 2601 3516 2803 3571; x_wconf 88' lang='lat' dir='ltr'>Verum</span> <span class='ocrx_word' id='word_1_629' title='bbox 2825 3515 3048 3587; x_wconf 89' lang='lat' dir='ltr'>quidem</span> <span class='ocrx_word' id='word_1_630' title='bbox 3068 3525 3152 3572; x_wconf 91' lang='lat' dir='ltr'>est</span> <span class='ocrx_word' id='word_1_631' title='bbox 3169 3520 3315 3591; x_wconf 90' lang='lat' dir='ltr'>quod</span> <span class='ocrx_word' id='word_1_632' title='bbox 3336 3520 3517 3577; x_wconf 86' lang='lat' dir='ltr'>scien-</span> 
     </span>
    </p>
   </div>
   <div class='ocr_carea' id='block_1_62' title="bbox 1910 3602 3510 3679">
    <p class='ocr_par' dir='ltr' id='par_1_62' title="bbox 1910 3602 3510 3679">
     <span class='ocr_line' id='line_1_62' title="bbox 1910 3602 3510 3679; baseline 0.004 -19"><span class='ocrx_word' id='word_1_633' title='bbox 1910 3605 1983 3660; x_wconf 89' lang='lat' dir='ltr'>tia</span> <span class='ocrx_word' id='word_1_634' title='bbox 2010 3620 2157 3660; x_wconf 92' lang='lat' dir='ltr'>nunc</span> <span class='ocrx_word' id='word_1_635' title='bbox 2187 3611 2270 3659; x_wconf 89' lang='lat' dir='ltr'>est</span> <span class='ocrx_word' id='word_1_636' title='bbox 2296 3602 2636 3675; x_wconf 86' lang='lat' dir='ltr'>imperfecta,</span> <span class='ocrx_word' id='word_1_637' title='bbox 2668 3604 2767 3658; x_wconf 90' lang='lat' dir='ltr'>sed</span> <span class='ocrx_word' id='word_1_638' title='bbox 2797 3603 3038 3675; x_wconf 85' lang='lat' dir='ltr'>perfecta</span> <span class='ocrx_word' id='word_1_639' title='bbox 3067 3606 3171 3661; x_wconf 91' lang='lat' dir='ltr'>erit</span> <span class='ocrx_word' id='word_1_640' title='bbox 3209 3607 3266 3662; x_wconf 93' lang='lat' dir='ltr'>in</span> <span class='ocrx_word' id='word_1_641' title='bbox 3291 3608 3510 3679; x_wconf 87' lang='lat' dir='ltr'>futuro;</span> 
     </span>
    </p>
   </div>
   <div class='ocr_carea' id='block_1_63' title="bbox 1912 3693 3516 3766">
    <p class='ocr_par' dir='ltr' id='par_1_63' title="bbox 1912 3693 3516 3766">
     <span class='ocr_line' id='line_1_63' title="bbox 1912 3693 3516 3766; baseline 0.004 -17"><span class='ocrx_word' id='word_1_642' title='bbox 1912 3694 2011 3749; x_wconf 88' lang='lat' dir='ltr'>sed</span> <span class='ocrx_word' id='word_1_643' title='bbox 2040 3702 2223 3749; x_wconf 90' lang='lat' dir='ltr'>tamen</span> <span class='ocrx_word' id='word_1_644' title='bbox 2277 3693 2372 3748; x_wconf 88' lang='lat' dir='ltr'>illa</span> <span class='ocrx_word' id='word_1_645' title='bbox 2421 3708 2556 3765; x_wconf 90' lang='lat' dir='ltr'>pars</span> <span class='ocrx_word' id='word_1_646' title='bbox 2599 3693 2840 3749; x_wconf 67' lang='lat' dir='ltr'>scientiae</span> <span class='ocrx_word' id='word_1_647' title='bbox 2886 3710 3007 3766; x_wconf 68' lang='lat' dir='ltr'>quae</span> <span class='ocrx_word' id='word_1_648' title='bbox 3054 3712 3198 3753; x_wconf 90' lang='lat' dir='ltr'>nunc</span> <span class='ocrx_word' id='word_1_649' title='bbox 3244 3706 3347 3765; x_wconf 92' lang='lat' dir='ltr'>est,</span> <span class='ocrx_word' id='word_1_650' title='bbox 3402 3716 3516 3756; x_wconf 90' lang='lat' dir='ltr'>non</span> 
     </span>
    </p>
   </div>
   <div class='ocr_carea' id='block_1_64' title="bbox 1912 3782 3511 3850">
    <p class='ocr_par' dir='ltr' id='par_1_64' title="bbox 1912 3782 3511 3850">
     <span class='ocr_line' id='line_1_64' title="bbox 1912 3782 3511 3850; baseline 0.004 -11"><span class='ocrx_word' id='word_1_651' title='bbox 1912 3784 2244 3850; x_wconf 90' lang='lat' dir='ltr'>destruetur,</span> <span class='ocrx_word' id='word_1_652' title='bbox 2277 3783 2377 3838; x_wconf 90' lang='lat' dir='ltr'>sed</span> <span class='ocrx_word' id='word_1_653' title='bbox 2406 3782 2461 3837; x_wconf 91' lang='lat' dir='ltr'>in</span> <span class='ocrx_word' id='word_1_654' title='bbox 2492 3782 2586 3838; x_wconf 91' lang='lat' dir='ltr'>illa</span> <span class='ocrx_word' id='word_1_655' title='bbox 2628 3783 2892 3839; x_wconf 88' lang='lat' dir='ltr'>totalitate</span> <span class='ocrx_word' id='word_1_656' title='bbox 2938 3784 3181 3842; x_wconf 65' lang='lat' dir='ltr'>scientia;</span> <span class='ocrx_word' id='word_1_657' title='bbox 3209 3786 3511 3846; x_wconf 80' lang='lat' dir='ltr'>claudatur.</span> 
     </span>
    </p>
   </div>
   <div class='ocr_carea' id='block_1_65' title="bbox 1911 3871 3513 3949">
    <p class='ocr_par' dir='ltr' id='par_1_65' title="bbox 1911 3871 3513 3949">
     <span class='ocr_line' id='line_1_65' title="bbox 1911 3871 3513 3949; baseline 0.004 -22"><span class='ocrx_word' id='word_1_658' title='bbox 1911 3872 1983 3927; x_wconf 87' lang='lat' dir='ltr'>Et</span> <span class='ocrx_word' id='word_1_659' title='bbox 2011 3873 2116 3928; x_wconf 91' lang='lat' dir='ltr'>hoc</span> <span class='ocrx_word' id='word_1_660' title='bbox 2145 3888 2246 3943; x_wconf 89' lang='lat' dir='ltr'>per</span> <span class='ocrx_word' id='word_1_661' title='bbox 2275 3872 2554 3928; x_wconf 87' lang='lat' dir='ltr'>inductam</span> <span class='ocrx_word' id='word_1_662' title='bbox 2601 3871 3011 3929; x_wconf 88' lang='lat' dir='ltr'>similitudinem</span> <span class='ocrx_word' id='word_1_663' title='bbox 3039 3874 3235 3931; x_wconf 90' lang='lat' dir='ltr'>Paulus</span> <span class='ocrx_word' id='word_1_664' title='bbox 3264 3876 3513 3949; x_wconf 89' lang='lat' dir='ltr'>destruit,</span> 
     </span>
    </p>
   </div>
   <div class='ocr_carea' id='block_1_66' title="bbox 1913 3961 3513 4037">
    <p class='ocr_par' dir='ltr' id='par_1_66' title="bbox 1913 3961 3513 4037">
     <span class='ocr_line' id='line_1_66' title="bbox 1913 3961 3513 4037; baseline 0.006 -21"><span class='ocrx_word' id='word_1_665' title='bbox 1913 3962 2061 4034; x_wconf 91' lang='lat' dir='ltr'>quod</span> <span class='ocrx_word' id='word_1_666' title='bbox 2107 3978 2209 4018; x_wconf 91' lang='lat' dir='ltr'>nec</span> <span class='ocrx_word' id='word_1_667' title='bbox 2264 3961 2357 4017; x_wconf 90' lang='lat' dir='ltr'>illa</span> <span class='ocrx_word' id='word_1_668' title='bbox 2412 3961 2638 4018; x_wconf 90' lang='lat' dir='ltr'>scientia</span> <span class='ocrx_word' id='word_1_669' title='bbox 2685 3978 2809 4034; x_wconf 74' lang='lat' dir='ltr'>quae</span> <span class='ocrx_word' id='word_1_670' title='bbox 2852 3979 2999 4019; x_wconf 88' lang='lat' dir='ltr'>nunc</span> <span class='ocrx_word' id='word_1_671' title='bbox 3045 3972 3129 4020; x_wconf 90' lang='lat' dir='ltr'>est</span> <span class='ocrx_word' id='word_1_672' title='bbox 3158 3976 3513 4037; x_wconf 87' lang='lat' dir='ltr'>permaneat;</span> 
     </span>
    </p>
   </div>
   <div class='ocr_carea' id='block_1_67' title="bbox 1912 4050 3520 4126">
    <p class='ocr_par' dir='ltr' id='par_1_67' title="bbox 1912 4050 3520 4126">
     <span class='ocr_line' id='line_1_67' title="bbox 1912 4050 3520 4126; baseline 0.006 -21"><span class='ocrx_word' id='word_1_673' title='bbox 1912 4051 2041 4123; x_wconf 90' lang='lat' dir='ltr'>quia</span> <span class='ocrx_word' id='word_1_674' title='bbox 2070 4051 2528 4123; x_wconf 90' lang='lat' dir='ltr'>quemadmodum</span> <span class='ocrx_word' id='word_1_675' title='bbox 2567 4050 2629 4108; x_wconf 86' lang='grc'><strong>1</strong></span> <span class='ocrx_word' id='word_1_676' title='bbox 2647 4051 2804 4108; x_wconf 76' lang='lat' dir='ltr'>3S</span> <span class='ocrx_word' id='word_1_677' title='bbox 2833 4069 2972 4124; x_wconf 90' lang='lat' dir='ltr'>puer</span> <span class='ocrx_word' id='word_1_678' title='bbox 3008 4053 3084 4109; x_wconf 91' lang='lat' dir='ltr'>nil</span> <span class='ocrx_word' id='word_1_679' title='bbox 3111 4071 3212 4126; x_wconf 90' lang='lat' dir='ltr'>per</span> <span class='ocrx_word' id='word_1_680' title='bbox 3239 4057 3520 4126; x_wconf 86' lang='lat' dir='ltr'>rationem,</span> 
     </span>
    </p>
   </div>
   <div class='ocr_carea' id='block_1_68' title="bbox 1916 4142 3514 4221">
    <p class='ocr_par' dir='ltr' id='par_1_68' title="bbox 1916 4142 3514 4221">
     <span class='ocr_line' id='line_1_68' title="bbox 1916 4142 3514 4221; baseline 0.005 -26"><span class='ocrx_word' id='word_1_681' title='bbox 1916 4142 2014 4196; x_wconf 90' lang='lat' dir='ltr'>sed</span> <span class='ocrx_word' id='word_1_682' title='bbox 2042 4158 2144 4213; x_wconf 90' lang='lat' dir='ltr'>per</span> <span class='ocrx_word' id='word_1_683' title='bbox 2172 4157 2368 4197; x_wconf 87' lang='lat' dir='ltr'>sensus</span> <span class='ocrx_word' id='word_1_684' title='bbox 2397 4149 2452 4196; x_wconf 88' lang='lat' dir='ltr'>et</span> <span class='ocrx_word' id='word_1_685' title='bbox 2481 4157 2582 4211; x_wconf 93' lang='lat' dir='ltr'>per</span> <span class='ocrx_word' id='word_1_686' title='bbox 2612 4142 2877 4213; x_wconf 89' lang='lat' dir='ltr'>quasdam</span> <span class='ocrx_word' id='word_1_687' title='bbox 2909 4143 3181 4217; x_wconf 84' lang='lat' dir='ltr'>imagines</span> <span class='ocrx_word' id='word_1_688' title='bbox 3210 4145 3465 4221; x_wconf 85' lang='lat' dir='ltr'>intelligit</span> <span class='ocrx_word' id='word_1_689' title='bbox 3500 4166 3514 4204; x_wconf 89' lang='lat'><strong>:</strong></span> 
     </span>
    </p>
   </div>
   <div class='ocr_carea' id='block_1_69' title="bbox 1916 4230 3523 4302">
    <p class='ocr_par' dir='ltr' id='par_1_69' title="bbox 1916 4230 3523 4302">
     <span class='ocr_line' id='line_1_69' title="bbox 1916 4230 3523 4302; baseline 0.004 -17"><span class='ocrx_word' id='word_1_690' title='bbox 1916 4230 1986 4286; x_wconf 92' lang='lat' dir='ltr'>de</span> <span class='ocrx_word' id='word_1_691' title='bbox 2015 4230 2196 4301; x_wconf 88' lang='lat' dir='ltr'>lapide</span> <span class='ocrx_word' id='word_1_692' title='bbox 2227 4230 2373 4302; x_wconf 87' lang='lat' dir='ltr'>quod</span> <span class='ocrx_word' id='word_1_693' title='bbox 2401 4230 2575 4285; x_wconf 90' lang='lat' dir='ltr'>durus</span> <span class='ocrx_word' id='word_1_694' title='bbox 2604 4230 2674 4285; x_wconf 93' lang='lat' dir='ltr'>sit</span> <span class='ocrx_word' id='word_1_695' title='bbox 2702 4239 2756 4286; x_wconf 92' lang='lat' dir='ltr'>et</span> <span class='ocrx_word' id='word_1_696' title='bbox 2783 4230 3011 4298; x_wconf 90' lang='lat' dir='ltr'>solidus,</span> <span class='ocrx_word' id='word_1_697' title='bbox 3045 4241 3099 4289; x_wconf 94' lang='lat' dir='ltr'>et</span> <span class='ocrx_word' id='word_1_698' title='bbox 3126 4234 3197 4290; x_wconf 90' lang='lat' dir='ltr'>de</span> <span class='ocrx_word' id='word_1_699' title='bbox 3215 4235 3339 4290; x_wconf 91' lang='lat' dir='ltr'>aliis</span> <span class='ocrx_word' id='word_1_700' title='bbox 3370 4237 3523 4292; x_wconf 90' lang='lat' dir='ltr'>simi-</span> 
     </span>
    </p>
   </div>
   <div class='ocr_carea' id='block_1_70' title="bbox 1916 4318 3523 4391">
    <p class='ocr_par' dir='ltr' id='par_1_70' title="bbox 1916 4318 3523 4391">
     <span class='ocr_line' id='line_1_70' title="bbox 1916 4318 3523 4391; baseline 0.004 -16"><span class='ocrx_word' id='word_1_701' title='bbox 1916 4319 2073 4386; x_wconf 87' lang='lat' dir='ltr'>liter;</span> <span class='ocrx_word' id='word_1_702' title='bbox 2104 4334 2230 4375; x_wconf 90' lang='lat' dir='ltr'>cum</span> <span class='ocrx_word' id='word_1_703' title='bbox 2256 4326 2439 4374; x_wconf 90' lang='lat' dir='ltr'>autem</span> <span class='ocrx_word' id='word_1_704' title='bbox 2478 4318 2626 4374; x_wconf 92' lang='lat' dir='ltr'>idem</span> <span class='ocrx_word' id='word_1_705' title='bbox 2652 4336 2790 4391; x_wconf 90' lang='lat' dir='ltr'>puer</span> <span class='ocrx_word' id='word_1_706' title='bbox 2819 4319 2997 4377; x_wconf 90' lang='lat' dir='ltr'>factus</span> <span class='ocrx_word' id='word_1_707' title='bbox 3028 4329 3113 4378; x_wconf 91' lang='lat' dir='ltr'>est</span> <span class='ocrx_word' id='word_1_708' title='bbox 3141 4323 3245 4391; x_wconf 89' lang='lat' dir='ltr'>vir,</span> <span class='ocrx_word' id='word_1_709' title='bbox 3278 4324 3523 4382; x_wconf 89' lang='lat' dir='ltr'>dimissis</span> 
     </span>
    </p>
   </div>
   <div class='ocr_carea' id='block_1_71' title="bbox 1919 4407 3525 4481">
    <p class='ocr_par' dir='ltr' id='par_1_71' title="bbox 1919 4407 3525 4481">
     <span class='ocr_line' id='line_1_71' title="bbox 1919 4407 3525 4481; baseline 0.005 -18"><span class='ocrx_word' id='word_1_710' title='bbox 1919 4407 2273 4481; x_wconf 89' lang='lat' dir='ltr'>imaginibus,</span> <span class='ocrx_word' id='word_1_711' title='bbox 2327 4409 2443 4478; x_wconf 89' lang='lat' dir='ltr'>jam</span> <span class='ocrx_word' id='word_1_712' title='bbox 2500 4423 2610 4464; x_wconf 91' lang='lat' dir='ltr'>non</span> <span class='ocrx_word' id='word_1_713' title='bbox 2662 4408 2941 4480; x_wconf 90' lang='lat' dir='ltr'>corporali</span> <span class='ocrx_word' id='word_1_714' title='bbox 2995 4426 3160 4467; x_wconf 91' lang='lat' dir='ltr'>sensu</span> <span class='ocrx_word' id='word_1_715' title='bbox 3207 4413 3525 4472; x_wconf 90' lang='lat' dir='ltr'>discernere</span> 
     </span>
    </p>
   </div>
   <div class='ocr_carea' id='block_1_72' title="bbox 1922 4496 3524 4575">
    <p class='ocr_par' dir='ltr' id='par_1_72' title="bbox 1922 4496 3524 4575">
     <span class='ocr_line' id='line_1_72' title="bbox 1922 4496 3524 4575; baseline 0.006 -24"><span class='ocrx_word' id='word_1_716' title='bbox 1922 4512 2194 4569; x_wconf 64' lang='lat' dir='ltr'>quaerens,</span> <span class='ocrx_word' id='word_1_717' title='bbox 2227 4496 2348 4553; x_wconf 88' lang='lat' dir='ltr'>sola</span> <span class='ocrx_word' id='word_1_718' title='bbox 2374 4496 2431 4552; x_wconf 89' lang='lat' dir='ltr'>vi</span> <span class='ocrx_word' id='word_1_719' title='bbox 2459 4497 2687 4552; x_wconf 90' lang='lat' dir='ltr'>rationis</span> <span class='ocrx_word' id='word_1_720' title='bbox 2720 4497 2887 4569; x_wconf 90' lang='lat' dir='ltr'>longe</span> <span class='ocrx_word' id='word_1_721' title='bbox 2914 4499 3111 4555; x_wconf 91' lang='lat' dir='ltr'>melius</span> <span class='ocrx_word' id='word_1_722' title='bbox 3138 4502 3424 4575; x_wconf 89' lang='lat' dir='ltr'>cognoscit</span> <span class='ocrx_word' id='word_1_723' title='bbox 3452 4503 3524 4560; x_wconf 89' lang='lat' dir='ltr'>de</span> 
     </span>
    </p>
   </div>
   <div class='ocr_carea' id='block_1_73' title="bbox 198 4584 3523 4664">
    <p class='ocr_par' dir='ltr' id='par_1_73' title="bbox 198 4584 3523 4664">
     <span class='ocr_line' id='line_1_73' title="bbox 198 4584 3523 4664; baseline 0.003 -25"><span class='ocrx_word' id='word_1_724' title='bbox 198 4586 249 4639; x_wconf 92' lang='lat' dir='ltr'>id</span> <span class='ocrx_word' id='word_1_725' title='bbox 281 4595 370 4642; x_wconf 91' lang='lat' dir='ltr'>est</span> <span class='ocrx_word' id='word_1_726' title='bbox 420 4584 672 4641; x_wconf 90' lang='lat' dir='ltr'>diversis</span> <span class='ocrx_word' id='word_1_727' title='bbox 702 4584 967 4651; x_wconf 90' lang='lat' dir='ltr'>tribuero,</span> <span class='ocrx_word' id='word_1_728' title='bbox 999 4600 1109 4641; x_wconf 90' lang='lat' dir='ltr'>non</span> <span class='ocrx_word' id='word_1_729' title='bbox 1134 4586 1412 4657; x_wconf 86' lang='lat' dir='ltr'>superﬂua</span> <span class='ocrx_word' id='word_1_730' title='bbox 1440 4602 1561 4641; x_wconf 90' lang='lat' dir='ltr'>mea</span> <span class='ocrx_word' id='word_1_731' title='bbox 1591 4594 1818 4653; x_wconf 90' lang='lat' dir='ltr'>tantum,</span> <span class='ocrx_word' id='word_1_732' title='bbox 1840 4585 1895 4646; x_wconf 92' lang='lat' dir='ltr'><strong>D</strong></span> <span class='ocrx_word' id='word_1_733' title='bbox 1925 4584 2169 4653; x_wconf 89' lang='lat' dir='ltr'>eisdem;</span> <span class='ocrx_word' id='word_1_734' title='bbox 2217 4585 2294 4641; x_wconf 91' lang='lat' dir='ltr'>ita</span> <span class='ocrx_word' id='word_1_735' title='bbox 2353 4592 2412 4640; x_wconf 90' lang='lat' dir='ltr'>ut</span> <span class='ocrx_word' id='word_1_736' title='bbox 2460 4585 2730 4641; x_wconf 91' lang='lat' dir='ltr'>sensualis</span> <span class='ocrx_word' id='word_1_737' title='bbox 2792 4595 2847 4642; x_wconf 89' lang='lat' dir='ltr'>et</span> <span class='ocrx_word' id='word_1_738' title='bbox 2893 4587 3214 4661; x_wconf 86' lang='lat' dir='ltr'>imaginaria</span> <span class='ocrx_word' id='word_1_739' title='bbox 3261 4591 3523 4664; x_wconf 87' lang='lat' dir='ltr'>cognitio,</span> 
     </span>
    </p>
   </div>
   <div class='ocr_carea' id='block_1_74' title="bbox 194 4673 1821 4747">
    <p class='ocr_par' dir='ltr' id='par_1_74' title="bbox 194 4673 1821 4747">
     <span class='ocr_line' id='line_1_74' title="bbox 194 4673 1821 4747; baseline 0.001 -17"><span class='ocrx_word' id='word_1_740' title='bbox 194 4674 294 4730; x_wconf 89' lang='lat' dir='ltr'>sed</span> <span class='ocrx_word' id='word_1_741' title='bbox 324 4674 505 4730; x_wconf 90' lang='lat' dir='ltr'>etiam</span> <span class='ocrx_word' id='word_1_742' title='bbox 548 4673 860 4745; x_wconf 77' lang='lat' dir='ltr'>facultates</span> <span class='ocrx_word' id='word_1_743' title='bbox 899 4691 1076 4741; x_wconf 86' lang='lat' dir='ltr'>meas,</span> <span class='ocrx_word' id='word_1_744' title='bbox 1125 4674 1181 4730; x_wconf 94' lang='lat' dir='ltr'>id</span> <span class='ocrx_word' id='word_1_745' title='bbox 1221 4682 1322 4742; x_wconf 90' lang='lat' dir='ltr'>est,</span> <span class='ocrx_word' id='word_1_746' title='bbox 1356 4691 1476 4747; x_wconf 73' lang='lat' dir='ltr'>quae</span> <span class='ocrx_word' id='word_1_747' title='bbox 1516 4675 1739 4732; x_wconf 84' lang='lat' dir='ltr'>facultas</span> <span class='ocrx_word' id='word_1_748' title='bbox 1770 4683 1821 4731; x_wconf 91' lang='lat' dir='ltr'>et</span> 
     </span>
    </p>
   </div>
   <div class='ocr_carea' id='block_1_75' title="bbox 194 4762 1821 4835">
    <p class='ocr_par' dir='ltr' id='par_1_75' title="bbox 194 4762 1821 4835">
     <span class='ocr_line' id='line_1_75' title="bbox 194 4762 1821 4835; baseline 0.001 -17"><span class='ocrx_word' id='word_1_749' title='bbox 194 4764 557 4835; x_wconf 86' lang='lat' dir='ltr'>possibilitas</span> <span class='ocrx_word' id='word_1_750' title='bbox 574 4771 720 4819; x_wconf 90' lang='lat' dir='ltr'>esset</span> <span class='ocrx_word' id='word_1_751' title='bbox 740 4762 873 4817; x_wconf 91' lang='lat' dir='ltr'>mihi</span> <span class='ocrx_word' id='word_1_752' title='bbox 893 4764 1131 4819; x_wconf 89' lang='lat' dir='ltr'>retinere</span> <span class='ocrx_word' id='word_1_753' title='bbox 1172 4779 1184 4818; x_wconf 92' lang='lat'>:</span> <span class='ocrx_word' id='word_1_754' title='bbox 1208 4764 1546 4821; x_wconf 83' lang='lat' dir='ltr'>distribuero</span> <span class='ocrx_word' id='word_1_755' title='bbox 1567 4764 1692 4821; x_wconf 89' lang='lat' dir='ltr'>dico</span> <span class='ocrx_word' id='word_1_756' title='bbox 1710 4780 1821 4820; x_wconf 92' lang='lat' dir='ltr'>non</span> 
     </span>
    </p>
   </div>
   <div class='ocr_carea' id='block_1_76' title="bbox 196 4851 1821 4927">
    <p class='ocr_par' dir='ltr' id='par_1_76' title="bbox 196 4851 1821 4927">
     <span class='ocr_line' id='line_1_76' title="bbox 196 4851 1821 4927; baseline 0 -20"><span class='ocrx_word' id='word_1_757' title='bbox 196 4853 250 4908; x_wconf 90' lang='lat' dir='ltr'>in</span> <span class='ocrx_word' id='word_1_758' title='bbox 266 4853 592 4926; x_wconf 85' lang='lat' dir='ltr'>superflua,</span> <span class='ocrx_word' id='word_1_759' title='bbox 615 4851 708 4907; x_wconf 87' lang='lat' dir='ltr'>sed</span> <span class='ocrx_word' id='word_1_760' title='bbox 728 4853 790 4907; x_wconf 83' lang='lat' dir='ltr'>in</span> <span class='ocrx_word' id='word_1_761' title='bbox 801 4852 968 4920; x_wconf 86' lang='lat' dir='ltr'>cibos;</span> <span class='ocrx_word' id='word_1_762' title='bbox 988 4867 1092 4909; x_wconf 89' lang='lat' dir='ltr'>nec</span> <span class='ocrx_word' id='word_1_763' title='bbox 1106 4852 1353 4920; x_wconf 87' lang='lat' dir='ltr'>divitum,</span> <span class='ocrx_word' id='word_1_764' title='bbox 1372 4854 1468 4908; x_wconf 90' lang='lat' dir='ltr'>sed</span> <span class='ocrx_word' id='word_1_765' title='bbox 1482 4869 1821 4927; x_wconf 86' lang='lat' dir='ltr'>pauperum;</span> 
     </span>
    </p>
   </div>
   <div class='ocr_carea' id='block_1_77' title="bbox 197 4943 1824 5014">
    <p class='ocr_par' dir='ltr' id='par_1_77' title="bbox 197 4943 1824 5014">
     <span class='ocr_line' id='line_1_77' title="bbox 197 4943 1824 5014; baseline 0.001 -16"><span class='ocrx_word' id='word_1_766' title='bbox 197 4951 250 4998; x_wconf 91' lang='lat' dir='ltr'>et</span> <span class='ocrx_word' id='word_1_767' title='bbox 273 4959 502 5011; x_wconf 85' lang='lat' dir='ltr'>omnes,</span> <span class='ocrx_word' id='word_1_768' title='bbox 541 4948 809 5014; x_wconf 91' lang='lat' dir='ltr'>quotquot</span> <span class='ocrx_word' id='word_1_769' title='bbox 837 4949 988 5011; x_wconf 88' lang='lat' dir='ltr'>sunt,</span> <span class='ocrx_word' id='word_1_770' title='bbox 1021 4944 1333 5014; x_wconf 80' lang='lat' dir='ltr'>facultates</span> <span class='ocrx_word' id='word_1_771' title='bbox 1367 4947 1425 4999; x_wconf 90' lang='lat' dir='ltr'>et</span> <span class='ocrx_word' id='word_1_772' title='bbox 1457 4943 1507 4998; x_wconf 84' lang='lat' dir='ltr'>si</span> <span class='ocrx_word' id='word_1_773' title='bbox 1537 4943 1824 4999; x_wconf 85' lang='lat' dir='ltr'>tradidere</span> 
     </span>
    </p>
   </div>
   <div class='ocr_carea' id='block_1_78' title="bbox 199 5031 1822 5106">
    <p class='ocr_par' dir='ltr' id='par_1_78' title="bbox 199 5031 1822 5106">
     <span class='ocr_line' id='line_1_78' title="bbox 199 5031 1822 5106; baseline 0 -19"><span class='ocrx_word' id='word_1_774' title='bbox 199 5048 405 5106; x_wconf 85' lang='lat' dir='ltr'>corpus</span> <span class='ocrx_word' id='word_1_775' title='bbox 434 5047 662 5093; x_wconf 86' lang='lat' dir='ltr'>meum,</span> <span class='ocrx_word' id='word_1_776' title='bbox 690 5031 775 5086; x_wconf 86' lang='lat' dir='ltr'>ita</span> <span class='ocrx_word' id='word_1_777' title='bbox 823 5034 890 5087; x_wconf 92' lang='lat' dir='ltr'>ut</span> <span class='ocrx_word' id='word_1_778' title='bbox 919 5031 1170 5096; x_wconf 89' lang='lat' dir='ltr'>ardeam,</span> <span class='ocrx_word' id='word_1_779' title='bbox 1205 5032 1345 5088; x_wconf 88' lang='lat' dir='ltr'>sicut</span> <span class='ocrx_word' id='word_1_780' title='bbox 1373 5032 1432 5087; x_wconf 86' lang='grc' dir='ltr'>Β.</span> <span class='ocrx_word' id='word_1_781' title='bbox 1476 5032 1822 5099; x_wconf 90' lang='lat' dir='ltr'>Laurentius,</span> 
     </span>
    </p>
   </div>
   <div class='ocr_carea' id='block_1_79' title="bbox 203 5119 1824 5194">
    <p class='ocr_par' dir='ltr' id='par_1_79' title="bbox 203 5119 1824 5194">
     <span class='ocr_line' id='line_1_79' title="bbox 203 5119 1824 5194; baseline 0.001 -18"><span class='ocrx_word' id='word_1_782' title='bbox 203 5122 566 5179; x_wconf 87' lang='lat' dir='ltr'>charitatem</span> <span class='ocrx_word' id='word_1_783' title='bbox 599 5122 797 5176; x_wconf 86' lang='lat' dir='ltr'>autem</span> <span class='ocrx_word' id='word_1_784' title='bbox 818 5136 934 5176; x_wconf 89' lang='lat' dir='ltr'>non</span> <span class='ocrx_word' id='word_1_785' title='bbox 956 5119 1216 5187; x_wconf 85' lang='lat' dir='ltr'>habuero,</span> <span class='ocrx_word' id='word_1_786' title='bbox 1241 5122 1392 5177; x_wconf 90' lang='lat' dir='ltr'>nihil</span> <span class='ocrx_word' id='word_1_787' title='bbox 1409 5120 1554 5177; x_wconf 90' lang='lat' dir='ltr'>mihi</span> <span class='ocrx_word' id='word_1_788' title='bbox 1573 5121 1824 5194; x_wconf 83' lang='lat' dir='ltr'>prodest.</span> 
     </span>
    </p>
   </div>
   <div class='ocr_carea' id='block_1_80' title="bbox 274 5208 1825 5281">
    <p class='ocr_par' dir='ltr' id='par_1_80' title="bbox 274 5208 1825 5281">
     <span class='ocr_line' id='line_1_80' title="bbox 274 5208 1825 5281; baseline -0.002 -13"><span class='ocrx_word' id='word_1_789' title='bbox 274 5212 496 5268; x_wconf 68' lang='lat' dir='ltr'>Cetera</span> <span class='ocrx_word' id='word_1_790' title='bbox 529 5209 657 5265; x_wconf 91' lang='lat' dir='ltr'>sine</span> <span class='ocrx_word' id='word_1_791' title='bbox 688 5208 952 5265; x_wconf 87' lang='lat' dir='ltr'>charitate</span> <span class='ocrx_word' id='word_1_792' title='bbox 983 5224 1095 5265; x_wconf 92' lang='lat' dir='ltr'>non</span> <span class='ocrx_word' id='word_1_793' title='bbox 1123 5217 1390 5281; x_wconf 90' lang='lat' dir='ltr'>prosunt;</span> <span class='ocrx_word' id='word_1_794' title='bbox 1432 5210 1531 5266; x_wconf 90' lang='lat' dir='ltr'>sed</span> <span class='ocrx_word' id='word_1_795' title='bbox 1551 5209 1825 5278; x_wconf 71' lang='lat' dir='ltr'>Charitas,</span> 
     </span>
    </p>
   </div>
   <div class='ocr_carea' id='block_1_81' title="bbox 208 5295 1830 5372">
    <p class='ocr_par' dir='ltr' id='par_1_81' title="bbox 208 5295 1830 5372">
     <span class='ocr_line' id='line_1_81' title="bbox 208 5295 1830 5372; baseline -0.001 -17"><span class='ocrx_word' id='word_1_796' title='bbox 208 5299 417 5356; x_wconf 79' lang='lat' dir='ltr'>etiamsi</span> <span class='ocrx_word' id='word_1_797' title='bbox 445 5315 555 5372; x_wconf 88' lang='lat' dir='ltr'>per</span> <span class='ocrx_word' id='word_1_798' title='bbox 588 5313 650 5353; x_wconf 90' lang='lat' dir='ltr'>se</span> <span class='ocrx_word' id='word_1_799' title='bbox 678 5295 1018 5353; x_wconf 89' lang='lat' dir='ltr'>considerari</span> <span class='ocrx_word' id='word_1_800' title='bbox 1047 5306 1232 5370; x_wconf 85' lang='lat' dir='ltr'>queat,</span> <span class='ocrx_word' id='word_1_801' title='bbox 1265 5300 1493 5372; x_wconf 89' lang='lat' dir='ltr'>patiens</span> <span class='ocrx_word' id='word_1_802' title='bbox 1523 5303 1628 5365; x_wconf 87' lang='lat' dir='ltr'>est,</span> <span class='ocrx_word' id='word_1_803' title='bbox 1660 5298 1716 5354; x_wconf 92' lang='lat' dir='ltr'>id</span> <span class='ocrx_word' id='word_1_804' title='bbox 1746 5307 1830 5355; x_wconf 90' lang='lat' dir='ltr'>est</span> 
     </span>
    </p>
   </div>
   <div class='ocr_carea' id='block_1_82' title="bbox 208 5385 1830 5460">
    <p class='ocr_par' dir='ltr' id='par_1_82' title="bbox 208 5385 1830 5460">
     <span class='ocr_line' id='line_1_82' title="bbox 208 5385 1830 5460; baseline 0.001 -18"><span class='ocrx_word' id='word_1_805' title='bbox 208 5389 465 5445; x_wconf 84' lang='lat' dir='ltr'>virtutem</span> <span class='ocrx_word' id='word_1_806' title='bbox 527 5385 813 5459; x_wconf 61' lang='lat' dir='ltr'>patientia</span> <span class='ocrx_word' id='word_1_807' title='bbox 862 5387 1043 5453; x_wconf 89' lang='lat' dir='ltr'>habet,</span> <span class='ocrx_word' id='word_1_808' title='bbox 1091 5387 1305 5442; x_wconf 88' lang='lat' dir='ltr'>etiamsi</span> <span class='ocrx_word' id='word_1_809' title='bbox 1344 5386 1476 5442; x_wconf 89' lang='lat' dir='ltr'>nihil</span> <span class='ocrx_word' id='word_1_810' title='bbox 1505 5387 1830 5460; x_wconf 89' lang='lat' dir='ltr'>quandoque</span> 
     </span>
    </p>
   </div>
   <div class='ocr_carea' id='block_1_83' title="bbox 207 5474 1831 5549">
    <p class='ocr_par' dir='ltr' id='par_1_83' title="bbox 207 5474 1831 5549">
     <span class='ocr_line' id='line_1_83' title="bbox 207 5474 1831 5549; baseline -0.002 -16"><span class='ocrx_word' id='word_1_811' title='bbox 207 5477 463 5549; x_wconf 86' lang='lat' dir='ltr'>patiatur.</span> <span class='ocrx_word' id='word_1_812' title='bbox 516 5477 628 5533; x_wconf 82' lang='lat' dir='ltr'>Est</span> <span class='ocrx_word' id='word_1_813' title='bbox 676 5474 841 5530; x_wconf 88' lang='lat' dir='ltr'>etiam</span> <span class='ocrx_word' id='word_1_814' title='bbox 889 5475 1152 5547; x_wconf 86' lang='lat' dir='ltr'>benigna,</span> <span class='ocrx_word' id='word_1_815' title='bbox 1196 5475 1251 5530; x_wconf 88' lang='lat' dir='ltr'>id</span> <span class='ocrx_word' id='word_1_816' title='bbox 1281 5483 1362 5531; x_wconf 89' lang='lat' dir='ltr'>est</span> <span class='ocrx_word' id='word_1_817' title='bbox 1390 5476 1546 5549; x_wconf 88' lang='lat' dir='ltr'>larga</span> <span class='ocrx_word' id='word_1_818' title='bbox 1575 5483 1628 5531; x_wconf 93' lang='lat' dir='ltr'>et</span> <span class='ocrx_word' id='word_1_819' title='bbox 1655 5475 1831 5530; x_wconf 88' lang='lat' dir='ltr'>abun-</span> 
     </span>
    </p>
   </div>
   <div class='ocr_carea' id='block_1_84' title="bbox 209 5563 1834 5637">
    <p class='ocr_par' dir='ltr' id='par_1_84' title="bbox 209 5563 1834 5637">
     <span class='ocr_line' id='line_1_84' title="bbox 209 5563 1834 5637; baseline -0.002 -15"><span class='ocrx_word' id='word_1_820' title='bbox 209 5565 344 5622; x_wconf 81' lang='lat' dir='ltr'>dans</span> <span class='ocrx_word' id='word_1_821' title='bbox 386 5564 699 5623; x_wconf 89' lang='lat' dir='ltr'>dilectione</span> <span class='ocrx_word' id='word_1_822' title='bbox 756 5563 1007 5635; x_wconf 86' lang='lat' dir='ltr'>proximi,</span> <span class='ocrx_word' id='word_1_823' title='bbox 1066 5565 1232 5620; x_wconf 90' lang='lat' dir='ltr'>etiam</span> <span class='ocrx_word' id='word_1_824' title='bbox 1277 5564 1323 5619; x_wconf 90' lang='lat' dir='ltr'>si</span> <span class='ocrx_word' id='word_1_825' title='bbox 1355 5580 1463 5621; x_wconf 90' lang='lat' dir='ltr'>non</span> <span class='ocrx_word' id='word_1_826' title='bbox 1502 5565 1664 5620; x_wconf 89' lang='lat' dir='ltr'>habet</span> <span class='ocrx_word' id='word_1_827' title='bbox 1702 5564 1834 5637; x_wconf 91' lang='lat' dir='ltr'>quid</span> 
     </span>
    </p>
   </div>
   <div class='ocr_carea' id='block_1_85' title="bbox 212 5652 1834 5726">
    <p class='ocr_par' dir='ltr' id='par_1_85' title="bbox 212 5652 1834 5726">
     <span class='ocr_line' id='line_1_85' title="bbox 212 5652 1834 5726; baseline -0.001 -16"><span class='ocrx_word' id='word_1_828' title='bbox 212 5656 427 5715; x_wconf 85' lang='lat' dir='ltr'>tribuat.</span> <span class='ocrx_word' id='word_1_829' title='bbox 477 5656 793 5725; x_wconf 87' lang='lat' dir='ltr'>Postquam</span> <span class='ocrx_word' id='word_1_830' title='bbox 848 5652 990 5709; x_wconf 90' lang='lat' dir='ltr'>bona</span> <span class='ocrx_word' id='word_1_831' title='bbox 1045 5652 1101 5708; x_wconf 93' lang='lat' dir='ltr'>in</span> <span class='ocrx_word' id='word_1_832' title='bbox 1158 5653 1420 5710; x_wconf 88' lang='lat' dir='ltr'>charitate</span> <span class='ocrx_word' id='word_1_833' title='bbox 1456 5653 1656 5726; x_wconf 88' lang='lat' dir='ltr'>posuit,</span> <span class='ocrx_word' id='word_1_834' title='bbox 1689 5652 1834 5708; x_wconf 91' lang='lat' dir='ltr'>mala</span> 
     </span>
    </p>
   </div>
   <div class='ocr_carea' id='block_1_86' title="bbox 215 5741 1828 5811">
    <p class='ocr_par' dir='ltr' id='par_1_86' title="bbox 215 5741 1828 5811">
     <span class='ocr_line' id='line_1_86' title="bbox 215 5741 1828 5811; baseline -0.004 -7"><span class='ocrx_word' id='word_1_835' title='bbox 215 5754 457 5807; x_wconf 85' lang='lat' dir='ltr'>removet</span> <span class='ocrx_word' id='word_1_836' title='bbox 471 5746 549 5803; x_wconf 89' lang='lat' dir='ltr'>ab</span> <span class='ocrx_word' id='word_1_837' title='bbox 566 5741 796 5811; x_wconf 89' lang='lat' dir='ltr'>eadem,</span> <span class='ocrx_word' id='word_1_838' title='bbox 821 5741 1008 5800; x_wconf 89' lang='lat' dir='ltr'>dicens</span> <span class='ocrx_word' id='word_1_839' title='bbox 1032 5760 1046 5800; x_wconf 92' lang='lat'><strong>:</strong></span> <span class='ocrx_word' id='word_1_840' title='bbox 1074 5743 1339 5802; x_wconf 86' lang='lat' dir='ltr'>Charitas</span> <span class='ocrx_word' id='word_1_841' title='bbox 1360 5759 1476 5803; x_wconf 88' lang='lat' dir='ltr'>non</span> <span class='ocrx_word' id='word_1_842' title='bbox 1496 5744 1828 5809; x_wconf 73' lang='lat' dir='ltr'>wmulatur,</span> 
     </span>
    </p>
   </div>
   <div class='ocr_carea' id='block_1_87' title="bbox 1923 4673 3529 4747">
    <p class='ocr_par' dir='ltr' id='par_1_87' title="bbox 1923 4673 3529 4747">
     <span class='ocr_line' id='line_1_87' title="bbox 1923 4673 3529 4747; baseline 0.005 -18"><span class='ocrx_word' id='word_1_843' title='bbox 1923 4690 2084 4747; x_wconf 91' lang='lat' dir='ltr'>quam</span> <span class='ocrx_word' id='word_1_844' title='bbox 2115 4690 2254 4746; x_wconf 90' lang='lat' dir='ltr'>puer</span> <span class='ocrx_word' id='word_1_845' title='bbox 2282 4673 2488 4745; x_wconf 87' lang='lat' dir='ltr'>habuit,</span> <span class='ocrx_word' id='word_1_846' title='bbox 2523 4674 2671 4730; x_wconf 89' lang='lat' dir='ltr'>nulla</span> <span class='ocrx_word' id='word_1_847' title='bbox 2693 4675 2809 4744; x_wconf 88' lang='lat' dir='ltr'>jam</span> <span class='ocrx_word' id='word_1_848' title='bbox 2839 4676 2943 4731; x_wconf 88' lang='lat' dir='ltr'>sibi</span> <span class='ocrx_word' id='word_1_849' title='bbox 2959 4676 3168 4733; x_wconf 88' lang='lat' dir='ltr'>ratione</span> <span class='ocrx_word' id='word_1_850' title='bbox 3202 4680 3372 4735; x_wconf 89' lang='lat' dir='ltr'>utenti</span> <span class='ocrx_word' id='word_1_851' title='bbox 3402 4696 3529 4738; x_wconf 89' lang='lat' dir='ltr'>esse</span> 
     </span>
    </p>
   </div>
   <div class='ocr_carea' id='block_1_88' title="bbox 1921 4763 3528 4841">
    <p class='ocr_par' dir='ltr' id='par_1_88' title="bbox 1921 4763 3528 4841">
     <span class='ocr_line' id='line_1_88' title="bbox 1921 4763 3528 4841; baseline 0.003 -19"><span class='ocrx_word' id='word_1_852' title='bbox 1921 4763 2185 4822; x_wconf 83' lang='lat' dir='ltr'>videatur.</span> <span class='ocrx_word' id='word_1_853' title='bbox 2234 4764 2325 4821; x_wconf 91' lang='lat' dir='ltr'>Sic</span> <span class='ocrx_word' id='word_1_854' title='bbox 2382 4763 2607 4821; x_wconf 82' lang='lat' dir='ltr'>scientia</span> <span class='ocrx_word' id='word_1_855' title='bbox 2661 4765 2821 4834; x_wconf 88' lang='lat' dir='ltr'>hujus</span> <span class='ocrx_word' id='word_1_856' title='bbox 2879 4766 3068 4822; x_wconf 90' lang='lat' dir='ltr'>mundi</span> <span class='ocrx_word' id='word_1_857' title='bbox 3112 4784 3213 4839; x_wconf 89' lang='lat' dir='ltr'>per</span> <span class='ocrx_word' id='word_1_858' title='bbox 3259 4770 3528 4841; x_wconf 86' lang='lat' dir='ltr'>quasdam</span> 
     </span>
    </p>
   </div>
   <div class='ocr_carea' id='block_1_89' title="bbox 1924 4852 3530 4929">
    <p class='ocr_par' dir='ltr' id='par_1_89' title="bbox 1924 4852 3530 4929">
     <span class='ocr_line' id='line_1_89' title="bbox 1924 4852 3530 4929; baseline 0.004 -21"><span class='ocrx_word' id='word_1_859' title='bbox 1924 4852 2309 4909; x_wconf 85' lang='lat' dir='ltr'>similitudines</span> <span class='ocrx_word' id='word_1_860' title='bbox 2351 4852 2680 4925; x_wconf 88' lang='lat' dir='ltr'>imaginatur</span> <span class='ocrx_word' id='word_1_861' title='bbox 2725 4855 2941 4922; x_wconf 86' lang='lat' dir='ltr'>Deum;</span> <span class='ocrx_word' id='word_1_862' title='bbox 2972 4865 3029 4912; x_wconf 92' lang='lat' dir='ltr'>ut</span> <span class='ocrx_word' id='word_1_863' title='bbox 3059 4857 3186 4929; x_wconf 90' lang='lat' dir='ltr'>quia</span> <span class='ocrx_word' id='word_1_864' title='bbox 3230 4858 3376 4915; x_wconf 86' lang='lat' dir='ltr'>videt</span> <span class='ocrx_word' id='word_1_865' title='bbox 3421 4859 3530 4915; x_wconf 89' lang='lat' dir='ltr'>ali-</span> 
     </span>
    </p>
   </div>
   <div class='ocr_carea' id='block_1_90' title="bbox 1926 4944 3526 5017">
    <p class='ocr_par' dir='ltr' id='par_1_90' title="bbox 1926 4944 3526 5017">
     <span class='ocr_line' id='line_1_90' title="bbox 1926 4944 3526 5017; baseline 0.004 -19"><span class='ocrx_word' id='word_1_866' title='bbox 1926 4958 2090 5015; x_wconf 91' lang='lat' dir='ltr'>quem</span> <span class='ocrx_word' id='word_1_867' title='bbox 2137 4950 2432 5014; x_wconf 90' lang='lat' dir='ltr'>potentem,</span> <span class='ocrx_word' id='word_1_868' title='bbox 2492 4952 2684 5015; x_wconf 90' lang='lat' dir='ltr'>pensat</span> <span class='ocrx_word' id='word_1_869' title='bbox 2738 4944 2914 5000; x_wconf 89' lang='lat' dir='ltr'>Deum</span> <span class='ocrx_word' id='word_1_870' title='bbox 2970 4946 3065 5017; x_wconf 89' lang='lat' dir='ltr'>qui</span> <span class='ocrx_word' id='word_1_871' title='bbox 3111 4948 3258 5005; x_wconf 91' lang='lat' dir='ltr'>hunc</span> <span class='ocrx_word' id='word_1_872' title='bbox 3303 4950 3526 5017; x_wconf 89' lang='lat' dir='ltr'>creavit,</span> 
     </span>
    </p>
   </div>
   <div class='ocr_carea' id='block_1_91' title="bbox 1926 5032 3533 5105">
    <p class='ocr_par' dir='ltr' id='par_1_91' title="bbox 1926 5032 3533 5105">
     <span class='ocr_line' id='line_1_91' title="bbox 1926 5032 3533 5105; baseline 0.005 -18"><span class='ocrx_word' id='word_1_873' title='bbox 1926 5032 2093 5105; x_wconf 90' lang='lat' dir='ltr'>longe</span> <span class='ocrx_word' id='word_1_874' title='bbox 2141 5032 2529 5103; x_wconf 89' lang='lat' dir='ltr'>potentiorem;</span> <span class='ocrx_word' id='word_1_875' title='bbox 2560 5040 2615 5088; x_wconf 91' lang='lat' dir='ltr'>et</span> <span class='ocrx_word' id='word_1_876' title='bbox 2638 5032 2710 5089; x_wconf 88' lang='lat' dir='ltr'>de</span> <span class='ocrx_word' id='word_1_877' title='bbox 2760 5034 2974 5091; x_wconf 67' lang='lat' dir='ltr'>caeteris</span> <span class='ocrx_word' id='word_1_878' title='bbox 3013 5035 3283 5094; x_wconf 91' lang='lat' dir='ltr'>similiter.</span> <span class='ocrx_word' id='word_1_879' title='bbox 3336 5037 3447 5095; x_wconf 90' lang='lat' dir='ltr'>Sed</span> <span class='ocrx_word' id='word_1_880' title='bbox 3473 5038 3533 5094; x_wconf 90' lang='lat' dir='ltr'>in</span> 
     </span>
    </p>
   </div>
   <div class='ocr_carea' id='block_1_92' title="bbox 1927 5120 3532 5200">
    <p class='ocr_par' dir='ltr' id='par_1_92' title="bbox 1927 5120 3532 5200">
     <span class='ocr_line' id='line_1_92' title="bbox 1927 5120 3532 5200; baseline 0.006 -24"><span class='ocrx_word' id='word_1_881' title='bbox 1927 5120 2112 5177; x_wconf 92' lang='lat' dir='ltr'>futuro</span> <span class='ocrx_word' id='word_1_882' title='bbox 2158 5136 2561 5195; x_wconf 89' lang='lat' dir='ltr'>cognoscemus</span> <span class='ocrx_word' id='word_1_883' title='bbox 2607 5123 2782 5180; x_wconf 91' lang='lat' dir='ltr'>Deum</span> <span class='ocrx_word' id='word_1_884' title='bbox 2838 5124 2996 5181; x_wconf 89' lang='lat' dir='ltr'>sicuti</span> <span class='ocrx_word' id='word_1_885' title='bbox 3051 5135 3183 5183; x_wconf 89' lang='lat' dir='ltr'>est:</span> <span class='ocrx_word' id='word_1_886' title='bbox 3214 5143 3378 5200; x_wconf 88' lang='lat' dir='ltr'>quem</span> <span class='ocrx_word' id='word_1_887' title='bbox 3420 5144 3532 5185; x_wconf 93' lang='lat' dir='ltr'>non</span> 
     </span>
    </p>
   </div>
   <div class='ocr_carea' id='block_1_93' title="bbox 1929 5210 3533 5289">
    <p class='ocr_par' dir='ltr' id='par_1_93' title="bbox 1929 5210 3533 5289">
     <span class='ocr_line' id='line_1_93' title="bbox 1929 5210 3533 5289; baseline 0.005 -22"><span class='ocrx_word' id='word_1_888' title='bbox 1929 5210 2315 5284; x_wconf 88' lang='lat' dir='ltr'>cognoscimus</span> <span class='ocrx_word' id='word_1_889' title='bbox 2351 5210 2518 5267; x_wconf 89' lang='lat' dir='ltr'>modo</span> <span class='ocrx_word' id='word_1_890' title='bbox 2566 5210 2725 5268; x_wconf 90' lang='lat' dir='ltr'>sicuti</span> <span class='ocrx_word' id='word_1_891' title='bbox 2763 5220 2863 5279; x_wconf 92' lang='lat' dir='ltr'>est,</span> <span class='ocrx_word' id='word_1_892' title='bbox 2897 5213 2998 5269; x_wconf 91' lang='lat' dir='ltr'>sed</span> <span class='ocrx_word' id='word_1_893' title='bbox 3028 5221 3235 5271; x_wconf 90' lang='lat' dir='ltr'>tantum</span> <span class='ocrx_word' id='word_1_894' title='bbox 3263 5216 3533 5289; x_wconf 87' lang='lat' dir='ltr'>imagina-</span> 
     </span>
    </p>
   </div>
   <div class='ocr_carea' id='block_1_94' title="bbox 1929 5299 3535 5377">
    <p class='ocr_par' dir='ltr' id='par_1_94' title="bbox 1929 5299 3535 5377">
     <span class='ocr_line' id='line_1_94' title="bbox 1929 5299 3535 5377; baseline 0.004 -23"><span class='ocrx_word' id='word_1_895' title='bbox 1929 5315 2054 5355; x_wconf 91' lang='lat' dir='ltr'>mur</span> <span class='ocrx_word' id='word_1_896' title='bbox 2082 5315 2181 5371; x_wconf 91' lang='lat' dir='ltr'>per</span> <span class='ocrx_word' id='word_1_897' title='bbox 2228 5299 2495 5372; x_wconf 90' lang='lat' dir='ltr'>quasdam</span> <span class='ocrx_word' id='word_1_898' title='bbox 2542 5300 2945 5358; x_wconf 89' lang='lat' dir='ltr'>similitudines.</span> <span class='ocrx_word' id='word_1_899' title='bbox 2978 5304 3043 5357; x_wconf 87' lang='lat' dir='ltr'>Et</span> <span class='ocrx_word' id='word_1_900' title='bbox 3085 5305 3216 5377; x_wconf 90' lang='lat' dir='ltr'>quia</span> <span class='ocrx_word' id='word_1_901' title='bbox 3244 5313 3372 5362; x_wconf 92' lang='lat' dir='ltr'>tunc</span> <span class='ocrx_word' id='word_1_902' title='bbox 3400 5322 3535 5377; x_wconf 91' lang='lat' dir='ltr'>per-</span> 
     </span>
    </p>
   </div>
   <div class='ocr_carea' id='block_1_95' title="bbox 1930 5387 3536 5459">
    <p class='ocr_par' dir='ltr' id='par_1_95' title="bbox 1930 5387 3536 5459">
     <span class='ocr_line' id='line_1_95' title="bbox 1930 5387 3536 5459; baseline 0.004 -16"><span class='ocrx_word' id='word_1_903' title='bbox 1930 5388 2095 5456; x_wconf 83' lang='lat' dir='ltr'>fecta,</span> <span class='ocrx_word' id='word_1_904' title='bbox 2140 5404 2287 5444; x_wconf 89' lang='lat' dir='ltr'>nunc</span> <span class='ocrx_word' id='word_1_905' title='bbox 2333 5387 2692 5459; x_wconf 87' lang='lat' dir='ltr'>imperfecta;</span> <span class='ocrx_word' id='word_1_906' title='bbox 2731 5398 2863 5447; x_wconf 90' lang='lat' dir='ltr'>tunc</span> <span class='ocrx_word' id='word_1_907' title='bbox 2908 5392 3215 5448; x_wconf 89' lang='lat' dir='ltr'>secundum</span> <span class='ocrx_word' id='word_1_908' title='bbox 3254 5394 3536 5451; x_wconf 87' lang='lat' dir='ltr'>veritatem</span> 
     </span>
    </p>
   </div>
   <div class='ocr_carea' id='block_1_96' title="bbox 1930 5477 3541 5555">
    <p class='ocr_par' dir='ltr' id='par_1_96' title="bbox 1930 5477 3541 5555">
     <span class='ocr_line' id='line_1_96' title="bbox 1930 5477 3541 5555; baseline 0.004 -23"><span class='ocrx_word' id='word_1_909' title='bbox 1930 5478 2033 5543; x_wconf 89' lang='lat' dir='ltr'>rei,</span> <span class='ocrx_word' id='word_1_910' title='bbox 2074 5492 2221 5533; x_wconf 91' lang='lat' dir='ltr'>nunc</span> <span class='ocrx_word' id='word_1_911' title='bbox 2267 5477 2568 5533; x_wconf 88' lang='lat' dir='ltr'>secundum</span> <span class='ocrx_word' id='word_1_912' title='bbox 2609 5478 2877 5552; x_wconf 88' lang='lat' dir='ltr'>imagines</span> <span class='ocrx_word' id='word_1_913' title='bbox 2919 5486 3130 5536; x_wconf 91' lang='lat' dir='ltr'>tantum</span> <span class='ocrx_word' id='word_1_914' title='bbox 3182 5496 3195 5536; x_wconf 89' lang='lat'><strong>:</strong></span> <span class='ocrx_word' id='word_1_915' title='bbox 3243 5490 3541 5555; x_wconf 85' lang='lat' dir='ltr'>propterea</span> 
     </span>
    </p>
   </div>
   <div class='ocr_carea' id='block_1_97' title="bbox 1932 5564 3538 5627">
    <p class='ocr_par' dir='ltr' id='par_1_97' title="bbox 1932 5564 3538 5627">
     <span class='ocr_line' id='line_1_97' title="bbox 1932 5564 3538 5627; baseline 0.006 -9"><span class='ocrx_word' id='word_1_916' title='bbox 1932 5564 2066 5619; x_wconf 88' lang='lat' dir='ltr'>dixit</span> <span class='ocrx_word' id='word_1_917' title='bbox 2119 5564 2403 5621; x_wconf 88' lang='lat' dir='ltr'>scientiam</span> <span class='ocrx_word' id='word_1_918' title='bbox 2459 5564 2686 5622; x_wconf 87' lang='lat' dir='ltr'>destrui.</span> <span class='ocrx_word' id='word_1_919' title='bbox 2745 5566 2976 5623; x_wconf 89' lang='lat' dir='ltr'>Dilectio</span> <span class='ocrx_word' id='word_1_920' title='bbox 3030 5576 3214 5625; x_wconf 91' lang='lat' dir='ltr'>autem</span> <span class='ocrx_word' id='word_1_921' title='bbox 3268 5586 3379 5627; x_wconf 91' lang='lat' dir='ltr'>non</span> <span class='ocrx_word' id='word_1_922' title='bbox 3434 5572 3538 5627; x_wconf 89' lang='lat' dir='ltr'>de-</span> 
     </span>
    </p>
   </div>
   <div class='ocr_carea' id='block_1_98' title="bbox 1935 5652 3541 5731">
    <p class='ocr_par' dir='ltr' id='par_1_98' title="bbox 1935 5652 3541 5731">
     <span class='ocr_line' id='line_1_98' title="bbox 1935 5652 3541 5731; baseline 0.004 -24"><span class='ocrx_word' id='word_1_923' title='bbox 1935 5659 2206 5708; x_wconf 88' lang='lat' dir='ltr'>struetur:</span> <span class='ocrx_word' id='word_1_924' title='bbox 2239 5652 2368 5724; x_wconf 87' lang='lat' dir='ltr'>quia</span> <span class='ocrx_word' id='word_1_925' title='bbox 2413 5654 2670 5710; x_wconf 90' lang='lat' dir='ltr'>eumdem</span> <span class='ocrx_word' id='word_1_926' title='bbox 2700 5661 2829 5711; x_wconf 86' lang='lat' dir='ltr'>tunc</span> <span class='ocrx_word' id='word_1_927' title='bbox 2873 5654 3172 5727; x_wconf 89' lang='lat' dir='ltr'>diligemus</span> <span class='ocrx_word' id='word_1_928' title='bbox 3202 5674 3367 5731; x_wconf 91' lang='lat' dir='ltr'>quem</span> <span class='ocrx_word' id='word_1_929' title='bbox 3393 5671 3541 5713; x_wconf 85' lang='lat' dir='ltr'>nunc</span> 
     </span>
    </p>
   </div>
   <div class='ocr_carea' id='block_1_99' title="bbox 1934 5740 3542 5816">
    <p class='ocr_par' dir='ltr' id='par_1_99' title="bbox 1934 5740 3542 5816">
     <span class='ocr_line' id='line_1_99' title="bbox 1934 5740 3542 5816; baseline 0.002 -19"><span class='ocrx_word' id='word_1_930' title='bbox 1934 5740 2236 5815; x_wconf 87' lang='lat' dir='ltr'>diligimus,</span> <span class='ocrx_word' id='word_1_931' title='bbox 2264 5740 2395 5798; x_wconf 87' lang='lat' dir='ltr'>licet</span> <span class='ocrx_word' id='word_1_932' title='bbox 2424 5748 2553 5799; x_wconf 91' lang='lat' dir='ltr'>tunc</span> <span class='ocrx_word' id='word_1_933' title='bbox 2593 5741 2910 5813; x_wconf 87' lang='lat' dir='ltr'>perfectius.</span> <span class='ocrx_word' id='word_1_934' title='bbox 2959 5741 3103 5799; x_wconf 84' lang='lat' dir='ltr'>Vere</span> <span class='ocrx_word' id='word_1_935' title='bbox 3163 5745 3311 5816; x_wconf 89' lang='lat' dir='ltr'>quod</span> <span class='ocrx_word' id='word_1_936' title='bbox 3340 5746 3542 5816; x_wconf 81' lang='lat' dir='ltr'>imper-</span> 
     </span>
    </p>
   </div>
  </div>
