3946 6406
201 397 320 464 857

237 533 380 592 Anni
493 533 639 593 Anni

198 620 421 683 Leonis.
469 626 659 682 Karoli

297 719 348 769 1.
530 718 589 770 8.
744 714 930 786 (Εικιι.
984 716 1158 786 Ann.)
1209 714 1400 771 Primo
1450 718 1641 772 autem
1692 728 1841 770 anno

199 802 423 871 Leonis,
451 802 545 873 qui
570 807 658 858 est
681 807 922 859 octavus
951 804 1166 872 Karoli,
1199 804 1509 859 nunciatur
1529 804 1714 860 eidem
1738 806 1843 858 Ka-

198 890 343 959 rolo,
399 891 806 960 Ruotgaudum
849 890 937 923 “3‘
984 892 1444 961 Longobardum,
1496 907 1662 962 quem
1712 892 1840 962 ipse

197 978 697 1049 Forojuliensibus
728 979 931 1035 ducem
963 980 1225 1045 dederat,
1258 995 1436 1035 novas
1466 995 1559 1034 res
1591 980 1644 1035 in
1675 980 1838 1035 italia

197 1068 487 1137 meditari,
520 1074 578 1125 et
607 1069 937 1140 complures
964 1070 1237 1125 civitates
1271 1071 1339 1125 ad
1371 1085 1499 1125 eum
1533 1069 1834 1125 defecisse.

195 1155 318 1222 Quo
349 1158 548 1213 statim
571 1158 843 1227 tendens,
868 1159 1272 1227 Ruotgaudum
1298 1158 1611 1227 interfecit,
1639 1158 1841 1212 civita-

195 1248 283 1300 tes
307 1260 434 1315 qua)
458 1261 487 1301 a
514 1261 575 1301 se
598 1245 935 1301 defecerant
960 1247 1203 1317 recepit,
1238 1247 1639 1316 impositisque
1672 1248 1841 1300 Fran-

193 1347 394 1389 corum
429 1335 725 1405 presidiis,
763 1334 957 1403 rediit,
994 1339 1052 1390 et
1086 1335 1279 1390 statim
1311 1335 1551 1389 audiens
1581 1334 1839 1389 Saxones

194 1421 532 1492 rebellasse,
566 1422 705 1479 illuc
741 1423 1020 1489 tetendit;
1054 1424 1155 1477 sed
1192 1423 1489 1476 inveniens
1517 1438 1617 1477 eos
1650 1423 1838 1477 denuo

194 1508 511 1580 supplices,
531 1512 754 1565 veniam
775 1510 957 1579 dedit,
976 1511 1403 1581 haptizatisque
1424 1511 1516 1579 qui
1541 1510 1835 1577 volebant,

192 1601 249 1652 et
275 1598 579 1654 obsidibus
600 1599 880 1669 acceptis,
904 1599 1114 1653 iterum
1138 1598 1190 1651 in
1215 1598 1511 1652 Franciam
1537 1613 1841 1665 regressus

196 1689 315 1740 est.

260 1777 319 1828 2.
356 1779 406 1829 9.
443 1776 506 1829 A.
543 1776 604 1829 D.
640 1779 763 1830 777.
812 1773 1055 1830 Karolus
1098 1789 1219 1843 rex,
1264 1774 1462 1830 habito
1503 1772 1752 1829 concilio
1785 1773 1839 1827 in

191 1859 322 1916 loco
346 1862 441 1932 qui
469 1863 886 1919 Paderbrunno
913 1866 1177 1930 vocatur,
1198 1863 1405 1918 iterum
1432 1862 1737 1917 Saxoniam
1763 1861 1843 1916 in-
1872 1892 1926 1952 B

190 1950 389 2021 travit,
425 1967 741 2022 omnesque
773 1951 1063 2007 fallaciter
1092 1952 1336 2007 devotos
1362 1950 1597 2006 invenit.
1635 1952 1842 2014 Cuncti

190 2038 403 2110 quippe
428 2040 499 2095 ad
523 2056 651 2096 eum
684 2044 964 2095 venerunt
997 2044 1199 2110 preter
1235 2039 1629 2107 Witikindum,
1671 2054 1844 2095 unum

188 2140 261 2182 ex
284 2127 638 2197 primoribus
657 2128 1091 2195 Westfalorum,
1115 2129 1210 2198 qui
1233 2128 1548 2184 multorum
1576 2128 1686 2184 sibi
1711 2142 1850 2183 con-

193 2214 351 2271 scius
379 2216 720 2286 facinorum,
747 2231 942 2285 regem
967 2216 1160 2272 timuit
1183 2220 1238 2270 et
1266 2217 1335 2271 ad
1362 2216 1713 2285 Sigcfridum
1746 2220 1851 2272 Da-

187 2317 393 2359 norum
419 2318 613 2372 regem
639 2320 768 2360 cum
796 2305 998 2375 paucis
1030 2305 1306 2375 profugit.
1342 2304 1532 2359 Ceteri
1557 2305 1654 2374 qui
1677 2320 1847 2361 vene-

191 2395 322 2445 rant
346 2391 399 2446 in
429 2396 651 2447 tantum
677 2407 739 2447 se
766 2393 919 2461 regis
942 2393 1224 2463 potestati
1255 2393 1657 2463 permiseram,
1684 2398 1836 2448 utea

184 2479 520 2535 conditione
544 2481 768 2535 veniam
791 2486 930 2536 tunc
956 2486 1344 2545 mererentur,
1365 2481 1658 2550 quatinus,
1688 2482 1731 2537 si
1760 2482 1847 2538 ul-

204 2568 389 2623 terius
412 2583 513 2624 sua
541 2571 769 2624 statuta
800 2569 1108 2637 violarent,
1145 2570 1328 2641 patria
1352 2574 1407 2624 et
1432 2570 1701 2624 libertate
1736 2570 1845 2649 pri,

183 2662 480 2712 varentur.
574 2658 871 2727 Baptizala
898 2663 981 2711 est
1011 2662 1199 2713 autem
1226 2665 1283 2713 et
1308 2658 1621 2713 multitudo
1649 2674 1853 2727 magna

193 2760 321 2816 quae
347 2760 426 2814 se,
453 2744 588 2801 licet
612 2745 777 2814 falsa,
805 2746 1180 2801 christianam
1216 2748 1335 2801 fore
1369 2747 1734 2817 promiserat.

261 2836 309 2888 3.
342 2837 425 2888 10.
454 2836 519 2887 A.
545 2834 608 2887 D.
634 2836 755 2889 778.
794 2833 1042 2890 Karolus
1070 2849 1171 2889 rex
1202 2840 1401 2905 partes
1447 2835 1737 2905 Hispaniic
1769 2852 1836 2906 pe

194 2925 345 2991 tens,
382 2922 659 2991 quasdam
691 2923 867 2977 urbes
896 2922 1151 2991 subegit,
1178 2924 1413 2979 obsides
1441 2939 1469 2978 a
1505 2925 1843 2979 Sarracenis

194 3010 455 3079 accepit;
478 3010 577 3065 sed
606 3011 656 3065 in
684 3026 955 3079 regressu
984 3012 1183 3067 fraude
1202 3014 1550 3068 Wasconum
1578 3012 1841 3083 plerique

189 3097 509 3153 aulicorum
531 3113 631 3169 per
650 3099 888 3155 insidias
911 3099 1206 3176 interfecti
1249 3105 1402 3155 sunt.
1433 3102 1653 3157 Interea
1678 3102 1849 3158 Saxo-

189 3200 291 3242 nes
321 3192 623 3257 comperto
654 3187 805 3257 quod
844 3192 957 3242 tam
990 3187 1158 3257 longe
1188 3190 1562 3260 recessisset,
1597 3190 1847 3261 sumptis

190 3273 389 3342 armis,
410 3274 667 3331 Rhenum
689 3289 874 3344 usque
894 3276 1142 3345 profecti
1163 3279 1298 3331 sunt
1320 3277 1451 3341 ;sed
1471 3293 1601 3333 cum
1623 3293 1846 3333 amnem

190 3362 445 3417 transire
479 3377 589 3417 non
626 3368 887 3434 possent,
922 3363 1196 3433 quicquid
1221 3379 1249 3419 a
1274 3365 1468 3421 Tnicio
1491 3366 1731 3422 civitate
1756 3381 1848 3423 us-

201 3463 313 3519 que
340 3450 407 3505 ad
437 3450 672 3507 ﬂuvium
702 3450 991 3507 Mosellam
1021 3451 1279 3508 vicorum
1309 3452 1696 3524 villarumque
1719 3456 1844 3513 fuit,

192 3539 357 3595 ferro
380 3542 436 3593 et
464 3539 578 3609 igni
602 3539 866 3610 populati
892 3544 1056 3606 sunt;
1090 3540 1309 3597 nullum
1335 3541 1644 3599 discrimen
1677 3558 1849 3601 sexus

200 3632 301 3682 aut
332 3628 526 3683 aetatis
559 3628 642 3684 ira
677 3629 861 3685 hostis
891 3630 1129 3699 fecerat,
1166 3635 1225 3686 ut
1260 3630 1483 3701 liquido
1511 3636 1845 3703 appareret,

199 3729 301 3771 eos
323 3731 432 3771 non
457 3717 756 3788 predandi,
785 3717 887 3773 sed
912 3718 1232 3775 ulciscendi
1257 3734 1316 3774 se
1339 3720 1527 3789 gratia
1562 3722 1845 3778 terminos

194 3804 543 3861 Francorum
568 3806 860 3861 introisse.
890 3806 1057 3873 Quod
1081 3822 1212 3863 cum
1233 3822 1335 3863 rex
1357 3809 1732 3865 Autisiodoro
1753 3825 1851 3880 po-

193 3890 342 3948 situs
372 3894 652 3963 audisset,
684 3894 1004 3950 orientales
1032 3897 1286 3952 Francos
1311 3902 1370 3951 et
1395 3896 1741 3954 Alamannos
1779 3897 1847 3953 ad

201 3981 633 4051 propulsandos
665 3998 766 4038 eos
795 3984 1073 4039 continuo
1111 3984 1285 4040 misit.
1339 3984 1593 4050 Quorum
1639 3987 1851 4042 adven-

197 4072 321 4124 tum
357 4071 614 4125 Saxones
646 4071 970 4137 audientes,
1003 4077 1406 4138 recesserunt;
1440 4074 1539 4129 sed
1573 4073 1656 4129 illi
1687 4089 1789 4130 eos
1817 4089 1849 4131 e

194 4156 445 4226 vestigio
477 4157 689 4226 secuti,
734 4157 1079 4213 invenerunt
1114 4173 1215 4214 eos
1250 4159 1304 4213 in
1341 4160 1609 4229 partibus
1641 4163 1851 4217 Hasse-

190 4261 316 4302 rum
339 4260 513 4317 super
536 4246 773 4302 ﬂuvium
805 4245 1125 4312 Adernam;
1159 4248 1481 4318 statimque
1510 4249 1564 4303 in
1590 4249 1715 4320 ipso
1749 4250 1850 4306 flu-

190 4334 363 4391 minis
392 4335 541 4390 vado
574 4333 711 4390 illos
748 4333 964 4400 adorti,
1011 4339 1170 4391 tanta
1205 4336 1348 4392 cede
1381 4343 1740 4408 straverunt,
1786 4341 1848 4395 ut

191 4436 260 4478 ex
292 4420 512 4492 ingenti
545 4420 918 4478 multitudine
951 4423 1043 4479 vix
1074 4424 1241 4495 pauci
1286 4424 1590 4480 redierint.

285 4514 333 4568 4.
370 4515 454 4567 11.
490 4512 553 4565 A.
594 4512 656 4566 D.
690 4513 811 4567 779.
842 4511 1017 4566 ‘Venit
1047 4513 1117 4568 ad
1150 4512 1419 4569 Karolum
1451 4512 1852 4570 Hiltibrandus

1082 400 1521 467 CHRONICA.
1554 436 1628 452 -—
1660 399 2138 468 CHRONICON
2179 397 2729 469 UNIVERSALE.

1870 536 1928 600 A
2028 543 2078 595 5.
2116 544 2198 596 12.
2233 541 2295 597 A.
2331 541 2394 598 D.
2426 544 2550 597 780.
2594 533 2804 594 Karolo
2844 530 3144 592 Saxoniam
3184 527 3441 589 venienti
3481 543 3599 588 om-

1879 3243 1926 3304 C

3480 391 3599 463 858

1956 644 2059 686 nes
2082 628 2449 686 orientalium
2476 628 2725 701 partium
2747 626 3005 682 Saxones
3022 624 3430 690 occurrerunt,
3455 617 3599 677 mul-

1955 708 2114 789 tique
2134 722 2204 775 de
2224 718 2438 790 populo
2461 716 2740 788 baptizati
2766 718 2931 778 sunt;
2955 712 3306 781 veniensque
3328 710 3383 764 in
3408 708 3596 765 locum

1954 808 2050 863 ubi
2084 810 2233 864 Ilora
2264 812 2321 862 et
2354 806 2517 863 Albia
2549 806 2872 873 confluunt,
2907 800 3196 857 ordinavit
3231 814 3327 856 res
3359 803 3471 853 tam
3505 797 3600 853 Sa-

1951 912 2161 952 xonum
2186 911 2354 966 quam
2382 896 2748 959 Sclavorum;
2785 903 3172 959 reversusque
3199 887 3250 942 in
3279 885 3593 942 Franciam.

1951 984 2152 1040 habito
2180 984 2449 1053 consilio,
2482 985 2718 1038 Romam
2751 994 2925 1036 causa
2957 976 3239 1034 orationis
3261 989 3391 1031 eum
3417 988 3600 1030 uxore

1951 1088 2053 1129 sua
2088 1073 2409 1141 lliltigarda
2442 1076 2497 1127 ct
2532 1072 2736 1125 liberis
2772 1067 3047 1139 perrexit,
3075 1070 3132 1121 et
3160 1063 3352 1119 natale
3380 1061 3597 1117 domini

1950 1162 2140 1231 Papia)
2172 1160 2520 1216 celebravit.
2560 1191 2626 1199 —
2663 1159 2769 1212 Leo
2809 1157 3127 1226 imperator
3157 1152 3333 1208 obiit.

2022 1250 2122 1319 (Η.
2148 1264 2225 1303 m.
2254 1249 2385 1304 coll.
2414 1250 2576 1303 Emu.
2616 1247 2747 1302 Vita
2769 1261 2819 1299 c.
2852 1246 2959 1313 19.)
2994 1245 3154 1297 Anno
3182 1238 3486 1295 dominica;
3517 1237 3599 1292 in-

1947 1338 2305 1392 carnationis
2324 1341 2449 1405 78l,
2467 1336 2638 1391 Urbis
2655 1339 2846 1390 autem
2870 1331 3119 1389 conditae
3143 1328 3448 1385 millesimo
3467 1331 3593 1394 532,

1951 1427 2386 1493 Constantinus,
2435 1425 2589 1480 tilius
2630 1423 2853 1491 Leonis,
2888 1425 2985 1475 72°
3025 1419 3153 1474 loco
3199 1418 3270 1472 ab
3313 1418 3594 1485 Augusto,

1951 1529 2080 1570 cum
2115 1519 2299 1569 matre
2333 1529 2434 1569 sua
2470 1516 2696 1583 llyrcne
2731 1524 2970 1579 regnum
3004 1506 3284 1577 suscepit,
3320 1508 3375 1560 et
3414 1517 3597 1558 annos

1953 1609 2016 1659 17
2050 1603 2332 1671 regnavit.
2368 1602 2508 1657 lluic
2545 1601 2658 1655 tilia
2692 1598 2882 1654 Karoli
2918 1602 2977 1652 et
3010 1593 3353 1663 Hiltigardis
3383 1591 3597 1661 reginze

1951 1689 2342 1745 Ruothtrudis
2400 1690 2753 1759 desponsata
2815 1686 3024 1753 fuerat,
3078 1681 3181 1738 sed
3231 1684 3416 1735 mater
3474 1677 3599 1747 ejus

1953 1778 2123 1834 aliam
2155 1779 2206 1833 ei
2235 1778 2415 1833 invito
2439 1776 2846 1848 conjungebat.

2089 1866 2234 1921 Anni
2391 1865 2558 1921 AnnL

1958 1954 2338 2011 Constantini.
2369 1953 2581 2010 Karoli.

2138 2047 2160 2097 1
2438 2045 2503 2096 13
2650 2038 3029 2111 (Eixn.Amz.)
3056 2034 3229 2103 Cujus
3248 2047 3396 2089 anno
3417 2031 3599 2103 primo

1960 2130 2201 2187 Karolus
2217 2132 2451 2186 Romam
2471 2128 2729 2197 veniens,
2752 2128 2824 2181 ab
2844 2126 3095 2181 Adriano
3118 2137 3260 2193 papa
3282 2120 3598 2177 honorifice

1960 2220 2305 2290 suscipitur:
2339 2223 2396 2274 et
2429 2233 2558 2274 cum
2592 2216 2667 2271 ibi
2701 2219 2964 2271 sanctum
3003 2211 3213 2283 pascha
3246 2209 3596 2276 celebraret,

1961 2308 2279 2378 baptizavit
2304 2307 2451 2362 idem
2476 2305 2738 2376 pontifex
2764 2303 2940 2359 filium
2960 2303 3086 2372 ejus
3103 2299 3428 2370 Pippinum,
3444 2311 3511 2353 eu
3524 2311 3600 2350 m-

1960 2411 2071 2466 que
2091 2397 2161 2451 de
2180 2411 2349 2451 sacro
2374 2396 2531 2451 fonte
2555 2392 2835 2462 suscepit,
2851 2395 2908 2446 et
2929 2404 3149 2458 ungens
3170 2401 3297 2443 eum
3323 2386 3377 2440 in
3401 2398 3596 2453 regem

1958 2485 2160 2554 Italiae,
2196 2485 2469 2556 imposuit
2499 2484 2550 2539 ei
2580 2496 2874 2549 coronam,
2907 2480 3144 2534 fratrem
3172 2491 3309 2532 vero
3340 2474 3465 2543 ejus
3498 2472 3603 2526 Ln-

1960 2574 2245 2630 dewicum
2281 2574 2334 2627 in
2368 2588 2563 2640 regem
2598 2569 2921 2641 Aquitaniae
2954 2566 3139 2634 unxit,
3176 2564 3401 2634 ipsique
3433 2576 3602 2617 coro-

1959 2676 2086 2717 nam
2112 2661 2405 2732 imposuit.
2434 2663 2552 2715 Rex
2575 2675 2715 2714 vero
2738 2660 2916 2713 Roma
2945 2654 3298 2724 digrediens,
3332 2648 3601 2706 Mediola-

1959 2766 2091 2806 num
2125 2751 2304 2818 venit,
2340 2750 2533 2818 ibique
2564 2746 2857 2818 baptizata
2886 2749 2972 2800 est
2998 2743 3115 2798 illia
3145 2741 3272 2810 ejus
3305 2736 3494 2793 Gisela
3530 2736 3600 2790 ab

1959 2838 2400 2907 archiepisc0po
2418 2837 2650 2904 Thema,
2667 2838 2726 2889 et
2744 2834 2815 2888 ab
2836 2832 3037 2887 eodem
3055 2835 3145 2885 est
3167 2830 3237 2885 de
3257 2841 3421 2883 sacro
3444 2826 3601 2880 fonte

1960 2926 2169 2981 levata.
2196 2926 2342 2981 Misit
2369 2928 2560 2981 autem
2589 2923 2876 2979 Adrianus
2900 2935 3045 2991 papa
3069 2921 3401 2974 Formosum
3421 2919 3481 2970 et
3500 2914 3604 2968 Da-

1960 3029 2179 3070 masum
2220 3015 2532 3085 episcopos
2566 3028 2697 3068 cum
2739 3009 2948 3077 legatis
2980 3007 3156 3077 regis,
3192 3002 3454 3061 Richolfo
3482 3001 3603 3057 dia-

1958 3117 2106 3158 cono
2137 3107 2195 3158 et
2227 3102 2564 3157 Eberhardo
2597 3100 3001 3172 pincernarum
3033 3094 3331 3165 magistro,
3368 3090 3438 3147 ad
3469 3090 3602 3144 Tas-

1959 3191 2198 3247 siloncm
2226 3192 2453 3262 ducem,
2472 3195 2531 3246 ut
2552 3191 2987 3246 commonerent
3006 3200 3135 3241 eum
3161 3185 3230 3238 de
3248 3182 3599 3251 jnramento,

1959 3281 2110 3349 quod
2154 3280 2398 3351 Pippino
2431 3284 2489 3335 et
2522 3278 2658 3333 filiis
2689 3277 2814 3347 ejus
2843 3275 2977 3332 olim
3015 3274 3333 3344 juraverat.
3370 3267 3477 3335 Qui
3508 3282 3603 3323 ve-

1957 3370 2201 3439 nientes,
2247 3385 2349 3426 cor
2387 3368 2514 3438 ejus
2553 3366 2946 3432 emollierunt,
2982 3366 3045 3418 ut
3072 3375 3202 3416 cum
3234 3358 3320 3413 eis
3352 3358 3602 3411 Worma-

1958 3457 2103 3512 ciam
2136 3456 2206 3512 ad
2240 3471 2432 3525 regem
2466 3454 2714 3524 veniret,
2756 3451 3024 3521 datisque
3060 3452 3122 3504 12
3151 3444 3457 3503 obsidibus
3484 3439 3597 3510 ωδ,

1958 3545 2080 3614 regi
2108 3545 2445 3601 fidelitatem
2474 3544 2730 3614 juraret;
2766 3541 2863 3597 sed
2889 3539 2983 3596 ubi
3009 3538 3238 3594 domum
3265 3531 3462 3599 rediit,
3489 3544 3599 3585 non

1958 3633 2057 3690 diu
2090 3634 2143 3688 in
2181 3633 2291 3689 fide
2340 3632 2674 3705 permansit.

2028 3726 2080 3777 2.
2118 3726 2201 3778 14.
2238 3724 2301 3777 Α.
2334 3724 2396 3777 D.
2431 3725 2551 3777 782.
2587 3718 2831 3777 Karolus
2855 3717 2912 3772 in
2935 3713 3238 3771 Saxoniam
3268 3708 3520 3766 eundum
3543 3710 3600 3762 et

1960 3811 2039 3867 ibi
2074 3816 2138 3868 ut
2168 3812 2221 3866 in
2257 3811 2491 3867 Francia
2534 3808 2846 3881 quotannis
2883 3803 3214 3875 generalem
3257 3799 3600 3855 conventum

1959 3900 2186 3956 censuit
2207 3900 2568 3965 habendum;
2591 3899 2960 3969 trajectoque
2980 3891 3133 3965 apud
3151 3887 3441 3946 Coloniam
3460 3883 3605 3940 Rhe-

1959 4003 2054 4059 no,
2091 3989 2162 4044 ad
2189 3990 2402 4045 fontem
2439 3987 2654 4058 Lippiaa
2688 3987 2868 4054 venit,
2905 3984 3101 4054 ibique
3133 3978 3343 4051 positis
3370 3973 3601 4041 castris,

1959 4074 2112 4130 inter
2131 4079 2327 4130 cetera
2348 4075 2579 4143 negotia
2602 4074 2826 4143 legatos
2844 4069 3101 4140 Sigifridi
3122 4067 3277 4135 regis
3294 4066 3601 4128 Danorum,

1958 4166 2015 4217 et
2050 4176 2196 4230 quos
2246 4164 2509 4231 Caganns
2537 4165 2596 4216 et
2626 4163 2914 4230 Jugurrus
2963 4155 3257 4228 principes
3309 4153 3603 4206 Hunorum

1961 4248 2124 4318 quasi
2158 4248 2317 4318 pacis
2348 4261 2524 4304 causa
2556 4248 2840 4302 miserunt
2862 4244 2934 4299 ad
2959 4258 3042 4314 se,
3068 4239 3289 4299 audivit
3320 4243 3381 4293 et
3412 4231 3604 4291 absol-

1958 4336 2061 4391 vit.
2099 4337 2355 4406 Cumque
2384 4336 2580 4392 soluto
2609 4338 2903 4391 conventu
2929 4333 2982 4387 in
3008 4330 3303 4387 Franciam
3325 4324 3598 4390 redisset,

1960 4424 2312 4480 Witikindus
2344 4424 2395 4479 in
2433 4424 2677 4495 patriam
2712 4436 3002 4489 reversus,
3029 4420 3285 4475 Saxones
3313 4410 3600 4470 rebellare

1966 4511 2274 4583 persuasit.
2310 4510 2652 4579 Nunciatum
2685 4513 2776 4567 est
2810 4513 3001 4565 autem
3035 4505 3177 4576 regi,
3211 4502 3366 4574 quod
3398 4495 3602 4555 Sorabi

193 4597 308 4657 dux
331 4599 665 4671 Spolitanus
688 4614 818 4656 cum
843 4600 1066 4670 magnis
1101 4600 1439 4658 muneribus
1463 4601 1518 4657 in
1544 4601 1681 4658 villa
1699 4601 1852 4659 Wir-
1879 4595 1934 4656 D
1966 4601 2174 4671 Selavi,
2210 4601 2306 4672 qui
2335 4615 2572 4668 campos
2602 4600 2755 4655 inter
2784 4598 3007 4654 Albiam
3036 4601 3095 4652 et
3126 4592 3313 4648 Salam
3336 4590 3601 4660 jacentes

192 4687 634 4759 ciniaco;quem
660 4688 756 4745 ille
782 4688 1029 4758 benigne
1055 4689 1337 4760 suscepit,
1366 4688 1767 4760 donatumque
1790 4691 1850 4746 in

192 4790 361 4834 suum
383 4777 659 4833 ducatum
680 4776 899 4833 remisit
921 4794 935 4843 ;
956 4777 1081 4849 ipse
1103 4793 1241 4833 vero
1260 4778 1448 4834 animo
1468 4779 1521 4833 in
1543 4778 1849 4835 Saxoniam

192 4865 455 4935 tendens,
488 4865 746 4921 Rhenum
771 4864 827 4920 in
850 4880 918 4921 eo
942 4864 1072 4922 loco
1096 4865 1193 4936 qui
1223 4866 1419 4937 Lippia
1447 4871 1692 4923 vocatur
1716 4882 1849 4923 eum

190 4952 457 5009 exercitu
499 4953 761 5023 trajecit.
812 4953 914 5010 Cui
945 4968 1077 5009 cum
1120 4954 1377 5010 Saxones
1406 4954 1460 5009 in
1491 4969 1560 5010 eo
1590 4954 1718 5011 loco
1751 4943 1848 5025 qui

193 5038 529 5095 Buohcholz
560 5040 776 5097 dicitur
804 5041 1081 5097 resistere
1114 5046 1489 5113 temptarent,
1527 5042 1663 5098 victi
1689 5044 1850 5113 fuga-

195 5127 357 5197 tique
390 5130 557 5194 sunt;
589 5133 645 5183 et
678 5142 782 5183 rex
808 5130 1190 5187 Wesfalorum
1221 5146 1516 5200 regionem
1550 5131 1849 5200 ingressus

193 5229 299 5272 eos
322 5229 524 5271 omnes
546 5216 601 5271 in
626 5217 978 5273 deditionem
1006 5219 1263 5290 accepit;
1296 5219 1544 5290 indeque
1570 5219 1639 5275 ad
1668 5220 1845 5276 Wisa-

196 5318 318 5361 ram
351 5303 608 5374 veniens,
642 5309 834 5361 castra
867 5307 1093 5376 posuit;
1126 5308 1201 5363 ibi
1229 5309 1493 5379 Angrarii
1519 5312 1579 5364 et
1603 5308 1845 5365 Ostfalai

196 5390 434 5447 obsides
457 5391 746 5449 dederunt
765 5396 822 5449 et
847 5401 1207 5451 sacramenta
1226 5396 1593 5466 juraverunt.
1622 5397 1845 5462 Quibus

197 5479 475 5549 peractis,
510 5494 612 5538 rex
640 5480 1021 5539 Wormaeiam
1051 5482 1107 5538 in
1136 5483 1376 5540 hiberna
1402 5499 1461 5541 se
1486 5485 1733 5557 recepit.

1966 4689 2255 4760 incolunt,
2291 4690 2347 4745 in
2381 4689 2522 4745 fines
2572 4688 2992 4758 Thuringorum
3043 4698 3107 4740 ac
3155 4683 3442 4738 Saxonum
3493 4672 3601 4732 sibi

1962 4779 2221 4835 conﬁnes
2265 4776 2622 4850 depredandi
2668 4791 2841 4833 causa
2891 4773 2981 4808 u“
3028 4773 3273 4830 fuissent
3324 4767 3595 4839 ingressi.

1964 4868 2176 4924 Contra
2207 4882 2353 4938 quos
2383 4881 2511 4924 cum
2545 4871 2666 4923 tres
2693 4865 2992 4921 ministros
3020 4876 3160 4919 suos
3186 4874 3315 4915 eum
3348 4857 3603 4913 orienta-

1963 4956 2117 5013 libus
2161 4956 2399 5013 Francis
2444 4955 2777 5024 direxisset,
2828 4952 2911 5009 illi
2961 4954 3245 5008 Saxonum
3294 4946 3600 5004 audientes

1961 5049 2203 5115 motum,
2229 5044 2300 5100 ad
2323 5044 2455 5100 illos
2479 5044 2876 5108 diverterunt;
2900 5041 3001 5098 sed
3026 5041 3259 5096 incaute
3282 5038 3543 5106 agentes,
3570 5047 3599 5087 a

1960 5133 2288 5190 Saxonibus
2332 5132 2713 5189 circumventi
2754 5136 2815 5188 et
2852 5143 3000 5203 pene
3047 5140 3251 5186 omnes
3298 5123 3476 5181 occisi
3510 5120 3599 5155 “37

1959 5225 2116 5276 sunt.
2144 5220 2227 5275 Ad
2253 5235 2421 5291 quam
2445 5234 2565 5275 rem
2586 5218 3021 5275 examinandam
3044 5231 3174 5273 cum
3196 5228 3303 5271 rex
3322 5211 3597 5273 venisset,

1958 5322 2160 5365 omnes
2190 5307 2563 5364 Witikindum
2590 5306 2760 5379 hujus
2784 5306 3029 5365 sceleris
3051 5309 3350 5363 auctorem
3372 5299 3602 5374 procla-

1957 5399 2290 5462 maverunt;
2316 5398 2415 5452 sed
2438 5396 2619 5465 illum,
2642 5396 2739 5465 qui
2758 5395 3001 5466 aufugit,
3023 5393 3260 5450 tradere
3278 5407 3390 5449 non
3406 5388 3597 5449 valen-

1958 5490 2064 5556 tes,
2096 5500 2166 5540 ex
2190 5485 2317 5541 aliis
2339 5485 2469 5555 quia
2496 5484 2546 5540 ei
2570 5489 2996 5541 consenserunt
3026 5498 3209 5554 usque
3243 5481 3313 5538 ad
3348 5485 3600 5553 quatuor

1552 5600 1641 5655 VA
1651 5600 1788 5655 ΙίῐίΕ
1828 5600 2230 5657 LECTIONES.

267 5688 357 5723 “3‘
388 5691 772 5761 ruotgaudum
802 5706 950 5752 corr.
985 5694 1373 5766 ruotgaudum
1405 5701 1452 5752 1.

1534 5694 1623 5730 ¹ι³⁸
1649 5697 2053 5755 obsidionibus
2096 5701 2146 5753 1.

2230 5694 2318 5730 ¹¹³⁶
2344 5694 2503 5753 causi
2536 5700 2588 5752 1.
2669 5694 2760 5728 “’7
2792 5694 3084 5754 interfecti
3118 5697 3179 5753 D.
3216 5697 3277 5755 E.
