3946 6460
318 401 444 474 859

1482 403 1967 478 EKKEHARDI
2007 401 2570 478 URAUGIENSIS

3609 408 3761 476 860

329 542 488 606 milia
515 546 576 604 et
618 542 969 620 quingentos
1017 546 1410 623 tradiderunt,
1461 547 1560 624 qui
1609 561 1812 606 omnes
1857 557 1969 604 una
2001 542 2058 607 A
2087 559 2217 603 cum
2258 543 2545 622 detinens,
2591 550 2840 624 Capuam
2876 548 3067 621 venit;
3105 547 3354 623 indeque
3386 547 3604 608 bellum
3638 560 3758 620 ge-

330 637 423 695 die
445 637 616 710 jussu
649 637 807 710 regis
835 639 1106 698 decollati
1137 644 1292 698 sunt.
1317 643 1341 665 ⁶

506 727 674 811 Βηβ.
709 729 949 787 addunt
971 749 990 786 :
1022 729 1583 811 Qonstantinopolim
1613 727 1856 811 quidam
1895 724 1974 780 la-

539 799 768 871 pideam
812 815 1001 858 arcam
1046 803 1266 858 invenit
1297 807 1355 859 et
1387 797 1442 858 i'n
1472 816 1536 859 ea
1570 797 1756 856 virum
1781 797 1976 867 jacen-

542 875 819 952 tempum
852 873 958 952 hac
986 875 1281 952 scriptura
1309 892 1376 952 :_a
1402 873 1671 952 Qhristus
1703 871 1976 952 nascetur

541 955 616 1024 ex
646 941 819 1024 Maria
853 944 1077 1024 virgine
1107 939 1376 1024 eteredo
1399 945 1464 1024 in
1495 958 1656 1024 eum;
1697 941 1814 1024 sub‘
1836 939 1980 1024 (Ion-

545 1013 806 1069 stantino
827 1010 1133 1087 etH'yrene
1167 1015 1644 1087 imperatoribus,
1677 1027 1710 1067 o
1731 1011 1839 1081 sol,
1876 1010 1981 1065 ite-

545 1033 806 1069 stantum
827 1033 885 1070 et
909 1033 950 1070 ιι
979 1033 1133 1072 ἸὊΠΘ
1167 1033 1444 1087 imperatc

544 1098 670 1139 rum
702 1099 790 1140 me
820 1033 1062 1143 videbis.
1091 1108 1119 1140 »
1147 1087 1444 1158 eatSigeb.

405 1173 455 1226 3.
494 1175 580 1228 15.
617 1175 680 1229 A.
715 1174 776 1230 D.
811 1177 936 1231 783.
983 1177 1120 1232 Cum
1161 1177 1228 1233 ad
1274 1173 1706 1247 expeditionem
1749 1167 1982 1226 Saxoni-

337 1273 462 1316 cam
487 1275 592 1317 rex
615 1275 676 1318 se
701 1269 1094 1336 preparasset,
1129 1269 1442 1335 antequam
1473 1266 1734 1319 moveret
1765 1255 1984 1316 exerci-

336 1351 481 1419 tum,
514 1350 857 1421 lliltigardis
889 1355 1108 1424 regina,
1139 1369 1286 1410 uxor
1315 1355 1462 1426 ejus,
1498 1351 1642 1409 obiit
1674 1354 1708 1406 2
1739 1349 1978 1405 Kalend.

335 1437 469 1509 Mai,
497 1437 552 1494 in
578 1440 788 1511 quibus
809 1446 948 1498 tunc
971 1447 1137 1498 erant
1164 1441 1376 1511 vigiliae
1399 1439 1781 1508 ascensionis.
1809 1437 1984 1507 Cujus

338 1525 524 1582 funeri
549 1543 678 1584 cum
702 1529 982 1602 solempni
1017 1545 1175 1586 more
1200 1531 1357 1600 justa
1394 1528 1780 1602 persolveret,
1814 1527 1988 1582 Saxo-

338 1613 489 1672 niam
541 1618 812 1688 tetendit,
863 1633 1242 1690 pugnansque
1291 1635 1420 1676 cum
1473 1618 1559 1674 eis
1607 1617 1661 1672 in
1713 1615 1842 1671 loco
1889 1613 1986 1685 qui

339 1703 682 1762 Theotmelli
729 1713 992 1776 vocatur,
1029 1709 1164 1764 vicit
1198 1723 1334 1774 eos;
1387 1707 1634 1776 indeque
1675 1704 1742 1760 ad
1778 1704 1988 1758 Padcr-

346 1791 604 1850 brunnen
628 1796 884 1867 veniens,
903 1796 1124 1852 audivit
1141 1811 1246 1852 eos
1265 1796 1318 1852 in
1345 1795 1554 1852 ﬁnibus
1573 1793 1986 1850 Westl‘alorum

2087 639 2312 709 sturus,
2346 643 2537 696 castra
2563 639 2640 696 ibi
2668 641 2882 712 posuit.
2917 640 3194 710 Aragisus
3215 655 3373 710 vero,
3399 638 3608 696 relicta
3635 639 3756 696 Be-

2087 729 2357 798 nevento,
2403 743 2530 800 quae
2569 735 2746 802 caput
2785 735 2874 786 est
2919 731 3078 788 illius
3113 736 3304 800 terrae,
3340 729 3642 784 Salernum
3681 742 3754 786 se

2090 815 2255 884 quasi
2295 817 2683 875 ununitiorem
2736 819 3018 885 contulit;
3073 818 3367 890 missaque
3414 817 3745 888 legatione,

2092 906 2374 974 utrosque
2399 906 2550 964 ﬁlios
2573 923 2710 964 suos
2734 909 2855 979 regi
2885 907 3120 978 obtulit,
3155 906 3505 980 promittens
3534 921 3599 963 se
3632 921 3752 978 per

2091 992 2278 1048 omnia
2308 995 2698 1067 obediturum,
2743 1000 2966 1054 tantum
2997 1011 3067 1052 nc
3099 996 3169 1051 ad
3201 1001 3574 1067 conspectum
3607 993 3751 1064 ejus

2092 1082 2292 1140 venire
2333 1092 2664 1154 cogeretur.
2712 1087 2891 1157 (Elxn.
2929 1086 3063 1142 Vita
3085 1085 3235 1142 Καθ’.
3260 1085 3527 1154 —A7m.)
3560 1085 3756 1154 Cujus

2096 1173 2368 1242 precibus
2394 1188 2497 1229 rex
2518 1187 2798 1239 annuens,
2833 1175 3112 1231 minorem
3143 1174 3320 1230 ﬁlium
3355 1173 3582 1228 nomine
3615 1172 3754 1228 Gri-

2098 1261 2350 1317 moldum
2400 1277 2594 1320 secum
2650 1264 2913 1334 retinuit,
2963 1264 3236 1334 majorem
3289 1261 3440 1335 patri
3489 1259 3747 1318 remisit.

2099 1350 2339 1420 Accepit
2379 1351 2618 1424 insuper
2648 1366 2677 1407 a
2713 1352 2926 1425 populo
2963 1351 3201 1409 obsides
3233 1356 3320 1421 11,
3355 1349 3630 1420 misitque
3665 1347 3755 1405 le-

2096 1443 2284 1507 gatos,
2321 1441 2419 1510 qui
2449 1447 2508 1496 et
2537 1441 2724 1513 ipsum
2748 1443 2954 1499 ducem
2986 1449 3042 1498 et
3076 1455 3299 1498 onmem
3335 1439 3608 1512 populum
3643 1440 3756 1493 Be-

2101 1533 2486 1585 neventanum
2531 1536 2903 1588 sacramento
2951 1529 3382 1587 confirmarent.
3433 1531 3562 1599 Ipse
3611 1530 3754 1598 post

2099 1613 2222 1672 haec
2239 1633 2367 1674 cum
2387 1618 2597 1688 legatis
2623 1622 2862 1690 llyrenae
2879 1623 2936 1676 et
2961 1618 3325 1676 Constantini
3352 1616 3452 1673 ﬁlii
3475 1616 3619 1687 ejus,
3648 1631 3754 1686 qui

2100 1710 2343 1777 propter
2379 1709 2684 1778 petendam
2717 1709 2889 1766 ﬁliam
2918 1723 3078 1766 suam
3111 1707 3270 1764 missi
3307 1707 3550 1774 fuerant,
3586 1705 3757 1760 locu-

2101 1797 2198 1851 tus
2217 1801 2328 1866 cst,
2353 1795 2584 1869 illisque
2610 1798 2890 1868 dimissis,
2914 1799 3147 1854 Romam
3165 1809 3458 1865 reversus,
3480 1799 3753 1850 sanctum

345 1879 556 1938 iterum
584 1889 824 1955 paratos
843 1885 910 1940 ad
931 1900 1211 1958 pugnam;
1237 1885 1308 1940 ad
1334 1882 1766 1956 QuostendenS,
1786 1879 1987 1936 eadem
2017 1901 2074 1964 Β
2104 1884 2316 1956 pascha
2351 1885 2428 1942 ibi
2457 1903 2586 1943 cum
2619 1901 2821 1958 magna
2859 1886 3172 1957 hylaritate
3210 1882 3556 1942 celebravit.
3593 1884 3755 1939 Tune

345 1983 455 2039 qua
477 1970 640 2040 prius
663 1971 939 2028 felicitate
959 1988 1086 2030 cum
1109 1973 1194 2030 eis
1215 1972 1527 2030 dimicavit.
1555 1971 1691 2026 Inde
1718 1981 1988 2025 reversus

347 2055 403 2112 in
429 2059 744 2131 Franciam,
782 2061 946 2118 duxit
971 2077 1208 2118 uxorem
1235 2061 1409 2117 ﬁliam
1431 2059 1642 2117 Ratolﬁ
1666 2057 1896 2115 comitis
1921 2056 1991 2112 de

347 2147 620 2204 orientali
646 2149 886 2206 Francia
911 2151 1143 2206 nomine
1166 2149 1526 2215 Fastradam,
1560 2148 1631 2204 de
1655 2161 1765 2218 qua
1789 2145 1994 2202 habuit

349 2235 500 2319 ﬁlias
533 2237 696 2293 duas.
745 2269 786 2279 -
832 2239 1044 2295 Eodem
1078 2253 1228 2294 anno
1258 2237 1529 2294 defuncta
1561 2241 1650 2292 est
1686 2236 1851 2292 home
1881 2249 1996 2290 me-

355 2325 552 2382 moria,-
585 2326 905 2383 Berhtrada
938 2327 1157 2399 regina,
1194 2331 1378 2383 mater
1409 2326 1587 2396 regis,
1622 2329 1654 2382 4
1679 2325 1815 2382 ldus
1833 2323 1990 2380 Julii.

395 2417 468 2488 ¹4.
508 2419 593 2472 16.
631 2419 693 2473 A.
727 2418 788 2472 D.
824 2420 947 2473 784.
1001 2417 1266 2489 Karolus,
1315 2417 1640 2487 transjecto
1688 2414 1888 2469 Rheno
1939 2413 1996 2469 in

348 2502 478 2560 loco
502 2503 593 2538 “3'
613 2505 711 2576 qui
737 2505 1068 2580 Lippeheim
1092 2509 1358 2577 vocatur,
1385 2519 1563 2578 pagos
1582 2501 1996 2560 Westfalorum

353 2593 635 2661 vastavit;
677 2595 1036 2668 veniensque
1067 2595 1137 2652 ad
1175 2595 1480 2664 Wisaram,
1522 2608 1652 2650 cum
1695 2590 1998 2648 inundatio

353 2693 634 2750 aquarum
679 2682 993 2740 transitum
1037 2681 1562 2754 negaret,'dimisit
1607 2679 1788 2736 ﬁlium
1830 2693 1999 2736 suum

352 2767 625 2826 Karolum
651 2770 704 2826 in
731 2770 946 2826 ﬁnibus
964 2769 1434 2840 Westfalaorum,
1469 2769 1708 2842 ipseque
1732 2783 1836 2840 per
1855 2769 2002 2824 Thu-

352 2857 596 2928 ringiam
623 2858 940 2929 divertens,
965 2859 1356 2932 depopulatus
1379 2863 1472 2915 est
1499 2864 1694 2932 partes
1718 2873 1843 2929 quae
1867 2862 2000 2914 sunt

353 2944 507 3002 circa
540 2945 786 3018 Albiam,
807 2961 1198 3018 reversusque
1216 2947 1380 3004 estin
1400 2947 1718 3003 Franciam.
1747 2949 2002 3002 Saxones

357 3047 498 3091 vero
530 3036 870 3108 congregati
913 3037 1246 3108 pugnabant
1285 3051 1416 3092 cum
1451 3035 1568 3092 ﬁlio
1602 3036 1729 3106 ejus
1759 3033 2000 3102 Karolo;

353 3122 456 3179 sed
490 3123 606 3195 ille,
645 3139 845 3196 magna
887 3126 1029 3182 crde
1073 3125 1246 3196 facta,
1281 3139 1410 3182 cum
1443 3124 1497 3181 vi
1522 3125 1689 3183 toria
1724 3123 1899 3180 rediit
1930 3122 2000 3178 ad

356 3217 578 3283 patrem
603 3215 1005 3271 Wormaeiam.

425 3305 475 3358 δ.
513 3307 597 3360 17.
637 3307 700 3360 A.
737 3305 798 3360 υ.
831 3309 953 3364 785.
999 3305 1264 3362 Witikint
1305 3309 1364 3362 et
1407 3303 1592 3360 Abbio
1629 3315 1702 3358 ex
1739 3300 2005 3357 Transal-
2035 3259 2084 3322 C

359 3390 526 3448 biana
581 3394 815 3463 regione
865 3393 1250 3452 veneruntad
1281 3391 1552 3450 K‘arolum
1603 3404 1798 3462 regem
1851 3387 2002 3461 apud

359 3479 738 3553 Attiniacum,
793 3484 1118 3542 addueente
1173 3482 1494 3540 Amalwino
1542 3479 1634 3514 ¹¹³⁹
1683 3479 2003 3535 aulicorum

357 3581 492 3640 uno,
546 3571 746 3643 ibique
795 3573 850 3630 in
901 3574 1148 3644 gratiam
1205 3570 1446 3643 recepti,
1501 3567 1781 3641 baptizati
1835 3571 2003 3634 sunt;

355 3657 696 3732 quievitque
729 3663 1028 3719 Saxonica
1061 3660 1322 3734 perﬁdiae
1353 3657 1742 3732 pervicacitas
1771 3670 1876 3729 per
1905 3654 2008 3711 ali-

356 3753 496 3818 quot
523 3764 720 3808 annos.

425 3839 477 3894 6.
519 3843 601 3896 18.
641 3843 702 3897 Α.
737 3841 798 3896 D.
831 3843 956 3897 786.
990 3840 1248 3896 Audiens
1272 3854 1395 3909 rex,
1429 3836 1643 3906 Anglos
1666 3839 1723 3892 et
1749 3835 2006 3890 Saxones

360 3927 726 3986 Britanniam.
744 3929 1024 3986 invasisse
1049 3931 1313 4000 (229-30),
1349 3927 1506 3983 misit
1530 3925 1668 3982 illuc
1691 3939 1820 3981 cum
1844 3937 2010 3978 exer-

360 4017 482 4074 citu
518 4017 845 4089 Audoll‘um,
883 4019 1242 4092 propositum
1285 4031 1496 4074 mensae
1539 4015 1732 4086 regiae.
1777 4013 1882 4080 Qui
1918 4025 2010 4068 ve-

358 4106 544 4176 niens,
576 4107 815 4179 perﬁdze
845 4109 1039 4178 gentis
1071 4105 1490 4165 contumaciam
1535 4105 1654 4161 cito
1697 4100 2006 4174 repressit,

359 4200 750 4269 acceptosque
783 4198 1020 4253 obsides
1053 4213 1181 4254 cum
1212 4195 1480 4262 plurimis
1511 4193 1708 4266 populi
1742 4188 2013 4264 primori-

361 4283 470 4342 bus
485 4286 865 4344 Wormaciam
888 4286 956 4342 ad
979 4302 1171 4358 regem
1193 4285 1454 4342 adduxit.
1480 4285 1599 4340 Rex
1623 4286 1836 4351 autem,
1866 4293 2006 4352 pace

363 4373 620 4446 undique
642 4379 832 4446 parta,
857 4376 1064 4433 statuit
1086 4377 1321 4432 Romam
1343 4373 1448 4443 ire,
1470 4384 1530 4429 et
1554 4375 1776 4444 partem
1803 4367 2009 4437 ltalize,

366 4475 495 4534 quae
515 4468 606 4518 est
627 4462 782 4520 circa
808 4465 1220 4535 Beneventum,
1249 4477 1368 4520 suae
1392 4461 1672 4534 potestati
1699 4456 2010 4527 subjicere,

367 4549 538 4621 cujus
579 4551 852 4622 majorem
897 4559 1140 4626 partem,
1186 4556 1358 4624 capto
1397 4547 1714 4616 Desiderio,
1753 4547 1869 4617 jam
1902 4543 2013 4600 sibi

2105 1981 2384 2031 venerunt
2424 1976 2492 2030 ad
2549 1991 2754 2047 papam
2804 1975 2979 2046 legati
3029 1973 3344 2031 Tassilouis
3392 1973 3576 2040 ducis,
3634 1973 3754 2027 Arn

2105 2063 2421 2135 episcopus
2449 2070 2507 2120 et
2541 2065 2831 2122 Hunricus
2863 2065 3067 2134 abbas,
3099 2067 3392 2132 rogantes,
3427 2065 3488 2118 ut
3513 2061 3665 2116 inter
3688 2075 3755 2116 se

2105 2155 2166 2206 et
2189 2167 2380 2222 regem
2408 2153 2694 2210 mediator
2716 2153 2878 2225 pacis
2901 2152 3026 2209 ﬁeri
3049 2152 3408 2222 dignaretur.
3437 2149 3599 2216 Quod
3619 2162 3755 2204 cum

2108 2239 2204 2296 ille
2235 2243 2446 2298 obnixe
2477 2243 2694 2298 faceret
2727 2248 2793 2312 et,
2819 2257 2922 2298 rex
2945 2256 3008 2298 se
3033 2240 3088 2297 id
3113 2241 3262 2297 velle
3295 2239 3538 2308 diceret,
3575 2237 3755 2292 inter-

2107 2331 2294 2400 rogati
2325 2331 2506 2402 missi,
2553 2346 2665 2402 que
2695 2335 2870 2403 pacto
2903 2344 3100 2403 pacem
3134 2329 3364 2385 ﬁrmare
3393 2325 3629 2395 vellent,
3665 2340 3756 2381 re-

2109 2420 2491 2491 sponderunt,
2544 2420 2653 2478 sibi
2702 2433 2882 2490 super
2929 2419 3035 2475 hac
3077 2433 3138 2474 re
3180 2411 3356 2474 nichil
3406 2417 3754 2486 imperatum

2110 2508 2311 2566 fuisse.
2345 2509 2505 2565 Unde
2530 2523 2675 2580 papa
2698 2513 3040 2574 commotus,
3067 2505 3229 2576 quasi
3255 2504 3490 2561 fallaces
3511 2520 3577 2560 ac
3603 2504 3758 2559 frau-

2111 2597 2384 2654 dulentos
2407 2597 2774 2654 anathemate
2797 2596 3006 2652 statuit
3032 2593 3344 2664 feriendos,
3367 2593 3462 2650 sia
3485 2592 3594 2647 ﬁde
3615 2591 3752 2647 olim

2112 2685 2232 2756 regi
2255 2686 2542 2758 promissa
2563 2685 2966 2751 discederent;
2993 2685 3215 2754 hocque
3233 2681 3364 2739 duci
3388 2681 3750 2750 remandans,

2113 2775 2220 2832 hos
2252 2775 2464 2832 infecta
2498 2788 2635 2846 pace
2666 2772 2911 2830 remisit.
2946 2771 3318 2844 Apostolicus
3347 2774 3536 2826 autem
3565 2773 3620 2824 it
3653 2783 3755 2824 rex

2114 2864 2358 2922 invicem
2383 2863 2496 2919 sibi
2520 2861 2916 2919 valcdicentes
2945 2861 3368 2927 discesserunt,
3400 2863 3755 2928 acceptaque

2115 2953 2547 3022 benedictione,
2600 2967 2703 3007 rex
2741 2951 2798 3007 in
2837 2950 3134 3006 Franciam
3184 2947 3378 3018 rediit,
3413 2952 3470 3002 et
3513 2945 3660 3001 ﬁlios
3688 2959 3756 3001 ac

2115 3040 2264 3098 ﬁlias
2292 3056 2423 3097 cum
2459 3053 2638 3097 uxore
2681 3053 2789 3096 sua
2825 3036 3104 3096 Fastrada
3139 3035 3476 3091 Wormaciae
3515 3032 3751 3087 invenit.

2115 3131 2198 3186 lbi
2221 3145 2360 3200 ergo
2385 3130 2584 3185 habito
2609 3127 2868 3200 generali
2899 3130 3209 3195 conventu,
3243 3137 3432 3180 coram
3464 3120 3758 3193 optimati-

2117 3220 2226 3276 bus
2255 3219 2380 3276 suis
2411 3219 2600 3274 omnia
2645 3231 2772 3288 qute
2814 3217 2962 3273 facta
2996 3220 3133 3272 sunt
3164 3214 3219 3269 in
3251 3212 3458 3268 itinere
3491 3225 3598 3267 suo
3633 3223 3760 3265 nar-

2117 3309 2286 3378 ravit,
2317 3321 2636 3378 eorumque
2675 3305 2920 3362 consilio
2959 3303 3187 3374 legatos
3220 3300 3375 3358 misit
3411 3299 3481 3356 ad
3511 3297 3756 3355 Tassilo-

2115 3413 2245 3454 nem
2295 3399 2384 3469 (Α.
2437 3398 2667 3469 Latna),
2723 3395 2817 3466 qui
2868 3393 3298 3465 experirentur,
3351 3389 3398 3446 si
3449 3385 3754 3459 apostolici

2111 3486 2290 3558 jussis
2338 3485 2602 3542 obcedire
2653 3483 2884 3554 sibique
2917 3481 3085 3538 fidem
3117 3492 3354 3536 servare
3401 3476 3752 3548 disponeret.

2117 3577 2306 3645 (Eme.
2339 3576 2514 3645 Ann.)
2555 3573 2678 3640 Quo
2709 3572 2871 3642 jussa
2913 3571 3382 3640 contempnente,
3423 3564 3628 3621 statuit
3659 3577 3756 3618 rex

2118 3663 2420 3735 tripertito
2467 3661 2734 3718 exercitu
2785 3658 3106 3730 Bajoariam
3154 3659 3378 3726 petere,
3410 3657 3467 3710 et
3503 3651 3620 3708 ﬁlio
3655 3665 3755 3706 suo

2118 3752 2364 3824 Pippino
2397 3765 2528 3808 cum
2560 3749 2781 3806 Italicis
2822 3747 3010 3819 copiis
3043 3746 3098 3801 in
3129 3741 3521 3800 Tridentiuam
3558 3737 3754 3796 vallem

2119 3841 2469 3910 conﬂuente,
2498 3841 2784 3896 Saxonum
2818 3849 2956 3892 vero
2989 3839 3164 3904 atque
3194 3829 3565 3888 orientalium
3595 3829 3756 3882 Fran-

2119 3945 2322 3988 corum
2363 3928 2627 3986 exercitu
2666 3940 2846 3998 super
2883 3922 3204 3980 Danubium
3244 3919 3301 3975 in
3337 3918 3467 3974 loco
3502 3917 3594 3987 qui
3626 3914 3756 3970 Phe-

2123 4019 2285 4090 ringa
2319 4018 2538 4075 dicitur
2570 4013 2978 4081 conveniente,
3005 4010 3126 4081 ipse
3149 4021 3278 4064 cum
3303 4005 3566 4062 exercitu
3597 4017 3753 4073 quem

2122 4108 2448 4164 adduxerat
2471 4117 2647 4176 super
2671 4103 2864 4160 Licum
2891 4099 3126 4156 ﬁuvium
3146 4095 3201 4151 in
3217 4092 3477 4151 civitatis
3503 4093 3756 4160 Augustasl

2123 4195 2408 4255 suburbio
2437 4193 2800 4250 considebat.
2835 4187 3050 4246 Videns
3071 4189 3265 4242 autem
3287 4180 3506 4238 Tassilo
3527 4195 3587 4236 se
3609 4176 3758 4235 undi-

2125 4301 2237 4359 que
2259 4284 2698 4350 circumfusum,
2727 4279 2796 4336 ad
2824 4291 3016 4347 regem
3039 4277 3285 4346 supplex
3313 4271 3494 4337 venit,
3524 4267 3758 4325 veniam-

2125 4358 2238 4449 que
2268 4375 2338 4431 de
2372 4377 2506 4432 ante
2534 4371 2722 4442 gestis
2747 4367 2858 4425 sibi
2883 4364 3007 4422 dari
3031 4360 3280 4432 rogavit.
3316 4360 3438 4415 Rex
3471 4362 3675 4425 autem,
3703 4358 3757 4410 ut

2129 4447 2362 4536 semper
2385 4465 2514 4518 erat
2537 4459 2712 4528 mitis,
2739 4451 3078 4526 deprecanti
3105 4447 3388 4522 pepercit,
3419 4449 3758 4516 acceptoque

2131 4556 2202 4612 ab
2225 4530 2293 4610 ei)
2319 4552 2437 4608 ﬁlio
2458 4549 2586 4620 ejus
2612 4545 2922 4604 Theodone
2947 4555 3078 4598 cum
3107 4537 3240 4594 aliis
3275 4540 3340 4592 12
3363 4533 3678 4601 obsidibus,
3707 4530 3758 4584 in

371 4638 738 4696 subdiderat.
766 4624 1013 4698 Veniens
1035 4639 1290 4712 igiturin
1313 4638 1558 4708 Italiam,
1578 4635 1770 4692 natale
1793 4631 2012 4689 Domini
2044 4624 2100 4686 D
2130 4643 2428 4701 Francia";
2460 4638 2655 4695 rediit.

370 4727 692 4785 celebravit
716 4729 868 4801 apud
889 4731 1112 4787 Tusciae
1135 4729 1433 4786 civitatem
1461 4725 1830 4782 Florentiam.

438 4823 488 4874 7.
529 4823 613 4875 19.
652 4821 715 4874 A.
751 4819 812 4874 D.
848 4822 970 4875 787.
1023 4817 1270 4875 Karolus
1321 4831 1420 4872 rex
1471 4816 1708 4872 Romam
1760 4811 2018 4882 veniens,

374 4905 694 4963 honoriﬁce
718 4913 1034 4980 susceptus
1052 4912 1144 4962 est
1163 4908 1234 4962 ab
1253 4899 1581 4976 apostolico
1603 4901 1886 4966 Adriano;
1910 4915 2026 4958 mo-

2203 4811 2254 4863 8.
2290 4809 2381 4865 20.
2415 4803 2504 4873 (Α.
2531 4801 2710 4857 Laur.
2737 4802 2793 4852 et
2819 4795 3008 4864 Eme.)
3041 4793 3102 4846 A.
3133 4789 3194 4843 D.
3231 4787 3352 4843 788.
3387 4781 3591 4873 Rarolo
3615 4779 3758 4873 apud

2134 4867 2498 4968 lngilinbeim
2519 4887 2728 4962 pascha
2750 4882 3086 4941 celebrante
3103 4880 3159 4933 et
3177 4870 3450 4968 generale
3466 4867 3759 4968 concilium

373 4998 654 5066 ratusque
686 4995 765 5052 ibi
801 4957 911 5068 perl
935 4957 1718 5067 aliquo't‘dies,vcumeedem
1750 4957 2026 5064 pontiﬁce
2137 4957 2409 5053 habete,
2432 4957 2655 5036 Tassile
2677 4972 2990 5068 dux,__sicut
3011 4972 3068 5024 et
3087 4962 3266 5068 ceteri
3291 4958 3449 5068 regni
3479 4957 3758 5068 primates,

375 5046 772 5142 Beneventum
799 5046 1581 5150 contendit.
1600 5046 1886 5152 ai'aglisus
1911 5079 2028 5136 dux
2139 5046 2405 5142 advenit,
2433 5067 2535 5126 sed
2557 5082 2586 5123 a
2613 5062 2894 5152 Bavvariis
2922 5059 3252 5124 accusatus,
3279 5048 3434 5152 quod
3460 5052 3587 5152 post
3609 5046 3760 5152 datos

375 5171 861 5244 Beneventorum,
911 5173 1068 5231 misit
1110 5173 1180 5230 ad
1225 5187 1418 5242 regem
1469 5170 1646 5226 filium
1698 5183 1868 5226 suum
1918 5168 2030 5224 Ru-

377 5261 631 5320 moldum
657 5279 788 5321 cum
815 5263 1038 5334 magnis
1066 5261 1420 5331 muneribus,
1458 5275 1695 5331 rogans,
1723 5273 1792 5314 ne
1819 5262 2031 5314 terram

371 5349 530 5410 illam
563 5353 841 5411 intraret.
876 5351 1042 5421 Quod
1073 5349 1172 5409 ille
1204 5351 1466 5408 abnuens
1485 5354 1544 5406 et
1567 5345 1915 5406 Rumoldum
1947 5358 2034 5402 se-

2140 5133 2402 5238 proxime
2426 5155 2666 5216 obsides
2690 5151 2858 5209 ﬁdem
2880 5164 2989 5206 non
3010 5133 3762 5238 servaverit,sed‘suadente

2144 5224 2324 5310 uxore
2346 5261 2448 5305 sua
2473 5243 2810 5311 Liutburga,
2844 5232 3126 5294 Desiderii
3155 5224 3658 5300 Longobardorum
3685 5237 3762 5278 re-

2142 5341 2234 5414 gis
2275 5337 2410 5406 ﬁlia,
2455 5337 2672 5392 Avares
2713 5329 2768 5384 in
2800 5321 3244 5395 dissipationem
3285 5314 3448 5386 regni
3489 5311 3760 5371 vocaverit

1750 5471 1843 5526 VA
1854 5466 1990 5523 RUE
2036 5465 2228 5522 LECTI
2239 5462 2435 5518 ONES.

445 5565 536 5607 ³³⁸⁸
565 5567 622 5624 in
655 5565 692 5623 l.
724 5565 1133 5640 superscripta
1159 5562 1301 5623 sunt
1331 5565 1381 5620 1.
1459 5559 1551 5594 ω’
1593 5557 1896 5616 amalwico
1929 5555 2006 5612 1b.

450 5754 698 5826 (229-30)
727 5752 909 5810 Valde
939 5749 1318 5810 Ekkebardus
1348 5747 1459 5804 hoc
1491 5745 1622 5803 loco
1652 5739 1928 5802 Einhardi
1955 5648 2350 5798 geffibnem
2376 5727 2660 5791 turbavit.
