3946 6414
208 418 329 488 861

1078 418 1517 492 CHRONICA.
1561 456 1629 472 --
1661 412 2139 487 CHRONICON
2179 410 2731 484 UNIVERSALE.

3494 403 3614 475 862

205 555 512 633 multaque
544 554 655 618 alia
679 554 977 618 hostiliter
1005 563 1064 618 et
1117 559 1335 619 dixisse
1356 564 1413 617 et
1464 556 1695 628 fecisse,
1725 569 1855 615 cum
1886 553 1942 616 A
1972 552 2304 613 Fardulfum
2351 552 2791 627 Longobardum
2838 549 3071 610 detecta
3118 544 3344 621 fuisset,
3379 541 3506 621 ipse
3537 543 3611 603 ob

200 648 332 709 haec
353 663 567 722 negare
588 650 881 722 nequiret,
908 650 1233 721 majestatis
1267 665 1403 709 reus
1416 649 1718 721 judicatus
1740 648 1851 702 est.

199 737 275 796 Et
294 739 428 798 dum
448 740 700 797 omnium
723 754 824 796 ore
863 740 1102 813 capitali
1136 740 1513 797 damnaretur
1536 734 1854 804 sententia,

203 841 311 883 rex
340 829 416 885 ob
473 843 725 886 amorem
761 829 880 899 Dei,
942 835 1001 886 et
1034 829 1167 901 quia
1227 828 1701 897 consanguineus
1730 822 1859 892 ejus

199 920 352 988 erat,
395 916 648 975 liberare
687 934 817 975 eum
842 918 1104 990 cupiens,
1133 916 1543 987 interrogavit,
1577 913 1715 985 quid
1743 911 1860 981 jam

201 1016 381 1075 agere
420 1004 617 1063 vellet.
655 1006 756 1063 Ille
786 1011 979 1064 autem
1010 1021 1223 1077 rogans
1255 1005 1550 1063 licentiam
1586 1001 1698 1058 sibi
1735 999 1859 1069 dari

205 1106 315 1165 pro
332 1096 594 1166 peccatis
628 1096 967 1167 paenitendi,
992 1100 1360 1165 tonsuratur,
1393 1098 1452 1149 et
1486 1093 1538 1147 in
1571 1093 1862 1147 monaste-

202 1182 359 1240 rium
392 1183 609 1241 missus
651 1188 758 1241 est.
814 1185 1093 1241 Similiter
1126 1190 1182 1240 et
1225 1183 1377 1240 filius
1430 1182 1559 1252 ejus
1589 1178 1856 1257 Theodo;

206 1272 394 1328 ceteri
430 1287 567 1329 vero
617 1273 788 1344 hujus
831 1274 1091 1345 perfidiae
1144 1278 1456 1329 consortes
1490 1285 1593 1343 per
1627 1270 1857 1325 diversa

210 1359 385 1417 exilia
423 1361 720 1434 dampnati
752 1366 909 1419 sunt.
946 1364 971 1386 *

349 1450 373 1473 ‘
405 1450 466 1506 D.
503 1452 571 1505 E.
611 1450 849 1507 addunt
878 1467 889 1502 :
929 1449 1213 1507 Instantia
1241 1447 1500 1505 Tharasii
1529 1479 1600 1489 —
1629 1446 1860 1502 abdica-

430 1525 616 1578 catur.
651 1537 726 1578 ea:
748 1520 961 1593 Sigeb.

279 1611 337 1664 9.
367 1612 454 1665 21.
494 1612 556 1666 A.
596 1612 658 1666 D.
691 1614 814 1667 789.
864 1608 1110 1665 Karolus
1142 1612 1342 1664 contra
1371 1611 1602 1678 gentem
1637 1605 1863 1661 Sclave-

206 1710 414 1755 norum
449 1699 546 1769 qui
589 1699 761 1754 Wilzi
806 1698 1083 1755 dicuntur
1124 1698 1448 1753 exercitum
1474 1696 1712 1764 ducens,
1749 1707 1863 1748 am‘

206 1798 336 1841 nem
375 1787 560 1844 Albiaa
610 1787 842 1845 duobus
899 1787 1178 1858 pontibus
1233 1786 1556 1856 conjunxit,
1618 1796 1861 1855 quorum

1973 642 2243 701 meritum
2278 643 2408 700 fidei
2471 646 2718 700 servatae
2752 637 3102 697 monasterio
3152 635 3339 695 sancti
3370 632 3609 692 Dionisii

1972 731 2223 788 donatus
2240 736 2349 802 est,
2366 736 2641 789 auctores
2664 745 2804 787 vero
2825 725 3247 799 conjurationis
3267 723 3476 796 partim
3498 722 3612 793 gla-

1972 818 2219 891 diocesi,
2256 821 2465 892 partim
2496 818 2758 892 patibulo
2782 816 3053 889 suspensi
3075 818 3231 872 sunt.
3263 814 3384 869 Rex
3416 814 3609 869 autem

1977 912 2214 980 propter
2237 908 2451 965 bellum
2474 923 2602 965 cum
2629 908 2809 964 Hunis
2839 909 3175 976 susceptum
3198 900 3612 972 Regenesburg

1973 996 2214 1053 sedente
2236 996 2346 1067 ω’,
2382 1010 2720 1069 persuasum
2750 1000 2843 1051 est
2883 994 2933 1049 ei
2972 1009 3002 1050 a
3035 989 3404 1063 quibusdam,
3440 1001 3612 1059 posse

1975 1086 2376 1157 percommode
2398 1100 2428 1142 a
2469 1084 2727 1142 Danubio
2751 1084 2806 1140 in
2856 1084 3112 1138 Rhenum
3145 1076 3424 1147 navigari,
3451 1075 3499 1132 si
3532 1074 3612 1130 in-

1974 1178 2064 1230 ter
2108 1175 2455 1233 Radanciam
2478 1180 2537 1231 et
2566 1174 2889 1230 Altmonam
2914 1170 3123 1228 ﬂuvios
3143 1165 3425 1238 ejusmodi
3457 1165 3610 1220 fossa

1972 1266 2309 1337 duceretur,
2359 1280 2486 1337 qua;
2516 1268 2671 1321 esset
2723 1262 2953 1319 navium
3002 1273 3204 1329 capax,
3240 1255 3372 1326 quia
3404 1254 3610 1310 horum

1972 1353 2279 1411 ﬂuviorum
2330 1353 2480 1409 alter
2511 1352 2771 1409 Danubio
2820 1350 2971 1407 alter
2998 1348 3196 1403 Rheno
3230 1343 3601 1401 misceretur.

1972 1443 2286 1498 Confestim
2322 1457 2424 1499 rex
2469 1456 2599 1498 cum
2632 1440 2785 1497 omni
2831 1436 3111 1494 comitatu
3144 1448 3250 1490 suo
3290 1431 3371 1488 ad
3418 1429 3610 1486 locum

1972 1530 2104 1586 huic
2124 1531 2285 1601 operi
2323 1536 2521 1602 aptum
2561 1529 2741 1598 venit,
2776 1542 2843 1583 ac
2870 1539 3073 1595 magna
3095 1521 3388 1579 hominum
3421 1516 3613 1574 multi-

1972 1620 2176 1678 tudine
2205 1624 2579 1689 congregata,
2630 1622 2819 1673 totum
2852 1612 3113 1671 autumni
3154 1615 3386 1680 tempus
3414 1607 3468 1663 in
3502 1606 3612 1661 hoc

1973 1709 2361 1781 consumpsit.
2401 1710 2583 1764 Ducta
2615 1710 2704 1763 est
2729 1706 2927 1775 itaque
2956 1704 3109 1759 fossa
3133 1700 3285 1755 inter
3315 1695 3612 1769 predictos

1979 1798 2184 1854 ﬂuvios
2215 1796 2391 1854 duum
2426 1796 2643 1851 milium
2669 1807 2944 1866 passuum
2976 1786 3359 1859 longitudine,
3384 1789 3614 1839 trecen-

205 1887 383 1931 unum
412 1890 486 1932 ex
531 1881 781 1948 utroque
835 1876 1026 1947 capite
1064 1874 1219 1932 vallo
1275 1874 1539 1943 munivit,
1590 1871 1861 1944 imposita

1994 1901 2165 1943 erum
2200 1884 2408 1957 pedum
2435 1883 2762 1952 latitudine,
2798 1881 2900 1938 sed
2932 1880 3181 1943 frustra;
3209 1890 3336 1932 nam
3369 1875 3613 1945 propter

207 1964 356 2021 turri
388 1979 460 2022 ex
489 1964 663 2036 lignis
696 1968 756 2021 ct
808 1970 988 2035 terra,
1024 1965 1444 2035 ingressusque
1480 1968 1697 2018 terram
1729 1961 1863 2017 Wil‘

207 2068 432 2126 zorum,
456 2054 577 2112 fero
600 2059 656 2111 et
692 2054 806 2125 igni
846 2057 1059 2109 cuncta
1083 2053 1352 2122 vastavit,
1381 2054 1566 2108 donec
1595 2066 1697 2107 cos
1729 2050 1864 2106 sub-

198 2142 529 2213 jugavit.—
557 2144 658 2213 (Η.
687 2145 792 2216 m.)
816 2144 937 2200 Hoc
960 2158 1109 2200 anno
1134 2144 1360 2213 Hyrene
1394 2140 1737 2213 imperatrix
1772 2154 1865 2195 so-

205 2230 328 2288 luta
362 2247 502 2304 pace
537 2231 816 2305 nuptialis
870 2231 1102 2289 foederis
1135 2247 1264 2288 cum
1300 2230 1559 2299 Francis,
1591 2228 1748 2284 misit
1801 2230 1859 2283 et

214 2319 453 2377 adduxit
481 2320 733 2392 puellam
774 2320 845 2376 de
870 2320 1227 2376 Armeniacis
1250 2320 1478 2375 nomine
1512 2318 1767 2386 Mariam,
1802 2320 1860 2371 et

208 2407 401 2479 junxit
426 2423 551 2465 eam
576 2409 694 2465 filio
714 2424 819 2466 suo
835 2408 1211 2466 Constantino
1235 2406 1597 2479 imperatori,
1617 2404 1859 2462 multum

212 2496 569 2555 contristato
602 2502 841 2569 propter
869 2497 1162 2566 affectum,
1188 2511 1302 2567 quo
1316 2510 1452 2565 erga
1470 2493 1643 2549 filiam
1669 2492 1859 2549 Karoli

218 2582 528 2656 ﬂagrabat,
562 2601 731 2657 quam
762 2589 931 2642 antea
955 2585 1431 2655 desponsaverat.

284 2677 367 2729 10.
401 2677 497 2730 22.
537 2675 731 2745 (Eme.
769 2675 950 2746 Amz.)
981 2675 1053 2729 Α.
1094 2675 1163 2728 Ι).
1203 2678 1333 2729 790.
1372 2671 1617 2728 Kal-olus
1647 2670 1860 2726 nulla‘m

211 2762 644 2834 expeditionem
698 2763 934 2831 fecerat,
966 2762 1070 2817 sed
1118 2760 1381 2817 residens
1414 2760 1470 2816 in
1518 2758 1860 2827 Wormacia,

215 2849 443 2921 legatos
486 2851 781 2907 Hunorum
815 2848 1035 2906 audivit
1085 2863 1341 2919 suosque
1373 2848 1443 2904 ad
1476 2862 1676 2904 eorum
1710 2848 1864 2919 prin-

213 2938 380 3011 cipes
413 2937 588 2995 misit.
625 2938 920 3008 Agebatur
950 2940 1142 2993 autem
1172 2937 1325 2993 inter
1356 2951 1460 2993 eos
1490 2936 1561 2992 de
1593 2934 1861 2993 confiniis

214 3040 523 3097 regnorum
555 3039 829 3093 suorum;
863 3039 992 3096 quae
1026 3024 1332 3094 res;futuri
1365 3023 1501 3082 belli
1537 3024 1643 3081 fuit
1694 3023 1863 3081 semi-

217 3114 465 3172 narium.
782 3160 787 3165 .

286 3206 349 3259 11
413 3205 503 3259 23.
530 3201 698 3269 (0hr.
747 3201 834 3258 W.
867 3201 955 3256 Cf.
984 3202 1071 3258 Η.
1099 3202 1308 3274 m.)A.
1344 3203 1414 3257 D.
1445 3205 1575 3258 791.
1612 3202 1860 3259 Sanctus

218 3264 591 3348 Burchardus
611 3290 1100 3360 Wirciburgensis
1123 3264 1432 3362 episcopus
1453 3291 1598 3348 obiit
1615 3293 1648 3346 4
1667 3292 1860 3347 Nonas
1892 3264 1940 3327 (ἶ

215 3379 381 3436 Febr.
407 3409 478 3421 --
498 3379 711 3435 Eodem
735 3392 884 3434 anno
931 3378 1219 3436 dissensio
1241 3380 1392 3436 facta
1414 3383 1504 3436 est
1536 3380 1687 3436 inter
1722 3381 1862 3436 Con-

215 3467 536 3526 stantinum
560 3471 617 3524 et
642 3470 884 3523 matrem
915 3466 1039 3536 ejus
1070 3468 1334 3538 Hyrenen
1366 3468 1648 3525 malorum
1681 3469 1861 3525 homi-

215 3570 351 3613 num
379 3554 779 3625 instigatione,
802 3555 856 3610 in
878 3559 1099 3611 tantum
1116 3560 1175 3612 ut
1200 3556 1323 3628 ipsa
1344 3554 1667 3613 velleteum
1684 3571 1860 3627 regno

218 3644 469 3717 privare.
494 3675 564 3684 —
587 3643 771 3712 (Eum.
810 3645 988 3715 Ann.)
1014 3644 1259 3702 Karolus
1287 3650 1478 3702 autem
1506 3645 1577 3702 de
1608 3649 1861 3703 Worma-

214 3733 303 3792 cia
340 3747 595 3803 movens,
656 3732 976 3802 Bajoariam
1010 3733 1286 3806 tetendit,
1342 3748 1407 3791 ea
1440 3735 1765 3792 intentione
1797 3741 1862 3793 ut

214 3821 397 3879 Hunis
428 3820 641 3880 bellum
666 3820 929 3892 inferret,
964 3822 1268 3893 divisoque
1299 3824 1585 3894 exercitu,
1610 3825 1864 3881 Theode-

215 3909 400 3967 ricum
428 3909 698 3967 comitem
746 3914 802 3965 et
841 3909 1244 3978 Meginfridum
1278 3911 1663 3969 camerarium
1694 3928 1861 3969 suum

215 4012 345 4081 cum
367 4012 479 4055 una
502 4001 671 4069 parte
704 4011 806 4068 per
837 3997 1166 4069 aquilonale
1188 3999 1432 4056 Danubii
1466 3999 1622 4057 latus
1642 4001 1725 4057 ire
1742 4000 1864 4070 jus-

216 4086 314 4156 sit,
355 4086 479 4158 ipse
500 4100 630 4143 cum
655 4084 836 4141 altera
872 4100 975 4156 per
995 4086 1250 4142 australe
1283 4086 1608 4158 descendit,
1633 4089 1865 4145 venien-

213 4178 421 4245 tesque
445 4172 514 4228 ad
538 4176 789 4229 Anesum
815 4172 1070 4242 ﬂuvium,
1106 4173 1204 4242 qui
1233 4178 1326 4229 est
1351 4173 1518 4232 limes
1550 4177 1865 4233 Pannoniae

216 4266 393 4332 atque
424 4259 717 4330 Bawariaa,
747 4263 940 4316 castra
989 4265 1334 4332 posuerunt,
1381 4265 1442 4318 et
1474 4277 1578 4335 per
1604 4263 1864 4321 triduum

216 4348 466 4406 letanias
487 4347 564 4404 ibi
582 4347 866 4405 fecerunt.
887 4350 975 4418 (Α.
993 4350 1201 4421 Laur.)
1222 4350 1368 4405 Huni
1384 4354 1578 4408 autem
1601 4352 1868 4410 videntes

215 4436 539 4494 exercitum
574 4434 684 4507 “‘°,
738 4440 1018 4508 utrasque
1049 4438 1210 4509 ripas
1241 4442 1529 4510 tenentes,
1583 4440 1868 4499 divinitus

216 4526 477 4584 immisso
504 4528 759 4598 terrore,
789 4527 1143 4585 munitiones
1165 4541 1300 4585 suas
1321 4528 1686 4586 dimittentes
1712 4531 1870 4601 fuge-

1970 1976 2142 2045 juges
2163 1974 2389 2047 pluvias
2438 1976 2494 2031 et
2520 1979 2756 2041 terram,
2784 1985 2911 2042 quae
2941 1965 3224 2040 palustris
3254 1967 3345 2020 est
3380 1964 3612 2019 natura-

1978 2064 2130 2131 liter,
2167 2080 2314 2135 opus
2336 2062 2489 2134 quod
2542 2062 2713 2116 ﬁebat
2740 2064 2898 2115 stare
2929 2072 3041 2113 non
3068 2053 3278 2127 potuit,
3305 2051 3403 2108 sed
3438 2063 3615 2121 quan-

1975 2158 2096 2209 tum
2127 2158 2303 2208 terra:
2351 2167 2380 2207 a
2415 2150 2741 2206 fossoribus
2796 2146 3051 2203 interdiu
3106 2146 3367 2214 egestum
3401 2139 3612 2209 fuerat,

1973 2246 2197 2299 tantum
2224 2240 2494 2297 noctibus
2507 2239 2680 2296 humo
2702 2237 2912 2293 iterum
2929 2234 3229 2291 relabente
3251 2228 3610 2287 subsidebat.

1975 2333 2033 2386 In
2066 2332 2175 2387 hoc
2206 2344 2384 2401 opere
2432 2330 2716 2398 occupato
2757 2324 3028 2381 nunciata
3057 2326 3149 2378 est
3180 2322 3466 2376 Saxonum
3498 2330 3616 2373 om-

1975 2419 2203 2475 nimoda
2226 2417 2477 2474 defectio
2499 2420 2556 2472 ct
2584 2419 2930 2472 Francorum
2957 2409 3203 2483 plurima
3223 2422 3253 2464 a
3277 2404 3614 2462 Sarraceuis

1976 2508 2329 2565 interfectio.
2373 2508 2596 2574 Quibus
2627 2507 2805 2563 rebus
2848 2504 3196 2570 commotus,
3229 2499 3284 2553 in
3316 2494 3612 2552 Franciam

1976 2600 2298 2665 revertens,
2335 2595 2528 2652 natale
2555 2593 2777 2651 Domini
2806 2589 3127 2648 celebravit
3155 2579 3306 2658 apud
3340 2585 3613 2640 Sanctum

1976 2685 2297 2758 Kylianum,
2313 2685 2644 2754 Wirciburg
2657 2680 3080 2751 scilicet,juxta
3097 2678 3340 2732 Moenum
3355 2671 3612 2739 ﬂuvium,

1975 2776 2189 2846 pascha
2222 2790 2360 2831 vero
2392 2789 2568 2846 super
2612 2772 2858 2829 eundem
2892 2770 2947 2825 in
2987 2767 3125 2824 villa
3155 2764 3611 2830 Franconovurt,

1975 2864 2072 2920 ubi
2105 2869 2164 2920 et
2192 2864 2573 2921 hiemaverat.

2048 2957 2138 3009 13.
2163 2958 2258 3010 25.
2289 2955 2353 3008 A.
2380 2955 2449 3007 D.
2471 2955 2600 3008 793.
2622 2946 2904 3005 Karoloin
2937 2942 3377 3003 Franconovurt
3402 2935 3618 3011 pascha

1971 3042 2330 3111 celebrante,
2363 3038 2619 3111 synodus
2666 3037 3080 3109 episcoporum
3131 3044 3334 3101 magna
3365 3026 3616 3084 collecta

1972 3137 2062 3189 est
2095 3147 2167 3189 ex
2210 3131 2480 3188 omnibus
2527 3127 2689 3198 regni
2749 3123 3084 3198 provinciis,
3146 3119 3324 3191 legati
3384 3129 3616 3188 quoque

1972 3220 2209 3277 Adriani
2232 3234 2398 3293 papae
2420 3218 2478 3274 in
2519 3219 2646 3289 ejus
2673 3216 2799 3272 vice
2822 3212 3132 3270 affuerunt.
3166 3211 3230 3265 In
3257 3209 3367 3264 hac
3399 3204 3617 3277 synodo

1971 3310 2197 3367 heresis
2216 3306 2520 3379 cujusdam
2543 3302 2804 3376 episcopi
2826 3300 3032 3357 Felicis
3052 3296 3281 3355 nomine
3305 3295 3617 3364 dampnata

1971 3404 2080 3469 est,
2117 3397 2215 3469 qui
2267 3395 2558 3452 Christum
2608 3390 2923 3450 secundum
2974 3388 3086 3444 hoc
3117 3384 3271 3458 quod
3320 3384 3494 3441 homo
3522 3385 3617 3438 est

1971 3486 2313 3559 adeptivum
2345 3483 2442 3539 Dei
2485 3481 2665 3538 ﬁlium
2698 3479 2949 3548 dicebat,
2982 3480 3040 3532 et
3074 3475 3221 3531 liber
3251 3475 3457 3529 contra
3488 3483 3616 3527 eam

1972 3575 2259 3635 communi
2282 3573 2693 3647 episcoporum
2727 3568 3083 3626 auctoritate
3114 3561 3475 3635 compositus
3504 3562 3618 3629 est,

1973 3667 2027 3723 in
2061 3681 2175 3738 quo
2196 3678 2395 3721 omnes
2426 3659 2928 3732 subscripserunt,
2963 3653 3228 3727 Synodus
3257 3651 3454 3721 etiam,
3489 3661 3619 3721 quas

1972 3758 2105 3812 ante
2138 3768 2357 3827 paucos
2403 3764 2587 3808 annos
2618 3749 2675 3804 in
2709 3741 3213 3816 ConstantinOpoli
3264 3741 3616 3811 congregata

1972 3846 2082 3903 sub
2114 3847 2339 3915 Hyrene
2384 3844 2442 3898 et
2494 3838 2895 3906 Constantino,
2931 3834 3048 3891 ﬂlio
3097 3833 3246 3904 ejus,
3281 3828 3523 3902 septima
3557 3830 3616 3884 et

1976 3930 2325 3990 universalis
2360 3930 2431 3986 ab
2483 3928 2626 3999 ipsis
2656 3924 2948 3998 appellata
2979 3926 3088 3992 est,
3138 3923 3203 3978 ut
3236 3933 3341 3976 nec
3371 3916 3618 3989 septima

1973 4036 2081 4078 nec
2103 4019 2325 4091 aliquid
2375 4018 2695 4085 diceretur,
2724 4013 2887 4085 quasi
2918 4023 3301 4083 supervacua,
3336 4008 3409 4063 ab
3439 4003 3620 4061 omni-

1976 4111 2085 4166 bus
2118 4108 2389 4163 abdicata
2419 4108 2530 4161 est.
2566 4105 2785 4159 Mortua
2809 4102 2895 4157 est
2929 4104 3122 4156 autem
3147 4096 3223 4151 ibi
3247 4100 3304 4152 et
3338 4093 3618 4150 Fastrada

1975 4195 2196 4267 regina,
2229 4198 2286 4250 et
2345 4190 2651 4261 Mogontiaa
2679 4188 2832 4260 apud
2890 4188 3162 4243 Sanctum
3218 4182 3499 4239 Albanum
3533 4194 3621 4238 se-

1978 4284 2138 4358 pulta
2171 4286 2283 4339 est.

2050 4375 2141 4428 14.
2178 4374 2271 4426 26.
2314 4370 2378 4425 Α.
2409 4370 2469 4423 D.
2504 4367 2636 4422 794.
2683 4365 2827 4434 Rex,
2858 4362 3043 4419 diviso
3075 4361 3229 4418 inter
3257 4375 3319 4419 se
3348 4364 3410 4417 et
3442 4358 3621 4416 filium

1978 4462 2105 4534 ejus
2132 4457 2405 4517 Karolnm
2454 4454 2743 4524 exercitu,
2796 4450 3102 4509 Saxoniam
3133 4465 3263 4507 cum
3304 4463 3509 4520 magno
3540 4447 3623 4504 in-

1982 4551 2157 4609 travit
2179 4544 2493 4621 apparatu;
2518 4543 2620 4601 sed
2645 4542 2757 4615 ipsi
2781 4541 2985 4598 faciem
3008 4554 3135 4609 ejus
3157 4538 3333 4596 solito
3356 4534 3616 4606 reveriti,

218 4618 452 4686 ιύηῐνθι
473 4615 1042 4706 ηιθιδαιιθμθκθτοίιυε
1062 4615 1584 4706 ξίρθνβίηὲτθεδυεν
1604 4634 1865 4690 magnam
1895 4620 1949 4681 D
1980 4640 2132 4697 datis
2163 4615 2490 4706 obsidibus,
2525 4648 2587 4690 se
2620 4647 2722 4706 per
2752 4630 2942 4688 omnia
2978 4631 3373 4686 obsecuturos
3393 4626 3624 4697 jurave-

217 4708 442 4777 partem
473 4703 785 4761 Pannoniae
802 4718 990 4774 usque
1008 4704 1076 4760 ad
1103 4703 1339 4761 ﬂuvium
1355 4706 1451 4777 qui
1476 4706 1866 4765 diciturRaba

216 4793 578 4860 devastavit;
614 4793 807 4865 (Eme.
842 4793 1034 4864 Ann.)
1064 4792 1269 4864 sicque
1300 4809 1402 4850 rex
1432 4810 1537 4867 per
1570 4797 1865 4855 Sabariam

216 4881 439 4938 reverti
473 4881 713 4947 statuit;
739 4881 928 4938 altera
951 4883 1119 4953 parte
1136 4882 1434 4940 exercitus
1458 4899 1561 4956 per
1580 4884 1730 4941 viam
1754 4901 1867 4958 qua

218 4971 460 5026 venerat
489 4968 693 5025 rediit.

291 5060 382 5112 12.
420 5059 518 5113 24.
557 5059 628 5113 Α.
668 5059 737 5111 D.
776 5060 905 5114 792.
930 5056 1158 5115 -Karolo
1189 5073 1218 5114 a
1270 5059 1448 5117 natali
1506 5062 1729 5119 Domini
1763 5079 1865 5135 per

219 5149 483 5200 :estatem
540 5144 875 5216 Ratisponte
916 5144 1007 5178 ³³⁵³
1050 5154 1466 5219 commorante,
1515 5150 1863 5220 quibusdam

219 5231 457 5288 Francis
472 5232 799 5301 agentibus,
815 5234 1178 5304 conspiravit
1198 5240 1403 5293 contra
1419 5252 1549 5293 eum
1569 5238 1723 5295 filius
1737 5239 1866 5309 ejus

216 5318 498 5392 Pippinus
525 5334 600 5376 ex
652 5321 975 5378 concubina
1018 5323 1273 5394 itemque
1315 5325 1433 5395 alii,
1491 5333 1734 5398 propter
1768 5331 1867 5384 Fa-

222 5406 478 5463 stradam
509 5407 786 5478 reginam,
835 5409 1005 5480 cujus
1035 5401 1444 5469 crudelitatem
1479 5429 1540 5470 se
1574 5415 1725 5472 ferre
1757 5433 1864 5473 non

221 5508 392 5568 posse
420 5495 619 5553 Franci
667 5495 963 5555 dicebant.
1000 5498 1137 5565 Quae
1187 5501 1549 5573 conspiratio
1600 5519 1729 5560 cum
1762 5519 1865 5577 per

1978 4735 2141 4856 “1%:
2177 4800 2264 4854 27.
2300 4798 2370 4853 A.
2406 4798 2478 4853 D.
2515 4797 2647 4852 795.
2684 4795 2807 4850 Rex
2864 4789 3125 4864 perfidiae
3173 4790 3462 4846 Saxonum
3510 4798 3624 4841 non

1976 4888 2297 4956 immemor,
2350 4888 2700 4943 conventum
2751 4880 3083 4954 generalem
3140 4877 3346 4935 habuit
3393 4875 3451 4931 in
3481 4871 3620 4930 villa

1977 4992 2105 5048 quae
2135 4975 2353 5033 dicitur
2405 4972 2748 5032 Cuﬂ‘esstein
2780 4969 2871 5005 ¹¹⁶³
2898 4970 3053 5027 ultra
3102 4969 3364 5025 Rhenum
3417 4967 3621 5022 contra

1974 5064 2320 5134 Magontiam
2357 5062 2523 5132 juxta
2554 5063 2800 5118 Moenum
2833 5058 3092 5124 ﬂuvium,
3129 5060 3305 5128 atque
3328 5054 3461 5111 inde
3492 5066 3622 5111 cum

1976 5153 2242 5211 exercitu
2267 5150 2570 5209 Saxoniam
2587 5151 2909 5221 ingressus,
2932 5161 3081 5221 pene
3094 5150 3274 5205 totam
3289 5142 3624 5220 populando

1977 5241 2331 5314 peragravit,
2364 5240 2619 5311 itemque
2650 5238 2911 5312 acceptis
2933 5236 3263 5307 obsidibus,
3290 5233 3347 5292 in
3378 5230 3618 5291 Galliam

1977 5330 2293 5386 remeavit.

2051 5422 2142 5474 16.
2182 5422 2275 5473 28.
2312 5418 2385 5473 Α.
2418 5418 2485 5472 D.
2516 5420 2638 5473 796.
2666 5416 2777 5473 Leo
2810 5429 2954 5486 papa
2979 5418 3106 5471 96ιιε
3135 5413 3443 5471 ordinatus
3475 5410 3625 5468 sedit

1977 5520 2161 5562 annos
2189 5508 2287 5573 20;
2322 5504 2420 5560 alii
2450 5505 2634 5574 (EINH.
2662 5505 2838 5575 Ama.)
2870 5504 3074 5561 dicunt
3099 5507 3188 5560 25.
3225 5503 3326 5561 Hic
3358 5500 3625 5562 Karolum

1569 5628 1806 5684 VARUE
1848 5629 2245 5687 LECTIONES.

291 5712 383 5750 “‘°
408 5715 707 5776 exercitus
739 5717 824 5775 ιδ.
890 5716 980 5753 ιω
1009 5720 1077 5780 in
1106 5720 1226 5781 loco
1251 5734 1390 5783 raso
1422 5728 1477 5780 1.
1516 5722 1607 5759 ω’
1634 5725 1804 5784 itm.
1846 5730 1903 5786 4.
1940 5731 2000 5786 δ.
2038 5732 2125 5787 9α.
2161 5730 2253 5787 10.
2290 5725 2502 5786 sedens
2528 5727 2597 5784 D.
2638 5727 2707 5784 E.
2760 5724 2850 5761 ¹¹⁴⁸
2879 5727 3179 5788 cusfestun
3212 5727 3294 5789 ιδ.
