3946 6482
342 425 459 494 868

1497 427 1982 493 EKKEHARDI
2021 422 2578 493 URAUGIENSIS

3667 424 3813 490 864

347 561 483 622 fecit
536 560 945 637 imperatorem
988 563 1097 622 ‘1“.
1132 562 1239 633 Qui
1271 580 1407 624 mox
1440 571 1503 624 ut
1546 565 1852 624 ordinatus
1879 571 1993 637 est,
2029 564 2084 624 A
2115 565 2304 639 ipsius
2336 564 2544 623 matris
2578 579 2700 623 suae
2732 562 2978 622 consilio
2998 562 3110 621 hoc
3135 562 3350 622 factum
3378 566 3491 635 est,
3516 561 3809 636 ipsaque

347 654 544 712 claves
567 654 952 712 confessionis
973 655 1159 712 sancti
1183 657 1342 712 Petri
1361 661 1421 713 et
1436 656 1712 713 vexillum
1728 657 1998 714 Romanas

349 741 514 799 urbis
537 742 609 799 ad
633 758 826 813 regem
852 743 1124 801 Karolum
1148 760 1278 801 cum
1303 744 1436 802 aliis
1456 745 1798 802 muneribus
1819 744 1998 816 misit,

347 835 495 888 etut
546 832 798 903 aliquem
855 833 927 889 de
979 833 1367 904 optimatibus
1395 833 1486 868 1‘“
1514 835 1637 891 suis
1667 834 1737 891 ad
1798 833 2006 891 confir-

351 919 621 977 mandum
646 921 759 977 sibi
784 937 886 993 per
927 930 1355 980 sacramentum
1380 925 1654 996 populum
1687 925 2004 980 Romanum

351 1009 636 1078 mitteret,
689 1011 938 1080 rogavit.
990 1012 1195 1068 Missus
1234 1018 1322 1068 est
1356 1015 1427 1070 ad
1460 1014 1606 1070 hanc
1664 1028 1783 1069 rem
1816 1011 2008 1082 Angit-

354 1095 582 1165 bertus,
611 1096 795 1153 abbas
826 1099 1167 1154 monasterii
1202 1100 1389 1155 sancti
1415 1099 1689 1169 Richarii,
1716 1114 1820 1170 per
1838 1113 2006 1168 quem

354 1183 532 1238 etiam
558 1199 821 1254 magnam
873 1191 1097 1257 partem
1125 1188 1408 1257 thesauri,
1445 1203 1612 1258 quem
1647 1189 1891 1244 Hericus
1918 1185 2009 1219 ω’

356 1270 475 1328 dux
499 1272 938 1345 Forojuliensis,
968 1276 1219 1346 spoliata
1242 1278 1534 1332 Hunorum
1556 1277 1713 1346 regia
1735 1291 1863 1346 quze
1896 1275 2010 1330 rin-

355 1374 463 1428 gus
492 1362 836 1433 vocabatur,
868 1364 1069 1420 eodem
1095 1378 1244 1421 anno
1275 1366 1397 1435 regi
1428 1366 1497 1421 dc
1529 1365 1820 1421 Pannonia
1847 1364 2011 1419 detu-

351 1449 527 1517 lerat,
546 1452 735 1519 misit;
764 1453 987 1523 reliqua
1015 1454 1495 1525 interoptimates
1516 1459 1565 1510 cl
1583 1455 1810 1510 aulicos
1832 1459 1891 1510 et
1913 1468 2011 1525 pa-

351 1536 498 1596 latio
533 1540 938 1599 deservientes
969 1543 1293 1600 liberaliter
1316 1544 1635 1600 distribuit.
1672 1545 1793 1599 Rex
1816 1546 2009 1598 autem

356 1628 637 1697 posthaec
671 1631 975 1686 Saxoniam
1014 1637 1236 1702 petens,
1291 1632 1469 1688 lilium
1504 1647 1669 1689 suum
1702 1631 2009 1703 Pippinum

358 1715 544 1773 Italiae
568 1732 763 1787 regem
790 1719 842 1773 in
868 1720 1219 1775 Pannoniam
1246 1721 1421 1787 misit,
1458 1721 1717 1792 ipseque,
1753 1721 2011 1791 depopu'

355 1804 470 1862 lata
496 1806 763 1877 Saxonis,
793 1809 1154 1879 Aquasgrani
1188 1811 1529 1881 revertitur,
1555 1810 1835 1881 Pippinus
1850 1824 2004 1871 vero,

2115 670 2356 725 regnum
2390 654 2514 713 sola
2538 661 2741 711 tenere
2769 654 3093 711 contendit.
3116 654 3206 722 (Α.
3247 654 3416 710 Εικιι.
3450 658 3510 709 et
3541 652 3802 723 Laur.)

2115 745 2235 801 Hos
2265 759 2405 815 ergo
2436 744 2665 814 legatos
2707 744 2804 801 ubi
2829 758 2932 799 rex
2960 741 3226 799 absolvit.
3265 746 3549 798 venerunt
3579 741 3665 799 de
3694 742 3805 798 Hi-

2116 834 2315 904 spania
2342 832 2518 902 legati
2534 832 2847 890 Hadefonsi
2867 832 3023 901 regis
3037 830 3268 888 Galiciae
3290 834 3347 887 et
3375 831 3657 903 Asturize,
3679 832 3801 887 Ba-

2117 923 2370 993 syliscus
2402 928 2462 978 et
2494 921 2681 991 Froia,
2735 921 3069 978 deterentes
3098 934 3360 991 munera,
3404 935 3531 991 quae
3559 919 3675 977 ille
3712 919 3796 975 dc

2118 1010 2425 1081 manubiis,
2464 1026 2609 1081 quas
2640 1011 2829 1067 victor
2871 1010 3024 1082 apud
3058 1010 3458 1081 Olisiponiam,
3500 1008 3793 1065 ultimam

2118 1098 2406 1169 Hispania)
2430 1098 2751 1167 civitatem,
2777 1113 2805 1153 a
2833 1113 2892 1153 se
2916 1103 3328 1169 expugnatam,
3353 1104 3616 1170 ceperat,
3642 1098 3796 1153 mit-

2122 1192 2245 1242 tere
2269 1187 2391 1256 regi
2417 1187 2667 1257 curavit,
2688 1188 2918 1242 Mauros
2936 1186 3215 1243 videlicet
3227 1192 3450 1258 septem
3474 1202 3606 1243 cum
3639 1186 3794 1242 toti-

2122 1276 2249 1331 dem
2268 1275 2441 1331 mulis
2456 1274 2865 1347 atqucloricis.
2895 1276 3050 1342 Quos
3065 1279 3124 1330 ct
3146 1276 3389 1346 benigne
3404 1276 3703 1347 suscepit,
3721 1279 3791 1333 et

2121 1363 2443 1420 honoriﬁce
2501 1360 2905 1420 remuneratos
2962 1364 3198 1421 dimisit.
3232 1396 3301 1405 --
3333 1364 3432 1434 (Η.
3463 1364 3566 1436 m.)
3625 1365 3791 1420 Con-

2122 1453 2418 1510 stantinus
2448 1452 2541 1487 “5°
2590 1454 2930 1524 imperator,
2976 1453 3128 1510 filius
3172 1453 3376 1510 Leonis
3405 1458 3463 1509 et
3513 1455 3784 1525 llyrene,

2121 1546 2431 1613 postquam
2480 1547 2740 1599 coecatus
2782 1546 2869 1598 est
2904 1542 3149 1599 consilio
3199 1543 3402 1599 matris
3433 1558 3572 1611 suae,
3633 1545 3786 1614 post

2123 1632 2299 1688 breve
2322 1636 2554 1703 tempus
2573 1632 2740 1703 obiit,
2767 1632 2968 1702 sicque
2987 1636 3172 1686 mater
3184 1631 3254 1687 de
3269 1637 3468 1687 cetero
3484 1646 3588 1702 per
3602 1631 3775 1703 quin-

2122 1735 2232 1790 que
2266 1736 2445 1777 annos
2477 1720 2806 1792 imperavit.
2843 1720 3205 1778 Obscuratus
3233 1726 3323 1776 est
3351 1724 3541 1777 autem
3573 1720 3665 1777 sol
3702 1734 3780 1775 eo

2125 1813 2386 1882 tempore
2421 1825 2524 1882 per
2573 1810 2699 1866 dies
2728 1816 2816 1880 17,
2870 1810 2949 1866 ita
2996 1814 3058 1866 ut
3116 1810 3462 1865 oberrarent
3500 1823 3681 1865 naves
3718 1808 3779 1864 in

356 1893 572 1963 fugatis
604 1895 756 1952 ultra
814 1896 1050 1953 ﬂuvium
1101 1898 1309 1954 Tizaha
1344 1898 1544 1965 Hunis,
1581 1914 1711 1955 cum
1773 1898 2010 1956 residuo
2038 1922 2093 1983 Β
2124 1899 2289 1970 mari,
2325 1904 2380 1955 et
2403 1914 2605 1955 omnes
2628 1898 2910 1969 dicerent,
2941 1897 3097 1970 quod
3130 1902 3369 1971 propter
3392 1897 3778 1970 imperatoris

358 1982 655 2039 Hunorum
718 1985 998 2043 thesauro
1029 1987 1100 2042 ad
1161 1990 1384 2059 patrem
1417 1987 1753 2057 regreditur
1784 1986 1885 2058 (cf.
1924 1990 2000 2048 Λ.

355 2071 609 2143 Laur).

427 2166 511 2218 17.
547 2166 634 2218 29.
673 2163 866 2233 (Eme.
905 2166 1085 2239 Amz.)
1122 2168 1189 2222 A.
1232 2168 1295 2222 Ι).
1331 2170 1453 2223 797.
1494 2166 1805 2239 Expeditio
1860 2167 2011 2223 facta

360 2250 529 2307 estin
580 2252 907 2325 Saxoniam,
934 2258 991 2309 et
1023 2270 1204 2326 usque
1231 2257 1297 2313 ad
1325 2270 1605 2313 oceanum
1630 2256 1783 2312 ultra
1816 2271 2016 2314 omnes

356 2339 602 2409 paludes
636 2344 696 2397 et
719 2341 869 2398 invia
895 2342 1019 2399 loca
1044 2345 1353 2400 transitum
1380 2349 1492 2415 est,
1518 2351 1573 2402 et
1613 2360 1712 2401 rex
1739 2346 1809 2401 de
1834 2346 2018 2403 Hado-

354 2427 487 2484 loha
510 2444 821 2500 regressus
850 2465 890 2472 —
929 2448 1058 2488 nam
1094 2434 1147 2489 id
1182 2449 1385 2491 nomen
1420 2439 1509 2490 cst
1544 2435 1673 2492 loco
1709 2436 1806 2491 ubi
1852 2450 2019 2492 ocea-

358 2532 467 2573 nus
502 2519 805 2576 Saxoniam
856 2521 1321 2580 alluit—totam
1357 2526 1640 2581 Saxonum
1693 2530 1924 2594 gentem
1962 2525 2017 2581 in

358 2604 712 2664 deditionem
732 2612 1086 2681 perobsides
1101 2613 1415 2684 accepit,et
1431 2614 1499 2669 ad
1519 2613 1797 2685 palatium
1816 2615 1997 2684 Aquis

351 2695 515 2763 grani
551 2711 881 2768 regressus,
921 2700 1223 2757 Abdellam
1259 2702 1662 2773 Sarracenum,
1701 2703 1881 2759 filium
1907 2703 2016 2782 lbi-

353 2797 575 2854 maugre
604 2786 777 2856 regis,
804 2802 833 2842 a
864 2788 1043 2845 fratre
1067 2789 1370 2861 depulsum
1399 2791 1629 2862 sibique
1650 2807 1712 2847 se
1732 2805 2018 2850 eommen-

353 2870 588 2929 dantem
623 2877 906 2946 suscepit.
954 2877 1099 2933 Illuc
1128 2883 1184 2933 et
1222 2879 1455 2949 legatus
1483 2881 1715 2950 Nicctze,
1749 2880 1843 2951 qui
1875 2885 2015 2936 tunc

353 2961 607 3018 Siciliam
643 2964 905 3035 regebat,
942 2966 1124 3037 venit,
1165 2973 1404 3038 portans
1434 2969 1740 3041 epistolam
1772 2970 2017 3040 impera-

352 3048 503 3105 toris
530 3050 917 3108 Constantini.
948 3054 1126 3119 Quem
1162 3056 1465 3124 magniﬁce
1507 3057 1857 3128 suscipiens,
1885 3061 2013 3129 post

352 3151 569 3209 paucos
604 3139 730 3197 dies
796 3143 1077 3200 absolvit.
1119 3144 1404 3201 Mediante
1434 3150 1625 3202 autem
1684 3161 1881 3202 mense
1910 3148 2017 3203 Νο-

351 3229 611 3297 vembre,
654 3231 722 3287 ad
774 3232 1194 3289 hibernandum
1230 3249 1359 3290 cum
1393 3236 1659 3291 exercitu
1710 3236 2011 3292 Saxoniam

350 3314 615 3389 intravit,
653 3322 984 3393 posrtisquc
1031 3323 1247 3380 castris
1278 3322 1431 3394 apud
1477 3324 1786 3395 Wisaram,
1824 3324 2011 3381 locum

347 3410 676 3464 castrorum
714 3410 968 3467 Heristal
1001 3412 1195 3467 vocari
1217 3411 1411 3481 jussit.
1436 3411 1582 3468 Illuc
1614 3412 1789 3483 legati
1823 3415 2013 3471 [luno-

350 3508 477 3549 rum
507 3511 635 3552 cum
661 3498 883 3567 magnis
918 3500 1255 3556 muneribus
1283 3506 1589 3571 venerunt,
1621 3502 1867 3572 indeque
1903 3504 2014 3558 Ab-

351 3581 563 3639 dellam
598 3587 978 3642 Sarracenum
1010 3603 1138 3643 eum
1190 3588 1309 3643 ﬁlio
1348 3603 1455 3644 suo
1485 3590 1797 3646 Ludewico
1832 3591 1885 3646 in
1920 3592 2010 3647 Hi-

351 3670 586 3740 spanias
624 3675 841 3729 reverti
880 3675 1036 3745 fecit,
1082 3675 1387 3747 Pippinum
1421 3676 1477 3732 in
1510 3677 1730 3733 italiam
1767 3679 2008 3749 remisit,

350 3758 473 3828 ipse
506 3774 644 3816 vero
677 3760 748 3817 ad
780 3762 1203 3833 disponendam
1237 3764 1539 3820 Saxoniam
1586 3770 1771 3822 totum
1803 3767 2011 3825 hiemis

352 3852 583 3918 tempus
608 3849 969 3921 impendens,
988 3852 1180 3906 natale
1204 3853 1425 3909 Domini
1452 3859 1507 3909 et
1532 3855 1742 3926 pascha
1767 3870 2013 3927 sequen-

350 3934 429 3990 tis
463 3937 595 3991 anni
629 3937 705 3993 ibi
741 3938 1082 3995 celebravit.

419 4028 504 4081 30.
541 4025 629 4094 (A.
658 4028 822 4084 Elxn.
843 4033 902 4083 et
926 4030 1135 4100 Laur.)
1169 4032 1233 4086 A.
1260 4031 1321 4085 D.
1354 4033 1476 4087 798.
1514 4032 1773 4089 Saxones
1806 4036 2010 4092 Trans-

349 4111 586 4185 albiani,
618 4116 907 4175 seditione
939 4124 1250 4189 commota,
1275 4120 1501 4189 legatos
1536 4121 1705 4191 regis,
1743 4123 1837 4192 qul
1865 4127 2009 4180 tunc

354 4201 426 4257 ad
458 4204 749 4261 faciendas
768 4207 1391 4279 justiciasmi<sisunt,
1415 4211 2004 4283 comprehendentes,

351 4290 500 4347 alios
536 4295 859 4365 trucidant,
910 4296 1055 4353 alios
1085 4298 1155 4353 ad
1191 4298 1588 4355 redimendum
1620 4306 2000 4358 conservant.

356 4379 517 4435 Unde
569 4396 691 4451 rex,
726 4384 974 4441 collecto
1006 4387 1271 4444 exercitu
1315 4387 1424 4457 “‘7,
1460 4388 1530 4444 ad
1564 4388 1752 4445 locum
1787 4391 1883 4461 qui
1919 4391 2012 4447 Mi-

349 4466 484 4523 nida
542 4470 758 4528 dicitur
818 4476 1100 4545 perrexit,
1160 4476 1476 4547 habitoque
1504 4478 1768 4548 consilio,
1828 4483 2010 4535 totam

358 4556 662 4615 Saxoniam
699 4562 850 4618 inter
883 4564 1105 4619 Albiam
1130 4565 1491 4622 etWisaram
1528 4567 1858 4637 populando
1883 4584 2014 4640 per-

2046 3282 2094 3343 C

2125 1989 2585 2045 obcoccationem
2616 1989 2703 2046 sol
2731 1990 3085 2045 Obscuratus
3117 1988 3212 2045 sit.

2199 2083 2283 2134 31.
2340 2078 2751 2149 (E1NH.A.)‘A.
2785 2079 2847 2133 D.
2901 2081 3023 2133 799.
3061 2079 3171 2133 Leo
3227 2091 3371 2149 papa
3405 2090 3434 2131 a
3492 2075 3777 2133 Romanis

2126 2171 2461 2225 excaecatus
2479 2172 2590 2224 est.
2614 2167 2886 2223 Romanis
2915 2167 3067 2223 enim
3093 2167 3146 2222 in
3179 2180 3281 2222 sua
3305 2165 3626 2222 securitate
3646 2164 3777 2235 glo-

2128 2258 2434 2323 riantibus,
2452 2258 2706 2314 levatum
2730 2262 2821 2314 est
2844 2273 2945 2314 cor
2962 2269 3165 2313 eorum
3190 2255 3509 2312 secundum
3525 2270 3772 2312 consue-

2127 2348 2387 2403 tudinem
2420 2346 2672 2414 illorum,
2729 2346 3160 2416 volueruntque
3191 2360 3255 2402 ea
3289 2359 3416 2416 quae
3450 2344 3773 2415 imperialis

2128 2439 2294 2492 erant
2330 2435 2644 2507 potestatis
2679 2436 2787 2491 sibi
2819 2435 3151 2491 vendicare.
3180 2434 3278 2505 (H.
3304 2436 3405 2506 φη).
3436 2433 3773 2489 Resistente

2128 2528 2321 2580 autem
2362 2524 2546 2579 Leone
2578 2538 2747 2595 papa,
2783 2523 3015 2593 quidam
3043 2537 3113 2578 ex
3143 2523 3406 2592 cognatis
3436 2522 3618 2577 beatae
3654 2535 3773 2576 me-

2128 2613 2326 2669 morim
2346 2612 2578 2668 Adriani
2599 2627 2662 2683 pa
2673 2627 2759 2684 βω
2776 2610 3128 2667 sedicionem
3146 2614 3446 2667 moventes
3461 2609 3513 2664 in
3531 2609 3765 2681 populo,

2126 2701 2574 2758 concitaverunt
2602 2715 2732 2756 eum
2766 2700 3051 2756 adversus
3097 2714 3329 2770 papam.
3359 2699 3453 2770 (Α.
3493 2699 3669 2754 Laur.
3707 2703 3770 2753 et

2127 2791 2317 2861 Emn.)
2355 2791 2511 2846 Unde
2539 2791 2752 2845 factum
2785 2793 2895 2859 est,
2931 2791 2992 2845 ut
3024 2788 3078 2843 in
3118 2788 3330 2844 letania
3362 2788 3594 2858 majore,
3637 2800 3766 2842 cum

2130 2893 2516 2951 processurus
2539 2878 2609 2933 de
2630 2878 2952 2946 Lateranis,
2978 2876 3047 2932 ad
3071 2875 3397 2933 aecclesiam
3420 2873 3603 2930 sancti
3630 2874 3771 2930 Lau-

2128 2968 2297 3023 rentii
2325 2983 2452 3040 quae
2476 2966 2547 3022 ad
2579 2965 2928 3022 Craticulam
2962 2969 3204 3021 vocatur
3227 2978 3376 3034 equo
3406 2963 3614 3019 sedens
3639 2977 3769 3034 per-

2124 3061 2311 3127 geret,
2346 3055 2590 3112 insidias
2622 3069 2651 3111 a
2692 3054 2964 3111 Romanis
2995 3053 3313 3125 dispositas
3335 3051 3499 3122 juxta
3529 3051 3767 3109 eandem

2125 3144 2451 3201 aacclesiam
2484 3143 2685 3199 incidit
2715 3162 2729 3210 ;
2763 3143 3144 3214 dejectusque
3176 3142 3245 3196 dc
3276 3155 3446 3212 equo,
3489 3144 3547 3196 et
3578 3140 3766 3196 erutis

2126 3233 2314 3292 oculis
2336 3234 2478 3304 ejus,
2526 3236 2586 3289 ut
2612 3232 2719 3289 sibi
2752 3231 2941 3288 visum
2965 3236 3078 3301 est,
3104 3230 3417 3301 linguaque
3448 3233 3761 3301 amputata,

2126 3322 2317 3379 nudus
2352 3321 2419 3376 ad
2455 3320 2770 3377 semivivus
2802 3320 2858 3374 in
2894 3319 3078 3374 media
3112 3316 3305 3390 platea
3338 3316 3612 3373 dimissus
3640 3320 3753 3372 est.

2126 3411 2303 3479 (Mon.
2339 3412 2531 3482 Sang.
2572 3411 2760 3479 1,26.)
2807 3406 3048 3475 Quidam
3100 3411 3291 3464 autem
3343 3405 3561 3475 dicunt,
3609 3404 3758 3476 quod

2126 3516 2297 3557 unum
2353 3503 2574 3555 tantum
2617 3496 2848 3555 oculum
2870 3496 2979 3554 sibi
3009 3500 3305 3566 eruerent,
3336 3494 3430 3551 alii
3464 3508 3599 3551 vero
3626 3507 3760 3550 neu-

2124 3595 2299 3660 trum,
2325 3589 2426 3645 sed
2452 3588 2692 3644 rasoriis
2706 3602 2809 3657 per
2834 3585 3057 3640 medios
3075 3583 3281 3640 oculos
3300 3582 3637 3652 inciderent,
3654 3595 3756 3637 nec

2121 3684 2312 3735 tamen
2344 3678 2532 3734 visum
2582 3676 2907 3733 auferrent.
2949 3673 3133 3743 (Emu.
3188 3674 3281 3744 A.)
3332 3670 3546 3726 Deinde
3588 3669 3753 3740 jussu

2122 3782 2344 3835 eorum,
2379 3764 2475 3836 qui
2518 3764 2691 3834 hujus
2729 3761 3006 3818 facinoris
3039 3765 3312 3817 auctores
3342 3762 3527 3828 erant,
3562 3757 3615 3813 in
3644 3771 3755 3813 mo-

2120 3855 2440 3913 nasterium
2471 3853 2655 3910 sancti
2707 3851 2967 3907 Herasmi
3015 3849 3289 3919 martyris
3343 3847 3574 3917 missus,
3607 3844 3755 3902 Albi-

2121 3945 2176 4001 ni
2208 3942 2297 3977 1”“
2329 3942 2631 4015 cujusdam
2688 3938 3038 3998 cubicularii
3091 3937 3179 3995 sui
3237 3952 3373 3994 cura
3428 3939 3600 3992 noctu
3654 3948 3752 4005 per

2119 4048 2345 4091 murum
2380 4032 2689 4100 demissus,
2727 4044 2758 4085 a
2799 4028 3079 4098 Winigiso
3115 4028 3265 4083 duce
3310 4024 3626 4096 Spolitano,
3657 4022 3748 4094 qui

2121 4122 2321 4180 audito
2350 4119 2680 4193 huiusmodi
2703 4119 2960 4175 facinore
2982 4118 3216 4172 Romam
3244 4114 3490 4171 festinus
3519 4112 3749 4168 advene-

2122 4216 2231 4282 rat,
2266 4214 2578 4282 susceptus
2611 4223 2676 4265 ac
2699 4207 2995 4278 Spoletum
3021 4206 3309 4262 deductus
3338 4207 3445 4259 est.
3484 4201 3650 4271 Cujus
3668 4201 3744 4256 rei

2120 4302 2393 4360 nuncium
2427 4299 2560 4354 dum
2595 4296 3079 4367 rex,aecepisset,
3115 4294 3305 4366 ipsum
3338 4290 3566 4363 quidem
3598 4288 3745 4346 utvi~

2120 4392 2341 4448 carium
2371 4386 2556 4445 sancti
2579 4386 2737 4441 Petri
2781 4399 2909 4440 cum
2946 4397 3169 4439 summo
3200 4382 3418 4437 honore
3444 4378 3513 4435 ad
3544 4392 3603 4435 se
3630 4389 3746 4449 pre-

2120 4480 2277 4551 cepit
2308 4475 2539 4545 adduci,
2582 4474 2695 4529 iter
2728 4479 2917 4530 tamen
2963 4485 3151 4541 suum,
3186 4469 3341 4541 quod
3370 4469 3425 4524 in
3460 4466 3741 4524 Saxoniam

2124 4568 2519 4639 diSposucrat,
2537 4577 2650 4618 non
2674 4560 3006 4616 intermisit.
3026 4559 3234 4615 Habito
3258 4558 3454 4628 itaque
3475 4557 3742 4613 conventu

359 4647 607 4715 agravit.
634 4650 1030 4707 Transalbiani
1057 4651 1146 4686 “‘5
1163 4668 1302 4709 vero
1325 4654 1602 4725 superbia
1619 4654 1780 4724 elati,
1805 4661 2010 4714 contra
2040 4645 2093 4705 D
2126 4671 2299 4727 super
2316 4654 2576 4709 Rhenum
2612 4651 2664 4706 in
2699 4650 2827 4707 loco
2848 4649 2942 4720 qui
2968 4647 3187 4704 dicitur
3210 4645 3540 4718 Lippehein,
3570 4648 3744 4699 trans-

367 4735 689 4793 Abodritos
718 4740 839 4808 regi
865 4755 1095 4812 semper
1122 4741 1323 4798 ﬁdeles
1347 4756 1501 4797 arma
1526 4743 1881 4814 corripiunt;
1908 4747 2010 4802 sed

364 4823 480 4880 dux
512 4840 712 4883 eorum
763 4828 1060 4900 Thrasico,
1120 4830 1431 4887 commisso
1491 4846 1619 4887 cum
1652 4832 1738 4888 eis
1788 4835 2009 4905 przelio,

351 4914 502 4969 6000
534 4930 603 4970 ex
636 4916 721 4972 eis
747 4917 963 4974 occidit
983 4917 1093 4987 “‘9,
1122 4918 1380 4989 reliquos
1401 4921 1657 4991 turpiter
1682 4923 1913 4991 fugatos
1947 4918 2012 4981 ut

356 5002 481 5072 regi
519 5018 582 5059 se
615 5005 900 5061 dederent
919 5008 1132 5077 coegit.
1169 5010 1242 5063 At
1271 5023 1372 5063 rex
1402 5009 1455 5064 in
1491 5010 1785 5067 Franciam
1817 5028 2012 5069 rever-

361 5106 485 5165 sus,
512 5095 610 5151 ubi
642 5095 708 5151 ad
739 5098 1101 5167 Aquasgrani
1127 5098 1305 5168 venit,
1331 5100 1537 5157 missos
1564 5103 1804 5173 llyrenre
1834 5103 2010 5176 impe-

359 5183 601 5242 ratricis
630 5184 703 5241 de
735 5199 873 5252 pace
905 5190 1144 5256 agentes
1173 5188 1432 5255 audivit;
1481 5191 1649 5261 cujus
1683 5191 1835 5248 filius
1866 5194 2009 5249 Con-

358 5274 661 5331 stantinus
690 5274 1151 5332 obinsolentiam
1177 5291 1398 5333 morum
1433 5291 1463 5333 a
1498 5280 1622 5336 suis
1648 5286 1878 5353 captus,
1912 5297 2010 5338 ex-

349 5366 541 5418 cwcat
557 5378 625 5419 us
646 5367 760 5434 est,
783 5364 897 5435 vel,
913 5369 977 5421 ut
1000 5365 1232 5436 quidam
1257 5366 1454 5423 verius
1481 5368 1736 5426 fatentur
1752 5368 1853 5439 (Η.
1877 5371 2004 5441 m.),

2127 4743 2380 4811 fretavit,
2407 4747 2467 4798 ct
2490 4741 2558 4796 ad
2585 4740 3057 4795 Padcrbrunnem
3080 4734 3171 4770 ¹¹⁸²
3191 4736 3450 4804 veniens,
3471 4731 3740 4805 pontificis

2123 4834 2435 4890 adventum
2451 4828 2526 4885 ibi
2551 4827 2934 4899 exspectavit.
2954 4824 3108 4881 Misit
3127 4829 3317 4880 autem
3344 4823 3563 4878 interea
3586 4822 3741 4875 Κειτο-

2120 4923 2236 4979 lum
2271 4920 2448 4977 filium
2494 4933 2660 4975 suum
2693 4916 2762 4972 ad
2799 4915 2986 4972 Albim
3017 4929 3147 4970 cum
3198 4911 3484 4979 exercitu,
3521 4913 3740 4982 propter

2121 5012 2383 5082 quaedam
2400 5006 2631 5077 negotia
2645 5020 2774 5062 cum
2797 5003 2998 5060 Wilzis
3014 5007 3071 5058 et
3113 5000 3414 5058 Abodritis
3458 4998 3739 5071 disponen-

2119 5102 2275 5170 da,ct
2291 5113 2419 5155 cum
2434 5097 2561 5167 ejus
2577 5093 2827 5151 reditum
2844 5090 3199 5164 expectavit,
3212 5089 3469 5161 pontifex
3481 5086 3738 5157 venit,su-

2119 5191 2477 5260 sceptusque
2501 5186 2573 5241 ab
2595 5198 2662 5239 eo
2686 5178 3028 5251 honoriﬁc‘e,
3055 5178 3262 5235 mansit
3301 5176 3452 5249 apud
3474 5190 3597 5233 eum
3627 5174 3737 5231 dies

2119 5278 2363 5348 aliquot,
2380 5272 2781 5342 intimatisque
2806 5271 2927 5340 regi
2952 5269 3223 5327 omnibus
3242 5270 3485 5339 propter
3507 5277 3625 5335 quae
3652 5277 3736 5318 ve-

2117 5371 2305 5436 nerat,
2333 5379 2436 5437 per
2457 5363 2686 5433 legatos
2710 5359 2866 5430 regis
2885 5373 3017 5417 cum
3040 5358 3259 5414 honore
3282 5353 3561 5412 reductus
3583 5356 3733 5423 atque

1708 5499 1946 5557 VARI/IS
1989 5498 2389 5556 LECTIONES.

416 5597 659 5677 “‘_‘_L_eo
696 5634 769 5677 —_
784 5602 1203 5677 imperatorem
1236 5605 1304 5665 in
1327 5606 1446 5665 loco
1472 5621 1609 5666 raso
1636 5613 1691 5663 1.
1741 5605 1831 5639 ¹¹⁴⁶
1862 5606 2197 5677 Optimabus
2228 5610 2285 5661 1.
2330 5602 2426 5677 ξω
2454 5598 2750 5677 heinricus
2776 5599 2859 5677 εδ.
2881 5599 2948 5677 ’4.
2968 5602 3062 5677 _9°_.
3104 5599 3197 5677 11.
3247 5590 3652 5677 “‘7exercitum
3668 5595 3727 5677 ‘1‘.

340 5668 415 5749 εις
436 5671 690 5749 mem.
741 5671 847 5749 ,ιιιο
873 5660 2495 5749 istaistam'{fn’i'z'meoccisitjzmmsmm
2524 5678 2582 5730 1.
2772 5672 2837 5727 c.
2878 5669 2919 5725 i.
2964 5668 2999 5724 τ.
3030 5670 3100 5728 m
3132 5666 3251 5726 loco
3277 5677 3417 5724 raso
3445 5668 3502 5722 1.
3548 5660 3628 5698 un
3654 5662 3737 5720 Αι-

347 5737 468 5798 bini
499 5772 570 5785 -ο-
602 5742 893 5803 demissus
925 5744 1141 5805 desunt
1167 5750 1236 5804 D.
1276 5750 1345 5805 E.
1396 5748 1487 5784 ιη’
1514 5751 1582 5809 in
1613 5751 1733 5808 loco
1758 5761 1900 5806 raso
1920 5737 1989 5807 '1.
