3946 6428
134 398 253 459 865

1001 397 1442 462 CHRONICA.
1480 436 1554 445 —-—
1583 397 2062 461 CHRONICON
2109 400 2649 465 UNIVERSALE.

3421 412 3540 471 866

136 532 196 588 in
225 531 415 590 locum
436 546 607 591 suum
637 538 727 590 est
758 532 1093 591 restitutus.
1115 565 1186 574 —
1208 532 1299 604 (Α.
1322 534 1528 606 Laur.)
1560 532 1772 590 Eodem
1804 533 1859 593 A
1891 537 2054 591 rator
2089 541 2148 591 et
2197 542 2483 607 angustus
2516 538 2843 611 appellatus
2871 541 3134 598 est.Post
3166 556 3387 614 paucos
3414 544 3539 602 dies

137 623 543 691 annoAvares,
580 621 674 693 qui
706 627 763 678 et
796 623 964 692 Huni,
991 638 1020 679 a
1052 621 1161 679 ﬁde
1182 638 1351 694 quam
1386 623 1777 695 promiserant.

139 708 498 781 defecerunt,
533 716 593 766 et
616 710 900 767 Geroldus
943 712 1333 768 Bawariorum
1362 715 1656 784 prefectus
1684 727 1786 783 pu-

138 809 323 865 gnans
350 798 563 853 contra
595 813 714 868 eos,
747 797 802 852 in
835 797 1399 869 praeliointerfectus
1421 804 1530 855 est.
1568 802 1590 825 '

284 888 306 909 '
348 886 411 940 D.
448 886 508 957 Ε.
528 886 779 943 addant:
795 885 865 941 de
898 886 1309 957 quoinvisione
1339 920 1406 929 —
1462 888 1557 944 sit.
1611 902 1686 944 ex
1713 888 1795 945 Si-

374 956 504 1027 geb.
540 971 595 1013 a.
622 960 751 1013 800.
920 956 953 971 "

217 1048 301 1099 32.
339 1044 744 1117 (EINH.A.)A.
803 1047 871 1102 D.
921 1050 1043 1102 800.
1093 1046 1336 1103 Karolus
1358 1062 1457 1103 rex
1502 1049 1790 1104 Turonum

142 1145 394 1203 pergens
414 1148 588 1190 causa
640 1134 946 1204 orationis,
1001 1140 1264 1191 moratus
1317 1142 1409 1191 est
1439 1136 1516 1191 ibi
1568 1136 1789 1206 aliquot

143 1219 351 1277 diebus
387 1222 947 1293 propteradversam
981 1224 1359 1280 valitudinem
1394 1224 1638 1280 domina:
1665 1224 1792 1280 Lui-

145 1309 368 1377 tgardze
390 1310 655 1380 oonjugis
678 1325 819 1379 suas,
847 1314 1021 1381 quae?
1045 1313 1235 1368 Nonas
1263 1313 1416 1368 Junii
1450 1312 1663 1368 ibidem
1697 1311 1791 1367 de-

145 1397 345 1454 functa
373 1401 435 1453 et
457 1400 689 1454 humata
726 1405 839 1455 est.
858 1400 1051 1456 Mense
1075 1406 1266 1456 autem
1294 1403 1557 1470 Angusto
1597 1400 1791 1457 incho-

145 1489 302 1555 ante,
334 1486 764 1555 Mogontiacum
798 1488 1059 1557 veniens,
1118 1489 1230 1543 iter
1270 1489 1324 1543 in
1378 1489 1601 1544 Italiam
1656 1505 1791 1544 con-

143 1572 423 1643 dixit.(A.
449 1576 656 1647 Zama)
684 1576 785 1632 Cui
819 1577 1057 1631 Romam
1081 1577 1364 1646 tendenti,
1396 1578 1586 1648 pridie
1617 1593 1787 1648 quam

142 1661 353 1717 Urbem
387 1662 636 1719 intraret
660 1665 917 1721 occurrit
949 1665 1002 1720 ei
1035 1666 1145 1721 Leo
1176 1680 1322 1736 papa
1363 1666 1517 1737 apud
1548 1667 1788 1722 Nomen-

144 1756 267 1806 tum
300 1756 393 1806 120
424 1750 618 1823 lapide
649 1754 720 1809 ab
754 1755 927 1824 Urbe,
962 1754 1374 1825 prandensque
1405 1770 1534 1811 cum
1590 1770 1677 1825 eo,
1706 1755 1787 1811 di-

144 1839 303 1895 misit
335 1854 464 1896 eum
490 1841 566 1896 ibi
592 1846 760 1897 nocte
819 1842 938 1913 illa,
973 1848 1032 1899 et
1078 1843 1363 1914 precessit
1393 1858 1523 1900 eum
1573 1844 1645 1900 ad
1687 1846 1787 1900 Ur-

144 1925 393 1999 bem.(A.
418 1930 580 1984 Emn.
607 1935 664 1985 et
689 1931 847 1986 Laur
885 1933 904 2002 )
940 1934 999 1986 In
1023 1931 1342 1987 crastinum
1385 1947 1524 1987 vero
1557 1932 1787 1988 ordina-

142 2015 223 2072 tis
250 2032 356 2087 per
386 2016 511 2073 loca
536 2032 794 2089 eongrua
823 2020 1030 2090 turbis,
1066 2020 1186 2091 ipse
1217 2025 1381 2076 stans
1427 2020 1481 2075 in
1503 2021 1786 2089 gradibus

139 2119 272 2161 cum
296 2106 592 2178 episcopis
621 2113 680 2163 et
704 2107 885 2179 clero,
917 2108 1236 2165 honorifice
1290 2108 1451 2165 illum
1503 2110 1783 2180 suscepit,

138 2192 490 2264 cunctisque
524 2194 933 2267 psallentibus,
958 2196 1013 2251 in
1046 2196 1360 2267 basylicam
1407 2197 1596 2253 sancti
1628 2196 1787 2252 Petri

142 2295 275 2337 eum
307 2281 662 2339 introduxit.
702 2286 874 2341 Facta
908 2290 1040 2342 sunt
1093 2292 1286 2342 autem
1306 2287 1433 2342 haec
1462 2286 1499 2340 8
1548 2285 1784 2341 Kalend.

141 2368 410 2424 Decemb.
434 2371 574 2427 Post
598 2377 820 2443 septem
840 2387 981 2429 vero
1005 2373 1130 2429 dies
1152 2388 1256 2429 rex
1271 2373 1543 2429 contione
1560 2378 1787 2442 vocata,

144 2457 416 2514 omnibus
443 2474 548 2515 cur
580 2460 832 2518 venisset
874 2462 1175 2532 patefecit,
1213 2462 1367 2516 inter
1401 2476 1529 2531 quae
1559 2461 1793 2533 potissi-

146 2558 300 2602 mum
315 2547 527 2602 eratde
552 2545 943 2605 discutiendis
968 2564 1095 2620 quae
1123 2548 1353 2618 objecta
1369 2556 1505 2605 sunt
1527 2548 1792 2620 pontiﬁci

142 2630 510 2689 criminibus.
547 2635 616 2690 Ut
639 2636 789 2691 enim
814 2651 874 2692 se
938 2637 1100 2707 quasi
1143 2636 1540 2693 abeolntiores
1592 2636 1795 2693 redde-

145 2724 278 2775 rent
309 2720 434 2789 ejus
467 2722 940 2795 calumniatores,
1003 2725 1365 2781 mortiferum
1381 2725 1431 2780 ei
1454 2725 1673 2781 crimen
1696 2724 1795 2779 im-

144 2817 487 2880 posuerunt.
517 2810 670 2881 Rege
705 2820 897 2868 autem
946 2812 1016 2869 de
1076 2814 1185 2870 hoc
1255 2813 1607 2883 inquirente,
1661 2828 1792 2869 cum

144 2896 343 2953 nullus
370 2902 528 2953 esset
550 2898 811 2955 criminis
839 2901 1142 2972 probator,
1172 2901 1455 2972 pontifex,
1491 2906 1793 2972 assumpto

145 2984 632 3058 evangeliitextu,
667 3003 862 3045 coram
897 3004 1033 3059 rege
1064 2994 1121 3044 et
1155 2989 1306 3045 omni
1347 2989 1561 3061 populo
1602 2991 1795 3046 ambo-

146 3086 278 3129 nem
308 3075 671 3147 conscendit,
699 3078 1181 3149 asstantibusque
1212 3072 1668 3149 incusatoribus,
1714 3079 1797 3133 in-

145 3167 356 3219 vocato
378 3168 595 3220 sanctae
617 3165 918 3222 Trinitatis
952 3166 1202 3237 nomine,
1240 3166 1311 3223 ab
1339 3167 1589 3237 objectis
1614 3181 1678 3223 se
1701 3181 1797 3222 ex-

149 3251 442 3322 purgavit.

226 3338 537 3410 Hucusque
588 3342 908 3398 Romanum
960 3342 1265 3415 imperium
1325 3357 1356 3400 a
1437 3344 1799 3416 temporibus

152 3427 518 3483 Constantini
543 3429 751 3501 Magni,
793 3430 1027 3486 Helena)
1062 3430 1187 3502 filii,
1213 3431 1367 3502 apud
1392 3432 1799 3488 Constantino-

151 3513 330 3585 polim
356 3514 419 3570 in
452 3516 762 3573 Grecorum
796 3517 1249 3590 imperatoribus
1282 3520 1517 3591 mansit,
1569 3534 1639 3576 ex
1688 3521 1798 3576 hoc

146 3616 276 3658 eam
299 3602 370 3658 ad
404 3617 572 3673 reges
604 3605 775 3661 immo
807 3606 879 3662 ad
902 3607 1291 3680 imperatores
1314 3609 1663 3665 Francorum
1694 3623 1799 3680 per

145 3690 420 3746 Karolum
455 3692 710 3750 transiit.
746 3692 836 3727 ¹¹⁶³
1776 3708 1777 3711 ‘

152 3848 164 3860 .
223 3778 376 3860 Anni.
482 3780 651 3861 Anni.

148 3862 378 3921 imperii
491 3865 653 3921 regni

150 3920 367 3977 Karoli.
480 3920 631 3991 ejus.

229 4014 253 4064 1
472 4014 558 4065 33.
709 4013 872 4068 Anno
894 4011 1196 4068 dominicae
1230 4011 1645 4068 incarnationis
1672 4014 1796 4083 801,

153 4088 411 4154 πίω-ΒΘ
432 4112 572 4153 vero
592 4099 828 4154 condita
854 4098 1161 4154 millesimo
1175 4098 1549 4165 352,Karolus
1563 4101 1799 4169 Magnus

154 4201 257 4242 rex
285 4186 906 4256 FranCorum,Pippini
938 4186 1093 4254 regis
1126 4185 1302 4255 illius,
1320 4190 1417 4240 73°
1447 4185 1537 4219 “5‘
1568 4186 1696 4243 loco
1727 4188 1798 4242 ab

152 4276 435 4344 Augusto,
467 4273 852 4328 Romanorum
886 4273 1207 4343 imperator
1254 4280 1637 4330 consecratus
1686 4279 1795 4346 est,

153 4376 306 4418 anno
330 4360 491 4431 regni
512 4360 600 4416 sui
625 4364 740 4431 33°,
765 4361 966 4431 sicque
989 4360 1299 4430 imperavit
1322 4362 1489 4417 annis
1517 4364 1794 4432 14.(EINH.

154 4451 228 4508 Α.
253 4452 405 4507 -Α.
432 4450 614 4506 Lawr.
644 4449 736 4521 -—)
762 4450 899 4505 Cum
932 4448 1084 4504 enim
1136 4463 1241 4520 pro
1288 4449 1574 4505 calumnia
1625 4450 1796 4507 Leoni

160 4552 326 4611 papae
355 4538 580 4608 ingesta
604 4538 840 4593 Romam
866 4537 1090 4594 veniret
1130 4542 1190 4593 et
1220 4537 1414 4593 natale
1470 4539 1695 4595 Domini
1719 4539 1795 4595 ibi

154 4626 504 4696 celebraret,
531 4625 587 4681 in
607 4625 731 4697 ipsa
778 4626 870 4680 die
922 4624 1321 4681 sacratissima
1354 4626 1426 4682 ad
1483 4627 1793 4684 missarum

150 4714 430 4772 solemnia
463 4715 722 4785 veniens,
781 4714 917 4771 dum
963 4719 1097 4770 ante
1154 4714 1582 4772 confessionem
1638 4718 1794 4774 beati

150 4803 309 4858 Petri
357 4802 607 4875 apostoli
639 4803 711 4858 ab
759 4802 1024 4860 oratione
1047 4808 1339 4873 surgeret,
1382 4804 1559 4860 nichil
1605 4805 1797 4863 minus

152 4892 414 4962 speranti
461 4894 573 4948 Leo
604 4907 748 4964 papa
820 4906 1094 4949 coronam
1134 4891 1432 4963 imposuit,
1456 4897 1514 4947 et
1551 4893 1799 4965 impera-

149 4984 339 5034 torem
370 4982 685 5036 Romanum
710 4981 1136 5052 pronunciavit,
1173 4985 1233 5036 et
1259 4987 1511 5038 acuncto
1542 4983 1797 5039 Romano

155 5067 370 5140 populo
402 5068 779 5124 acclamatum
801 5075 892 5124 est
918 5088 931 5124 :
954 5070 1183 5126 Karolo
1210 5071 1463 5140 augusto
1484 5085 1524 5127 a
1560 5073 1681 5128 Deo
1710 5085 1799 5129 co-

149 5158 383 5227 ronato,
411 5170 626 5228 magno
646 5157 707 5212 et
724 5157 975 5229 paciﬁca
991 5158 1341 5229 imperatori
1373 5161 1793 5231 Romanorum,

149 5243 363 5303 vitaet
386 5244 657 5301 victoria.
695 5244 880 5316 (Eum.
912 5248 1019 5317 A.)
1071 5247 1211 5302 Post
1240 5260 1386 5319 quas
1442 5245 1647 5305 laudes
1700 5263 1802 5306 un-

153 5335 288 5390 ctus
336 5333 407 5388 ab
455 5332 796 5405 apostolico,
865 5338 921 5389 et
967 5334 1338 5405 antiquorum
1382 5351 1540 5393 more
1591 5337 1803 5410 princi-

154 5435 291 5493 pum
315 5421 385 5476 ab
413 5434 483 5478 eo
513 5421 816 5494 adoratus,
850 5421 1044 5479 ablato
1075 5423 1305 5495 patricii
1337 5426 1587 5497 nomine,
1623 5426 1800 5500 impe-

1824 4584 1881 4647 D

1894 624 2090 680 habita
2116 626 2422 695 qnestione
2465 628 2536 683 de
2591 628 2943 686 adversariis
2977 644 3161 702 papas,
3218 633 3537 690 secundum

1896 713 2081 782 legem
2102 716 2411 770 Romanam
2445 722 2509 771 ut
2540 718 2861 787 majestatis
2884 718 2965 774 rei
3021 718 3396 775 decollationi
3444 722 3546 777 ad-

1894 802 2139 871 judicati
2173 807 2327 859 sunt.
2364 804 2475 859 Pro
2506 805 2719 875 quibus
2752 810 2941 862 tamen
2977 821 3124 879 papa
3182 807 3275 880 pio
3325 808 3537 866 affectu

1902 890 2261 957 intercessit;
2286 906 2414 947 nam
2447 896 2503 949 et
2544 895 2662 949 vita
2690 899 2747 951 et
2798 897 3186 953 membrorum
3228 896 3538 967 integritas

1902 980 1985 1036 eis
1998 994 2277 1036 concessa
2291 986 2403 1051 est,
2429 986 2688 1040 ceterum
2715 1000 2818 1055 pro
2836 985 3110 1041 facinoris
3140 986 3538 1055 magnitudine

1900 1070 2075 1127 exilio
2105 1070 2397 1142 deportati
2425 1077 2578 1128 sunt.
2602 1072 2843 1139 Quidam
2874 1078 3068 1130 autem
3103 1074 3303 1132 dicunt
3353 1073 3533 1143 (Man.

1899 1159 2089 1229 Sang.
2127 1175 2163 1229 ι,
2194 1162 2307 1232 26,)
2332 1161 2485 1230 quod
2517 1161 2588 1217 de
2635 1162 2955 1231 majoribus
2981 1177 3180 1219 eorum
3223 1178 3334 1219 uno
3367 1162 3459 1220 die
3483 1163 3538 1219 in

1904 1247 2276 1303 Lateranensi
2309 1248 2399 1281 1³⁸⁵
2413 1264 2617 1321 campo
2638 1251 2888 1306 trecenti
2912 1250 3182 1307 decollati
3209 1251 3538 1308 sunt.Inno-

1901 1336 2149 1391 centiam
2172 1338 2490 1393 vero-beati
2512 1338 2720 1394 Leonis
2736 1354 2898 1410 papze
2922 1339 2996 1394 ita
3039 1339 3312 1396 Dominus
3334 1355 3540 1411 appro-

1902 1423 2078 1494 bavit,
2113 1429 2175 1480 ut
2195 1425 2479 1481 clariores
2522 1431 2717 1498 postea
2750 1427 2950 1483 oculos
2970 1427 3021 1483 ei
3046 1428 3347 1484 donaverit
3385 1446 3400 1496 ;
3432 1428 3534 1484 sed

1900 1512 1954 1566 in
1986 1512 2210 1581 signum
2241 1514 2480 1570 virtutis
2532 1513 2692 1570 illius
2741 1514 3133 1585 pulcherrima
3174 1516 3421 1573 cicatrix
3478 1516 3537 1573 in

1899 1602 2129 1656 modum
2165 1603 2491 1659 tenuissimi
2524 1603 2602 1657 illi
2645 1605 2969 1660 turturinas
3000 1605 3155 1660 acies
3204 1606 3373 1661 niveo
3409 1620 3541 1662 can-

1899 1689 2040 1745 dore
2070 1688 2387 1747 decoravit.
2409 1690 2594 1760 (Emn.
2614 1694 2710 1762 A.)
2733 1693 3029 1749 Ordinatis
3053 1694 3257 1749 deinde
3273 1695 3539 1752 Romanas

1901 1778 2065 1833 urbis
2096 1782 2155 1833 et
2184 1778 2495 1849 apostolici
2512 1780 2808 1852 totiusque
2840 1780 3019 1837 [taliae
3043 1798 3152 1838 non
3187 1786 3413 1837 tantum
3436 1798 3538 1853 pu-

1813 1885 1869 1946 B
1902 1864 2091 1937 blicis,
2119 1867 2223 1922 sed
2245 1868 2420 1923 etiam
2452 1868 2886 1926 aecclesiasticis
2925 1875 2979 1926 et
3030 1872 3277 1942 privatis
3336 1871 3532 1941 rebus,

1900 1954 2222 2026 imperator
2252 1960 2285 2011 8
2315 1957 2551 2013 Kalend.
2579 1958 2686 2014 Mai
2707 1959 2941 2015 Remam
2971 1974 3241 2029 egressus
3290 1963 3404 2015 est.
3441 1959 3542 2015 llic

1898 2048 1987 2099 est
2072 2060 2257 2102 annus
2340 2047 2503 2117 regni
2581 2048 2708 2118 ejus
2772 2051 2917 2118 33‘“,
2972 2048 3199 2119 imperii
3244 2062 3384 2105 vero
3424 2048 3541 2118 pri-

1900 2148 2047 2190 mus.

1968 2243 2019 2295 2.
2052 2242 2137 2295 34.
2210 2240 2299 2310 (Α.
2334 2243 2496 2297 Eme.
2561 2247 2619 2297 et
2668 2244 2874 2313 Laur.)
2906 2245 2975 2298 A.
3017 2246 3076 2298 D.
3142 2245 3263 2313 802,
3316 2246 3542 2314 Hyrene

1901 2328 2243 2399 imperatrix
2265 2329 2335 2384 de
2359 2330 2861 2401 ConstantinOpoli
2890 2330 3046 2385 misit
3093 2331 3348 2400 legatum
3373 2347 3540 2390 suum

1903 2416 2133 2472 nomine
2165 2417 2407 2473 Leonem
2430 2418 2501 2473 ad
2533 2419 2944 2488 imperatorem
2968 2418 3240 2475 Karolum
3297 2419 3368 2476 de
3401 2436 3540 2493 pace

1904 2503 2179 2560 ﬁrmanda
2206 2505 2358 2561 inter
2386 2507 2634 2561 Francos
2663 2512 2721 2562 et
2752 2508 2984 2577 Grecos,
3011 2511 3067 2561 et
3102 2507 3422 2578 imperator
3460 2508 3543 2565 vi-

1903 2592 2098 2648 cissim
2114 2593 2441 2649 misitJesse
2455 2594 2793 2665 episcopum
2810 2594 3247 2650 Ambianensem
3266 2601 3323 2651 et
3352 2595 3541 2652 Helm-

1902 2680 2155 2748 gaudum
2214 2679 2486 2735 comitem
2545 2680 3107 2751 Constantinopolim
3178 2696 3281 2752 pro
3334 2682 3535 2738 eadem

1904 2782 2097 2838 causa,
2174 2773 2234 2823 et
2313 2774 2376 2824 ut
2446 2767 2810 2839 postularent
2897 2771 3159 2839 llyrtnen
3217 2769 3544 2841 imperatri-

1904 2870 2029 2912 cem
2056 2856 2295 2927 (H.m.),
2318 2862 2382 2913 ut
2404 2856 2850 2926 illijungeretur
2886 2857 2940 2912 in
2972 2857 3259 2926 coningio.
3315 2856 3452 2923 Quaa
3487 2858 3544 2915 in

1905 2945 2015 3001 hoc
2074 2945 2495 3003 consensisset.
2549 2945 2597 3000 si
2646 2960 2758 2999 non
2810 2944 3017 3000 Accius
3068 2945 3353 3016 patricius
3402 2944 3552 3001 inhi-

1908 3033 2157 3103 buisset,
2184 3033 2491 3105 prevalcns
2521 3038 2580 3087 et
2611 3032 2917 3104 imperium
2966 3037 3021 3088 in
3083 3034 3320 3089 fratrem
3379 3048 3546 3090 suum

1908 3122 2294 3193 Nicephorum
2316 3122 2638 3178 transferre
2667 3126 2964 3190 satagens.
3012 3123 3149 3177 Nam
3191 3137 3321 3179 cum
3362 3123 3549 3179 adhuc

1830 3233 1881 3297 C
1909 3212 1965 3265 in
2001 3211 2144 3265 urbe
2171 3213 2363 3265 essent
2399 3209 2574 3279 legati
2597 3208 2811 3278 Karoli,
2834 3208 3200 3279 Nicephorus
3243 3210 3547 3281 imperium

1911 3298 2141 3368 invasit,
2195 3301 2254 3353 et
2319 3299 2583 3368 Myrenen
2633 3298 2687 3352 in
2716 3297 3148 3367 monasterium,
3202 3298 3355 3368 quod
3422 3298 3549 3368 ipsa

1908 3385 2237 3443 construxit
2265 3385 2322 3439 in
2354 3383 2542 3441 insula
2568 3384 2833 3455 quadam,
2870 3383 3184 3453 relegavit.-

1982 3480 2039 3530 3.
2073 3474 2376 3545 35.(E1Nn.
2410 3474 2506 3545 Α.)
2541 3474 2603 3527 Α.
2640 3474 2701 3528 D.
2742 3477 2863 3528 803.
2919 3472 3295 3544 Imperatoris
3355 3474 3550 3531 Karoli

1912 3563 2086 3633 legati
2120 3562 2189 3618 de
2223 3561 2720 3632 Constantinopoti
2755 3562 2972 3617 reversi
3005 3566 3161 3629 sunt,
3184 3564 3243 3617 et
3265 3569 3553 3621 venerunt

1908 3667 2039 3709 cum
2072 3652 2158 3708 eis
2186 3650 2549 3723 apocrisiarii
2598 3650 2925 3721 Nicephori,
2974 3651 3070 3721 qui
3105 3654 3243 3707 tunc
3299 3665 3419 3707 rem
3450 3666 3555 3723 pu-

1914 3738 2122 3796 blicam
2157 3740 2310 3810 apud
2362 3753 2465 3795 eos
2527 3740 2789 3809 regebat,
2825 3738 3103 3795 Michahei
3151 3739 3465 3812 episcopus
3493 3748 3554 3797 et

1914 3830 2127 3885 Petrus
2142 3829 2322 3885 abbas
2345 3833 2405 3882 et
2428 3827 2684 3884 Calistus
2699 3826 3177 3899 candidatus,qui
3204 3828 3555 3887 invenerunt

1914 3919 2327 3989 imperatorem
2359 3916 2414 3972 in
2468 3917 2771 3974 Germania
2818 3932 2994 3988 super
3048 3916 3285 3973 ﬂuvium
3339 3916 3553 3974 Salain

1913 4004 2043 4062 loco
2073 4006 2170 4075 qui
2205 4005 2419 4061 dicitur
2441 4004 2592 4073 Salz,
2630 4011 2687 4061 et
2712 4011 2946 4076 pactum
2974 4006 3249 4062 faciendas
3312 4007 3474 4077 pacis
3496 4006 3554 4064 in

1911 4095 2134 4164 scripto
2166 4096 2574 4163 susceperunt,
2601 4093 2851 4163 indeque
2873 4108 3003 4149 cum
3026 4092 3278 4165 epistola
3306 4095 3554 4166 impera-

1913 4181 2061 4236 toris
2084 4182 2322 4236 Romam
2353 4180 2620 4250 ingressi,
2655 4180 2883 4236 domum
2915 4185 3049 4238 sunt
3085 4181 3333 4239 reversi.

1981 4271 2032 4323 4.
2068 4272 2152 4323 36.
2180 4270 2243 4322 Α.
2280 4268 2339 4321 D.
2375 4268 2498 4322 804.
2534 4270 2549 4285 ·
2575 4269 2899 4338 Imperator
2946 4268 3288 4339 Aquisgrani
3336 4270 3550 4329 hiema-

1910 4357 2014 4427 vit,
2040 4359 2245 4414 aastatc
2272 4358 2463 4411 autem
2488 4354 2662 4411 ducto
2689 4356 2954 4413 exercitu
2977 4358 3035 4413 in
3067 4358 3393 4432 Saxoniam,
3427 4375 3547 4419 om-

1911 4460 2012 4501 nes
2043 4444 2139 4516 qui
2161 4450 2325 4500 trans
2342 4442 2565 4499 Albiam
2588 4444 2929 4500 habitabant
2963 4448 3219 4503 Saxones
3260 4462 3392 4505 cum
3429 4464 3551 4508 mu-

1913 4532 2154 4591 lieribus
2185 4538 2245 4589 et
2277 4532 2596 4589 infantibus
2628 4532 2928 4589 transtulit
2961 4533 3017 4590 in
3034 4535 3347 4607 Franciam,
3365 4541 3426 4594 et
3448 4552 3547 4609 pa-

1910 4637 2017 4693 gos
2038 4620 2485 4678 Transalbianos
2513 4620 2813 4678 Abodritis
2836 4621 3017 4680 dedit.
3050 4655 3120 4665 —
3169 4625 3383 4681 Eodem
3411 4631 3549 4685 tem-

1912 4726 2054 4785 pore
2078 4711 2411 4769 Gotefridus
2442 4726 2541 4768 rex
2565 4713 2854 4768 Danorum
2905 4712 3062 4771 venit
3091 4728 3222 4771 cum
3272 4712 3459 4771 classe
3488 4718 3551 4771 et

1911 4801 2063 4857 omni
2103 4801 2370 4872 equitatu
2420 4815 2523 4857 suo
2578 4801 2649 4856 ad
2703 4801 2893 4857 locum
2944 4801 3041 4873 qui
3099 4800 3314 4859 dicitur
3373 4802 3553 4859 Sclic-

1911 4890 2127 4963 sdorph
2158 4889 2248 4923 “5°
2272 4890 2328 4945 in
2358 4890 2609 4946 confinio
2634 4890 2793 4960 regni
2826 4892 2916 4947 sui
2942 4896 2998 4946 et
3022 4891 3286 4948 Saxoniaa
3310 4909 3324 4958 ;
3342 4892 3552 4963 promi-

1911 4979 2153 5036 sitenim
2178 4993 2240 5034 se
2262 4980 2333 5034 ad
2387 4977 2740 5049 colloquium
2794 4979 3170 5050 imperatoris
3215 4983 3554 5051 venturum,

1912 5067 2011 5125 sed
2039 5066 2285 5123 consilio
2308 5081 2541 5123 suorum
2568 5068 2832 5138 territus,
2867 5067 3110 5139 prepius
3133 5082 3243 5124 non
3272 5068 3549 5140 accessit,

1911 5156 2016 5213 sed
2048 5155 2326 5227 quicquid
2355 5154 2658 5228 voluitper
2680 5155 2907 5226 legatos
2935 5155 3267 5223 mandavit;
3299 5171 3427 5213 nam
3452 5158 3528 5215 im

1913 5250 2151 5318 perator
2182 5259 2361 5317 super
2394 5243 2580 5301 Albim
2609 5245 2846 5302 ﬂuvium
2870 5244 3107 5302 sedebat
3136 5245 3194 5301 in
3240 5244 3370 5303 loco
3418 5243 3554 5303 Hol-

1913 5334 2171 5393 dunsteti
2203 5334 2359 5392 dicto
2390 5335 2486 5406 (cf.
2519 5337 2589 5393 A.
2629 5335 2811 5392 Law.
2837 5338 2895 5391 et
2915 5335 3078 5391 Emn.
3112 5337 3209 5407 Α.)
3238 5365 3308 5377 —-
3338 5333 3551 5393 Eadem

1914 5439 2146 5498 quoque
2176 5427 2385 5483 aestate
2414 5422 2701 5496 perlatum
2732 5427 2822 5479 est
2852 5422 2924 5479 ad
2962 5423 3399 5496 imperatorem,
3432 5438 3545 5482 sau

1503 5543 1746 5603 VARIIE
1788 5547 2084 5610 LECTION
2089 5546 2191 5603 ES.

224 5629 442 5715 “"Eiz
497 5632 1221 5715 agditfngramglncipit
1249 5638 1396 5715 liber
1427 5648 1692 5715 quartus.
1717 5645 1808 5682 ““
1862 5647 2070 5707 LXVII.
2124 5645 2194 5700 D.
2225 5642 2294 5699 E.
2352 5637 2441 5674 ωδ
2497 5635 2773 5696 lateransi
2835 5641 2883 5694 1.
2936 5635 3028 5671 ¹¹⁸⁶
3076 5634 3171 5694 vel
3221 5636 3552 5703 Slieswich-

148 5707 221 5768 in
243 5704 518 5781 margine
535 5706 632 5763 Et.
667 5705 1005 5766 Sclieswich
1041 5710 1109 5766 in
1136 5704 1304 5770 facta
1330 5712 1430 5772 E2.
