3946 6470
357 406 473 476 86⁸7

1518 387 2001 456 EKKEHARDI
2049 392 2605 459 URAUGFNSIS

3664 400 3799 465 868

363 546 598 619 guinem
628 538 854 599 Domini
883 538 937 593 in
952 536 1181 592 Mantua
1211 531 1453 590 civitate
1477 530 1659 587 fuisse
1683 532 2006 602 repertum,
2046 530 2094 589 Α
2128 529 2425 587 civitatem
2456 531 2710 601 obsedit,
2746 531 2849 587 sed
2885 547 2995 587 non
3029 531 3227 589 valens
3257 548 3382 591 eam
3438 549 3677 607 capere,
3700 535 3796 593 di-

365 618 641 704 misitque
673 629 743 686 ad
773 641 997 701 papam,
1034 623 1290 694 uthujus
1325 622 1486 676 fama;
1532 618 1841 675 veritatem
1886 634 2013 690 per-

366 725 643 797 quireret.
680 718 785 786 Qui
817 720 986 772 nacta
1016 712 1325 770 occasione
1382 708 1658 779 exeundi,
1712 708 1899 797 primo
1956 707 2010 763 in

365 795 841 882 Longobardiam,
865 802 1030 875 quasi
1063 798 1571 875 proinquisitionc
1590 795 1852 868 predicta
1884 810 2015 867 pro-

367 903 576 970 fectus,
608 893 981 967 est,indeque
1018 891 1216 948 subito
1249 891 1490 959 arrepto
1540 885 1749 941 itinere
1781 884 1853 939 ad
1915 885 2016 939 im-

367 994 718 1065 peratorem,
755 981 1052 1040 mandavit
1082 980 1135 1035 ei
1165 978 1355 1034 medio
1387 976 1737 1065 Novembre,
1778 990 1841 1031 se
1864 973 2014 1065 velle

366 1063 559 1137 natale
590 1074 816 1133 Domini
849 1087 980 1129 cum
1011 1084 1081 1127 eo
1108 1068 1437 1125 celebrare.
1462 1066 1567 1133 Qui
1602 1064 1797 1121 statim
1834 1063 2014 1120 misso

367 1168 486 1226 ﬁlio
519 1182 627 1225 suo
657 1163 865 1221 Karolo
898 1161 968 1217 ad
994 1161 1273 1215 Sanctum
1300 1155 1656 1225 Mauricium,
1693 1153 2015 1210 honoriﬁce

365 1273 495 1315 eum
525 1254 829 1326 suscipere
872 1249 1069 1321 jussit,
1133 1247 1372 1318 ipseque
1403 1244 1631 1301 obviam
1692 1242 1774 1297 illi
1806 1244 2017 1298 Remos

367 1359 639 1421 pergens,
669 1342 820 1415 apud
878 1338 1236 1395 Carisiaeum
1280 1334 1476 1391 villam
1547 1332 1740 1388 natale
1790 1330 2016 1387 Domini

367 1433 715 1501 celebravit,
750 1429 961 1487 deinde
985 1424 1349 1497 Aquasgrani
1374 1422 1668 1494 perduxit,
1713 1421 2018 1477 donatum-

367 1539 479 1599 que
513 1521 736 1593 magnis
784 1517 1124 1574 muneribus
1178 1529 1280 1586 per
1336 1512 1655 1581 llajoariam
1709 1512 1792 1567 ire
1821 1509 2016 1567 volen-

366 1620 505 1686 tem,
533 1609 741 1670 deduci
776 1608 909 1664 fecit
943 1620 1129 1676 usque
1160 1605 1511 1660 Ravennam.

508 1724 531 1745 '
564 1721 621 1777 C.
647 1715 862 1774 addit:
897 1712 1143 1768 Karolus
1174 1724 1280 1782 per
1310 1723 1477 1782 omne
1514 1707 1816 1782 imperium
1843 1706 2019 1782 justi-

580 1790 704 1846 cias
737 1786 874 1843 facit
904 1789 964 1840 et
1022 1779 1190 1852 legis'
1225 1780 1484 1852 capitula
1528 1780 1600 1836 29
1636 1779 1916 1849 instituit,
1941 1792 2016 1834 ea:

577 1856 779 1931 Sigeb.
810 1870 866 1914 α.
898 1860 1028 1913 802.

438 1958 488 2010 5.
522 1955 609 2007 37.
643 1949 827 2019 (EINI-I.
856 1946 921 2001 A.
952 1978 993 1985 —
1030 1943 1102 1999 cf.
1133 1944 1203 1997 A.
1245 1942 1449 2011 Laur.)
1480 1940 1544 1995 A.
1602 1940 1662 1993 D.
1721 1942 1844 1996 805.
1906 1940 2013 1993 Im-

364 2044 604 2116 perator
636 2036 793 2092 misit
825 2033 1002 2089 ﬁlium
1034 2046 1199 2087 suum
1245 2028 1515 2084 Karolum
1563 2042 1690 2084 cum
1743 2028 2009 2083 exercitu

360 2132 418 2188 in
441 2127 753 2195 Poemiam,
779 2123 897 2194 qui,
926 2118 1303 2192 depOpulatis
1332 2118 1621 2187 omnibus,
1655 2116 1860 2173 ducem
1896 2122 2011 2172 ter-

362 2234 440 2277 rae
464 2216 624 2273 illius
664 2213 894 2270 nomine
948 2209 1263 2265 Lechonem
1323 2205 1558 2276 occidit,
1608 2205 1859 2276 indeque
1924 2220 2011 2261 re-

360 2320 601 2379 gressus
632 2302 703 2359 ad
737 2306 986 2374 patrem,
1007 2299 1061 2353 in
1086 2298 1314 2365 Vosego
1337 2295 1481 2352 silva
1507 2295 1740 2351 venatui
1776 2294 2012 2351 studen-

361 2400 478 2452 tem
511 2391 750 2450 invenit.

429 2485 482 2539 6.
518 2484 603 2538 38.
640 2476 1040 2552 (Emu.A.)A.
1096 2474 1166 2528 D.
1222 2476 1345 2528 800.
1405 2472 1749 2542 Imperator,
1808 2470 2010 2527 habito

360 2575 671 2638 conventu,
707 2567 834 2623 iniit
860 2562 1169 2621 consilium
1194 2574 1324 2617 cum
1360 2559 1714 2631 primoribus
1768 2560 2011 2616 Franco-

359 2675 483 2718 rum
510 2658 582 2715 de
611 2669 756 2729 pace
824 2650 1237 2710 constituenda
1266 2653 1323 2705 et
1355 2646 1772 2718 conservanda,
1833 2651 1894 2702 et
1937 2645 2007 2702 de

360 2747 645 2807 divisione
689 2742 856 2812 regni
887 2739 1146 2796 facienda
1181 2738 1333 2793 inter
1390 2736 1541 2792 ﬁlios
1601 2751 1740 2793 suos
1788 2736 1841 2790 in
1885 2740 2008 2791 tres

360 2841 581 2911 partes,
601 2832 860 2891 utsciret
885 2827 1287 2898 unusquisque
1304 2825 1554 2896 illorum,
1582 2840 1751 2896 quam
1775 2829 2005 2896 partem

358 2925 514 2985 tueri
536 2928 596 2980 et
626 2934 830 2991 regere
858 2915 1175 2986 deberet,si
1208 2915 1312 2971 tibi
1356 2924 1657 2985 superstes
1681 2913 2001 2970 deveniret.

357 3015 437 3072 De
466 3008 905 3083 bacpartitione
929 3008 1344 3061 testamentum
1377 3006 1467 3058 est
1502 3003 1718 3058 factum
1769 3008 1828 3058 et
1849 3001 2006 3071 jure-

351 3100 605 3174 jurando
623 3098 695 3155 ab
725 3094 1108 3168 optimatibus
1132 3092 1556 3148 conﬁrmatum.

426 3196 486 3248 7.
520 3191 607 3245 39.
637 3186 788 3242 A.D.
822 3188 951 3241 807.
1015 3180 1213 3251 Legati
1271 3180 1428 3249 regis
1482 3180 1790 3235 Persarum
1834 3194 2005 3235 vene-

2129 619 2305 676 missa
2338 619 2664 691 obsidione,
2700 620 2756 675 in
2787 620 3157 691 Aquitaniam
3188 637 3251 679 se
3284 623 3526 695 recepit.

2201 712 2283 763 10.
2319 711 2495 764 42A.
2555 710 2616 763 D.
2678 713 2803 765 810.
2865 708 3147 780 I’ippinus
3205 725 3307 767 rex
3366 710 3569 782 Italiaa,
3624 711 3795 769 ﬁlius

2127 796 2520 869 imperatoris,
2548 797 2789 868 perﬁdia
2805 796 3015 853 ducum
3036 799 3445 856 Veneticorum
3461 801 3774 873 incitatus,

2127 886 2421 942 Ventiam
2457 885 2612 942 bello
2636 891 2793 942 terra
2811 887 3071 957 marique
3096 888 3277 957 jussit
3301 894 3596 962 appetere,
3641 891 3788 947 sub-

2122 974 2394 1045 jectaque
2427 976 2688 1045 Venetia,
2723 975 2904 1032 duces
2925 975 3125 1045 ejusin
3154 975 3505 1033 deditionem
3521 977 3779 1050 accepit.

2128 1065 2451 1135 Imperator
2474 1069 2666 1121 autem
2692 1065 2883 1121 adhuc
2914 1065 3263 1136 Aquisgrani
3289 1079 3467 1136 agens
3485 1071 3542 1122 et
3561 1074 3777 1123 contra

2129 1152 2487 1209 Gotefridum
2506 1168 2697 1223 regem
2722 1153 3154 1225 expeditionem
3173 1154 3478 1225 meditans,
3497 1155 3778 1212 nuncium

2129 1241 2375 1312 accepit,
2396 1241 2643 1298 classem
2670 1242 3053 1299 ducentarum
3070 1242 3299 1299 navium
3334 1244 3403 1300 de
3426 1244 3777 1300 Normannia

2129 1329 2382 1387 Fresiam
2416 1331 3003 1403 appulissctotasquc
3028 1331 3297 1388 Fresiaco
3323 1332 3477 1388 litori
3511 1332 3781 1402 adjacen-

2129 1422 2219 1474 tes
2250 1419 2473 1476 insulas
2528 1424 2810 1490 vastasse,
2859 1419 3093 1490 jamque
3148 1420 3470 1477 exercitum
3529 1420 3687 1477 illum
3715 1420 3773 1476 in

2127 1508 2451 1563 continenti
2470 1513 2627 1564 terra
2646 1522 2798 1564 esse.
2826 1507 2931 1574 Qui
2950 1508 3320 1578 congregatis
3335 1514 3546 1580 quanta
3578 1509 3774 1580 potuit

2128 1597 2436 1653 celeritate
2484 1598 2687 1668 copiis,
2722 1598 3018 1667 eregione
3064 1598 3387 1669 contendit,
3446 1598 3773 1670 positisque

2122 1685 2288 1755 juxta
2326 1686 2602 1742 Wisaram
2654 1686 2884 1757 castris,
2931 1686 3212 1741 minarum
3243 1686 3773 1758 Gotefridiprestoo

2128 1771 2283 1829 latur
2310 1779 2599 1831 eventum.
2620 1776 2756 1829 Nam
2776 1789 2880 1829 rex
2904 1774 3000 1830 ille
3015 1775 3306 1845 superbus
3344 1774 3649 1832 vanissnma
3664 1788 3772 1847 spe

2043 1892 2096 1951 B
2126 1862 2390 1919 victoriae
2425 1863 2815 1933 inﬁatus,cum
2842 1863 3195 1934 imperatore
3216 1879 3277 1918 sc
3306 1863 3577 1933 congredi
3617 1862 3771 1920 velle

2120 1951 2523 2021 jactabat.Scd
2557 1952 2690 2009 dum
2715 1952 3035 2024 imperator
3058 1953 3271 2009 stativa
3288 1958 3481 2009 castra
3503 1952 3766 2022 haberet,

2124 2039 2487 2097 diversarum
2506 2056 2699 2097 rerum
2716 2041 2909 2097 nuncii
2936 2040 3007 2097 ad
3037 2055 3165 2098 eum
3190 2047 3497 2111 venerunt,
3519 2041 3766 2099 classem

2124 2128 2353 2185 scilicet
2408 2130 2731 2202 predictam
2791 2130 2970 2187 fuisse
3030 2144 3376 2202 regressam,
3410 2129 3765 2187 Gotefridum

2122 2234 2316 2289 regem
2340 2235 2367 2275 a
2404 2220 2653 2290 quodam
2678 2218 2939 2277 satellite
2987 2234 3115 2291 suo,
3152 2220 3296 2291 sive,
3322 2225 3386 2277 ut
3422 2219 3648 2290 quidam
3682 2220 3767 2275 di-

2119 2314 2258 2365 cunt
2285 2309 2752 2380 (Mon.Sang.n,
2796 2313 2899 2381 13),
2935 2323 2964 2364 a
2999 2309 3116 2365 ﬁlio
3140 2308 3398 2381 pr0prio,
3454 2307 3620 2378 cujus
3651 2321 3767 2363 ma-

2119 2401 2290 2468 trem,
2318 2412 2504 2470 nuper
2535 2398 2644 2454 alia
2675 2396 2921 2467 conjuge
2954 2397 3153 2470 ducta,
3211 2396 3533 2466 dimiserat,
3588 2398 3766 2453 inter-

2122 2488 2355 2557 fectum,
2390 2486 2695 2544 castellum
2719 2487 3035 2557 Hohcburi,
3074 2485 3256 2543 Albim
3291 2485 3509 2542 ﬂumini
3540 2486 3766 2559 apposi-

2121 2580 2263 2646 tum,
2300 2576 2356 2631 in
2392 2591 2506 2647 quo
2532 2576 2684 2631 Outo
2715 2575 2946 2645 legatus
2972 2575 3345 2648 imperatoris
3399 2580 3455 2631 et
3513 2574 3765 2631 orienta-

2120 2664 2260 2721 lium
2286 2666 2574 2722 Saxonum
2595 2674 2723 2720 erat
2743 2664 3039 2737 presidiis,
3062 2679 3092 2721 a
3114 2664 3317 2720 Wilcis
3344 2669 3575 2736 captum
3596 2663 3762 2734 (Eum

2117 2755 2235 2825 A.),
2270 2762 2327 2809 et
2380 2753 2685 2826 Pippinum
2712 2753 2890 2809 ﬁlium
2927 2753 3054 2824 ejus
3086 2767 3281 2824 regem
3338 2752 3518 2810 Italiae
3546 2756 3578 2809 8
3626 2753 3762 2811 Idus

2117 2843 2253 2899 Julii
2287 2842 2645 2899 defunctum.
2681 2841 3163 2913 Quibusauditis,
3191 2842 3473 2914 disposita
3498 2857 3599 2915 pro
3620 2845 3763 2898 tem-

2120 2932 2281 3004 poris
2309 2931 2650 2989 conditione
2675 2932 2920 2987 Saxonia
2944 2931 3173 2988 domum
3206 2932 3541 2989 revertitur.
3573 2961 3645 2972 —
3679 2931 3759 2987 Eo

2118 3033 2269 3075 anno
2302 3020 2389 3076 sol
2419 3025 2478 3075 et
2510 3019 2644 3077 luna
2679 3020 2769 3076 bis
2791 3020 3155 3088 defecerunt,
3188 3020 3277 3077 sol
3300 3027 3332 3077 7
3357 3020 3489 3078 Idus
3508 3020 3659 3077 Junii
3699 3024 3761 3074 et

2116 3094 2149 3145 2
2172 3091 2696 3147 Kalend.Decemb.
2722 3091 2854 3147 luna
2890 3097 2949 3147 11
2980 3091 3218 3163 Kalend,
3272 3090 3407 3147 Julii
3457 3098 3515 3148 et
3562 3094 3624 3147 18
3658 3092 3762 3146 Ka-

2119 3180 2253 3236 lend
2302 3180 2581 3237 Januarii.
2626 3211 2694 3220 —
2746 3180 3144 3252 Ruothdruth,
3201 3180 3316 3237 ﬁlia
3393 3179 3759 3252 imperatoris

358 3283 496 3337 runt
516 3277 587 3335 ad
621 3276 1054 3347 imperatorem,
1090 3250 1425 3326 deferentes
1456 3268 1507 3324 ei
1550 3283 1808 3340 munera,
1842 3268 2004 3344 pani-
2037 3250 2086 3313 Ο
2118 3270 2302 3340 major
2329 3278 2491 3338 natu,
2517 3274 2550 3326 8
2580 3268 2717 3325 Idus
2746 3269 2898 3326 Junii
2956 3250 3137 3327 obiit.
3178 3301 3251 3311 —
3291 3250 3583 3327 Gotefrido
3623 3281 3758 3339 rege

354 3368 567 3427 lionem
596 3369 655 3423 et
686 3364 800 3419 tria
828 3360 1105 3427 tentoria,
1132 3358 1294 3415 vario
1355 3356 1552 3415 colore
1610 3358 1779 3428 facta,
1840 3358 2001 3415 mirae

352 3454 772 3530 magnitudinis
794 3458 852 3509 et
885 3448 1360 3524 pulchritudinis,
1394 3448 1583 3504 omnia
1618 3448 1855 3519 bissina,
1885 3454 1999 3504 tam

350 3546 611 3606 tentoria
643 3557 812 3615 quam
848 3542 1016 3598 funes
1038 3552 1260 3595 eorum.
1294 3538 1570 3593 Preterea
1593 3536 1765 3608 pallia
1813 3537 1997 3594 serica

354 3635 535 3695 multa
564 3640 624 3691 et
655 3630 921 3705 preciosa
970 3632 1146 3698 atque
1204 3629 1499 3693 unguenta
1542 3628 1600 3681 et
1653 3625 1995 3697 balsamum,

354 3739 461 3783 nec
492 3736 607 3780 non
630 3726 688 3778 et
716 3716 1080 3787 horologium
1094 3730 1164 3771 ex
1190 3712 1483 3770 auricalco
1515 3717 1641 3769 arte
1664 3713 1999 3771 mechanica

353 3812 602 3873 miriﬁce
632 3807 1039 3879 compositum,
1075 3804 1129 3858 in
1155 3816 1269 3873 quo
1293 3806 1357 3856 12
1389 3803 1662 3858 horarum
1703 3804 1998 3860 cursusad

350 3901 705 3976 clepsidram
730 3896 1092 3964 vertebatur,
1116 3907 1245 3949 cum
1275 3890 1520 3947 totidem
1544 3894 1716 3951 aereis
1755 3892 1995 3964 pillulis,

355 4005 485 4064 quae
520 3990 592 4046 ad
624 3982 1070 4056 completionem
1095 3981 1369 4035 horarum
1404 3978 1753 4035 decidebant
1776 3984 1834 4036 et
1858 3995 1998 4038 casu

351 4096 460 4139 suo
503 4077 832 4147 subjectum
876 4071 987 4129 sibi
1019 4068 1344 4141 cymbalum
1405 4067 1621 4124 tinnire
1682 4070 1995 4141 faciebant,

353 4167 574 4230 additis
606 4166 660 4221 in
675 4158 1157 4230 eodemejusdem
1181 4157 1736 4228 numeriequitibus,
1774 4159 1869 4230 qui
1897 4174 1999 4231 per

350 4264 421 4318 12
450 4259 738 4315 fenestras
767 4249 1078 4322 completis
1111 4246 1271 4303 horis
1324 4247 1583 4317 exibant,
1627 4252 1685 4303 et
1742 4247 1993 4319 impulsu

350 4342 707 4420 egressionis
726 4355 846 4397 sua;
876 4336 1120 4395 totidem
1156 4337 1463 4405 fenestras,
1486 4350 1613 4405 quae
1650 4337 1998 4407 priuserant

353 4430 976 4510 apertaa,claudebant.
1002 4425 1127 4482 Alia
1152 4439 1383 4496 quoque
1398 4423 1759 4481 multaerant
1792 4424 1845 4481 in
1870 4425 1998 4497 ipso

348 4523 676 4594 horologio,
713 4534 840 4591 quae
869 4529 1213 4574 enumerare
1243 4512 1477 4583 longum
1500 4518 1609 4569 est.

2112 3358 2404 3415 Danorum
2466 3362 2718 3430 mortuo,
2799 3360 3169 3431 Hemmingus
3219 3358 3331 3428 “‘7,
3401 3358 3598 3415 fratris
3663 3358 3755 3416 sui

2114 3447 2289 3519 ﬁlius,
2322 3448 2378 3504 in
2401 3462 2641 3518 regnum
2671 3449 2981 3519 successit,
3011 3463 3076 3505 ac
3108 3463 3310 3521 pacem
3358 3464 3490 3507 cum
3512 3449 3757 3521 impera-

2113 3542 2240 3594 tore
2276 3537 2430 3595 fecit.

2186 3633 2270 3684 11.
2307 3630 2401 3684 43.
2429 3629 2500 3682 Α.
2536 3630 2598 3683 D.
2631 3632 2754 3683 811.
2791 3629 3114 3699 Imperator
3145 3626 3256 3699 ηδε,
3283 3642 3562 3700 pacecum
3593 3628 3754 3685 Hem-

2114 3717 2307 3786 mingo
2338 3716 2584 3785 ﬁrmata,
2617 3719 2673 3771 et
2697 3716 2915 3788 placito
2938 3716 3198 3786 generali
3230 3716 3411 3787 Aquis
3443 3716 3658 3787 habito,
3694 3717 3749 3772 in

2112 3808 2235 3861 tres
2267 3809 2467 3877 partes
2502 3804 2767 3874 regnisui
2796 3804 3037 3861 totidem
3058 3806 3355 3862 exercitus
3386 3803 3750 3875 misit,unum

2111 3897 2277 3950 trans
2308 3892 2530 3948 Albiam
2564 3893 2619 3947 in
2649 3893 2931 3963 Limones,
2968 3893 3066 3963 qui
3097 3898 3153 3949 et
3189 3893 3348 3966 ipsos
3394 3892 3643 3950 vastavit
3697 3897 3751 3949 et

2112 3981 2420 4039 castellum
2477 3981 2771 4038 Hohcburi
2832 3981 3116 4052 superiori
3167 3995 3367 4038 annoa
3425 3980 3621 4037 Wilcis
3667 3979 3755 4038 de.

2111 4075 2399 4129 structum
2460 4070 2833 4141 restauravit,
2897 4069 3143 4128 alterum
3192 4071 3248 4126 in
3305 4070 3629 4127 Pannonias
3683 4070 3753 4125 ad

2112 4160 2552 4219 controversias
2592 4160 2891 4216 Hunorum
2948 4165 3008 4216 et
3067 4159 3402 4216 Sclavorum
3459 4157 3748 4229 ﬁniendas,

2111 4251 2365 4307 tercium
2394 4250 2446 4305 in
2494 4250 2793 4306 Brittones
2836 4247 2907 4305 ad
2936 4264 3137 4306 eorum
3170 4246 3470 4321 perﬁdiam
3528 4247 3755 4320 punien-

2112 4341 2263 4398 dam.
2301 4338 2408 4405 Qui
2439 4353 2640 4394 omnes
2671 4352 2951 4410 prospere
2974 4341 3249 4407 egerunt.
3288 4336 3552 4408 Karolus,
3601 4335 3750 4393 ﬁlius

2112 4427 2492 4501 imperatoris
2525 4426 2706 4497 major
2728 4430 2889 4497 natu,
2923 4430 2957 4481 2
2979 4428 3120 4483 Νοη.
3154 4428 3421 4484 Decemb.
3449 4426 3610 4483 obiit.

2190 4520 2278 4573 12.
2322 4519 2407 4572 44.
2442 4517 2507 4571 Α.
2564 4517 2626 4572 1).
2680 4519 2802 4573 812.
2855 4515 3220 4587 Nicephorus
3271 4515 3584 4587 imperator
3614 4514 3751 4571 Con-

417 4621 469 4675 8.
496 4616 582 4671 LO.
613 4614 674 4667 A.
710 4611 774 4666 Ι).
808 4609 933 4667 808.
976 4608 1300 4676 Imperator
1331 4601 1574 4659 audiens
1633 4602 1995 4661 Gotefridum
2027 4601 2081 4663 D
2111 4603 2671 4677 stantinOpolitanus
2696 4619 2959 4677 pugnans
2976 4609 3182 4662 contra
3213 4603 3512 4675 Bulgares,
3542 4603 3749 4661 occidi-

348 4718 548 4777 regem
578 4704 867 4758 Danorum
890 4697 946 4752 in
996 4692 1314 4750 Abodritos
1338 4707 1468 4748 cum
1510 4692 1773 4749 exercitu
1825 4694 1997 4765 traje-

347 4794 526 4856 cisse.
560 4787 835 4847 Karolum
861 4784 1042 4841 ﬁlium
1074 4796 1242 4839 suum
1264 4795 1395 4837 cum
1428 4778 1619 4837 valida
1644 4782 1995 4839 Francorum

347 4887 407 4941 et
440 4883 731 4938 Saxonum
764 4888 936 4931 manu
966 4870 1121 4929 misit
1152 4871 1358 4925 contra
1387 4882 1538 4939 eum,
1564 4868 1611 4925 si
1646 4869 1796 4927 forte
1825 4872 2000 4928 Saxo-

345 4972 460 5031 niae
486 4967 773 5027 terminos
800 4960 1039 5035 aggredi
1074 4958 1408 5030 temptaret.
1432 4956 1536 5013 Ille
1590 4962 1999 5033 autem,expu-

345 5059 542 5133 gnatis
580 5056 805 5126 aliquot
864 5050 1203 5107 Sclavorum
1261 5045 1542 5118 castellis,
1604 5062 1735 5105 cum
1787 5064 1996 5120 magno

350 5149 650 5223 cepiarum
675 5156 910 5202 suarum
968 5137 1323 5194 detrimento
1374 5149 1645 5195 reversus
1691 5142 1807 5196 est.
1857 5140 1995 5196 Nam

350 5252 524 5299 manu
556 5228 1034 5308 promptissimos
1063 5225 1281 5299 amisit,
1326 5226 1479 5283 inter
1510 5241 1658 5298 quos
1697 5233 1758 5285 et
1814 5227 1995 5285 ﬁlium

349 5322 551 5386 fratris
578 5322 668 5382 sui
699 5318 933 5379 nomine
963 5316 1372 5388 Reginoldum.

421 5419 475 5473 9.
510 5417 597 5471 41.
635 5413 699 5469 Α.
733 5410 797 5465 D.
832 5410 955 5464 809.
991 5406 1341 5466 Ludowicus
1370 5420 1493 5477 rex,
1546 5404 1702 5465 ﬁlius
1755 5405 2000 5479 impera-

347 5500 517 5576 toris,
549 5515 682 5561 cum
696 5496 962 5556 exercitu
985 5497 1316 5571 Hispaniam
1339 5496 1662 5567 ingressus,
1691 5496 1995 5555 Dertosam

2112 4699 2230 4767 tur,
2266 4700 2325 4752 et
2348 4692 2647 4764 Michahel,
2681 4706 2863 4764 gener
2891 4693 3035 4765 ejus,
3071 4693 3315 4766 imperio
3363 4693 3606 4765 potitur.
3643 4690 3746 4759 Qui

2112 4784 2343 4863 legatos
2364 4782 2557 4840 Karoli
2591 4782 2965 4855 imperatoris
3006 4783 3077 4840 ad
3108 4782 3492 4855 Nicephorum
3541 4781 3748 4839 missos

2110 4872 2374 4947 suscepit
2395 4878 2456 4928 et
2486 4871 2761 4943 absolvit,
2794 4887 2926 4929 cum
2973 4873 3187 4944 quibus
3250 4876 3311 4929 et
3365 4871 3586 4942 legatos
3618 4885 3750 4927 suos

2111 4963 2350 5034 direxit,
2374 4975 2480 5034 per
2509 4976 2654 5033 quos
2687 4975 2887 5034 pacem
2939 4976 2968 5018 a
3023 4961 3346 5035 Nicephoro
3406 4964 3631 5035 ceptam
3658 4958 3747 5019 ﬁr-

2110 5053 2307 5111 mavit.

2182 5146 2268 5198 13.
2305 5143 2390 5199 45.
2426 5142 2490 5197 Α.
2527 5142 2588 5196 D.
2649 5143 2779 5198 813.
2827 5141 3173 5213 Imperator,
3234 5139 3436 5198 habito
3491 5138 3742 5210 generali

2108 5234 2399 5289 conventu
2433 5228 2805 5302 Aquisgrani,
2840 5228 3022 5287 ﬁlium
3051 5244 3219 5287 suum
3263 5227 3628 5287 Ludewicum
3660 5241 3747 5286 re-

2107 5334 2235 5392 gem
2260 5319 2585 5391 Aquitaniaa
2623 5318 2695 5376 ad
2728 5332 2791 5375 se
2819 5318 3074 5391 vocavit,
3106 5318 3277 5392 eique
3317 5332 3592 5375 coronam
3648 5317 3746 5376 im-

2107 5422 2352 5482 ponens,
2384 5404 2707 5481 imperialis
2754 5406 3006 5465 nominis
3056 5406 3167 5465 sibi
3213 5413 3542 5465 consortem
3590 5404 3745 5465 fecit.

2110 5496 2508 5556 Bernhardum
2562 5509 2703 5555 vero
2742 5501 3013 5571 nepotem
3066 5511 3233 5555 suum
3282 5495 3465 5556 ﬁlium
3522 5495 3754 5587 Pippini

1696 5612 1936 5671 VARUE
1996 5614 2403 5675 LECTIONES.

420 5720 510 5762 ⁸⁸⁸⁷
540 5718 849 5794 hemmigis
873 5717 953 5776 1".
986 5721 1191 5794 Πυθίη
1202 5720 1354 5783 ακπὶ
1380 5718 1643 5782 autem
1670 5719 1837 5781 deut
1857 5721 1954 5783 ΕΩ.
