3946 6428
138 408 256 471 869

142 631 394 689 Concilia
422 648 655 705 quoque
682 636 849 705 jussu
870 638 997 709 ejus
1018 653 1195 709 super
1210 643 1365 694 statu
1389 638 1790 695 ecclesiarum

140 723 490 791 corrigendo
523 738 630 794 per
673 728 856 781 totam
916 727 1153 783 Galliam
1188 729 1260 783 al)
1315 727 1612 800 episcopis
1644 725 1794 782 cele-

144 810 305 867 brata
331 817 487 876 sunt,
541 828 786 883 quorum
828 831 999 871 unum
1048 817 1382 886 Mogonciae,
1413 816 1659 872 alterum
1691 816 1795 870 Re-

142 899 270 968 mis,
304 901 552 957 tercium
592 902 786 957 Remis
818 902 927 973 “5°,
961 908 1231 974 quartum
1275 904 1594 971 Cabillone,
1631 903 1797 973 quin-

145 990 260 1042 tum
296 988 553 1057 Arelate,
580 1022 647 1029 —
672 991 948 1047 Mieliahel
975 992 1291 1063 imperator
1343 992 1616 1062 Ilulgares
1644 990 1796 1046 bello

141 1079 442 1146 appetens,
494 1078 634 1134 haut
687 1080 986 1150 prosperis
1033 1080 1413 1136 successibus
1464 1080 1673 1148 utitur,
1708 1092 1797 1133 ac-

139 1164 385 1233 proinde
417 1165 649 1222 domum
678 1182 969 1237 reversus,
999 1168 1267 1240 deposito
1303 1168 1650 1237 diademate,
1680 1179 1796 1221 m0'

144 1252 367 1310 naehns
394 1255 668 1324 edicitur,
708 1255 761 1310 in
809 1257 977 1327 cujus
1010 1256 1199 1312 locum
1236 1258 1365 1326 Leo,
1402 1256 1557 1312 filius
1594 1256 1794 1312 Bardze

144 1341 396 1410 patricii,
432 1344 840 1399 constituitur.
865 1377 932 1384 —
957 1345 1149 1413 (Eun.
1202 1345 1338 1401 Vim
1368 1346 1527 1402 Καθ’.
1568 1360 1625 1401 c.
1667 1344 1792 1414 32.)

142 1430 293 1485 Pons
323 1431 501 1485 Rheni
556 1432 709 1502 apud
771 1433 1214 1504 Mogontiacum,
1268 1449 1436 1505 quem
1473 1434 1792 1505 imperator

140 1531 247 1587 per
278 1517 477 1574 decem
510 1534 691 1577 annos
740 1521 958 1590 ingenti
991 1520 1191 1578 labore
1236 1530 1296 1577 et
1327 1536 1503 1593 opere
1539 1520 1786 1577 mirabili

143 1605 215 1661 de
244 1605 400 1677 ligno
433 1607 511 1664 ita
544 1610 896 1681 construxit,
925 1614 986 1666 ut
1011 1611 1349 1682 perenniter
1373 1611 1585 1667 durare
1614 1625 1786 1681 posse

142 1694 465 1767 videretur,
501 1696 554 1751 in
599 1712 797 1754 mense
840 1699 984 1756 Maio
1018 1699 1095 1755 ita
1130 1700 1322 1756 tribus
1353 1698 1513 1755 horis
1544 1700 1785 1755 fortuito

144 1783 415 1841 inccndio
463 1787 847 1855 conﬂagravit
897 1792 958 1844 ut
1013 1792 1213 1859 preter
1266 1789 1376 1844 hoc
1436 1787 1588 1859 quod
1637 1802 1783 1859 aqua

1009 411 1451 478 CHRONICA.
1484 450 1561 462 -—
1592 406 2071 483 CHRONICON
2117 418 2646 491 UNIVERSALE

140 542 242 599 filii
274 544 385 615 sui,
422 544 606 602 Italiae
658 548 913 619 perfecit
957 555 1016 605 et
1048 563 1239 621 regem
1271 548 1556 622 appellari
1579 550 1782 621 jussit.
1821 553 1877 613 A

3431 436 3551 498 870

2050 557 2296 684 Ἷξβ-
2326 566 2411 618 10.
2446 562 2716 621 addunt:
2763 562 2886 631 Quo
2932 564 3106 622 etiam
3153 581 3302 623 anno
3352 580 3548 626 eoeno-

2136 646 2275 684 num
2309 632 2718 684 Swarzahensa
2751 650 2777 684 a
2810 636 3187 684 Megingamln
3214 636 3303 671 i1“
3332 640 3546 684 nnmitA

2136 630 2275 706 )ium
2309 632 2718 691 Swarzahense
2751 630 3187 706 a’Megingaudo
3214 636 3303 671 ¹¹⁶¹
3332 640 3546 697 comite

2118 704 2177 755 et
2221 702 2412 777 mea
2467 719 2646 761 uxore
2702 707 2828 777 ejus
2882 702 2937 762 in
2996 702 3268 764 honorem
3330 710 3546 767 domini

2118 774 2302 848 nostri
2354 774 2795 848 Salvator-iset
2827 782 3048 835 sanctas
3092 779 3195 834 Dei
3237 780 3548 848 genitricis

2119 844 2422 925 sanctique
2472 846 2800 925 Sebastiani
2844 851 2903 925 et
2952 853 3169 925 sanctae
3220 844 3549 925 Felicitatis

2120 914 2398 987 martiris,
2444 916 2553 987 sub
2591 917 2777 987 primo
2806 918 3065 987 ejusdem
3096 922 3433 977 monasterii
3461 921 3549 955 ¹¹⁶¹

2120 982 2331 1057 abbate
2367 982 2676 1043 Benedicto
2719 982 2964 1057 nomine,
3000 989 3181 1046 libera
3216 991 3397 1048 totius
3429 1006 3549 1050 ser-

2119 1053 2405 1135 vitutiset
2428 1059 2751 1135 esactionis
2773 1053 3126 1129 conditione,
3159 1063 3547 1135 construitur,

2117 1128 2177 1204 et
2210 1129 2582 1207 postmodum
2632 1129 2820 1207 primu
2865 1131 3220 1207 monasterio
3264 1128 3544 1207 collapsa;

2120 1195 2175 1271 in
2196 1195 2485 1271 honorem
2532 1195 2748 1271 sancta:
2779 1201 2876 1256 Dei
2904 1201 3207 1271 genitricis
3236 1208 3297 1259 et
3332 1195 3548 1262 san'ctzé

2120 1265 2439 1348 Felicitatis
2471 1285 2534 1326 ae
2566 1265 3418 1348 7_ﬁliorum'ejusrepar‘atugr.
3453 1277 3539 1348 cf.

2112 1334 2661 1466 gegefwarmk.
2706 1357 2805 1414 ap,
2836 1334 3138 1416 Ludewig.
3163 1334 3301 1402 “se.
3334 1334 3541 1404 Bam'b.

1970 1487 2021 1537 2.
2055 1489 2120 1541 A.
2154 1489 2215 1543 D.
2251 1493 2372 1545 816.
2408 1492 2661 1548 Domnus
2710 1493 2820 1548 Leo
2853 1508 2998 1564 papa
3048 1507 3197 1551 anno
3246 1496 3548 1567 pontifica-

1898 1565 1997 1649 tus
2041 1567 2131 1649 sui
2181 1573 2277 1624 2ιο
2327 1570 2398 1626 de
2436 1586 2679 1642 corpore
2710 1573 2981 1642 migravit
3010 1577 3042 1629 8
3074 1565 3312 1631 Kalend.
3369 1577 3543 1649 Junii,

1900 1641 2345 1728 Stephanusque
2375 1641 2654 1708 diaconus
2682 1651 2737 1707 in
2761 1651 2851 1685 ¹¹⁶³
2886 1652 3075 1709 locum
3095 1653 3222 1722 ejus
3255 1670 3403 1728 papa
3420 1641 3547 1714 97°13

1900 1723 2345 1809 ordinatusest,
2399 1730 2495 1800 qui
2529 1730 2685 1786 sedit
2728 1746 2956 1789 menses
2983 1737 3037 1789 7.
3072 1733 3174 1790 Hic
3216 1723 3377 1806 ergo,
3412 1742 3546 1809 post

1900 1806 2398 1864 consecrationem
2448 1825 2612 1866 suam
2676 1811 2929 1867 nondum
2976 1812 3205 1869 duobus
3247 1806 3546 1873 mensibus

144 1874 456 1941 tegebatur
498 1889 602 1931 nec
660 1889 773 1931 una
828 1875 1058 1947 quidem
1118 1875 1345 1933 hastula
1379 1892 1448 1933 ex
1480 1891 1548 1932 eo
1604 1891 1786 1932 rema-
1814 1902 1868 1963 Β
1900 1885 2145 1956 exactis,
2164 1890 2618 1957 quammaximis
2640 1890 3273 1963 potuititineribus,ad
3298 1894 3543 1967 impera-

143 1965 328 2016 neret.

219 2052 299 2105 14.
333 2052 417 2104 46.
456 2051 642 2120 (Emu.
675 2054 739 2108 A.
775 2054 847 2109 cf.
881 2054 1019 2110 Vita
1050 2068 1099 2109 e.
1137 2055 1226 2126 31)
1262 2057 1325 2109 Α.
1354 2057 1423 2109 D.
1454 2057 1576 2109 81ft.
1614 2056 1785 2110 Karo—

142 2139 237 2195 lus
271 2139 594 2209 imperator
624 2140 758 2197 dum
807 2142 1154 2213 Aquisgrani
1199 2143 1503 2213 hiemaret,
1538 2144 1697 2199 febre
1728 2148 1787 2198 et

144 2227 406 2299 pleurisi,
436 2228 487 2283 id
513 2234 597 2284 est
625 2228 828 2285 lateris
848 2229 1071 2301 dolore,
1100 2236 1338 2287 tactusts
1363 2230 1596 2287 Kalend.
1618 2232 1782 2287 Febr.

144 2316 322 2371 rebus
362 2318 615 2373 excessit
660 2319 947 2389 humanis,
980 2334 1129 2376 anno
1174 2319 1369 2376 aetatis
1402 2320 1640 2376 circiter
1669 2325 1783 2389 71°,

137 2403 299 2473 regni
334 2412 527 2461 autem
562 2409 675 2476 460,
731 2408 993 2463 subactas
1021 2422 1161 2464 vero
1211 2407 1394 2464 Italize
1426 2411 1539 2477 43°,
1570 2423 1640 2464 ex
1672 2423 1786 2478 quo

140 2505 279 2547 vero
305 2492 626 2563 imperator
647 2499 703 2548 et
725 2501 1009 2564 augustus
1033 2496 1362 2567 appellatus
1383 2501 1476 2552 est
1492 2510 1642 2551 anno
1668 2498 1779 2550 14°.

135 2579 325 2647 (Emu.
362 2582 456 2651 Α.)
485 2581 662 2651 Cujus
688 2582 768 2637 rei
804 2584 1073 2639 nuncium
1107 2599 1235 2639 eum
1261 2583 1606 2640 Ludewicus
1630 2584 1783 2640 filius

139 2668 268 2737 ejus
302 2668 355 2723 in
394 2670 699 2739 Aquitania
745 2672 1087 2742 accepisset,
1136 2672 1436 2729 tricesimo
1470 2679 1781 2744 postquam

131 2757 189 2812 id
230 2757 527 2812 acciderat
556 2757 648 2813 die
681 2759 1044 2828 Aquasgrani
1079 2760 1257 2831 venit,
1294 2776 1632 2833 summoque
1665 2777 1784 2818 om-

135 2845 294 2901 nium
329 2847 674 2902 Francorum
718 2862 1007 2903 consensu
1039 2862 1105 2904 ac
1140 2849 1333 2905 favore
1366 2851 1517 2920 patri
1551 2865 1781 2907 succes-

133 2933 234 3004 sit,
269 2938 328 2989 et
374 2934 443 2989 ad
504 2935 766 3005 suscepti
798 2936 959 3005 regni
1006 2937 1590 2993 amministrationem
1639 2952 1781 2994 cura

132 3036 443 3091 conversa,
481 3022 665 3094 primo
717 3023 1058 3094 legationes,
1096 3039 1222 3094 quae
1253 3025 1321 3081 ad
1359 3030 1583 3097 patrem
1613 3041 1783 3083 vene-

136 3114 290 3179 rant,
352 3109 584 3166 auditas
644 3111 916 3182 absolvit,
977 3112 1129 3167 inter
1160 3128 1305 3183 quas
1363 3114 1637 3185 prccipua
1674 3114 1780 3170 fuit

136 3198 348 3254 Leonis
381 3199 775 3270 imperatoris,
801 3199 895 3270 qui
916 3200 1215 3256 Michaheli
1250 3202 1549 3259 successit.
1574 3203 1781 3259 IIabito

139 3291 338 3343 autem
374 3288 721 3358 Aquisgrani
759 3288 1015 3357 generali
1069 3298 1378 3360 conventu,
1412 3292 1480 3347 ad
1509 3291 1782 3360 justicias

134 3376 439 3432 faciendas
464 3376 690 3445 legatos
714 3378 767 3432 in
802 3391 1001 3433 omnes
1025 3379 1184 3447 regni
1207 3384 1407 3449 partes
1430 3380 1607 3450 misit,
1636 3380 1782 3436 duos

126 3479 203 3521 ex
234 3464 369 3521 filiis
391 3465 511 3521 suis
535 3465 860 3522 Lotharium
885 3466 1183 3537 Bajoariaa,
1205 3469 1510 3541 Pippinum
1536 3468 1780 3541 profecit

128 3553 494 3624 Aquitaniae.

129 3642 281 3697 Anni
315 3641 477 3712 regni
512 3643 805 3700 Ludewici

204 3736 255 3786 1.
287 3732 451 3787 Anno
505 3732 810 3790 dominicae
867 3734 1287 3793 incarnationis
1338 3740 1462 3808 815,
1498 3738 1571 3793 ab
1629 3739 1783 3796 Urbe

132 3824 332 3876 autem
366 3818 600 3878 condita
656 3822 963 3881 millesimo
994 3828 1116 3895 566,
1169 3825 1535 3896 Ludewicus,
1588 3829 1783 3887 Karoli

131 3909 321 3977 Magni
355 3909 527 3981 Illius,
558 3913 656 3966 74.ο
687 3910 779 3945 ¹¹⁸⁰
808 3914 879 3969 ab
916 3915 1181 3982 Augusto
1214 3914 1343 3971 leeo
1376 3916 1661 3987 regnavit,
1698 3932 1786 3974 re-

135 4010 433 4068 gnumque
464 4000 633 4055 annis
661 4003 730 4056 26
758 4000 1032 4056 obtinuit.
1074 4002 1218 4058 Huic
1242 4017 1390 4059 anno
1415 4003 1600 4073 primo
1625 4007 1785 4077 regni

130 4085 221 4142 sui
255 4085 495 4143 allatum
527 4091 637 4156 est,
686 4087 969 4157 quosdam
1001 4088 1071 4143 de
1117 4091 1471 4159 primoribus
1502 4092 1787 4149 Romano-

128 4188 260 4230 rum
282 4174 353 4229 ad
378 4174 845 4231 interficiendum
870 4177 1114 4231 Leonem
1142 4192 1347 4248 papam
1386 4180 1781 4253 conspirasse,

126 4261 360 4331 hocque
394 4260 607 4316 indicio
635 4261 704 4316 ad
760 4262 1092 4333 pontificem
1145 4263 1361 4334 delato,
1397 4281 1597 4324 omnes
1630 4268 1788 4325 illius

128 4349 407 4405 factionis
448 4353 722 4406 auctores
761 4349 928 4419 jussu
979 4350 1137 4407 illius
1180 4352 1514 4410 trucidatos
1566 4356 1775 4413 fuisse.

131 4436 301 4503 Quod
330 4451 461 4493 cum
504 4438 764 4494 modeste
811 4438 1011 4509 ferret,
1064 4440 1458 4497 Rernhardum
1509 4450 1781 4515 nepotem

133 4540 328 4595 suum,
364 4540 559 4597 regem
592 4527 794 4598 Italiae,
829 4530 899 4584 ad
933 4543 995 4585 se
1025 4529 1276 4599 vocavit,
1314 4545 1563 4602 eumque
1596 4534 1666 4590 ad
1701 4534 1789 4590 in-

1898 1969 2086 2020 torem
2144 1966 2342 2023 venire
2399 1970 2719 2041 contendit,
2779 1971 2970 2028 missis
3025 1972 3257 2029 interim
3313 1966 3542 2033 duobus

1904 2044 2133 2115 legatis,
2152 2047 2247 2117 qui
2273 2048 2438 2118 quasi
2474 2065 2581 2121 pro
2612 2064 2716 2106 sua
2737 2052 3180 2109 consecratione
3202 2052 3540 2126 imperatori

1899 2139 2303 2203 suggererent.
2340 2137 2503 2203 Quod
2536 2138 2633 2195 ille
2664 2139 2927 2211 audiens,
2959 2142 3151 2197 Remis
3177 2141 3228 2199 ei
3263 2144 3541 2217 occurrit,

1901 2222 2210 2293 missisque
2267 2225 2493 2282 obviam
2543 2226 2633 2283 his
2683 2228 2780 2299 qui
2829 2243 2959 2286 eum
3011 2229 3113 2286 illo
3162 2230 3538 2304 deducerent,

1898 2310 2215 2368 honorifice
2249 2313 2409 2370 illum
2450 2315 2528 2371 ibi
2557 2317 2837 2388 suscepit.
2872 2318 3139 2374 Pontifex
3170 2334 3310 2376 vero
3339 2321 3538 2376 statim

1897 2399 2184 2457 adventus
2207 2401 2294 2458 sui
2313 2417 2549 2459 causam
2571 2404 2623 2459 ei
2650 2405 2972 2476 insinuans,
2995 2406 3311 2463 celebratis
3333 2406 3542 2466 deinde

1896 2502 1968 2543 ex
1991 2502 2147 2545 more
2180 2489 2485 2547 missarum
2518 2491 2864 2564 sollemniis,
2899 2509 3028 2551 eum
3061 2494 3409 2552 diadematis
3440 2496 3543 2553 im-

1897 2577 2187 2647 positione
2222 2580 2525 2636 coronavit
2574 2582 3080 2655 Romanorumque
3114 2582 3203 2617 ““
3235 2584 3546 2656 imperato-

1895 2680 2015 2720 rem
2051 2667 2479 2739 pronunciavit,
2527 2683 2675 2726 anno
2708 2670 2867 2740 regni
2899 2672 2986 2728 sui
3020 2672 3299 2745 secundo,
3333 2688 3538 2730 secun-

1894 2754 2029 2811 dum
2062 2755 2208 2812 alios
2235 2757 2504 2827 septimo.

1895 2844 2039 2899 Anni
2075 2844 2298 2916 imperii
2332 2847 2475 2916 ejus.
3009 2866 3020 2878 ·

1962 2936 2013 2989 3.
2045 2936 2096 2988 2.
2123 2932 2213 2966 ³⁸⁸³
2237 2932 2421 3001 (Eum.
2452 2935 2631 3006 Ann.)
2666 2937 2726 2991 A.
2762 2936 2822 2990 Ι).
2852 2934 2978 2991 817.
3015 2935 3340 3008 Stephanus
3363 2953 3535 3011 papa,

1897 3021 2078 3077 tercio
2111 3036 2303 3079 mense
2351 3027 2660 3094 postquam
2708 3023 2946 3079 Romam
2980 3030 3218 3082 venerat
3274 3027 3530 3084 nondum

1892 3115 2119 3179 exacto,
2144 3115 2178 3167 8
2201 3111 2435 3167 Kalend.
2469 3112 2634 3167 Febr.
2663 3112 2839 3178 obiit;
2863 3112 2956 3169 cui
2978 3112 3279 3171 Paschalis
3300 3129 3538 3173 succes-

1895 3212 1992 3253 sor
2021 3198 2267 3266 electus,
2302 3204 2428 3270 post
2464 3200 2809 3271 completam
2832 3200 3194 3257 sollemniter
3216 3201 3537 3260 ordinatio-

1893 3301 2022 3342 nem
2054 3301 2215 3343 suam
2237 3302 2471 3343 munera
2506 3293 2563 3342 et
2592 3288 3024 3345 excusatoriam
3051 3289 3391 3361 imperatori
3418 3291 3538 3362 epi-

1892 3374 2102 3432 stolam
2126 3375 2304 3446 misit,
2328 3376 2437 3433 sibi
2457 3391 2566 3432 non
2592 3377 2778 3433 solum
2803 3377 3045 3448 nolenti,
3075 3377 3179 3433 sed
3209 3378 3384 3434 etiam
3409 3378 3533 3452 plu-

1892 3465 2099 3521 rimum
2116 3465 2419 3536 poenitenti
2437 3465 2812 3537 pontificatus
2826 3465 3103 3522 honorem
3118 3464 3538 3540 1mimpactum

1893 3566 2258 3610 asseverans.
2293 3553 2590 3610 Paschalis
2638 3552 2727 3588 “‘7
2757 3568 2901 3627 papa
2933 3558 3060 3611 98mi
3091 3554 3242 3612 sedit
3275 3569 3455 3613 annos
3484 3560 3537 3613 7.

1888 3640 2054 3711 juxta
2077 3642 2224 3698 alios
2247 3646 2297 3698 9.
2323 3674 2385 3683 —
2411 3644 2733 3714 Imperator
2762 3656 2902 3700 vero
2936 3643 3267 3714 generalem
3290 3658 3542 3702 conven-

1896 3734 2019 3787 tum
2042 3731 2392 3802 Aquisgrani
2416 3730 2651 3801 habens,
2681 3731 2860 3788 filium
2891 3747 3058 3789 suum
3092 3732 3540 3805 primogenitum

1896 3820 2228 3877 Lotharium
2245 3820 2494 3877 nominis
2511 3823 2685 3891 atque
2698 3820 2925 3892 imperii
2941 3821 3028 3877 sui
3045 3822 3266 3878 socium
3283 3821 3543 3879 sibicon-

1896 3909 2113 3979 stituit,
2139 3914 2372 3966 ceteros
2405 3922 2573 3979 reges
2606 3909 2954 3981 appellatos,
2984 3924 3158 3967 unum
3193 3911 3537 3983 Aquitania,

1896 3996 2145 4053 alterum
2190 3998 2472 4067 Bojoariae
2503 3998 2773 4069 prefecit.
2797 4000 3020 4054 —Post
3053 3998 3177 4055 haec
3207 3999 3541 4057 nunciatum

1896 4091 1986 4141 est
2009 4086 2080 4154 ei,
2120 4085 2516 4141 Bernhardum
2568 4090 2837 4157 nepotem
2873 4099 3061 4156 suum,
3114 4085 3293 4142 Italia)
3325 4100 3538 4160 regem,

1898 4172 2259 4242 quorundam
2278 4186 2590 4242 pravorum
2612 4173 2903 4229 hominum
2917 4172 3074 4228 eonsi
3086 4172 3159 4229 lio
3171 4173 3538 4243 tyrannidem

1897 4260 2243 4315 meditatum
2278 4260 2475 4329 fuisse,
2517 4259 2749 4330 jamque
2796 4274 2996 4316 omnes
3028 4260 3305 4319 introitus
3331 4261 3535 4334 Italia),

1898 4363 2046 4420 quos
2074 4347 2269 4404 clusas
2287 4347 2505 4417 dicunt,
2532 4347 2821 4418 impositis
2844 4347 3120 4419 presidiis
3141 4348 3424 4421 firmasse,
3458 4353 3543 4406 at-

1898 4452 2008 4509 que
2039 4450 2240 4494 omnes
2273 4435 2452 4492 Italiae
2502 4435 2772 4493 civitates
2818 4436 2875 4491 in
2905 4435 3032 4506 ejus
3063 4437 3242 4494 verba
3281 4436 3538 4510 jurasse,

1900 4526 2051 4598 quod
2074 4541 2145 4582 ex
2158 4528 2325 4597 parte
2341 4539 2563 4595 verum,
2580 4539 2652 4581 ex
2664 4529 2832 4597 parte
2848 4526 3035 4582 fuerat
3052 4524 3277 4583 falsum.
3297 4526 3381 4582 Ad
3398 4541 3544 4600 quos

128 4615 538 4684 vestigandum
573 4616 726 4687 quod
769 4616 988 4673 dictum
1033 4620 1124 4673 est
1160 4618 1337 4674 misit.
1375 4620 1641 4687 Quicum
1679 4624 1788 4679 Ro-
1815 4609 1869 4669 D
1902 4614 2575 4686 motuscomprimendos
2603 4613 3246 4687 imperatoreceleriter
3284 4630 3415 4674 cum
3448 4630 3548 4673 ex-

129 4716 284 4759 mam
313 4708 593 4775 venisset,
626 4705 961 4775 egritudine
992 4706 1290 4763 decubuit.
1325 4708 1403 4764 De
1434 4710 1616 4766 rebus
1648 4726 1788 4767 vero

139 4797 386 4864 propter
419 4808 566 4863 quas
595 4798 857 4865 venerat,
894 4808 996 4865 per
1019 4796 1332 4852 Heroldum
1362 4798 1655 4871 comitem,
1691 4800 1788 4873 qui

146 4880 221 4936 ad
253 4881 361 4938 hoc
397 4882 627 4951 legatus
657 4882 707 4938 ei
760 4884 951 4940 fuerat
980 4884 1169 4956 datus,
1203 4886 1325 4955 regi
1360 4886 1668 4946 Ludewico
1702 4905 1790 4947 re-

137 4969 438 5026 mandavit
462 4971 738 5041 quiequid
762 4977 1151 5044 compererat.
1180 4974 1357 5040 Quem
1393 4974 1568 5046 legati
1602 4979 1792 5051 ponti-

141 5057 274 5113 ficis
308 5058 634 5128 subsecuti,
669 5060 739 5115 de
770 5060 859 5117 his
886 5076 1012 5133 qua;
1044 5061 1275 5120 domino
1305 5079 1410 5121 suo
1440 5066 1791 5138 objicieban-

129 5150 234 5203 tur
262 5146 384 5216 regi
418 5145 729 5204 Ludewico
764 5163 864 5220 per
896 5150 1087 5205 omnia
1120 5152 1558 5212 satisfecerunt.
1585 5158 1607 5181 ‘
1635 5163 1655 5212 1

1899 4707 2086 4768 ercitu
2116 4719 2323 4779 magno
2346 4705 2636 4779 veniente,
2664 4704 3036 4764 Bernhardus
3059 4705 3236 4764 rebus
3262 4705 3384 4764 suis
3405 4705 3544 4763 diffl-

1898 4802 2063 4869 dens,
2085 4797 2262 4855 armis
2293 4797 2599 4870 depositis,
2634 4797 2787 4871 apud
2817 4795 3170 4856 Cabillonem
3203 4794 3543 4869 imperatori

1899 4902 1962 4944 se
1992 4884 2256 4942 tradidit.
3206 4922 3215 4931 .

1971 4977 2020 5031 4.
2055 4979 2103 5031 3.
2144 4976 2205 5030 A.
2241 4975 2302 5027 ι).
2335 4975 2462 5028 818.
2488 4973 2732 5027 Dctecta
2770 4968 2971 5027 fraude
3009 4968 3453 5040 coniurationis,
3489 4973 3548 5025 et

1902 5062 2213 5121 sediciosis
2229 5059 2497 5117 omnibus
2510 5060 2564 5115 in
2579 5073 2739 5116 suam
2754 5061 3108 5131 potestatem
3132 5056 3410 5129 redactis,
3447 5056 3548 5112 im-

1902 5156 2142 5227 perator
2155 5147 2501 5221 Aquisgrani
2517 5147 3285 5218 revertitur,transactoque
3301 5141 3555 5218 quadra_

1510 5351 1747 5410 VARl/E
1789 5350 2188 5411 LECTIONES.

206 5523 300 5558 ³⁵⁸⁸
324 5525 417 5583 ita
448 5527 495 5580 1.
534 5523 618 5580 1b.
656 5529 708 5582 5.
742 5526 818 5581 9°.
852 5530 939 5593 10.
975 5529 1018 5581 t.
1053 5527 1117 5583 R.
1154 5527 1371 5587 desiuit
1421 5533 1471 5587 4.
1503 5531 1750 5589 Turonis
1806 5532 1880 5589 ut
1903 5529 2088 5589 Birth.
2122 5529 2194 5585 D.
2233 5526 2278 5584 E
2376 5522 2470 5558 ¹¹⁶⁰
2494 5521 2725 5581 LXVIII.
2759 5522 2822 5577 D.
2854 5521 2925 5578 E.

215 5638 228 5652 .
268 5601 325 5652 11
347 5637 360 5651 .
461 5594 554 5629 ¹¹⁸²
585 5596 921 5654 manasterii
954 5601 1046 5654 10.
1148 5596 1239 5633 ³1⁸³
1269 5600 1325 5657 in
1353 5630 1425 5644 —-
1451 5602 1660 5660 XCVII.
1711 5604 1781 5662 in
1811 5604 1932 5661 loco
1958 5615 2098 5660 raso
2133 5605 2185 5657 1.
2269 5595 2360 5631 ‘1“
2386 5598 2892 5662 Romanorumque
2920 5624 2925 5632 -

1353 5630 1425 5644 -ι-
1451 5620 1660 5660 Λυγιι.
1711 5620 1781 5663 m
1811 5620 1932 5661 ιοσο
1958 5620 2098 5660 τειδο
2133 5620 2185 5657 ‘l.

133 5600 228 5654 10.
268 5601 360 5652 11.
461 5594 554 5629 ¹¹⁸²
585 5596 921 5654 manasterii
954 5601 1046 5654 10.

3034 5517 3126 5553 11⁸³
3157 5519 3549 5591 meginguado

2269 5595 2360 5631 ﬂ“
2386 5598 2991 5665 Romanorumquer-
3022 5591 3275 5665 septimo
3332 5591 3551 5665 521.1090

127 5681 274 5748 raso
296 5672 353 5724 1.
426 5665 791 5748 _“_‘_'_1_’rz’mus
812 5681 1008 5728 annus
1027 5669 1267 5742 imperii
1286 5673 1357 5730 in
1379 5674 1681 5746 margine.
1712 5661 1777 5733 ἐι.
1806 5677 1939 5733 816.
1968 5673 2216 5748 legitur.
2298 5667 2391 5704 ¹¹⁶⁶
2412 5666 2675 5726 ordinem
2698 5669 2756 5722 δ.
2797 5661 2813 5665 “
2839 5661 2930 5699 ¹¹⁶⁷
2950 5661 3255 5724 Paschalis
3272 5692 3346 5709 -
3363 5662 3543 5724 VIIII.

120 5746 335 5819 postea
361 5736 543 5801 addit
566 5740 622 5796 1.
