3946 6418
356 400 469 463 871

1503 379 1985 445 EKKEHARDI
2030 374 2585 441 URAUGIENSIS

3674 370 3814 434 872

359 529 882 606 gesimalijejunio,
905 525 1110 598 paucis
1131 528 1260 596 post
1281 525 1544 577 sanetum
1572 516 1781 591 pascha
1803 516 2010 572 diebus
2040 515 2096 575 A
2125 511 2429 606 leadrogio‘,
2462 508 2561 606 ﬁlii
2586 507 2798 606 ILiubit
2822 507 2909 540 “7‘
2945 508 3099 577 regis
3131 506 3468 606 Wilzorum.
3502 506 3623 606 Q‘ui
3659 522 3814 563 cum

361 604 785 692 conjurationis
817 620 1092 671 auctores
1111 609 1284 667 simul
1308 614 1365 665 et
1396 604 1825 676 regemjudicio
1843 610 2014 659 Fran-

361 724 563 768 corum
584 704 822 778 capitali
850 705 1198 773 dampnatos
1224 696 1544 765 sententia,
1570 694 2017 750 luminibustan-

365 805 485 857 tum
505 787 1419 868 jussitorbari.—(Genéal-SS.
1442 786 1509 855 II,
1546 799 1598 855 p.
1634 784 1782 853 314.)
1817 780 2016 835 Irmin-

362 887 563 961 gardis
596 883 793 954 regina
825 887 856 938 5
887 883 1028 936 Non.
1068 878 1304 935 Octobr.
1341 875 1509 939 obiit,
1543 888 1670 943 qua)
1699 870 1789 961 υθέ
1816 868 2017 939 genuit

369 959 711 1049 imperatori
746 970 1103 1039 Lotharium,
1138 966 1446 1037 Pippinum
1469 967 1524 1019 et
1551 959 1941 1049 Ludewicum.

435 1047 487 1120 8.
525 1067 574 1120 4.
612 1064 674 1118 Α.
707 1062 771 1115 D.
806 1063 939 1117 819.
1001 1057 1332 1112 Conventus
1382 1047 1725 1121 Aquisgrani
1757 1050 1887 1117 post
1923 1059 2019 1099 na-

369 1155 487 1212 tale
520 1150 746 1209 Domini
772 1149 1007 1204 habitus
1026 1152 1146 1211 est;
1182 1145 1235 1199 in
1276 1158 1389 1213 quo
1418 1140 1595 1196 multa
1628 1138 1698 1193 de
1722 1139 1878 1193 statu
1911 1150 2020 1189 £80-

364 1242 677 1300 clesiarum
705 1241 955 1293 tractata
976 1238 1133 1302 sunt,
1153 1231 1380 1301 legibus
1394 1229 1567 1284 etiam
1595 1223 1849 1297 capitula
1867 1237 2016 1294 qum-

368 1332 496 1387 dam
530 1324 985 1402 pernecessaria,
1023 1338 1150 1393 qua)
1183 1321 1446 1387 deerant,
1482 1316 1679 1372 addita
1715 1312 2021 1383 sunt.(Ge-

364 1421 522 1478 neal.
540 1420 609 1488 ll,
628 1417 777 1487 314.)
797 1415 918 1480 Quo
942 1415 1205 1483 peracto,
1228 1409 1569 1479 imperator,
1604 1402 1886 1474 inspectis
1905 1401 2021 1472 plc-

367 1511 569 1579 risque
592 1504 871 1562 nobilium
890 1501 1138 1569 ﬁliabus,
1165 1497 1385 1568 Welphi
1402 1495 1634 1551 comitis
1656 1493 1828 1549 ﬁliam
1848 1490 2022 1545 nomi-

367 1596 655 1656 ncJudith
681 1592 847 1650 duxit
888 1604 1146 1659 uxorem,
1188 1584 1637 1658 qum‘mgcuuit
1670 1582 1721 1638 ci
1749 1579 2021 1637 Karolum

373 1687 632 1743 Calvum.

440 1779 491 1831 6.
529 1779 579 1829 5.
616 1774 680 1826 Α.
714 1771 777 1825 D.
812 1770 934 1825 820.
986 1768 1235 1835 Propter
1263 1763 1434 1833 juges
1484 1759 1710 1832 pluvias
1740 1762 1796 1813 et
1832 1772 2023 1813 aerem

371 1864 423 1919 ni
463 1861 556 1917 nio
585 1861 828 1914 humore
844 1852 1167 1910 resolutum
1183 1865 1383 1918 magna
1399 1847 1761 1905 incommoda
1777 1845 2029 1913 contige—

372 1956 534 2008 ruat.
560 1949 698 2003 Nam
733 1949 789 2001 et
810 1943 1105 1999 hominum
1124 1944 1184 1995 et
1208 1940 1378 1995 boum
1404 1937 1739 2010 pestilentia
1762 1937 2025 2005 grassata

372 2045 458 2096 est
479 2057 493 2106 ;
511 2039 796 2093 frumenta
825 2045 1056 2102 quoque
1080 2034 1141 2085 et
1161 2028 1740 2098 lcguminacorrupta
1762 2028 1917 2079 sunt.

441 2134 495 2185 7.
533 2128 584 2179 6.
620 2125 685 2178 Α.
719 2125 778 2177 Ι).
814 2124 934 2176 821.
976 2119 1223 2173 Allatum
1258 2121 1353 2172 est
1394 2114 1734 2187 imperatori
1766 2110 2030 2168 Ludewi-

372 2233 440 2273 co
476 2216 545 2271 de
603 2214 789 2268 morte
836 2208 1039 2264 Leonis
1069 2207 1443 2277 imperatoris
1501 2198 2031 2271 ConstantinOpoli-

372 2304 681 2374 tani,quod
699 2314 848 2355 anno
865 2297 1151 2369 preterito
1168 2295 1221 2348 in
1248 2294 1406 2363 basvl
1420 2294 1501 2349 ica
1519 2296 1737 2349 sanctae
1756 2290 1853 2345 Dei
1873 2287 2018 2359 geni-

373 2392 543 2449 tricis
574 2391 725 2445 intra
772 2386 1048 2459 palatium
1093 2378 2031 2453 interemptussitconspiratione

376 2478 746 2552 quorundam
768 2474 1114 2547 optimatum
1141 2485 1377 2526 suorum
1402 2475 1457 2524 et
1486 2470 1761 2540 precipue
1791 2465 2033 2521 Michae-

385 2570 457 2625 lis
477 2566 710 2625 comitis
753 2562 1230 2627 domesticorum,
1267 2559 1360 2629 qui
1389 2559 1859 2629 pretorianorum
1890 2554 2033 2610 mili-

375 2664 499 2714 tum
527 2654 724 2711 stndio
768 2649 980 2707 infulas
1015 2648 1241 2719 imperii
1265 2647 1617 2717 suscepit,et
1644 2661 1846 2701 noVem
1869 2644 2033 2699 anuis

374 2744 665 2815 regnavit.
686 2738 1099 2796 -—-Secundum
1127 2736 1219 2769 “7°
1237 2735 1518 2806 quosdam
1554 2737 1664 2790 Leo
1696 2749 1842 2806 papa
1864 2733 2031 2803 obiit,

379 2835 551 2904 eique
589 2831 921 2900 Stephanus
952 2825 1260 2882 successit.

453 2925 504 2977 8.
541 2924 592 2974 7.
629 2922 692 2973 Α.
728 2918 790 2970 Ι).
827 2912 1306 2980 822.1n-regione
1342 2910 1763 2979 Thuringoruin
1790 2910 2034 2979 quodam

377 3007 592 3063 inloco
619 3005 784 3074 juxta
808 3002 1046 3057 ﬂuvium
1088 2999 1373 3070 quendam
1423 3012 1629 3068 cespes
1675 2998 2036 3067 longitudine

389 3094 599 3168 pedum
617 3086 1380 3164 quinquaginta,latitudine
1398 3091 1417 3139 1
1432 3084 1801 3154 l,altitudine
1818 3085 2041 3155 sesqui-

382 3181 597 3254 pedali,
634 3180 705 3235 de
731 3184 887 3233 terra
914 3176 1039 3231 sine
1067 3175 1333 3230 manibus
1363 3174 1631 3244 precisus
1654 3178 1709 3228 et
1745 3173 2033 3241 sublatus,

2127 591 2517 649 orientalibus
2534 593 2572 645 A
2586 588 2836 644 bodritis
2855 602 3251 659 pugnanscum
3269 586 3592 657 interisset,
3608 602 3737 658 pop
3748 603 3817 643 u-

2126 674 2219 730 lus
2249 671 2560 726 Wilzorum
2587 668 2765 723 ﬁlium
2788 668 2916 737 ejus
2948 667 3307 737 Milegastum
3334 666 3620 736 majorem
3650 672 3811 722 natu

2130 776 2321 832 regem
2353 758 2460 814 sibi
2494 756 2838 821 constituit;
2874 756 2978 812 sed
3007 771 3135 811 cum
3172 755 3220 811 is
3247 756 3564 812 secundum
3602 757 3809 812 ritum

2127 850 2320 921 gentis
2337 864 2444 904 non
2466 847 2637 917 digne
2654 846 3109 902 amministraret
3133 860 3394 915 regnum,
3410 845 3510 901 illo
3524 847 3807 916 ahjecto,

2124 939 2341 1009 juniori
2376 937 2596 1006 regium
2642 936 2916 991 honorem
2957 933 3244 990 deferunt.
3287 933 3687 999 Quamobrem
3725 934 3809 990 ad

2130 1026 2486 1099 presentiam
2534 1023 2906 1094 imperatoris
2951 1024 3119 1078 ambo
3164 1027 3466 1078 venerunt.
3504 1023 3617 1089 Qui
3655 1039 3805 1081 cum

2130 1118 2380 1173 vidisset
2411 1115 2605 1185 gentis
2637 1113 2995 1169 voluntatem
3027 1112 3352 1184 proniorem
3387 1113 3456 1168 ad
3483 1114 3805 1183 juniorem

2133 1208 2393 1273 fratrem,
2413 1203 2643 1273 statuit,
2664 1206 2725 1257 ut
2755 1202 2800 1257 is
2826 1216 3063 1270 regnum
3089 1206 3339 1267 teneret,
3359 1202 3560 1258 ambos
3584 1210 3801 1258 tamen

2133 1295 2475 1353 muneribus
2491 1293 2739 1348 donatos
2752 1295 2806 1346 et
2829 1296 3197 1346 sacramento
3211 1290 3586 1347 conﬁrmatos
3615 1292 3677 1347 in
3693 1307 3807 1364 pa-

2132 1385 2305 1440 triam
2331 1382 2577 1438 remisit.
2612 1383 2632 1404 ‘
2656 1412 2723 1420 -—
2749 1380 3076 1449 Lotharius,
3115 1379 3399 1451 disposita
3429 1382 3619 1452 Italia,
3656 1398 3799 1439 cum

2129 1475 2243 1546 jam
2271 1471 2462 1528 redire
2485 1474 2797 1539 statueret,
2826 1473 3067 1537 rogante
3090 1468 3351 1524 Paschali
3373 1484 3515 1540 papa
3540 1471 3799 1528 Romam

2136 1562 2313 1632 venit,
2349 1566 2406 1616 et
2438 1560 2757 1615 honoriﬁce
2790 1559 2858 1614 ab
2890 1573 2959 1614 eo
2998 1563 3330 1629 susceptus,
3366 1559 3422 1614 in
3451 1566 3662 1616 sancto
3694 1577 3802 1632 pa-

2138 1654 2291 1709 schae
2315 1652 2406 1707 die
2431 1650 2583 1722 apud
2609 1652 2879 1705 Sanctum
2900 1650 3134 1704 Petrum
3154 1653 3210 1704 et
3235 1648 3393 1717 regni
3426 1664 3710 1706 coronam
3736 1657 3797 1706 et

2140 1740 2514 1812 imperatoris
2527 1746 2585 1795 et
2609 1739 2841 1808 augusti
2869 1752 3073 1793 nomen
3095 1738 3340 1808 accepit,
3364 1738 3564 1808 sicque
3588 1755 3799 1796 mense

2138 1831 2307 1887 Junio
2330 1830 2401 1885 ad
2428 1835 2650 1900 patrem
2684 1828 2864 1884 venit.
2885 1859 2953 1867 —
2978 1829 3298 1898 Imperator
3318 1829 3646 1898 Drugoncm
3683 1830 3799 1885 fra-

2144 1926 2289 1975 trem
2310 1934 2498 1989 suum,
2523 1918 2672 1989 apud
2688 1919 3026 1972 Mettensem
3043 1916 3364 1972 :ecclesiam
3379 1918 3485 1972 sub
3503 1932 3693 1974 canon
3706 1920 3796 1974 ica

2140 2010 2259 2065 vita
2286 2008 2611 2079 degentem,
2646 2006 2803 2062 clero
2825 2004 3081 2074 ejusdem
3108 2006 3269 2061 urbis
3282 2007 3690 2063 consentiente
3711 2016 3799 2063 at-

2141 2113 2252 2169 que
2284 2097 2559 2167 cligenie,
2622 2101 2917 2171 rectorem
2948 2095 3024 2151 ibi
3071 2095 3400 2165 constituit,
3434 2110 3689 2166 cumque
3722 2098 3793 2152 ad

2142 2187 2516 2259 pontiﬁcatus
2545 2185 2789 2257 gradum
2810 2184 3141 2256 promoveri
3176 2185 3417 2241 censuit.
3441 2216 3512 2226 --
3541 2186 3796 2242 Ceadro-

2139 2276 2327 2348 gom‘
2358 2276 2773 2331 Abodritorum
2824 2274 3092 2345 princeps
3137 2290 3265 2330 cum
3314 2274 3660 2345 quibusdam
3697 2291 3797 2346 po-

2142 2366 2261 2438 puli
2287 2365 2372 2423 sui
2400 2365 2757 2436 primoribus
2779 2364 2845 2419 ad
2864 2363 3275 2434 imperatorem
3309 2362 3797 2435 venit,dilatique

2145 2472 2243 2527 per
2271 2460 2355 2511 tot
2386 2469 2569 2510 annos
2592 2455 2878 2509 adventus
2895 2452 2983 2508 sui
3005 2453 3286 2507 rationem
3312 2453 3460 2509 unde
3485 2452 3797 2508 incusaba-

2144 2550 2240 2601 tur
2254 2560 2363 2600 non
2380 2542 2849 2614 improbabiliter
2862 2541 3206 2611 reddidit,et
3221 2541 3358 2596 licet
3373 2542 3425 2596 in
3441 2541 3795 2612 quibusdam

2145 2634 2337 2689 causis
2354 2630 2668 2702 culpabilis
2682 2635 2857 2701 esset,
2895 2645 2997 2701 per
3013 2630 3215 2685 merita
3232 2634 3533 2701 parentum
3551 2645 3793 2687 suorum

2143 2726 2340 2777 tamen
2362 2736 2471 2777 non
2497 2720 2683 2776 solum
2730 2719 3072 2791 impunitus,
3114 2735 3313 2775 verum
3337 2719 3509 2776 etiam
3543 2721 3795 2775 muneri-

2150 2812 2256 2867 bus
2275 2812 2542 2879 donatus,
2561 2809 2630 2865 ad
2656 2824 2895 2878 regnum
2913 2808 3103 2864 redire
3121 2808 3517 2879 permissuses
3623 2810 3793 2865 «Hoc

2148 2914 2295 2955 anno
2314 2898 2573 2969 prodigia
2593 2898 2853 2967 quaedam
2868 2897 3140 2953 extitisse
3156 2911 3222 2952 na
3235 2901 3484 2965 rrantur,
3507 2897 3559 2951 in
3581 2912 3611 2967 q
3624 2897 3795 2953 uibus

2149 2987 2423 3059 precipua
2449 2991 2616 3041 erant
2656 2990 3008 3041 terremotus
3031 2985 3084 3041 in
3113 2986 3361 3055 Aquensi
3385 2985 3618 3057 palatio,
3647 2991 3707 3041 et
3738 2987 3793 3040 in

2150 3076 2454 3131 territorio
2473 3074 2900 3143 Tullensijuxta
2922 3073 3114 3130 villam
3133 3074 3616 3130 Commerciacum
3632 3074 3795 3145 puel-

2151 3164 2202 3219 la
2236 3163 2325 3195 “7°
2356 3163 2618 3233 quaedam
2675 3178 2956 3217 annorum
3013 3162 3252 3218 circiter
3301 3168 3365 3218 12
3395 3167 3525 3233 post
3570 3178 3792 3219 sacram

380 3240 452 3326 ab
476 3284 546 3325 eo
571 3240 700 3324 loco
735 3266 793 3322 in
831 3280 944 3336 quo
974 3267 1243 3334 sumptus
1264 3240 1457 3317 cst—2:3
1493 3262 1702 3333 pedum
1728 3263 1929 3332 spacio
1958 3240 2039 3317 di-
2071 3240 2120 3301 Ο
2150 3252 2629 3321 communionem,
2658 3267 2827 3322 quam
2851 3252 2904 3305 in
2933 3252 3145 3322 pascha
3170 3251 3240 3307 de
3273 3256 3437 3308 m'auu
3472 3251 3792 3308 sacerdotis

385 3366 550 3415 stans
568 3358 840 3413 inventus
864 3359 974 3410 est.
995 3354 1138 3408 Item
1165 3352 1219 3407 in
1241 3357 1406 3423 parte
1422 3351 1729 3407 orientalis
1749 3351 2034 3420 Saxonia),

382 3463 510 3519 quae
534 3446 884 3503 Soraborum
909 3442 1122 3497 ﬁnibus
1146 3441 1421 3510 contigua
1446 3445 1558 3510 est,
1590 3439 1642 3493 in
1669 3440 1917 3510 quodam
1944 3439 2041 3494 de-

379 3542 536 3593 serto
562 3533 888 3603 loco,juxta
916 3532 1103 3586 lacum
1132 3530 1225 3600 qui
1252 3530 1469 3585 dicitur
1493 3530 1699 3599 Arnse,
1729 3529 1783 3583 in
1809 3530 2040 3583 modum

382 3624 615 3696 aggeris
635 3627 794 3677 terra
822 3619 1117 3687 intumuit,
1147 3623 1207 3673 et
1244 3616 1489 3674 limitem
1516 3617 1688 3672 unius
1711 3617 1896 3686 leugze
1921 3616 2044 3672 lon-

381 3714 646 3785 gitudine
680 3714 1018 3783 porrectum
1053 3709 1161 3765 sub
1180 3708 1352 3764 unius
1377 3708 1565 3763 noctis
1597 3708 1797 3778 spacio
1822 3710 2042 3779 absque

380 3801 615 3860 humani
646 3800 844 3872 operis
899 3797 1195 3853 molimine
1241 3796 1424 3851 instar
1453 3795 1591 3851 valli
1650 3797 1938 3852 subrexit.
1973 3828 2042 3836 —

384 3891 712 3963 Stephanus
744 3902 889 3960 papa
920 3885 1010 3920 “7‘
1041 3885 1222 3951 obiit;
1258 3885 1352 3941 cui
1398 3883 1697 3941 Paschalis
1727 3886 2035 3941 successit.

383 4013 442 4022 -—
479 3981 733 4035 Domnus
780 3977 1097 4047 imperator
1130 3974 1310 4031 ﬁlium
1344 3989 1511 4031 suum
1568 3975 1896 4030 Lotharium
1933 3992 2038 4046 pro

385 4065 763 4141 disponendis
786 4065 946 4135 regni
972 4063 1222 4133 negotiis
1274 4063 1328 4117 in
1360 4062 1582 4118 Italiam
1609 4064 1799 4127 misit;
1824 4064 1915 4120 cui
1947 4064 2037 4097 “7’

384 4156 722 4231 precedenti
772 4169 919 4210 anno
952 4152 1390 4222 Irmingardam,
1426 4153 1681 4221 Hugonis
1708 4153 1945 4209 comitis
1976 4154 2038 4209 ti-

383 4246 518 4303 liam
541 4244 652 4315 “7',
680 4243 752 4298 de
785 4258 893 4314 qua
919 4243 1016 4297 ille
1039 4242 1302 4312 suscepit
1345 4241 1679 4297 Lotharxum
1708 4246 1910 4312 postea
1941 4257 2035 4298 ex-

381 4331 866 4391 communicatum
901 4331 990 4399 (Α.
1028 4330 1210 4401 L0b.),
1254 4330 1621 4387 Ludewicum
1683 4335 1813 4402 post
1847 4346 1910 4387 se
1946 4346 2035 4387 re-

381 4427 656 4494 gnantem
687 4425 744 4475 et
785 4418 1076 4475 Karolum.
1128 4418 1318 4488 (Eme.
1352 4421 1520 4491 ann.)
1553 4420 1858 4490 Pippinum
1895 4435 2032 4476 vero

385 4510 566 4568 ﬁlium
592 4524 759 4566 suum
786 4509 1104 4581 imperator
1135 4509 1192 4562 in
1234 4508 1601 4578 Aquitaniam
1628 4508 1820 4575 misit;
1845 4509 1939 4565 cui
1975 4510 2033 4564 ﬁ-

383 4599 518 4656 liam
545 4598 886 4655 Theodorici
919 4598 1152 4654 comitis
1184 4597 1551 4653 Matricensis
1577 4595 1793 4665 junxit.
1825 4600 1846 4620 '

524 4692 546 4712 '
578 4687 721 4743 D.E.
762 4687 1023 4743 addunt:
1056 4686 1355 4743 lnchoatio
1376 4686 1711 4741 monasterii
1733 4700 1877 4742 nove
1902 4687 2039 4744 Cor-

597 4758 726 4830 beie
760 4758 817 4813 in
864 4758 1109 4813 Saxonia
1142 4772 1244 4830 per
1295 4761 1575 4830 sanctum,
1608 4758 2032 4830 iAdelhardum,

599 4829 854 4900 antiquae
889 4829 1146 4885 Corbeize
1180 4828 1235 4883 in
1260 4828 1494 4883 Frantia
1527 4828 1818 4884 abbatem.

452 4927 503 4977 9.
540 4924 592 4978 8.
627 4920 693 4975 Α.
725 4919 786 4973 D.
812 4921 935 4973 8‘23.
963 4918 1157 4973 Mense
1184 4916 1325 4973 Maio
1348 4922 1640 4974 conventu
1668 4918 1868 4975 habito
1884 4921 2037 4992 apud

384 5009 829 5077 Franconofurt,
872 5006 1026 5061 inter
1066 5014 1298 5061 ceteras
1351 5007 1735 5064 barbarorum
1796 5009 2041 5079 legatio-

378 5112 484 5156 nes
516 5098 805 5155 venerunt
839 5094 911 5151 ad
944 5095 1362 5173 imperatorem
1383 5093 1497 5152 duo
1527 5096 1740 5154 fratres
1770 5098 1842 5154 de
1862 5113 2041 5169 regno

378 5185 721 5257 Wilzorum,
754 5184 1221 5244 controversiam
1245 5183 1549 5259 habentes,
1574 5186 1838 5259 Milegast
1859 5193 1915 5245 et
1943 5190 2044 5246 Ce-

2152 3343 2399 3413 accepit,
2420 3342 2541 3398 sine
2557 3342 2708 3397 omni
2725 3342 2916 3397 victus
2934 3341 3226 3397 desiderio
3250 3341 3478 3413 plenum
3504 3340 3790 3397 biennium

2154 3431 2407 3502 usquein
2439 3431 2683 3486 tercium
2702 3446 2910 3486 annum
2950 3429 3247 3485 dimidium
3272 3428 3603 3502 complevit,
3632 3429 3789 3484 nulla

2157 3521 2391 3592 penitus
2419 3519 2684 3591 corporis
2710 3518 2978 3574 alimenta
3006 3519 3354 3591 percipiens.
3385 3519 3568 3589 Coepit
3597 3525 3787 3575 autem

2149 3610 2412 3678 jejunarc
2444 3624 2593 3665 anno
2616 3609 2916 3664 dominica}
2934 3608 3352 3665 incarnationis
3372 3610 3473 3663 823
3496 3622 3523 3663 a
3557 3606 3785 3679 pascha,

2154 3702 2213 3753 et
2244 3698 2297 3752 in
2321 3702 2426 3753 825
2472 3698 2628 3751 circa
2652 3696 2888 3752 iniciunt
2913 3697 3275 3766 Novembris,
3305 3694 3786 3767 peractojcjunio,

2156 3787 2345 3842 cibum
2386 3801 2618 3842 sumere
2660 3800 2727 3840 ac
2758 3791 3091 3841 ceterorum
3133 3785 3422 3840 hominum
3455 3798 3609 3840 more
3641 3797 3790 3838 man-

2154 3874 2420 3931 ducando
2444 3875 2639 3929 vivere
2658 3875 2856 3945 cmpit.
2882 3907 2939 3913 —
2968 3876 3023 3928 In
3056 3874 3298 3929 Saxonia
3324 3888 3549 3944 quoque
3572 3873 3625 3928 in
3643 3887 3788 3943 pago

2154 3966 2446 4020 Firihsaze
2468 3969 2535 4019 23
2557 3963 2709 4019 villa)
2736 3964 2866 4033 igne
2888 3963 3108 4019 caelesti
3130 3967 3401 4018 crematae
3430 3966 3584 4031 sunt,
3608 3968 3664 4016 et
3685 3960 3787 4017 lul-

2150 4068 2292 4123 gura
2329 4053 2384 4107 in
2415 4068 2623 4109 sereno
2647 4053 2765 4107 visa
2802 4058 2937 4107 sunt
2970 4057 3144 4121 atque
3170 4051 3421 4107 interdiu
3448 4051 3517 4107 de
3537 4049 3675 4106 caelo
3697 4064 3788 4105 ce-

2149 4142 2442 4199 ciderunt.
2461 4170 2526 4182 -
2545 4143 2601 4196 lu
2624 4142 2924 4197 territorio
2949 4141 3277 4197 Cumetensi
3305 4140 3519 4196 Italicae
3540 4138 3787 4195 civitatis

2149 4248 2203 4303 in
2249 4232 2378 4287 vico
2412 4232 2752 4287 Grabadona
2790 4232 2847 4285 in
2876 4230 3145 4286 :ecclesia
3176 4229 3365 4286 sancti
3395 4228 3663 4285 Johannis
3691 4229 3786 4283 Ba-

2148 4322 2346 4392 ptistae
2383 4321 2570 4391 imago
2606 4327 2823 4376 sanctae
2849 4320 3038 4375 Maria)
3059 4334 3302 4390 puerum
3325 4319 3556 4374 Jhesum
3577 4317 3784 4388 gremio

2147 4411 2477 4479 continens,
2502 4409 2556 4463 in
2573 4408 2773 4464 absida
2799 4408 3057 4478 ejusdem
3074 4408 3355 4464 aecclesiaa
3371 4407 3619 4478 depicta,
3633 4409 3686 4461 et
3713 4407 3785 4461 ob

2152 4498 2383 4554 nimiam
2406 4502 2761 4553 vetustatem
2782 4498 3096 4553 obscurata
3118 4510 3381 4567 peneque
3405 4495 3611 4563 deleta,
3631 4497 3783 4549 tanta

2065 4602 2118 4662 Ι)
2148 4588 2420 4644 claritate
2455 4587 2818 4657 perduorum
2843 4586 3067 4642 dierum
3104 4585 3299 4657 spacia
3330 4583 3567 4653 ellulsit,
3595 4586 3649 4639 ut
3671 4598 3782 4639 om-

2150 4692 2279 4732 nem
2305 4675 2675 4747 splendorem
2721 4691 2886 4733 novae
2914 4675 3158 4747 pictura
3182 4690 3303 4731 suae
3325 4672 3641 4731 venustatis
3668 4672 3783 4744 pul-

2152 4765 2484 4822 chritudine
2501 4765 2737 4837 penitus
2750 4766 2985 4822 vincere
3000 4764 3319 4822 videretur.
3335 4763 3608 4834 Imagines
3620 4762 3781 4818 etiam

2154 4869 2453 4925 magorum
2486 4870 2729 4912 munera
2759 4854 3128 4911 offerentium
3155 4854 3322 4925 juxta
3350 4869 3473 4909 eam
3504 4857 3662 4908 erant
3688 4851 3777 4907 de-

2155 4945 2345 5017 pictae,
2382 4958 2526 5015 quas
2557 4948 2757 5015 preter
2785 4958 3024 5000 munera
3055 4958 3184 5016 quae
3214 4942 3534 5000 offerebant
3560 4939 3781 4998 claritas

2156 5033 2253 5090 illa
2288 5033 2522 5089 minime
2553 5032 2902 5090 irradiabat.

2332 5124 2355 5147 ⁶
2384 5123 2448 5177 D.
2486 5123 2548 5177 Ε.
2579 5122 2853 5179 addunt:
2888 5121 3191 5179 Paschalis
3217 5153 3288 5162 —
3318 5118 3681 5193 transposuit.
3712 5132 3783 5175 ea:

2402 5193 2608 5266 εἰμὴ.
2641 5208 2697 5251 ιι.
2731 5197 2854 5251 821.

1773 5305 2012 5366 νΑΒιιΕ
2050 5309 2454 5370 LECTIONES.

453 5413 547 5492 f‘“
575 5433 799 5492 quae—-
820 5415 1197 5492 Ludewicum
1221 5418 1290 5475 in
1334 5420 1608 5492 margine
1649 5421 1827 5478 addit
1876 5429 1928 5478 1.
1987 5426 2204 5484 desunt
2230 5427 2313 5482 1b.

386 5485 480 5523 “7°
507 5485 827 5563 secundum
849 5521 919 5530 —
940 5489 1228 5563 successit
1257 5492 1326 5547 in
1369 5485 1646 5563 margine
1671 5494 1889 5549 desunt
1930 5499 1985 5552 4.

386 5572 576 5642 capra
598 5564 732 5644 post
756 5562 1027 5644 inventus
1054 5567 1147 5644 est
1176 5561 1454 5644 legerat-a7:
1468 5561 1539 5644 '5'.
1555 5566 1629 5644 pg
1638 5568 1776 5644 2.10.
1809 5568 1902 5644 41..

391 5630 686 5694 eiusmodi
702 5630 1055 5691 vocabulum
1077 5630 1252 5689 deest.
1334 5631 1423 5666 “7‘
1442 5632 1638 5691 liuthit
1655 5633 1739 5692 1b.

391 5699 466 5762 in
491 5701 611 5764 loco
636 5714 774 5764 rasa
801 5708 858 5761 1.

2398 5423 2490 5457 ιιδθ
2522 5424 3011 5498 quae—Calvum
3057 5426 3125 5482 ia
3178 5424 3454 5498 margine
3501 5422 3773 5498 addit_l.

2099 5496 2190 5531 “71
2220 5493 2554 5569 Stephanus
2574 5525 2645 5569 -τ
2667 5498 2958 5552 successit
2990 5497 3056 5553 in
3088 5493 3383 5569 mammis
3414 5500 3469 5569 l_.
3506 5493 3776 5569 desim“.

1989 5566 2079 5602 ηπ
2102 5570 2197 5626 cui
2216 5600 2283 5609 —
2298 5566 2492 5639 junxit
2524 5568 2591 5623 in
2618 5567 2739 5639 loco
2768 5582 2907 5626 raso
2939 5574 2996 5625 1.

1828 5634 1918 5669 “7"
1937 5639 2032 5700 ita
2042 5654 2240 5701 omnes
2260 5634 2411 5715 {uos
2432 5638 2562 5697 vidi
2583 5638 2747 5697 codd.
2772 5639 3120 5712 celeadrogo
3135 5645 3219 5698 11.

3084 5567 3174 5602 ³³⁷³
3190 5566 3492 5625 coniunxit
3519 5567 3611 5624 vel
3630 5566 3787 5625 aliud

3298 5586 3492 5673 mium
3519 5586 3609 5624 ’σοι
3630 5586 3784 5625 auua

3400 5637 3784 5715 puella—XII.
