3946 6428
253 375 386 434 H73

1139 385 1578 455 (IHRONICA.
1614 429 1690 439 --
1723 393 2192 462 CHRONICON
2241 401 2792 466 UNIVERSAliE.

3550 412 3665 474 874

327 514 405 564 10.
436 512 487 564 9.
521 509 706 580 (Emu.
734 513 910 587 Ama.)
946 519 1006 572 A.
1043 519 1106 573 D.
1137 524 1257 576 824.
1289 523 1586 584 Paschalis
1609 542 1752 600 papa
1779 528 1898 585 vita
1934 533 1984 593 Α
2017 544 2130 602 qua
2163 533 2396 591 domino
2435 533 2772 608 imperatori
2818 535 3056 594 allatum
3087 544 3178 596 est
3209 517 3285 596 ad.
3314 543 3666 615 Aquisgrani

233 595 530 654 decessit.
567 601 623 654 lu
649 602 819 671 cujus
843 603 1032 660 locum
1059 622 1187 664 cum
1213 610 1327 666 duo
1346 628 1450 684 per
1471 595 1904 674 contentionem

237 686 450 758 pOpuli
494 688 742 745 fuissent
787 691 981 762 electi,
1027 696 1319 766 Eugenius
1365 707 1577 775 tamen,
1613 705 1905 776 presbiter

229 773 402 830 tituli
427 781 646 834 sanctae
669 778 915 851 Sabina),
940 783 1208 840 vincente
1237 789 1519 848 nobilium
1543 773 1728 864 parte,
1758 809 1904 866 papa

235 865 374 916 99W
405 865 732 937 ordinatur,
767 868 1038 941 seditque
1070 887 1250 930 annos
1285 881 1335 932 3.
1373 879 1568 949 Legati
1607 865 1906 938 Michaelis

239 949 622 1021 imperatoris
683 957 1312 1032 Constantinopolitani
1371 967 1440 1022 ad
1494 968 1904 1040 imperatorem

242 1039 623 1098 Ludewicum
657 1060 762 1116 pro
794 1061 936 1118 pace
977 1051 1369 1111 conﬁrmanda
1402 1072 1531 1114 cum
1565 1039 1908 1116 muneribus

243 1133 304 1185 et
331 1127 552 1188 litteris
573 1141 882 1206 venerunt,
912 1139 1316 1212 condignoque
1339 1159 1625 1218 responso
1649 1143 1906 1205 absoluti

248 1235 318 1275 su
343 1225 406 1275 ‘t.
435 1221 458 1243 *
480 1253 549 1261 —
574 1223 687 1280 Ilec
720 1238 868 1280 anno
901 1229 1104 1297 paucis
1125 1236 1256 1301 post
1280 1234 1542 1292 asstivale
1572 1235 1908 1293 solsticium

247 1307 457 1365 diebus
486 1309 541 1364 in
568 1311 871 1369 territorio
901 1316 1422 1392 Augustidunensi,
1447 1339 1581 1380 aere
1606 1325 1658 1380 in
1689 1331 1908 1397 tempe-

247 1400 463 1452 statem
492 1399 688 1455 subita
713 1403 1034 1460 mutatione
1060 1422 1366 1480 converso,
1395 1411 1602 1480 ingens
1627 1414 1910 1484 fragmen-

249 1489 368 1538 tum
395 1499 466 1539 ex
489 1484 677 1554 glacie
709 1487 880 1545 simul
913 1507 1042 1548 eum
1073 1495 1355 1562 grandine
1385 1499 1682 1556 decidisse
1713 1515 1909 1556 narra-

249 1576 365 1642 tur,
387 1573 555 1642 cujus
583 1574 889 1646 longitudo
909 1580 1091 1650 pedes
1112 1588 1196 1653 15,
1223 1584 1476 1643 latitudo
1493 1591 1544 1660 7,
1573 1589 1908 1646 crassitudo

255 1660 408 1718 duos
439 1661 707 1720 habuisse
745 1664 980 1724 dicitur.

393 1751 415 1773 '
446 1750 508 1804 D.
543 1750 603 1824 Ε.
639 1753 914 1810 addunt:
937 1757 1095 1813 Inter
1123 1765 1318 1818 cetera
1356 1778 1596 1822 munera
1619 1797 1678 1806 —
1709 1765 1787 1822 ibi
1821 1782 1907 1824 sa-

463 1821 636 1877 natis.
681 1836 757 1879 ea:
785 1826 988 1897 Sigeb.

322 1913 406 1962 11.
447 1911 529 1963 10.
665 1911 727 1965 D.
773 1914 894 1968 826.
945 1916 1157 1974 Habito
1198 1921 1547 1992 Aquisgrani
1589 1931 1902 2012 conventu,

250 1993 428 2065 legati
487 1995 798 2067 Bulgarum
829 2016 938 2072 pro
973 2006 1404 2065 constituendis
1447 2013 1712 2070 terminis
1750 1993 1906 2072 inter

254 2085 508 2141 Francos
532 2090 589 2140 et
615 2087 897 2157 Bulgares
927 2091 998 2146 ad
1030 2093 1441 2166 imperatorem
1474 2107 1780 2174 venerunt,
1816 2119 1907 2160 re-

252 2185 591 2244 sponsoque
636 2183 898 2249 accepto,
935 2181 1256 2240 redierunt.

320 2265 406 2316 12.
449 2266 530 2317 11.
569 2265 632 2318 A.
667 2265 731 2321 D.
768 2269 890 2323 826.
935 2269 1303 2343 Hilduvinus,
1345 2275 1526 2332 abbas
1563 2273 1901 2336 monasterii

249 2348 444 2404 Sancti
493 2351 731 2408 Dionisii
773 2355 927 2426 apud
967 2359 1252 2417 Parisium
1283 2364 1552 2434 sacrique
1581 2366 1780 2438 palatii
1812 2383 1903 2424 ar-

249 2434 710 2510 chicapellanus,
745 2447 972 2500 Romam
1008 2447 1264 2519 mittens,
1305 2434 1596 2508 annuente
1625 2455 1900 2525 precibus

242 2523 368 2594 ejus
389 2527 666 2596 Eugenio,
691 2535 909 2588 sancta:
929 2534 1086 2591 sedis
1105 2537 1447 2606 apostolicae
1466 2545 1605 2598 tunc
1621 2523 1892 2616 praesule,

248 2626 468 2683 corpus
503 2616 824 2674 beatissimi
857 2623 1132 2694 martyris
1153 2626 1366 2682 Christi
1389 2628 1710 2686 Sebastiani
1735 2645 1898 2690 acce-

247 2700 354 2771 pit,
385 2707 444 2756 et
479 2703 624 2760 illud
658 2709 806 2778 apud
843 2708 1191 2768 Suessonam
1214 2715 1514 2772 civitatem
1548 2719 1600 2774 in
1633 2720 1890 2792 basylica

237 2791 424 2845 sancti
456 2793 706 2850 Mcdardi
733 2797 1074 2866 collocavit;
1109 2803 1205 2858 ubi
1241 2803 1374 2860 dum
1404 2805 1593 2863 adhuc
1625 2791 1892 2868 inhuma-

243 2881 362 2933 tum
402 2879 455 2935 in
491 2879 686 2938 loculo
728 2899 842 2954 quo
882 2887 1120 2944 allatum
1152 2891 1362 2962 fuerat,
1396 2895 1560 2965 juxta
1607 2899 1890 2956 tumulum

243 2968 434 3023 sancti
479 2969 730 3027 Medardi
765 2973 1009 3046 jaceret,
1044 2983 1204 3035 tanta
1239 2981 1536 3052 signorum
1577 2987 1890 3045 multitudo

241 3055 475 3127 enituit,
513 3063 576 3114 ut
608 3074 636 3114 a
671 3062 830 3119 nullo
861 3067 1189 3123 mortalium
1229 3078 1328 3124 aut
1370 3087 1607 3130 numero
1635 3089 1893 3148 compre-

243 3142 418 3200 hendi
453 3153 554 3202 aut
586 3151 780 3206 verbis
811 3152 998 3208 valeat
1028 3159 1321 3226 enarrari;
1353 3175 1599 3230 quorum
1631 3142 1892 3234 quaedam

2017 620 2316 692 palatium.
2355 656 2418 664 —
2451 624 2621 694 (σήν.
2677 626 2782 699 W.)
2815 628 3107 685 Wettinus
3136 631 3442 700 Augiensis
3474 649 3667 691 mona-

2017 710 2164 766 chus
2188 711 2244 767 in
2268 711 2485 783 spiritu
2507 719 2732 785 raptus,
2759 716 3175 773 ammirabilcm
3196 719 3342 774 vidit
3359 721 3660 779 visionem.

2091 822 2176 872 15.
2217 819 2300 873 14.
2339 819 2524 888 (Eum.
2558 823 2736 892 Ann.)
2769 824 2832 877 A.
2867 823 2930 877 D.
2959 826 3081 878 829.
3131 825 3191 880 In
3242 825 3371 896 ipso
3419 829 3664 899 quadra-

2016 905 2284 975 gesimali
2303 905 2524 976 jejunio
2547 909 2750 980 paucis
2771 913 2905 966 ante
2922 918 3186 969 sanctum
3213 915 3433 973 Pascha
3458 917 3668 975 diebus

2021 993 2368 1064 Aquisgrani
2393 1001 2766 1054 terraemotus
2791 1002 2962 1056 noctu
2989 1001 3176 1058 factus
3197 1007 3306 1069 est,
3341 1009 3666 1076 ventusque

2017 1086 2137 1138 tam
2181 1083 2492 1140 vehemens
2534 1089 2798 1156 exortus,
2841 1093 2905 1144 ut
2949 1103 3058 1144 non
3099 1089 3281 1146 solum
3324 1092 3665 1150 humiliores

2019 1169 2240 1240 domos,
2283 1187 2485 1228 verum
2527 1173 2701 1229 etiam
2743 1173 2927 1245 ipsam
2965 1182 3182 1234 sanctae
3221 1180 3324 1234 Dei
3363 1181 3666 1250 genitricis

2021 1259 2354 1331 basylicam,
2381 1275 2550 1332 quam
2571 1262 2854 1334 capellam
2879 1271 3107 1336 vocant,
3136 1268 3350 1337 tegulis
3374 1268 3664 1340 plumbeis

2017 1352 2256 1417 tectam,
2291 1363 2406 1404 non
2440 1349 2662 1406 modica
2696 1351 3022 1409 denudaret
3052 1368 3123 1410 ex
3154 1363 3340 1426 parte.

2090 1440 2174 1492 16.
2214 1441 2295 1492 15.
2335 1439 2398 1494 Α.
2434 1439 2496 1493 Ι).
2530 1442 2652 1495 830.
2691 1439 2972 1498 Michabel
3004 1442 3322 1514 imperator
3353 1446 3517 1502 obiit.

2091 1530 2174 1580 17.
2211 1527 2296 1582 16.
2337 1529 2399 1582 Α.
2431 1527 2494 1582 Ι).
2529 1529 2652 1584 831.
2690 1528 3016 1586 Secundum
3041 1533 3321 1603 quosdam
3349 1535 3514 1604 (Cf/tr.
3557 1538 3662 1608 η’.)

2017 1612 2316 1671 Paschalis
2364 1629 2510 1686 papa
2558 1616 2726 1687 obiit,
2785 1617 2955 1688 eique
3005 1621 3296 1689 Eugenius
3350 1627 3657 1682 successit.

2020 1701 2274 1773 Corpora
2314 1716 2649 1761 sanctorum
2677 1705 2955 1778 Valentis,
2993 1708 3207 1764 Sencsii
3241 1715 3299 1766 et
3324 1713 3662 1784 Theopontii

2018 1790 2076 1845 in
2119 1790 2358 1861 Augiam
2403 1790 2650 1848 insulam
2693 1793 3056 1852 deferuntur.
3096 1798 3465 1872 Theophilus,
3510 1801 3662 1860 ﬁlius

1935 1887 1989 1946 Β
2018 1879 2371 1952 Michahelis,
2404 1882 2670 1950 regnavit
2699 1897 2882 1940 annos
2915 1888 2997 1941 12.

2159 1988 2182 2010 *
2213 1987 2276 2040 D.
2311 1987 2710 2061 (initioqnni)
2741 1991 2801 2046 et
2824 1992 2887 2046 E.
2920 1991 3158 2050 addunt
3181 2013 3200 2049 .-
3231 1995 3564 2054 Amularius
3591 2031 3661 2042 -

2230 2072 2429 2128 regum
2471 2059 2612 2114 edit.
2644 2059 2720 2117 ea:
2742 2061 2948 2132 Sigeb.
2980 2079 3036 2120 ιι.
3071 2069 3196 2121 827.

2087 2168 2171 2220 19.
2215 2167 2294 2220 18.
2331 2163 2422 2234 (A.
2458 2164 2615 2238 Lob.)
2658 2169 2720 2223 A.
2762 2169 2826 2222 D.
2865 2173 2987 2226 833.
3032 2171 3354 2242 imperator
3395 2173 3512 2231 ﬁlio
3553 2191 3658 2233 suo

2013 2251 2224 2308 Karolo
2255 2267 2331 2309 ex
2358 2253 2558 2310 Iudith
2591 2259 2728 2312 nato
2759 2255 2922 2313 dedit
2952 2257 3368 2332 Alamanniam,
3393 2263 3657 2321 Rhetiam

2011 2344 2070 2396 et
2103 2345 2328 2411 partem
2371 2343 2740 2412 Burgundiaa,
2784 2344 3220 2416 indignantibus
3251 2353 3469 2407 ceteris
3501 2353 3652 2410 ﬁliis.

2081 2433 2175 2486 24.
2214 2433 2308 2486 23.
2352 2433 2415 2487 Α.
2461 2432 2525 2486 Ι).
2569 2435 2692 2488 838.
2732 2433 3032 2507 Pippinus,
3075 2435 3230 2493 ﬁlius
3271 2435 3657 2513 imperatoris,

2007 2518 2176 2576 obiit.

2079 2610 2290 2664 25.25.
2337 2612 2400 2666 A.
2441 2611 2504 2666 D.
2537 2613 2663 2668 839.

2077 2701 2162 2754 26.
2199 2701 2288 2754 25.
2323 2700 2387 2754 Α.
2423 2699 2486 2755 D.
2525 2702 2647 2757 840.
2696 2700 3039 2759 Ludewicus
3070 2703 3388 2776 imperator
3417 2707 3565 2764 obiit
3595 2712 3662 2766 12

2004 2785 2244 2842 Kalend.
2290 2786 2403 2844 Jul.
2425 2829 2440 2858 ,
2485 2788 2874 2860 sepultusque
2913 2794 3004 2847 est
3037 2791 3090 2848 in
3123 2793 3389 2851 aacclesia
3421 2796 3662 2860 Metten.

2003 2875 2052 2930 si
2086 2873 2195 2928 1179.

2075 2970 2124 3020 1.
2161 2964 2329 3036 (C’In'.
2376 2965 2456 3021 W.
2480 2967 2637 3024 —A.
2669 2965 2802 3023 Iob.
2825 2998 2897 3008 —
2921 2968 3002 3024 Cf.
3038 2969 3179 3028 σήν.
3219 2972 3326 3044 W.)
3360 2977 3522 3032 Anno
3553 2977 3662 3057 Do_

2006 3054 2229 3110 minicae
2254 3054 2670 3111 incarnationis
2689 3059 2813 3127 841,
2840 3057 2912 3113 ab
2937 3059 3090 3114 Urbe
3115 3074 3251 3117 vero
3273 3063 3512 3120 condita
3539 3054 3668 3141 mil:

2005 3141 2212 3198 lesimo
2240 3146 2363 3212 592,
2398 3142 2764 3215 Ludewieus,
2799 3146 3126 3216 superioris
3158 3149 3450 3209 Ludewici
3481 3155 3656 3244 ﬁlius,

236 3232 385 3286 tanti
415 3237 676 3306 stuporis
698 3254 824 3295 esse
849 3249 1178 3315 narrantur,
1208 3252 1266 3302 ut
1295 3229 1556 3306 humanae
1589 3229 1896 3314 imbecilli-

2091 3229 2217 3265 .mo
2240 3230 2370 3286 ιοοο
2401 3231 2474 3286 ab
2505 3234 2788 3302 Augusto,
2823 3247 3068 3303 regnare
3099 3241 3297 3308 coepit,
3322 3247 3378 3295 et
3403 3247 3470 3296 36
3493 3229 3661 3305 anuis

241 3319 381 3376 tatis
407 3321 576 3379 ﬁdem
599 3329 974 3396 excederent,
998 3333 1108 3388 nisi
1133 3339 1358 3392 certum
1381 3346 1541 3396 esset
1565 3342 1892 3416 Dominum,

241 3422 348 3479 pro
373 3425 487 3480 quo
510 3412 635 3484 ipse
661 3431 868 3485 passus
901 3424 1012 3490 est,
1047 3423 1237 3479 omnia
1271 3439 1465 3495 posse.

312 3501 396 3556 13.
433 3505 517 3555 12.
556 3504 619 3558 Α.
654 3505 714 3558 1).
751 3508 872 3561 8.7.
925 3509 1216 3578 Eugenius
1268 3529 1412 3585 papa
1461 3530 1656 3574 mense
1708 3522 1900 3591 Augu-

243 3592 336 3642 sto
371 3588 664 3657 decessit;
691 3593 747 3648 in
781 3595 950 3665 cujus
981 3597 1168 3654 locum
1200 3601 1542 3661 Valentinus
1569 3588 1896 3666 diaconusa

243 3677 514 3736 Romanis
572 3695 720 3752 papa
778 3686 1144 3744 centesimus
1192 3690 1520 3763 ordinatus,
1577 3695 1674 3752 vix
1725 3713 1898 3754 unum

241 3779 496 3822 mensem
523 3767 578 3823 in
607 3771 948 3841 pontiﬁcatu
973 3776 1290 3848 complevit
1313 3779 1422 3836 “77.
1451 3783 1575 3849 Quo
1597 3784 1895 3858 defuncto,

244 3854 578 3927 Gregorius,
614 3861 908 3929 presbiter
935 3863 1091 3920 tituli
1123 3868 1308 3922 sancti
1340 3869 1534 3942 Marci,
1563 3887 1711 3944 papa
1739 3854 1900 3930 101‘s!

241 3941 462 4000 electus
493 3951 604 4014 est,
638 3947 738 4002 sed
763 3955 896 4004 ante
919 3965 1032 4006 non
1054 3959 1139 4008 est
1167 3955 1473 4013 ordinatus
1505 3941 1678 4029 quam
1707 3961 1884 4033 impe-

242 4032 458 4088 ratoris
491 4033 722 4104 legatus
755 4037 993 4094 Romam
1027 4041 1288 4113 veniens,
1313 4046 1660 4102 electionem
1698 4032 1900 4122 populi

247 4121 436 4189 qualis
485 4127 641 4177 esset
691 4125 1061 4182 examinavit.
1097 4128 1222 4193 Quo
1271 4132 1612 4204 decedente,
1662 4121 1902 4206 Sergius

245 4222 391 4278 papa
421 4213 583 4263 102us
612 4212 932 4278 successit;
967 4219 1100 4284 post
1133 4231 1300 4285 quem
1333 4218 1445 4274 Leo
1478 4225 1640 4276 103us
1668 4224 1896 4290 extitit,

246 4299 267 4320 "
293 4296 548 4367 Corpora
566 4296 658 4330 ωδ
676 4304 1010 4356 sanctorum
1035 4303 1348 4360 Marcellini
1369 4311 1428 4362 et
1445 4309 1602 4364 Petri
1623 4311 1693 4366 de
1715 4311 1893 4368 Roma

249 4385 306 4438 in
331 4384 688 4442 Germaniam
715 4388 998 4446 translata
1022 4406 1218 4448 mense
1239 4395 1567 4468 Novembri,
1593 4399 1900 4458 miraculis

251 4471 574 4530 clariﬁcata
607 4481 761 4533 sunt.

2008 3317 2292 3387 regnavit.
2325 3319 2423 3388 (A.
2451 3319 2610 3392 ἰοῦ.)
2642 3322 2774 3377 Post
2801 3327 3043 3379 mortem
3068 3340 3207 3382 vero
3233 3329 3418 3397 patris
3441 3333 3531 3389 sui
3559 3335 3660 3392 Lu.

2009 3407 2220 3464 dewici
2256 3407 2651 3479 imperatoris,
2688 3412 2867 3464 frater
2899 3410 3025 3480 ejus
3061 3415 3364 3474 Lotharius
3391 3434 3661 3479 reversus

2009 3497 2080 3554 de
2111 3496 2298 3567 Italia,
2332 3503 2388 3552 et
2421 3497 2723 3569 Pippinus,
2761 3498 2914 3556 ﬁlius
2945 3501 3172 3574 Pippini
3207 3507 3400 3576 patrui
3441 3510 3550 3578 sui,
3587 3511 3659 3569 de

2012 3586 2342 3657 Aquitania,
2365 3586 2678 3642 voluerunt
2699 3588 2992 3653 Karolum,
3013 3591 3192 3648 ﬁlium
3207 3595 3426 3666 Iudith,
3448 3613 3660 3668 cogno-

2011 3675 2162 3730 mine
2194 3675 2452 3743 Calvum,
2482 3689 2546 3730 ea
2574 3681 2738 3746 parte
2763 3690 2931 3746 quam
2955 3680 3063 3735 sibi
3091 3686 3258 3751 pater
3281 3692 3655 3744 concesserat

2010 3764 2264 3836 privare,
2301 3770 2361 3820 et
2390 3766 2708 3822 secundum
2753 3765 2808 3822 id
2847 3772 3280 3842 testamentum,
3320 3775 3469 3844 quod
3513 3791 3656 3834 avus

2011 3867 2214 3910 eorum
2245 3853 2491 3910 iiarolus
2524 3855 2756 3924 Magnus
2785 3861 3097 3930 statuerat,
3125 3859 3180 3915 in
3205 3865 3324 3918 tres
3350 3869 3549 3934 partes
3575 3866 3657 3922 in-

2010 3947 2104 3999 ter
2129 3957 2188 3999 se
2213 3957 2386 4013 regna
2413 3943 2692 4000 dividere.
2721 3945 2840 4012 Qua
2867 3947 2936 4002 de
2962 3961 3023 4003 re
3048 3948 3200 4019 apud
3226 3951 3660 4010 Autisiodoren-

2011 4048 2133 4088 sem
2175 4045 2405 4103 pagum,
2443 4032 2498 4086 in
2535 4031 2661 4088 loco
2705 4034 2800 4103 qui
2839 4035 3054 4092 dicitur
3095 4037 3438 4109 Fontaneth,
3479 4057 3658 4110 grave

2015 4121 2279 4192 praelium
2313 4119 2467 4174 inter
2487 4134 2590 4174 eos
2610 4121 2982 4177 commissum
3013 4130 3124 4194 est,
3149 4130 3208 4180 et
3233 4140 3433 4196 magna
3459 4135 3657 4200 strage

2013 4211 2356 4278 pugnatum,
2391 4221 2420 4260 a
2455 4211 2658 4261 neutra
2693 4213 2782 4261 est
2815 4215 2978 4278 parte
3014 4210 3448 4284 triumphatum.
3487 4216 3651 4285 (Chr.

2025 4295 2132 4366 W.)
2156 4293 2402 4348 Tandem
2421 4308 2561 4349 vero
2583 4294 2888 4364 paciﬁcati,
2914 4312 3016 4368 per
3033 4305 3284 4369 quatuor
3309 4305 3656 4362 tetrarchias

2013 4396 2189 4452 regna
2230 4381 2514 4439 dividunt.
2550 4383 2612 4436 ln
2645 4381 2734 4414 “31
2767 4383 3055 4442 divisione
3099 4403 3408 4458 regnorum
3455 4394 3655 4451 Lotha-

2012 4473 2136 4528 rius
2156 4485 2286 4528 cum
2311 4470 2539 4526 nomine
2572 4470 2946 4543 imperatoris
2976 4478 3238 4546 possedit
3273 4481 3517 4552 italiam,
3552 4485 3657 4540 Lu-

389 4565 411 4588 .
435 4565 496 4620 Β.
530 4567 589 4622 Ε.
625 4567 858 4624 addunt
883 4587 902 4624 ε
928 4570 1037 4650 Ἠίο
1069 4573 1410 4651 ,οοηειίιυίιδ
1462 4581 1526 4632 αι
1576 4581 1799 4634 octava;
1831 4609 1894 4621 __
1928 4591 1981 4654 D
2013 4560 2274 4654 devvicus
2295 4559 2676 4631 Germaniam,
2700 4561 2978 4632 Pippinus
2996 4567 3385 4640 Aquitaniam,
3410 4571 3656 4629 Karolus

459 4638 656 4719 ﬁebat.
698 4641 1195 4719 Decreviteliam.
1233 4648 1294 4719 ut
1329 4638 1464 4702 dum
1495 4679 1564 4688 —
1593 4655 1898 4719 presumat

460 4709 821 4788 uisitantum
849 4711 1097 4768 ministri
1122 4715 1344 4788 altaris.
1373 4731 1448 4773 ex
1463 4709 1665 4788 Sigéb.
1690 4736 1746 4777 α.
1767 4723 1890 4778 847.

460 4780 520 4836 et
541 4781 585 4836 D
610 4799 622 4834 :
648 4782 920 4838 Rabanus
951 4786 1268 4842 monachus
1301 4787 1355 4843 in
1387 4780 1630 4846 scien'tia
1670 4790 1896 4848 littera-

462 4865 586 4907 rum
610 4853 752 4908 nulli
779 4858 1076 4912 secundus
1106 4887 1159 4896 —
1177 4858 1354 4914 misit.
1381 4874 1456 4916 ea:
1471 4861 1668 4918 eodem
1685 4875 1742 4918 α.
1765 4865 1888 4920 824.

459 4923 520 4978 et
542 4941 563 4978 :
591 4924 900 4982 Tractatus
932 4927 1104 4982 etiam
1131 4959 1202 4968 —
1226 4929 1428 4986 edidit.
1461 4946 1537 4988 ea:
1565 4947 1620 4990 α.
1656 4937 1779 5008 827.

321 5012 406 5068 14.
441 5015 526 5067 13.
561 5014 624 5067 Α.
660 5014 722 5067 D.
757 5017 880 5070 828.
911 5015 974 5070 In
1007 5016 1246 5086 regione
1279 5020 1579 5077 Wasconia
1601 5025 1768 5078 trans
1791 5023 1896 5079 Ga-

252 5111 490 5156 ronnam
522 5099 578 5154 in
611 5113 758 5170 pago
800 5103 1070 5172 Aginensi
1113 5120 1395 5164 annonam
1437 5108 1508 5165 de
1549 5109 1693 5167 caelo
1728 5111 1894 5183 quasi

251 5187 504 5261 pluviam
531 5188 902 5248 descendisse
928 5194 1140 5263 ferunt,
1177 5195 1424 5253 similem
1451 5199 1759 5272 frumento,
1793 5199 1895 5258 sed

249 5273 544 5352 paululum
566 5279 832 5336 breviora
852 5295 918 5337 ac
935 5283 1275 5341 rotundiora
1292 5299 1472 5357 grana
1493 5289 1795 5362 habuisse,
1823 5289 1894 5348 de

2011 4649 2446 4810 Ga’ll‘hlzilinphylus
2463 4737 3649 4820 imperatorConstantinopolitanusobiit,

2008 4826 2178 4898 cujus
2201 4826 2357 4884 ﬁlius
2376 4826 2654 4883 Michabel
2680 4829 2942 4898 regnavit
2965 4831 3130 4887 annis
3153 4837 3247 4888 26.
3280 4835 3300 4858 "

2148 4934 2256 4998 Ἰ).
2301 4935 2361 4990 Ε.
2394 4931 2630 4991 addunt
2648 4955 2666 4992 :
2691 4936 2812 4992 Rex
2853 4937 3160 5008 Bulgarum
3203 4939 3270 4994 ad
3315 4940 3652 4996 Christiani-

2221 5019 2408 5062 smum
2437 5035 2508 5046 —
2537 5011 2959 5076 perseveravit.
2990 5023 3065 5065 ea:
3091 5010 3292 5081 Sigeb.
3327 5027 3382 5068 α.
3416 5017 3538 5068 866.

2007 5144 2020 5160 ι
2079 5115 2129 5169 4.
2166 5113 2228 5168 Α.
2265 5113 2328 5168 D.
2363 5113 2486 5170 844.
2531 5111 2751 5170 Bellum
2784 5113 2893 5170 fuit
2924 5114 3076 5172 inter
3105 5117 3433 5190 Pippinum,
3471 5118 3650 5176 ﬁlium

2005 5201 2256 5274 Pippini,
2287 5205 2345 5258 et
2373 5201 2667 5260 Karolum.

2077 5297 2128 5348 7.
2164 5293 2228 5348 Α.
2263 5294 2326 5350 1).
2358 5295 2482 5351 847.
2524 5293 2726 5352 Iudith
2759 5292 2851 5330 ω’
2880 5295 3242 5371 imperatrix,
3286 5314 3433 5357 uxor
3472 5301 3652 5358 Lude-

1613 5442 1850 5501 VARJIE
1893 5445 2290 5506 LECTIONES.

327 5555 418 5642 ιξττ
452 5555 548 5628 qui
599 5555 787 5663 etiam.
823 5559 983 5663 ΙΙΙΙυξ
1035 5561 1144 5619 Leo
1195 5564 1550 5663 diqtusnest.
1579 5583 1892 5663 superscr.
1927 5573 2449 5663 Ε11ιτςςθῃήίῌι2.
2492 5573 3452 5663 ‘ititgqrp'orm—funtostentat
3473 5585 3656 5663 Nam

258 5629 443 5712 (cujus
472 5633 620 5714 anni
647 5629 1072 5720 uerbgnfnnloco
1100 5649 1240 5720 raso
1274 5643 1350 5720 1.“
1399 5636 1492 5674 “"9
1519 5655 1570 5698 e.
1599 5629 1797 5700 sancti
1819 5629 2100 5720 ληιᾘίρᾕ
2122 5629 2448 5705 Metti—sib:
2492 5647 2583 5682 ¹¹⁸⁰
2614 5629 2958 5708 [iﬁlli-:0.
2983 5629 3650 5712 E'."'fwi'iﬁ'1"c$ii;2i.§

259 5698 630 5775 in’maryine
660 5704 710 5758 1.
788 5698 881 5735 ηδ’
907 5704 1052 5762 Hec
1079 5707 1295 5766 desunt
1320 5713 1372 5766 δ.

571 5798 832 5866 ΡΑτιιοι..
880 5800 1089 5868 CLIV.

3305 5825 3382 5884 ‘28
