3946 6416
291 292 409 359 8⁸75

293 427 427 488 wici
458 427 692 500 prioris,
726 427 893 484 obiit.

366 521 450 573 10.
485 518 548 570 Α.
580 516 643 570 D.
674 519 797 572 850.

436 606 458 628 '
482 606 541 677 D_.
596 604 654 677 Ε.
706 603 985 677 addunt:
1014 604 1400 677 Gotescalcus
1438 605 1529 639 ¹¹⁸³
1561 606 1795 677 quidam
1826 607 1879 661 h.
1916 621 1946 661 a

506 675 744 746 Rabz'no
765 673 881 742 jam
908 675 1165 746 archiep.
1201 677 1506 746 Mogontiaa
1529 673 1800 733 ordinato
1823 694 1871 732 r.
1893 693 1944 733 c.

505 744 609 801 sed
639 776 709 784 —
743 758 972 799 errore.
1008 759 1083 801 ex
1112 744 1328 818 Sigea.
1365 764 1422 804 α.
1456 753 1586 805 849.

367 839 450 890 15.
487 834 551 888 Α.
588 834 651 887 D.
688 836 810 889 855.
848 836 870 856 '
902 832 1185 889 Ecclesia
1229 835 1422 891 Sancti
1465 836 1686 907 Kyliani
1719 835 1775 890 in
1807 834 1953 890 Wir-

291 924 500 992 ciburg
537 919 877 978 fulminibus
908 928 1119 978 exusta
1150 929 1260 978 est.
1299 956 1357 964 -—
1392 924 1702 981 Lotharius
1732 922 1821 957 “3‘
1851 923 1953 979 im-

292 1015 553 1083 perator,
610 1014 856 1066 tonsura
904 1014 962 1065 et
1008 1012 1348 1069 monachico
1399 1013 1600 1069 habitu
1649 1016 1950 1084 suscepto,

291 1100 540 1157 Prumiae
578 1099 722 1156 obiit
761 1098 859 1170 (σεε
880 1100 945 1155 Α.
973 1099 1163 1173 Ioh);
1195 1101 1285 1157 cui
1320 1102 1625 1159 Lotharius
1645 1102 1800 1158 filius
1822 1116 1953 1159 suc-

290 1188 476 1245 cessit
507 1203 637 1244 cum
671 1189 854 1242 fratre
884 1187 1215 1245 Ludewico.
1247 1220 1316 1230 -—
1346 1191 1567 1262 Corpus
1595 1190 1780 1247 sancti
1811 1191 1953 1246 Mar-

287 1277 396 1333 tini
429 1277 661 1333 levatur
692 1276 762 1332 de
797 1276 1041 1333 tumulo.

432 1369 455 1390 ⁶
478 1367 540 1421 D.
570 1365 932 1438 E._aa’dunt:
954 1367 1313 1438 Terremotu,
1347 1369 1499 1424 aeris
1532 1368 1767 1424 insolita
1797 1382 1951 1425 com-

505 1436 784 1504 motione,
838 1438 1175 1493 turbinibus
1216 1444 1273 1497 et
1302 1436 1515 1496 multis
1569 1439 1948 1495 incommodis

506 1506 772 1563 homines
812 1514 1196 1581 quassantur.
1237 1509 1478 1576 Quidam
1515 1525 1747 1581 quoque
1780 1512 1947 1566 homo

500 1586 891 1705 Tmanegte.
924 1594 998 1635 ea:
1015 1579 1223 1637 Sioeb.
1240 1623 1255 1650 ,
1281 1579 1609 1652 etpergzmt
1627 1579 1946 1637 {Ecclesia

506 1663 538 1705 e
572 1663 706 1705 iam.
734 1665 762 1705 ε
791 1664 837 1705 c.

506 1663 706 1719 etiam,
734 1663 837 1706 etc.

366 1759 451 1811 17.
491 1753 659 1824 (Chr.
704 1755 813 1826 W.)
847 1756 911 1809 A.
944 1756 1005 1809 D.
1039 1758 1161 1812 857.
1198 1761 1307 1813 Leo
1341 1771 1485 1829 papa
1519 1758 1819 1827 migravit;
1850 1757 1942 1813 cui

292 1841 645 1898 Benedictus
676 1856 822 1913 papa
860 1847 1016 1898 10.1.1m
1048 1845 1391 1913 succedens,
1424 1851 1483 1901 et
1516 1845 1638 1917 ipse
1670 1860 1820 1901 anno
1848 1861 1945 1902 eo-

292 1929 423 1986 dem
454 1928 731 1986 decessit.
775 1930 1051 2001 Hiltigart
1079 1933 1278 2002 regina
1314 1934 1478 1989 obiit.

360 2021 445 2074 18.
482 2021 549 2074 A.
597 2018 660 2073 D.
708 2021 831 2075 858.
881 2018 1155 2076 Nicolaus
1204 2035 1349 2093 papa
1400 2025 1562 2077 105‘“
1610 2021 1978 2092 ordinatus,“

288 2105 441 2162 sedit
476 2120 659 2163 annos
687 2109 737 2161 9.

359 2199 450 2253 22.
482 2197 548 2251 A.
581 2195 644 2251 D.
680 2197 805 2251 862.
834 2197 857 2217 "
882 2197 1130 2253 Sanctus
1153 2198 1522 2267 Meginradus
1542 2198 1821 2256 heremita
1849 2215 1945 2257 oc-

285 2284 525 2342 ciditur.

429 2376 451 2397 η
476 2375 547 2430 n.
587 2372 810 2447 (initio)
836 2375 895 2429 et
912 2375 972 2430 Ε.
1002 2373 1154 2447 (1m
1174 2377 1344 2447 anni)
1376 2376 1647 2434 addzmt:
1670 2377 1943 2433 Rabanus

499 2443 981 2516 archiepiScopus
1023 2443 1189 2501 Obiit.
1268 2468 1280 2480 -

358 2537 445 2589 25.
472 2533 535 2587 A.
557 2532 619 2587 D.
644 2535 765 2587 865.
793 2532 939 2588 Huni
966 2532 1428 2590 Christianitatis
1452 2550 1659 2591 nomen
1679 2534 1941 2605 aggressi

288 2627 451 2678 sunt.

356 2714 444 2766 27.
484 2712 549 2766 A.
582 2711 645 2765 Ι).
680 2714 802 2767 867.
857 2711 1143 2782 Basylius,
1196 2712 1392 2768 occiso
1444 2711 1678 2769 domino
1713 2726 1819 2768 suo
1850 2711 1946 2766 Mi-

287 2798 553 2868 chahele,
590 2799 855 2867 regnavit
896 2814 1078 2856 annos
1108 2804 1194 2857 20.

356 2890 445 2943 28.
479 2887 542 2940 A.
582 2887 645 2941 D.
678 2889 801 2943 868.
837 2887 1129 2944 Adrianus
1155 2904 1299 2960 papa
1326 2894 1484 2946 106us
1508 2889 1658 2945 sedit
1682 2903 1867 2946 annos
1887 2894 1938 2946 δ.

358 2979 443 3030 30.
484 2976 556 3045 (Α
587 2973 748 3047 Iob.)
784 2977 847 3030 A.
884 2976 947 3031 D.
980 2979 1101 3032 870.
1139 2978 1466 3050 Lotharius,
1504 2980 1657 3037 illius
1688 2979 1943 3036 Lotharii

286 3061 679 3133 Imperatoris,
745 3077 875 3119 cum
937 3062 1212 3134 legitima;
1272 3068 1439 3123 uxori
1499 3067 1946 3139 superduxisset

1453 294 1935 391 EKKEHaRDI
1981 294 2536 360 URAITGIENSIS

1977 434 2024 490 Α

3573 301 3698 361 876

2278 437 2532 501 vastant,
2585 432 2970 505 sequiturque
3019 431 3202 505 fames
3242 438 3356 489 tam
3397 432 3609 505 valida,
3644 440 3711 492 ut

2282 504 2704 579 p_en‘e__terciam
2751 510 2973 579 partem
3016 503 3309 560 hominum
3340 503 3717 579 consumpse-

2229 573 2354 630 °m
2383 574 2474 607 ιιεο
2502 590 2577 630 ea:
2609 573 2815 644 Sigea.

2133 666 2219 717 36.
2255 667 2317 718 A.
2358 665 2418 719 D.
2450 668 2573 719 876.
2609 664 2630 686 ⁶
2654 664 2999 719 Ludewicus
3032 664 3403 734 imperator“
3436 666 3598 721 obiit.

2204 753 2226 774 '
2498 752 2731 808 addunt
2766 770 2785 805 .-
2827 754 3094 807 Cometes
3140 783 3209 791 —
3257 753 3580 821 vestigium.
3634 768 3712 810 ex

2324 838 2418 879 me
2461 865 2473 877 .

2324 838 2473 894 (gen.

2204 911 2254 933 “
2276 911 2339 965 D.
2375 910 2736 983 E.;addunt:
2762 911 2815 966 in
2846 910 3031 967 Italia.

2060 1017 2183 1063 Anni
2216 1017 2373 1064 Karoli
2405 1018 2633 1079 junioris.

2133 1118 2184 1168 1.
2231 1115 2393 1169 Anno
2446 1113 2756 1170 Dominicae
2808 1114 3227 1170 incarnationis
3265 1120 3390 1185 877,
3437 1116 3507 1170 ab
3553 1117 3707 1172 Urbe

2060 1214 2199 1257 vero
2236 1201 2471 1257 condita
2512 1201 2820 1258 millesimo
2858 1207 2981 1271 628,
3028 1202 3289 1269 Karolus,
3326 1202 3521 1272 junior
3554 1206 3708 1261 filius

2062 1288 2374 1359 Ludewici,
2424 1290 2521 1359 qui
2574 1290 2682 1345 fuit
2732 1303 2912 1361 nepos
2961 1290 3154 1345 Karoli
3191 1293 3288 1346 76°
3325 1289 3414 1324 “'7
3452 1290 3580 1349 loco
3631 1293 3704 1348 ab

2061 1379 2343 1447 Augusto,
2378 1393 2622 1447 regnare
2652 1379 2851 1450 coepit,
2877 1391 3089 1435 etcum
3115 1380 3394 1435 fratribus
3421 1381 3541 1437 suis
3570 1383 3705 1437 Kar-

2061 1464 2328 1522 lomanno
2370 1472 2427 1522 et
2472 1466 2781 1523 Ludewico
2827 1468 2990 1523 annis
3030 1474 3088 1523 11
3138 1468 3400 1537 regnavit
3437 1468 3699 1539 (θάησαί.

2060 1554 2154 1608 SS.
2196 1557 2262 1625 ll,
2298 1556 2444 1626 314).
2494 1557 2835 1613 Ludewicus
2882 1558 3117 1628 quippe,
3169 1564 3233 1613 ut
3280 1557 3462 1627 aiunt,
3514 1560 3698 1615 tenuit

2062 1643 2542 1715 Ostrot'ranciam,
2571 1644 2818 1701 Karolus
2841 1646 3257 1711 Alamanniam,
3288 1645 3702 1704 Karlomannus

2062 1732 2622 1806 Bajoariamgcujus
2656 1734 2811 1790 filius
2843 1734 3117 1790 Arnolfus
3158 1736 3524 1807 postmodum
3554 1736 3703 1791 obti-

2060 1821 2185 1877 nuit
2226 1822 2636 1878 monarchiam.

2129 1914 2179 1964 2.
2218 1911 2391 1978 (Chr.
2446 1911 2564 1982 W.)
2599 1912 2662 1965 A.
2697 1912 2759 1966 D.
2795 1914 2917 1967 878.
2953 1910 3200 1967 Karolus
3230 1926 3331 1967 rex
3363 1911 3700 1984 Galliarum,

2056 2004 2444 2067 cognomento
2527 2000 2754 2069 Calvus,
2840 1999 3020 2054 frater
3095 2000 3386 2056 Ludewici
3462 2000 3697 2057 secundi

2057 2086 2224 2143 obiit.

2128 2180 2178 2231 3.
2215 2178 2277 2231 Α.
2315 2177 2377 2231 D.
2420 2180 2541 2233 879.
2596 2176 2943 2234 Ludewicus
2996 2178 3229 2248 Balbus,
3281 2176 3436 2233 illius
3487 2178 3695 2249 Karoli,

2055 2263 2221 2318 obiit.

2129 2356 2178 2408 4.
2212 2354 2276 2407 Α.
2307 2354 2369 2408 D.
2402 2353 2524 2409 880.
2560 2355 2582 2377 "
2613 2353 2977 2419 Ludewicus,
3012 2354 3192 2410 frater
3219 2352 3432 2424 Karoli,
3469 2355 3697 2410 vivente

2057 2441 2237 2496 fratre
2269 2456 2375 2497 suo
2406 2442 2775 2511 Karlmanno,
2808 2442 3129 2512 Bajoariam
3161 2443 3506 2513 ingreditur.
3546 2442 3701 2498 Karl-

2055 2543 2300 2587 mannus
2326 2530 2491 2586 obiit.

2197 2618 2221 2641 ‘
2244 2619 2306 2673 D.
2344 2620 2405 2674 E.
2438 2618 2718 2676 addunt:
2750 2619 2845 2675 Sol
2873 2651 2942 2660 —
2976 2627 3344 2692 apparerent.
3389 2634 3465 2677 ea:
3498 2619 3695 2691 Sigea.

2127 2711 2177 2762 5.
2221 2710 2285 2763 Α.
2332 2710 2391 2763 D.
2433 2712 2556 2765 881.
2615 2708 2862 2765 Karolus
2917 2710 3115 2779 junior
3171 2725 3299 2766 cum
3362 2724 3542 2767 uxore
3595 2722 3696 2767 sua

2057 2795 2385 2865 Rihegarda
2426 2796 2709 2867 imperiali
2755 2798 3159 2854 benedictione
3191 2798 3556 2855 sublimatur.

2127 2888 2177 2939 6.
2216 2888 2280 2940 Α.
2316 2885 2377 2939 D.
2411 2889 2531 2941 882.
2583 2886 2929 2943 Ludewicus
2970 2902 3073 2943 rex
3113 2888 3486 2958 Francorum,
3522 2888 3701 2943 frater

2057 2972 2252 3029 Karoli
2285 2974 2658 3045 imperatoris
2682 2974 2845 3030 obiit.

2131 3067 2215 3119 10.
2259 3062 2520 3131 (Ricnan.
2557 3078 2595 3134 ι,
2630 3068 2706 3136 δ.)
2747 3066 2812 3120 Α.
2851 3065 2914 3119 D.
2948 3068 3070 3122 886.
3107 3065 3278 3135 Outo,
3314 3066 3402 3121 vir
3432 3065 3701 3122 militaris

286 3150 483 3222 aliam,
533 3152 769 3207 Romam
823 3159 1071 3210 vocatus
1111 3158 1223 3226 est,
1264 3155 1585 3227 nolensque
1618 3171 1782 3229 papas
1813 3170 1946 3213 con-
1977 3155 2025 3219 C
2057 3156 2113 3207 et
2157 3158 2455 3223 strenuus,
2491 3168 2520 3208 a
2554 3154 2918 3225 principibus
2966 3154 3164 3212 Galliae
3212 3170 3314 3213 rex
3361 3160 3595 3212 creatur
3642 3155 3695 3212 in

283 3241 523 3309 sentire,
581 3244 1127 3301 excommunicatus
1163 3249 1272 3316 est,
1325 3246 1526 3316 sicque
1558 3246 1612 3301 in
1648 3247 1945 3303 redeundo

283 3327 602 3387 Placentia:
639 3335 908 3388 mortuus
941 3338 1053 3388 est.
1080 3334 1103 3356 ’

427 3421 449 3443 ‘
473 3420 535 3494 1).
570 3420 630 3494 Ε.
669 3420 939 3494 addunt:
968 3424 1150 3494 Antea
1195 3423 1411 3494 quippe
1451 3422 1808 3479 Guntharius
1841 3424 1945 3479 Co-

497 3490 778 3562 loniensis
823 3497 881 3547 et
931 3490 1707 3562 Dietgaud‘us'Treverensis
1757 3494 1945 3549 archi-

493 3561 775 3632 episcopi,
799 3578 868 3617 co
898 3564 1053 3632 quod
1077 3561 1201 3619 ’sibi
1236 3564 1676 3619 consensissent
1705 3563 1761 3618 in
1791 3578 1941 3620 com-

495 3632 670 3704 misso
685 3633 1008 3704 adulterio,
1047 3635 1294 3704 Romaea
1323 3648 1470 3704 papa
1504 3633 1777 3688 Nicholao
1808 3649 1942 3689 exa-

495 3702 696 3757 minati
738 3706 796 3757 et
837 3703 1111 3771 convicti,
1166 3702 1509 3773 episcopatu
1553 3734 1619 3743 -—
1660 3717 1936 3759 concessa

494 3776 606 3828 est.
643 3786 718 3828 ea:
744 3773 948 3843 Sigeb.
984 3788 1039 3829 α.
1075 3776 1199 3828 863.

353 3863 438 3915 32.
466 3861 533 3915 A.
553 3860 614 3914 D.
642 3863 767 3914 872.
793 3859 1087 3915 Iohannes
1109 3875 1251 3931 papa
1274 3865 1434 3916 107‘“
1451 3860 1825 3927 ordinatur;'
1842 3904 1856 3916 .
1873 3863 1931 3917 ‘1

283 3952 413 4019 post
447 3961 617 4017 quem
655 3946 908 4003 Marinus
940 3951 1129 4019 108³³,
1173 3948 1459 4005 Adrianus
1499 3953 1686 4019 109‘",
1731 3950 1938 4022 Agapi-

279 4040 377 4093 tus
408 4040 597 4101 110‘“,
634 4035 901 4107 Basylius
930 4042 1118 4108 111‘“,
1155 4038 1483 4109 Stephanus
1513 4042 1700 4094 112“.

423 4126 529 4180 Ἰ).
586 4125 676 4195 (in
721 4127 1018 4198 margine)

491 4197 780 4254 Iohannes
816 4230 866 4239 -—
908 4197 1143 4254 libellis.
1180 4212 1255 4254 ea:
1280 4198 1483 4270 Sigeb.

422 4287 445 4309 ‘
474 4285 525 4356 1)
561 4284 645 4340 10.
689 4290 780 4357 11.
820 4286 1056 4344 addunt
1081 4306 1101 4342 :
1135 4285 1241 4353 Qui
1274 4301 1303 4343 a
1334 4286 1582 4357 quodam
1635 4289 1934 4348 toxicatus

494 4360 552 4411 et
594 4356 823 4440 abnalio
863 4358 1072 4414 malleo
1108 4356 1665 4440 percuss’us,__ob.iit,
1708 4363 1935 4440 statim-

495 4441 608 4499 que
645 4426 736 4460 ³³⁸⁵
766 4442 1082 4500 percussor
1108 4426 1249 4501 'ejus
1291 4444 1321 4485 a
1363 4426 1523 4487 nullo
1561 4426 1723 4488 Iesus
1761 4433 1934 4489 mori-
1973 4430 1981 4438 ’

493 4503 608 4555 tur.

352 4592 441 4645 36.
476 4586 652 4658 (Chr.
705 4588 812 4657 W.)
846 4590 911 4643 A.
947 4589 1007 4643 D.
1044 4592 1169 4645 875.
1212 4588 1579 4659 Ludewicus,
1629 4590 1783 4647 filius
1833 4591 1934 4649 Lo-

281 4677 456 4735 tharii
510 4677 882 4749 imperatoris
932 4677 1188 4749 itemque
1236 4678 1491 4734 Lotharii
1526 4680 1728 4749 frater,
1761 4679 1905 4736 obiit

279 4771 336 4824 et
383 4767 627 4825 Karolus
675 4782 778 4823 rex
827 4768 1064 4824 Romam
1113 4767 1382 4838 tendens,
1414 4782 1443 4823 a
1474 4767 1737 4824 Johanne
1782 4784 1931 4841 papa

281 4854 599 4928 imperator
638 4854 909 4911 emcitur.
942 4856 965 4879 ‘

422 4946 444 4969 '
467 4944 532 4999 Ι).
568 4943 628 4999 Ε.
661 4942 933 5000 addunt:
957 4941 1267 4998 Ludewico
1301 4942 1421 5011 regi
1443 4974 1511 4983 —-
1532 4957 1646 4999 non
1676 4945 1926 5002 studuit.

492 5015 554 5070 In
611 5013 774 5069 Italia
823 5044 894 5052 —
942 5018 1235 5070 narratur.
1290 5013 1582 5070 Plurimus
1631 5018 1931 5073 exercitus

2058 3241 2277 3314 palatio
2310 3242 2669 3314 Compendii.
2706 3243 2809 3300 Hic
2840 3250 3065 3315 patrem
3106 3245 3312 3302 habuit
3340 3260 3412 3302 ex
3439 3245 3699 3316 equestri

2056 3330 2259 3387 ordine
2290 3332 2699 3402 Ruotpertum,
2741 3347 2908 3388 avum
2936 3347 3077 3389 vero
3112 3340 3414 3406 paternum
3446 3333 3701 3390 Witichi-

2055 3434 2189 3475 num
2215 3434 2282 3475 ex
2310 3420 2611 3477 Germania
2637 3421 2965 3492 profugum.
3000 3424 3161 3479 Hunc
3184 3428 3375 3479 autem
3400 3422 3614 3479 idcirco
3643 3421 3698 3478 in

2057 3523 2295 3578 regnum
2346 3516 2783 3581 promoverunt,
2829 3511 2961 3580 quia
3000 3510 3266 3582 Karolus,
3316 3511 3469 3568 filius
3504 3510 3695 3566 Karoli

2054 3595 2165 3666 “3",
2201 3598 2431 3667 nepotis
2481 3598 2674 3653 Karoli
2726 3598 2885 3654 Calvi
2928 3598 3241 3656 Galliarum
3282 3599 3455 3671 regis,
3489 3600 3580 3656 cui
3612 3614 3701 3655 re-

2051 3698 2227 3753 gnum
2252 3686 2579 3741 debebatur
2604 3689 2664 3755 (ι,
2687 3690 2740 3757 4)
2762 3686 2859 3741 vix
2882 3687 3071 3742 adhuc
3093 3688 3341 3743 triennis
3362 3694 3509 3758 erat,
3538 3693 3701 3760 patre

2052 3772 2349 3841 defuncto,
2376 3787 2506 3827 cum
2531 3787 2676 3844 puer
2700 3774 2927 3829 biennis
2951 3774 3077 3843 fuit,
3111 3782 3294 3831 matre
3318 3777 3414 3832 vix
3436 3792 3540 3848 per
3563 3792 3700 3849 qua-

2051 3859 2375 3915 driennium
2408 3860 2749 3931 superstite.

2121 3953 2206 4004 11.
2262 3948 2429 4020 (Chr.
2504 3950 2610 4021 W.)
2666 3953 2729 4006 Α.
2784 3953 2843 4005 Ι).
2898 3955 3019 4009 887.
3079 3950 3322 4007 Karolus
3379 3951 3699 4023 imperator

2047 4038 2219 4095 vivus
2251 4037 2468 4095 dimisit
2503 4053 2762 4108 regnum.
2789 4072 2847 4080 —
2878 4039 3143 4112 Basylins
3171 4040 3491 4111 imperator
3520 4056 3702 4113 regno

1072 4127 1129 4200 et
1174 4128 1233 4182 Ε.
1292 4127 1525 4200 addam!
1564 4146 1583 4182 .-
1630 4127 1714 4184 Ad
1766 4142 1934 4200 quem
2049 4126 2325 4185 decessit.

2045 4254 2170 4303 Anni
2202 4254 2399 4302 Arnolﬁ.

2120 4358 2172 4408 1.
2210 4354 2372 4407 Anno
2408 4351 2720 4409 Dominicaa
2753 4351 3172 4409 incarnationis
3203 4354 3325 4424 888,
3360 4353 3535 4411 Urbis
3565 4369 3698 4412 con-

2048 4441 2185 4497 dita:
2242 4440 2550 4497 millesimo
2601 4446 2724 4510 639,
2776 4441 3070 4512 Arnolfus,
3122 4439 3274 4497 filius
3324 4442 3692 4501 Karlomanni

1962 4510 2016 4571 D
2048 4531 2246 4588 fratris
2295 4530 2486 4587 Karoli
2528 4530 2801 4601 junioris,
2846 4536 2942 4587 77°
2972 4510 3062 4564 υθέ
3102 4531 3233 4587 loco
3284 4532 3356 4588 ab
3409 4535 3687 4605 Augusto,

2045 4635 2287 4691 regnum
2336 4620 2618 4692 suscepit,
2662 4619 2947 4691 annisque
2989 4626 3056 4677 12
3097 4622 3383 4691 regnavit,
3437 4622 3690 4693 quinque

1912 4722 1928 4753 ι
2042 4726 2182 4766 vero
2228 4710 2553 4781 imperavit.
2601 4710 2775 4781 Cujus
2813 4725 2963 4767 anno
3004 4711 3191 4783 primo
3232 4711 3475 4768 Karolus
3515 4711 3693 4784 impe-

2044 4804 2206 4856 rator
2228 4799 2448 4871 junior,
2483 4799 2723 4856 dimisso
2752 4799 2918 4871 prius
2945 4800 3211 4871 imperio,
3237 4800 3405 4858 obiit.

2116 4889 2225 4944 Leo
2255 4892 2315 4944 et
2346 4887 2696 4959 Alexander,
2731 4887 2834 4944 ﬁlii
2865 4888 3100 4959 Basylii,
3138 4904 3377 4960 regnum
3413 4891 3691 4949 Constan-

2042 4977 2309 5049 tinopolit
2323 4990 2494 5034 anum
2515 4980 2827 5033 tenuerunt
2845 4978 3010 5033 annis
3026 4982 3113 5049 22,
3139 4983 3340 5052 postea
3362 4978 3688 5038 Alexander

492 5066 857 5157 Ῑδοιίέῖεῇωη
888 5066 1066 5157 εέίιξέ
1087 5066 1757 5157 ᾗιῇξεέχξάξρἒρζέί
1780 5066 1931 5145 ὧδέ
2041 5082 2191 5124 anno
2234 5082 2369 5138 uno,
2411 5066 2627 5157 deinde
2660 5066 3079 5124 Constantinus
3126 5068 3682 5142 Porphyrogenitus,

494 5155 703 5214 dentes
752 5154 947 5230 lapide
996 5153 1266 5213 duriores
1306 5153 1641 5215 habentium
1686 5158 1926 5216 Galliam
2040 5157 2247 5215 Leonis
2286 5156 2460 5227 illius,
2502 5156 2669 5213 annis
2700 5160 2733 5212 6
2771 5171 2901 5213 cum
2932 5160 3118 5214 matre
3160 5172 3266 5216 sua
3303 5158 3435 5230 Zoe,
3478 5164 3686 5232 postea

1658 5352 1894 5429 YARIE
1935 5353 2335 5414 LECTIONES.

351 5529 444 5569 “”
471 5532 887 5605 Gothescalcus
906 5535 1025 5592 D1.
1104 5532 1194 5570 ιω
1225 5534 1499 5593 Lothario
1526 5535 1758 5593 Prunim
1792 5534 1922 5601 (sic)
1955 5540 2205 5603 mortuo,
2242 5530 2548 5589 Lotharius
2577 5530 2807 5605 illiust}.
2888 5531 2979 5566 ³1⁸⁵
3011 5530 3329 5605 statimque
3348 5563 3412 5578 —-
3440 5529 3691 5591 moritur

280 5601 496 5669 desunt
523 5611 606 5664 11.
685 5604 777 5640 ““
802 5606 1308 5682 consumpsissem
1336 5608 1435 5665 Dt.
1516 5606 1604 5640 “'7
1636 5608 1786 5662 LXX.
1823 5609 1878 5661 D.
1920 5608 1975 5662 lc.

2057 5605 2146 5638 “9‘
2174 5601 2239 5664 in
2272 5606 2390 5663 loco
2416 5617 2557 5666 rasa
2585 5609 2636 5669 1.
2713 5601 2805 5644 ω’
2833 5605 3015 5665 LXXI.
3046 5605 3112 5663 Ι).
3142 5603 3213 5663 Ε.
