3948 6490
499 369 602 422 195

1059 370 1114 424 S.
1155 368 1506 426 BRUNONIS
1546 368 2191 426 CARTHUSIANORUM
2228 367 2710 424 INSTITUTORIS
2749 368 2900 424 OPP.
2945 370 3119 426 PARS
3155 371 3221 424 ΙΙ.

3690 374 3802 428 196

496 491 694 547 fectum
725 500 808 548 est
853 493 1220 561 evacuabitur,
1271 511 1392 550 cum
1424 495 1632 550 venerit
1675 496 1820 567 quod
1851 504 1932 551 est
1962 512 2092 566 per-
2111 497 2167 556 Α
2197 518 2218 541 ει
2257 501 2345 548 tur
2388 493 2640 560 I39,
2674 502 2764 549 aut
2795 495 2939 566 quod
2965 495 3353 551 citharizatur?
3384 493 3601 550 Etenim
3626 495 3671 548 si
3709 495 3804 548 in-

501 579 703 636 fectum
737 599 750 636 :
784 583 1243 652 quemadmodum
1292 583 1486 638 videtis
1536 584 1698 654 quod,
1747 601 1878 640 cum
1922 601 2095 639 essem

499 671 793 740 parvulus,
825 669 932 724 vim
964 671 1189 724 rationis
1218 671 1495 743 ignorans,
1524 674 1782 743 loquebar
1801 678 1866 728 ut
1893 690 2097 744 paruu-

506 757 614 823 ιω,
647 759 932 829 capiebam
963 763 1029 814 ut
1059 761 1352 831 parvulus,
1377 761 1690 829 cogitabam
1712 766 1776 816 ut
1796 762 2091 833 parvulus,

501 845 682 900 omnia
728 846 1069 917 imperfecte.
1121 849 1225 903 Sed
1261 850 1482 920 quando
1508 852 1698 919 factu:
1736 867 1863 904 sum
1903 850 2006 914 vir,
2041 857 2095 903 et

495 933 602 988 vim
627 934 848 989 rationis
869 935 1106 1004 exercui,
1128 939 1391 992 evacuan
1408 953 1473 992 ea
1495 954 1616 1009 qua:
1637 943 1805 993 erant
1835 938 2062 1010 parvuli
2074 956 2092 1002 ,-

497 1023 626 1093 quia
675 1023 790 1091 jam
846 1024 1054 1079 ratione
1113 1024 1278 1096 longe
1333 1025 1527 1080 melius
1563 1025 1803 1081 intellexi
1853 1042 1918 1081 ea
1949 1041 2088 1096 quae,

496 1111 624 1165 dum
673 1128 819 1167 eram
869 1112 1160 1190 parvulus,
1199 1113 1286 1168 vix
1332 1130 1428 1184 per
1482 1114 1746 1187 imagines
1795 1122 1848 1168 et
1897 1130 2092 1168 sensus

491 1199 883 1271 aliquantulum
918 1201 1169 1272 cognovi.

569 1289 849 1357 Similiter,
887 1289 1341 1360 quemadmodum
1370 1289 1541 1360 pueri,
1561 1291 1808 1346 videmus
1837 1308 2010 1357 nunc,
2037 1291 2090 1344 id

492 1384 576 1432 est
604 1377 658 1431 in
687 1378 960 1447 przesenti,
997 1379 1168 1432 Deum
1189 1395 1291 1450 per
1319 1381 1634 1450 speculum,
1658 1379 1713 1434 id
1745 1389 1826 1434 est
1856 1397 1966 1434 non
1994 1396 2092 1450 per

490 1465 774 1520 veritatem
804 1466 882 1520 rei
911 1465 1068 1521 sicuti
1117 1475 1217 1531 est,
1252 1468 1348 1521 sed
1381 1484 1480 1537 per
1513 1468 1806 1539 quamdam
1836 1468 2089 1522 similitu-

494 1553 677 1608 dinem
727 1570 835 1626 qua
885 1554 1057 1608 Deum
1103 1554 1487 1626 imaginamur;
1519 1573 1620 1612 nec
1663 1573 1762 1627 per
1810 1556 2088 1626 speculum

491 1643 635 1714 quod
690 1643 1084 1714 aliquantulum
1139 1644 1207 1696 sit
1263 1644 1530 1709 lucidum,
1593 1645 1688 1699 sed
1736 1645 1968 1715 positum
2025 1648 2087 1700 in

489 1733 810 1800 (enigmata,
834 1731 888 1784 id
917 1739 1019 1796 est,
1050 1732 1105 1786 in
1130 1733 1458 1788 obscuritate
1480 1741 1649 1797 tanta,
1684 1742 1738 1786 ut
1778 1733 1976 1787 veritas
2008 1734 2087 1788 rei

2199 606 2220 634 ι
2256 591 2461 639 certam
2494 600 2682 638 vocem
2710 584 2800 638 det
2821 585 2964 653 tuba,
2989 584 3111 655 quis
3133 585 3343 654 parabit
3365 601 3424 638 se
3447 584 3517 638 ad
3539 584 3756 638 bellum
3776 583 3803 634 ?

2199 693 2220 719 ι
2255 672 2330 724 [ta
2359 680 2410 726 et
2441 689 2536 725 vos
2567 689 2666 742 per
2697 673 2933 744 linguam
2966 672 3070 727 nisi
3100 673 3449 728 manifestum
3477 688 3798 728 sermonem

2197 780 2218 809 ι
2255 760 2534 826 dederitis,
2569 761 2842 831 quomodo
2871 761 3074 816 scietur
3103 761 3156 816 id
3175 763 3319 833 quod
3349 761 3588 817 dicitur?
3619 761 3801 815 Eritis

2197 871 2218 894 ιι
2255 849 2399 903 enim
2428 848 2482 902 in
2512 865 2640 904 aera
2687 850 2988 920 loquentes.
3036 851 3168 904 Tam
3214 850 3402 915 multa,
3444 858 3499 904 ut
3531 858 3656 920 puta
3687 867 3801 921 ge—

2198 958 2219 987 ι
2254 953 2387 991 nera
2417 937 2723 1009 linguarum
2763 947 2884 991 sunt
2929 938 2984 991 in
3026 939 3129 993 hoc
3170 939 3394 1001 mundo.
3426 947 3477 992 et
3507 937 3640 992 nihil
3672 938 3802 992 sine

2196 1045 2218 1074 ι
2257 1041 2388 1080 voce
2414 1034 2514 1079 est.
2562 1026 2617 1080 Si
2665 1043 2800 1098 ergo
2841 1028 3091 1082 nesciero
3123 1027 3377 1081 virtutem
3407 1027 3577 1091 vocis,
3615 1043 3715 1080 ero
3749 1025 3800 1079 ei

2195 1137 2216 1160 α
2252 1113 2336 1168 cui
2367 1113 2559 1184 loquor
2590 1115 2879 1178 barbarus,
2904 1123 2955 1168 et
2977 1115 3068 1186 qui
3090 1115 3329 1186 loquitur
3349 1115 3480 1169 mihi
3502 1114 3796 1168 barbarus.

2195 1226 2215 1248 α
2257 1204 2345 1257 Sic
2376 1211 2428 1256 et
2457 1219 2553 1256 vos
2585 1204 2840 1273 quoniam
2861 1204 3202 1259 armulatores
3225 1204 3356 1257 estis
3378 1203 3686 1274 spirituum,
3726 1202 3802 1256 ad

2195 1315 2217 1338 α
2251 1290 2666 1346 ωόὶίὶαθιίοηοῐη
2719 1291 2996 1356 Ecclesiae,
3039 1293 3263 1362 quaerite
3296 1301 3350 1345 ut
3377 1291 3688 1346 abundetis.
3730 1292 3800 1345 Et

2195 1401 2216 1430 ι
2274 1379 2396 1434 ideo
2458 1381 2551 1450 qui
2597 1380 2838 1450 loquitur
2886 1381 3093 1451 lingua,
3145 1389 3264 1435 oret
3313 1390 3369 1434 ut
3416 1381 3788 1450 interpretur.

2195 1491 2215 1516 ι
2251 1468 2388 1522 Nam
2419 1469 2462 1521 si
2494 1485 2647 1522 orem
2679 1469 2879 1538 lingua,
2914 1469 3132 1538 spiritus
3159 1485 3312 1523 meus
3336 1477 3473 1533 orat,
3503 1484 3660 1522 mens
3691 1483 3798 1522 au-

2194 1580 2215 1602 u
2251 1564 2358 1610 tem
2392 1572 2514 1610 mea
2565 1556 2682 1610 sine
2726 1556 2901 1612 fructu
2952 1565 3052 1611 est.
3105 1556 3249 1625 Quid
3278 1573 3413 1628 ergo
3444 1556 3562 1610 est?
3597 1555 3794 1610 Orabo

2193 1668 2214 1690 α
2249 1643 2461 1713 spiritu,
2494 1644 2666 1698 orabo
2713 1653 2763 1697 et
2803 1652 3017 1708 mente;
3051 1644 3277 1714 psallam
3309 1644 3523 1714 spiritu,
3556 1643 3791 1714 psallam

2193 1753 2213 1782 ι
2249 1741 2302 1786 et
2347 1742 2544 1786 mente.
2599 1733 2864 1787 Caeterum
2915 1732 2960 1785 si
3010 1733 3355 1787 benedixeris
3387 1732 3603 1802 spiritu,
3665 1733 3797 1802 quis

488 1819 786 1874 secundum
818 1819 964 1890 quod
1007 1829 1107 1885 est,
1148 1820 1296 1875 nullo
1340 1821 1504 1875 modo
1551 1829 1952 1891 cognoscatur;
1988 1821 2084 1876 sed
2105 1852 2158 1912 Β
2195 1845 2216 1869 ι
2253 1821 2465 1890 supplet
2495 1820 2671 1875 locum
2704 1821 2924 1875 idiotas?
2955 1819 3242 1888 Quomodo
3263 1822 3405 1875 dicet
3427 1836 3587 1875 amen
3619 1837 3794 1891 super

493 1911 631 1963 tunc
663 1908 715 1961 in
747 1907 928 1962 futuro
960 1908 1268 1964 videbimus
1297 1910 1470 1964 Deum
1490 1911 1638 1980 [acie
1668 1909 1740 1964 ad
1768 1912 1996 1980 faciem,
2029 1909 2084 1963 id

488 2003 590 2063 est,
645 1997 948 2052 videbimus
997 1998 1171 2052 Deum
1233 1997 1389 2052 sicuti
1447 2005 1548 2052 est.
1599 1999 1666 2052 Et
1696 1998 1822 2068 quia
1851 1998 1930 2053 sic
1960 1998 2080 2067 erit,

485 2093 716 2155 apparet
745 2085 892 2156 quod
939 2102 1186 2156 praesens
1228 2086 1452 2141 scientia
1495 2086 1708 2156 penitus
1735 2086 2080 2152 destruetur;

487 2173 585 2227 sed
615 2173 851 2228 charitas
883 2174 1221 2244 permanebit
1256 2192 1270 2228 :
1303 2175 1431 2228 dum
1463 2175 1714 2229 eumdem
1746 2191 1908 2245 quem
1940 2191 2083 2228 nunc

484 2260 783 2334 diligimus,
815 2261 869 2315 in
910 2261 1093 2316 futuro
1139 2263 1452 2334 diligemus.
1488 2264 1567 2317 De
1603 2263 1759 2317 vobis
1788 2262 1973 2333 utique
2005 2263 2082 2318 sic

482 2349 606 2417 erit,
640 2358 694 2404 ut
723 2365 868 2406 nunc
899 2349 1235 2420 imperfecte,
1278 2359 1404 2407 tunc
1434 2351 1677 2421 perfecte
1694 2351 2040 2422 cognoscatis
2065 2370 2078 2415 ;

483 2438 609 2510 quia
635 2454 739 2508 ego
767 2438 884 2509 ipse
915 2455 1070 2494 nunc
1095 2455 1360 2510 cog-nosco
1392 2440 1564 2494 Deum
1595 2456 1668 2494 ex
1695 2443 1880 2512 parte,
1914 2439 1968 2492 id
2000 2447 2082 2492 est

483 2526 796 2597 imperfecte
821 2546 834 2591 ;
867 2527 960 2582 sed
993 2531 1129 2582 tunc
1159 2527 1214 2582 in
1243 2527 1424 2582 futuro
1457 2545 1786 2599 cognoscam
1817 2544 1941 2582 eum
1969 2536 2079 2582 tam

481 2614 740 2685 perfecte,
769 2618 917 2671 sicut
950 2621 1004 2671 et
1039 2632 1143 2688 ego
1174 2618 1434 2686 cognitus
1455 2633 1579 2672 sum
1610 2632 1642 2671 a
1673 2618 1807 2682 Deo,
1840 2617 1926 2671 cui
1947 2615 2081 2669 nihil

480 2703 614 2760 latet
666 2705 720 2759 in
776 2721 883 2760 me.
936 2705 1066 2760 Ideo
1115 2705 1348 2760 charitas
1391 2714 1472 2760 est
1511 2705 1878 2773 excellentior,
1927 2705 2076 2776 quia,

481 2808 606 2848 cum
635 2792 738 2848 alia
769 2793 1140 2859 destruentur,
1165 2794 1256 2848 illa
1287 2794 1405 2849 sola
1434 2794 1802 2864 permanebit;
1836 2802 1887 2849 et
1918 2793 2077 2848 etiam

478 2897 644 2947 nunc,
676 2881 805 2935 dum
833 2881 887 2935 in
934 2883 1192 2952 praesenti
1228 2898 1353 2937 cum
1396 2883 1519 2936 aliis
1549 2883 1835 2937 virtutibus
1863 2896 2078 2952 perma-

478 2977 590 3034 net,
631 2968 982 3024 excellentior
1031 2979 1115 3024 est
1153 2971 1403 3025 omnibus
1443 2971 1569 3024 illis.
1621 2971 1729 3025 Sed
1778 2970 1951 3024 littera
1998 2969 2078 3025 sic

473 3056 742 3127 jungitur.
779 3059 839 3111 In
880 3057 1062 3112 futuro
1101 3059 1471 3123 destruentur,
1515 3059 1610 3114 sed
1639 3074 1796 3112 nunc
1837 3062 2076 3112 manent

476 3145 614 3213 ﬁde:
643 3161 788 3216 spes,
837 3146 1111 3200 charitas.
1157 3147 1260 3200 Per
1297 3147 1394 3199 has
1440 3162 1632 3200 omnes
1662 3147 1888 3202 virtutes
1917 3145 2074 3200 intel-

474 3233 595 3304 ligit
626 3232 770 3304 quod
810 3231 994 3299 fidem,
1041 3250 1196 3304 spem
1240 3243 1293 3289 et
1336 3235 1677 3302 charitatem,
1721 3234 1850 3289 satis
1879 3234 2072 3289 leviter

477 3322 684 3378 habere
713 3322 959 3392 potestis,
993 3323 1116 3393 quia
1138 3339 1245 3377 non
1266 3331 1391 3377 sunt
1420 3323 1522 3376 nisi
1553 3325 1665 3378 tria
1687 3325 1838 3387 haec;
1859 3327 1913 3379 et
1945 3338 2068 3379 cum

475 3417 586 3465 tam
616 3425 790 3480 pauca
820 3409 946 3476 sint,
977 3420 1282 3481 przrparant
1312 3427 1528 3466 omnem
1559 3412 1818 3483 gloriam.
1847 3413 1914 3467 Et
1942 3411 2068 3467 licet

475 3499 634 3554 simul
665 3506 934 3564 maneant,
973 3507 1154 3554 tamen
1184 3500 1435 3556 charitas
1463 3505 1547 3556 est
1568 3504 1752 3573 major
1767 3502 1986 3567 horum,
2012 3501 2065 3554 1d

470 3596 554 3644 est
579 3588 720 3643 inter
750 3588 884 3654 haec,
919 3587 1006 3643 vel
1045 3588 1220 3656 major
1262 3589 1366 3655 his,
1402 3587 1507 3644 fide
1535 3591 1742 3646 scilicet
1776 3598 1827 3644 et
1855 3606 1980 3660 spe;
2015 3597 2066 3643 et

470 3677 601 3748 quia
643 3675 980 3747 permanebit
1030 3676 1086 3730 in
1129 3685 1412 3743 aeternum,
1459 3687 1511 3733 et
1553 3695 1694 3734 nunc
1753 3679 1923 3747 major
1960 3686 2061 3742 est,

467 3765 593 3820 ideo
650 3763 932 3820 sectamini
987 3764 1310 3821 charitatem
1356 3767 1650 3839 praecipue,
1698 3784 1807 3824 non
1857 3781 2066 3838 genera

469 3852 782 3924 linguarum
795 3893 808 3907 .

1073 4039 1298 4096 CAPUT
1321 4037 1466 4093 XIV.

544 4242 565 4266 κ
610 4219 902 4275 Sectamini
947 4219 1284 4285 cliaritatem,
1339 4213 1671 4270 aamulamini
1729 4210 2057 4283 spiritualia,

467 4329 492 4357 α
533 4308 708 4380 magis
759 4316 938 4364 autem
960 4317 1020 4362 ut
1049 4304 1402 4379 prophetetis.
1465 4302 1571 4371 Qui
1625 4301 1772 4356 enim
1826 4299 2064 4370 loquitur

468 4417 492 4448 ι
526 4396 735 4470 lingua,
767 4414 877 4452 non
917 4397 1226 4453 hominibus
1273 4392 1528 4463 loquitur,
1581 4390 1678 4444 sed
1709 4391 1850 4445 Deo.
1885 4389 2060 4442 Nemo

465 4508 490 4535 ιι
527 4487 673 4541 enim
729 4486 905 4551 audit,
968 4486 1187 4557 spiritus
1243 4491 1421 4537 autem
1475 4479 1714 4550 loquitur
1770 4476 2052 4548 mysteria.

462 4591 487 4618 ι
524 4571 662 4626 Nam
699 4571 791 4642 qui
827 4571 1135 4641 prophetat,
1169 4565 1478 4622 hominibus
1505 4563 1743 4634 loquitur
1770 4562 1838 4616 ad
1867 4559 2040 4616 edifi-
2063 4558 2114 4617 D
2149 4582 2171 4605 α

461 4677 487 4710 ι
524 4659 827 4724 cationem,
870 4668 922 4714 et
967 4656 1415 4717 exhortationem,
1467 4660 1520 4708 et
1585 4649 2040 4708 consolationem.

454 4767 483 4796 α
521 4746 626 4815 Qui
675 4747 916 4818 loquitur
955 4746 1162 4815 lingua,
1231 4741 1582 4810 semetipsum
1637 4737 1899 4805 aediﬁcat;
1959 4737 2051 4809 qui

457 4856 481 4886 ι
517 4844 700 4890 autem
753 4835 1068 4904 prophetat,
1095 4830 1401 4887 Ecclesiam
1455 4826 1684 4883 aedificat
1729 4827 1851 4898 [al.,
1905 4825 2046 4897 Dei].

457 4945 482 4972 ιι
522 4923 658 4978 Volo
687 4931 867 4977 autem
909 4937 1100 4976 omnes
1139 4935 1236 4975 vos
1280 4917 1430 4988 loqui
1469 4916 1688 4987 linguis,
1740 4914 1912 4986 magis
1943 4930 2047 4969 au-

451 5032 475 5058 o
519 5018 627 5065 tem
679 5011 1019 5080 prophetare.
1077 5009 1219 5062 Nam
1266 5006 1438 5074 major
1479 5012 1561 5060 est
1605 5004 1697 5075 qui
1735 5003 2042 5074 pr0phetat,

458 5122 479 5145 α
514 5113 676 5168 quam
705 5098 797 5168 qui
843 5097 1083 5169 loquitur
1127 5095 1364 5168 linguis;
1395 5093 1499 5148 nisi
1531 5092 1670 5148 forte
1719 5092 2042 5162 interprete—

452 5210 475 5234 «ι
513 5193 615 5254 tur,
648 5193 707 5239 ut
731 5185 978 5241 Ecclesia
1025 5181 1435 5241 aedificationem
1467 5181 1716 5252 accipiat.
1757 5182 1913 5236 Nunc
1942 5195 2045 5234 au-

455 5294 479 5325 c
515 5282 641 5340 tem,
690 5273 900 5340 fratres,
954 5274 1001 5328 si
1048 5289 1251 5328 venero
1299 5272 1368 5327 ad
1416 5287 1514 5327 vos
1555 5270 1758 5341 linguis
1786 5270 2039 5340 loquens,

453 5383 477 5414 ε
513 5362 643 5434 quid
673 5363 827 5418 vobis
857 5363 1116 5435 prodero,
1148 5361 1252 5416 nisi
1283 5361 1436 5417 vobis
1458 5361 1663 5432 loquar,
1684 5367 1776 5414 aut
1798 5359 1851 5412 in
1885 5374 2041 5414 reve-

453 5475 474 5499 ι.
509 5450 728 5517 latione,
779 5461 872 5507 aut
914 5452 969 5506 in
997 5450 1241 5517 scientia,
1293 5459 1383 5506 aut
1419 5450 1474 5504 in
1512 5448 1820 5520 prOphetia,
1868 5454 1958 5501 aut
1987 5445 2040 5499 in

449 5562 471 5589 α
505 5540 790 5596 doctrina?
835 5542 1038 5596 Tamen
1097 5556 1217 5611 quae
1259 5539 1376 5594 sine
1432 5537 1614 5593 anima
1671 5544 1796 5591 sunt
1850 5550 2038 5591 vocem

445 5648 470 5680 ι
503 5628 708 5699 dantia,
741 5630 857 5685 sive
899 5630 1047 5696 tibia,
1096 5629 1211 5709 sive
1243 5628 1470 5694 cithara,
1501 5627 1607 5681 nisi
1635 5624 2036 5680 distinctionem

444 5739 468 5770 ε
503 5718 740 5776 sonitum
771 5718 1042 5786 dederint,
1089 5717 1362 5791 quomodo
1391 5716 1594 5774 scietur
1620 5714 1676 5771 id
1705 5712 1851 5786 quod
1879 5711 2037 5769 cani-

2192 1930 2213 1958 ι
2251 1917 2398 1962 tuam
2461 1909 2929 1974 benedictionem,
2983 1910 3236 1979 quoniam
3283 1909 3412 1980 quid
3458 1909 3628 1972 dicas,
3679 1925 3791 1962 ne-

2190 2022 2210 2044 ιι
2249 1998 2388 2052 scit?
2417 1998 2558 2051 Nam
2590 2006 2644 2050 tu
2676 1998 2896 2067 quidem
2930 1997 3067 2051 bene
3097 1998 3303 2069 gratias
3333 1997 3470 2068 agis,
3505 1997 3604 2051 sed
3647 1997 3792 2052 alter

2189 2110 2209 2132 ιι
2249 2102 2357 2139 non
2403 2084 2720 2140 ardifieatur.
2773 2085 2994 2139 Gratias
3021 2102 3126 2155 ago
3157 2087 3272 2140 Deo
3303 2086 3427 2157 [al.,
3461 2084 3604 2156 meo]
3635 2085 3787 2155 quod

2191 2198 2211 2221 ιι
2246 2174 2485 2228 omnium
2534 2183 2776 2228 vestrum
2827 2174 3010 2246 lingua
3059 2174 3269 2245 loquor.
3323 2175 3431 2228 Sed
3462 2174 3515 2227 in
3546 2173 3789 2229 ecclesia

2188 2283 2209 2312 ι
2249 2263 2372 2316 volo
2419 2262 2656 2334 quinque
2696 2263 2864 2316 verba
2894 2279 3060 2316 sensu
3095 2279 3217 2316 meo
3264 2262 3434 2333 loqui,
3479 2271 3613 2318 utet
3642 2262 3787 2316 alios

2187 2374 2208 2400 ε
2241 2352 2524 2416 instruam,
2560 2367 2725 2421 quam
2754 2351 2945 2406 decem
2975 2351 3144 2406 millia
3174 2351 3468 2406 verborum
3490 2352 3544 2405 in
3565 2351 3780 2423 lingua.

2187 2463 2208 2484 «
2247 2440 2481 2507 Fratres,
2524 2439 2689 2493 nolite
2720 2439 2870 2509 pueri
2919 2438 3056 2493 eflici
3115 2439 3387 2506 sensibus,
3420 2439 3518 2494 sed
3571 2439 3782 2492 malitia

2185 2551 2206 2574 ει
2245 2527 2457 2597 parvuli
2489 2536 2682 2592 estote,
2715 2527 2967 2581 sensibus
3014 2536 3193 2581 autem
3225 2525 3456 2597 perfecti
3490 2534 3682 2580 estote.
3723 2527 3779 2580 In

2186 2637 2207 2665 ι
2243 2616 2366 2687 lege
2395 2616 2540 2669 enim
2589 2616 2845 2685 scriptum
2886 2623 2968 2669 est
3001 2633 3014 2670 :
3052 2637 3074 2666 ι
3129 2614 3397 2684 Quoniam
3439 2614 3493 2668 in
3525 2614 3648 2668 aliis
3677 2614 3781 2668 lin-

2185 2725 2206 2754 ι
2243 2704 2367 2775 guis
2393 2712 2444 2758 et
2475 2704 2529 2757 in
2576 2703 2731 2758 labiis
2761 2704 2879 2758 aliis
2927 2703 3118 2774 loquar
3163 2703 3366 2774 papulo
3397 2703 3560 2769 huic;
3594 2711 3647 2758 et
3677 2720 3782 2759 nec

2183 2815 2204 2839 α
2241 2793 2321 2848 sic
2351 2793 2637 2846 exaudient
2658 2809 2762 2857 me,
2789 2793 2915 2847 dicit
2933 2792 3196 2846 Dominus
3221 2794 3350 2858 (Isa.
3370 2807 3573 2854 xxvtu,
3611 2795 3721 2858 11).
3753 2813 3776 2843 ι

2183 2901 2205 2930 ι
2243 2881 2424 2951 Itaque
2452 2880 2651 2951 linguae
2690 2880 2744 2934 in
2787 2881 3006 2951 signum
3053 2889 3176 2934 sunt
3219 2896 3326 2934 non
3371 2879 3642 2946 fidelibus,
3677 2880 3779 2935 sed

2187 2990 2208 3020 ι
2245 2967 2553 3023 infidelibus
2587 2984 2598 3022 :
2632 2969 2932 3039 prophetiae
2961 2977 3141 3024 autem
3173 2985 3283 3023 non
3313 2967 3643 3032 infidelibus,
3675 2969 3777 3024 sed

2183 3081 2203 3104 ιι
2249 3057 2516 3112 fidelibus.
2554 3057 2610 3111 Si
2642 3073 2778 3129 ergo
2822 3057 3108 3112 conveniat
3155 3057 3406 3112 universa
3435 3057 3689 3112 Ecclesia
3721 3057 3778 3111 in

2182 3169 2202 3192 «ι
2246 3163 2431 3211 unum,
2465 3154 2518 3200 et
2564 3161 2755 3200 omnes
2785 3146 2985 3216 linguis
3014 3145 3324 3216 loquantur,
3357 3146 3559 3200 intrent
3589 3153 3778 3201 autem

2175 3258 2194 3280 «
2241 3234 2419 3289 idiotae
2447 3242 2536 3288 aut
2583 3232 2847 3299 infideles,
2899 3250 3078 3288 nonne
3124 3234 3326 3299 dicent,
3362 3233 3490 3305 quid
3521 3233 3776 3289 insanitis

2174 3346 2194 3369 α
2243 3323 2297 3377 Si
2345 3331 2523 3377 autem
2571 3339 2763 3376 omnes
2814 3323 3159 3392 prophetent,
3212 3321 3373 3376 intret
3418 3330 3598 3376 autem
3649 3323 3776 3393 quis

2173 3435 2193 3458 «ι
2239 3409 2472 3465 infidelis
2501 3410 2584 3465 vel
2615 3410 2800 3477 idiota,
2834 3410 3181 3466 convincitur
3214 3411 3282 3464 ab
3313 3410 3587 3477 omnibus,
3619 3410 3772 3478 diju-

2173 3523 2193 3546 ιι
2238 3499 2450 3554 dicatur
2479 3499 2550 3553 ab
2579 3498 2850 3554 omnibus.
2889 3498 3115 3554 Occulta
3131 3499 3275 3552 enim
3292 3499 3473 3553 cordis
3495 3499 3612 3566 ejus
3643 3515 3770 3554 ma-

2172 3611 2192 3634 «
2238 3587 2429 3642 nifesta
2452 3587 2603 3654 fiunt,
2629 3596 2682 3642 et
2704 3587 2773 3640 ita
2795 3587 3000 3642 cadens
3027 3587 3079 3640 in
3105 3586 3300 3641 faciem
3321 3587 3572 3641 adorabit
3590 3588 3768 3642 Deum

2172 3700 2192 3723 α
2237 3676 2594 3747 pronuntians
2643 3676 2789 3746 quod
2835 3692 2960 3730 vere
3008 3677 3156 3730 Deus
3203 3675 3260 3728 in
3299 3675 3452 3730 vobis
3501 3675 3588 3729 sit.
3623 3675 3772 3744 Quid

2171 3788 2191 3811 «
2237 3781 2369 3836 ergo
2398 3773 2500 3829 est,
2549 3763 2789 3819 fratres?
2819 3779 2942 3819 cum
2991 3763 3335 3827 convenitis,,
3387 3764 3769 3836 unusquisque

2170 3877 2191 3899 α
2235 3862 2475 3908 vestrum
2506 3853 2778 3924 psalmum
2816 3853 3015 3917 habet;
3045 3852 3342 3907 doctrinam
3376 3852 3574 3917 habet;
3607 3856 3766 3922 Apo-

2170 3967 2191 3988 ‹‹
2236 3942 2505 4013 calypsim
2533 3942 2695 3996 habet
2720 3960 2733 4005 ;
2763 3941 3004 4013 linguam
3029 3941 3188 3996 habet
3213 3960 3227 4006 ;
3257 3941 3767 4011 interpretationem

2169 4055 2189 4078 «
2234 4032 2396 4086 habet
2431 4049 2444 4084 :
2478 4030 2658 4086 omnia
2687 4031 2757 4084 ad
2786 4028 3200 4085 aedificationem
3230 4028 3379 4084 ﬁant.
3415 4030 3541 4085 Sive
3569 4030 3769 4102 lingua

2169 4143 2190 4164 α
2234 4119 2356 4190 quis
2384 4119 2624 4190 loquitur
2653 4117 2952 4172 secundum
2981 4117 3137 4182 duos,
3171 4126 3262 4171 aut
3291 4125 3348 4172 ut
3368 4117 3596 4172 multum
3621 4126 3761 4183 tres,

2167 4230 2188 4254 «
2233 4216 2286 4262 et
2316 4224 2416 4278 per
2444 4215 2648 4277 partes,
2682 4214 2734 4261 et
2757 4222 2896 4260 unus
2915 4206 3315 4276 interpretetur.
3350 4206 3406 4261 Si
3436 4215 3620 4261 autem
3649 4224 3762 4262 non

2167 4319 2188 4341 α
2225 4295 2386 4350 fuerit
2411 4295 2698 4364 interpres,
2731 4303 2900 4350 taceat
2931 4295 2985 4348 in
3015 4293 3268 4361 ecclesia,
3312 4294 3415 4348 sibi
3445 4303 3627 4349 autem
3662 4295 3753 4350 lo-

2166 4407 2188 4430 u
2233 4391 2433 4455 quatur
2463 4392 2512 4438 et
2542 4384 2676 4438 Deo.
2724 4384 3008 4453 Propheta:
3053 4391 3234 4437 autem
3263 4383 3370 4437 duo
3407 4390 3498 4436 aut
3532 4391 3645 4438 tres
3674 4384 3762 4437 di-

2166 4495 2186 4519 u
2231 4479 2376 4540 cant,
2410 4481 2461 4527 et
2489 4471 2672 4528 caeteri
2719 4471 3033 4540 dijudicent.
3085 4470 3242 4539 Quod
3274 4470 3319 4524 si
3358 4471 3559 4542 aliquid
3591 4470 3760 4544 [aliis]

2215 4561 2515 4616 revelatum
2553 4560 2714 4614 fuerit
2761 4559 2992 4626 sedenti,
3045 4559 3197 4630 prior
3261 4567 3455 4614 taceat.
3515 4560 3753 4614 Potestis

2155 4672 2176 4695 ‹‹
2221 4649 2366 4704 enim
2395 4665 2587 4704 omnes
2632 4665 2731 4718 per
2778 4648 3026 4720 singulos
3075 4649 3414 4718 prophetare,
3466 4655 3522 4702 ut
3553 4663 3749 4704 omnes

2153 4760 2174 4783 «
2219 4737 2447 4806 discant,
2497 4745 2550 4791 et
2596 4751 2787 4791 omnes
2825 4736 3206 4801 exhortentur;
3241 4744 3293 4790 et
3340 4735 3564 4806 spiritus
3614 4752 3755 4806 pro-

2153 4847 2175 4870 α
2218 4827 2504 4896 phetarum
2535 4824 2812 4894 prophetis
2843 4825 3118 4891 subjectus
3162 4832 3263 4878 est.
3297 4825 3420 4878 Non
3453 4824 3599 4878 enim
3630 4824 3753 4878 dis-

2152 4936 2173 4960 «
2219 4913 2488 4969 sensionis
2535 4921 2618 4967 est
2656 4913 2820 4979 Deus,
2873 4913 2971 4967 sed
3010 4912 3200 4982 pacis;
3235 4911 3373 4968 sicut
3402 4912 3459 4965 in
3490 4912 3751 4967 omnibus

2152 5025 2173 5048 α
2217 5002 2464 5058 ecclesiis
2512 5009 2828 5057 sanctorum
2873 5001 3064 5056 doceo.
3115 5000 3366 5055 Mulieres
3412 4999 3467 5054 in
3497 5000 3753 5056 ecclesiis

2152 5111 2172 5136 ιι
2216 5098 2426 5146 taceant
2459 5105 2470 5144 :
2501 5106 2610 5145 non
2632 5089 2777 5144 enim
2797 5089 3123 5159 permittitur
3141 5089 3220 5144 eis
3241 5089 3407 5160 loqui,
3437 5089 3535 5144 sed
3557 5090 3751 5144 subdi-

2149 5201 2171 5224 «
2215 5188 2296 5233 tas
2327 5195 2470 5244 esse,
2520 5202 2540 5224 α
2578 5178 2716 5234 sicut
2763 5187 2815 5234 et
2859 5178 2945 5233 lex
2991 5178 3122 5233 dicit
3165 5178 3324 5248 (Gen.
3359 5193 3440 5243 III,
3478 5178 3586 5248 16).
3628 5203 3650 5226 ι»
3687 5179 3748 5235 Si

2146 5291 2167 5313 ιι
2213 5267 2341 5338 quid
2371 5276 2551 5322 autem
2591 5267 2776 5322 volunt
2804 5265 3040 5332 discere,
3073 5266 3221 5321 domi
3251 5265 3395 5321 viros
3420 5281 3548 5320 suos
3580 5267 3750 5322 inter-

2147 5379 2168 5402 «ι
2214 5364 2423 5429 rogent.
2455 5357 2631 5426 Turpe
2673 5363 2755 5409 est
2785 5354 2926 5410 enim
2957 5355 3170 5410 mulieri
3200 5355 3350 5426 loqui
3383 5354 3438 5408 in
3467 5355 3735 5411 ecclesia.

2146 5467 2166 5490 «
2211 5447 2294 5499 An
2322 5461 2352 5498 a
2380 5444 2536 5499 vobis
2567 5445 2797 5500 verbum
2827 5443 2926 5498 Dei
2949 5443 3252 5514 processit?
3281 5451 3369 5497 aut
3389 5442 3444 5496 in
3471 5459 3566 5498 vos
3590 5444 3744 5500 solos

2146 5556 2167 5579 ιι
2211 5533 2497 5604 pervenit?
2525 5532 2582 5587 Si
2613 5533 2734 5603 quis
2772 5532 2985 5587 videtur
3025 5533 3293 5604 propheta
3321 5548 3465 5598 esse,
3499 5539 3591 5586 aut
3620 5533 3742 5604 spi-

2145 5643 2165 5667 α
2208 5621 2438 5687 ritualis,
2471 5628 2766 5693 cognoscat
2799 5637 2921 5691 quae
2951 5619 3129 5676 scribo
3159 5620 3335 5687 vobis,
3370 5619 3496 5691 quia
3518 5621 3745 5676 Domini

2143 5731 2164 5756 ιι
2209 5717 2335 5765 sunt
2379 5709 2648 5764 mandata.
2685 5708 2740 5764 Si
2769 5709 2890 5781 quis
2929 5716 3109 5765 autem
3155 5708 3389 5782 ignorat,
3432 5708 3742 5782 ignorabi-
