3934 6458
302 414 419 476 879

1465 405 1945 471 EKKEHARDI
1993 403 2553 473 URAUGIENSIS

3591 410 3715 472 880

300 554 431 612 ritu
458 548 1399 609 Romanamunioersalemsedem
1425 547 1741 620 usurpasti
1773 546 1942 602 :Dein
1977 544 2033 604 Λ
2062 545 2367 602 castellum
2398 546 2527 616 ejus
2557 546 2830 604 irruerat.
2868 547 2967 602 Cui
3002 546 3332 603 nominatus
3386 546 3560 603 heros
3592 561 3710 604 non

301 643 491 702 sacris
521 646 758 699 exutum
782 639 1067 709 vestibus,
1100 639 1464 709 abscisisque
1489 638 1691 710 digitis
1733 638 1945 706 tribus,

304 734 359 789 in
390 731 653 804 Tyberim
680 728 888 800 jactari
921 729 1206 800 precepit,
1253 733 1614 799 cunctosque
1644 742 1791 798 quos
1838 726 1947 798 ipsi

302 817 881 889 ordinaveratgradu
916 818 1152 889 preprio
1194 816 1496 888 depositas
1548 818 1761 873 iterum
1795 816 1949 872 ordi-

306 913 485 968 navit.
517 908 676 976 Quod
710 922 879 978 quam
915 907 1062 962 male
1109 912 1166 963 et
1212 905 1426 975 injuste
1480 906 1687 975 egerit,
1724 906 1779 960 in
1837 905 1947 960 hoc

306 999 689 1058 animadverti
726 996 962 1070 poterit.
998 996 1268 1066 quoniam
1299 1000 1359 1050 et
1391 995 1558 1065 hiqui
1590 1010 1619 1050 a
1646 994 1790 1050 Juda
1820 1008 1947 1065 pro-

306 1090 484 1146 ditori
508 1087 597 1122 1‘“
625 1094 760 1143 ante
779 1085 1167 1158 proditionem
1183 1083 1428 1140 salutem
1451 1097 1550 1140 seu
1591 1082 1949 1138 benedictio-

308 1194 434 1233 nem
458 1174 837 1249 apostolicam
870 1178 1280 1246 percepcrunt,
1307 1187 1371 1228 ea
1391 1178 1526 1244 post
1554 1170 1946 1242 proditionem

307 1266 645 1339 propriique
670 1263 936 1335 corporis
950 1261 1392 1333 suspensionem
1425 1274 1533 1316 non
1555 1259 1943 1330 suntprivati,

307 1357 417 1413 nisi
450 1371 596 1427 quos
627 1354 889 1426 improba
928 1353 1077 1408 forte
1110 1349 1385 1406 fedarunt
1430 1349 1673 1418 ﬂagieia.
1712 1347 1949 1403 Benedi-

305 1446 426 1503 ctio
449 1444 895 1517 siquidem,quze
918 1440 1200 1497 ministris
1213 1439 1423 1495 Christi
1452 1438 1521 1493 im
1534 1438 1948 1509 penditur,non

311 1550 411 1606 per
441 1547 570 1590 eum
601 1531 697 1603 qui
731 1529 984 1598 videtur,
1016 1528 1115 1584 sed
1135 1527 1229 1598 qui
1255 1542 1363 1582 non
1390 1526 1641 1595 videtur,
1678 1525 1951 1582 sacerdo-

307 1628 421 1679 tem
453 1619 797 1678 infunditur.
835 1618 1030 1686 Neque
1064 1615 1160 1686 qui
1194 1616 1339 1685 rigat
1371 1619 1463 1670 est
1485 1613 1725 1684 aliquid,
1762 1627 1949 1683 neque

308 1711 404 1781 qui
439 1705 795 1781 plantat,sed
827 1705 920 1776 qui
941 1705 1361 1760 incrementum
1382 1702 1501 1772 dat,
1528 1702 1949 1768 Deus.Quant:B

307 1803 499 1856 autem
523 1795 900 1855 auctoritatis
932 1797 1279 1864 quantaeque
1310 1791 1611 1860 religionis
1642 1792 1951 1846 Formosus

2054 634 2219 704 juxta
2242 635 2571 706 castellum,
2600 641 2660 692 ut
2701 635 2960 706 plerique
2992 634 3203 704 solent,
3250 635 3350 691 sed
3410 635 3617 706 procul
3677 651 3709 693 a

2058 725 2377 780 munitione
2412 731 2684 795 preparat
2716 725 2949 780 bellum.
3018 723 3189 791 ltegis
3242 724 3438 794 itaque
3495 724 3712 782 milites

2061 812 2398 882 priusquam
2431 813 2603 883 hujus
2652 812 2927 868 virtutem
2961 810 3051 844 “9‘
3082 826 3142 867 re
3192 812 3314 883 ipsa
3373 813 3706 884 experiren-

2058 906 2172 969 tur,
2213 916 2404 971 regem
2438 907 2989 972 preeuntes,pugnze
3023 900 3291 972 preludio
3324 902 3474 958 hunc
3535 906 3701 959 extra

2058 996 2317 1045 castrum
2349 990 2564 1045 elicere
2596 996 2772 1060 atque
2821 991 3152 1046 interficere
3182 990 3516 1058 cogitabant
3549 1009 3563 1057 ;
3597 992 3701 1046 sed

2060 1078 2180 1148 ipse
2204 1078 2535 1148 hlljllSlllOdl
2565 1079 2819 1150 proludii
2851 1078 2939 1111 “’7
2974 1094 3084 1135 non
3117 1079 3303 1134 solum
3324 1094 3432 1134 non
3470 1080 3706 1149 ignarus

2060 1167 2161 1222 sed
2191 1168 2363 1222 etiam
2384 1167 2707 1237 debriatus,
2743 1168 2834 1224 his
2857 1168 3085 1224 obviam
3112 1171 3225 1223 tam
3252 1167 3418 1237 longe
3451 1184 3480 1224 a
3511 1175 3711 1225 castro

2063 1261 2450 1326 processerat,
2479 1262 2537 1313 ut
2561 1258 2713 1312 hunc
2737 1257 2953 1312 milites
2968 1271 3225 1326 eousque
3250 1271 3319 1313 ex
3353 1256 3711 1316 adversariis

2059 1360 2192 1401 esse
2225 1360 2334 1401 non
2352 1345 2999 1415 eognoscerent,quoad
3020 1360 3221 1402 eorum
3244 1347 3507 1403 cervices
3533 1346 3707 1405 istius

2062 1449 2262 1490 mucro
2286 1433 2773 1505 cedisimpatiens
2798 1433 3301 1504 desevirethitur
3322 1450 3452 1491 cum
3476 1443 3703 1507 septen-

2061 1523 2156 1579 nio
2191 1524 2368 1578 ferme
2402 1523 2942 1579 Adalbertushcros
2965 1522 3339 1580 rebellionem
3375 1525 3701 1595 hujusmodi

2061 1616 2387 1681 exerceret,
2419 1612 2608 1667 sciens
2632 1613 2977 1669 Ludewicus
3002 1610 3403 1669 fortitudinem
3427 1615 3582 1671 illius
3605 1632 3705 1672 au-

2064 1700 2244 1757 daciae
2274 1702 2705 1771 hautquaquam
2739 1716 2803 1757 se
2824 1699 3035 1757 nisi“°°
3068 1701 3551 1771 tergiversatione
3566 1719 3706 1775 qua-

2064 1790 2193 1846 dam
2227 1806 2397 1861 posse
2427 1791 2755 1861 devincere,
2792 1793 3098 1848 Hattonem
3150 1793 3491 1861 Mogontinm
3547 1796 3706 1851 sedis

307 1902 456 1961 papa
487 1887 679 1955 fuerit,
714 1881 1136 1950 hinceolligere
1163 1879 1795 1952 possumus,quoniam,
1815 1878 1947 1934 dum
1982 1898 2035 1958 Β
2064 1878 2736 1949 archiepiscopum,quid
2755 1894 2931 1950 super
2949 1879 3054 1934 hac
3085 1895 3147 1935 re
3176 1880 3498 1937 faciendum
3520 1888 3702 1947 esset,

309 1992 338 2033 a
372 1974 768 2048 piscatoribus
799 1971 1164 2043 postmodum
1198 1974 1354 2025 esset
1376 1968 1650 2024 inventus
1679 1972 1857 2037 atque
1879 1967 1950 2023 ad

308 2063 463 2121 beati
493 2062 649 2118 Petri
667 2059 947 2132 principis
972 2056 1370 2129 apostolorum
1403 2056 1724 2113 zecclesiam
1745 2056 1953 2127 depor-

307 2156 828 2222 tatus,sanctorum
853 2147 1115 2218 quaedam
1139 2146 1417 2214 imagines
1434 2144 1949 2213 seseinclinantes,

307 2242 457 2298 hunc
488 2240 545 2295 in
581 2237 771 2295 loculo
804 2236 1056 2308 positum
1082 2233 1500 2291 venerabiliter
1518 2233 1948 2290 salutaverunt.

308 2328 472 2396 Quod
497 2325 921 2398 religiosissimi
956 2325 1226 2380 Romana:
1257 2323 1419 2379 urbis
1444 2322 1641 2378 testati
1695 2326 1851 2377 sunt.
1886 2350 1955 2361 ~—

306 2421 441 2474 Post
475 2419 813 2473 Formosum
833 2413 1123 2469 Iohannes
1182 2426 1327 2483 papa
1390 2413 1549 2467 114ιι⁸
1586 2410 1824 2476 extitit;
1857 2409 1949 2467 cui

305 2506 634 2579 Stephanus
666 2509 825 2561 115ιω
853 2501 1171 2557 successit.

376 2600 426 2651 1.
462 2596 626 2649 Anno
683 2590 995 2649 Dominicaa
1039 2588 1457 2644 incarnationis
1489 2592 1615 2653 901,
1661 2588 1734 2643 ab
1799 2589 1952 2643 Urbe

306 2698 446 2741 vero
468 2682 700 2739 condita
736 2679 1045 2738 millesimo
1077 2682 1200 2746 652,
1238 2675 1953 2747 Ludcwicus,Arnolfiim-

306 2771 597 2846 peratoris
630 2770 805 2839 filius,
839 2768 932 2824 78°
961 2765 1052 2800 “9‘
1085 2766 1211 2822 loco
1236 2773 1307 2822 ab
1341 2764 1951 2836 Augusto,admodum

304 2878 471 2934 puer,
505 2859 813 2932 imperium
834 2857 1116 2928 suscepit,
1148 2861 1208 2911 et
1242 2860 1305 2911 12
1330 2856 1497 2911 annis
1543 2856 1806 2924 regnavit
1843 2854 1945 2924 (cf.

306 2951 473 3020 (σὴν.
506 2949 635 3020 W.).
664 2949 895 3003 LIUDPR.
951 2961 1009 3011 ιι,
1042 2950 1076 3000 2
1104 2945 1193 3015 5.)
1227 2944 1404 3013 Cujus
1432 2958 1581 3001 anno
1628 2943 1814 3015 primo
1848 2946 1959 2999 Un-

303 3039 451 3110 garii
485 3036 807 3107 Bajoariam
840 3039 1213 3091 vestaverunt
1250 3050 1263 3099 ;
1296 3032 1398 3089 sed
1451 3033 1794 3090 Ludcwicus
1823 3048 1961 3103 gen-

307 3130 384 3186 tis
418 3143 536 3185 sute
558 3124 1067 3197 depopulationem
1094 3138 1202 3179 non
1236 3125 1446 3193 ferens,
1485 3137 1691 3192 magno
1740 3126 1963 3180 exerci-

305 3224 370 3275 tu
402 3219 635 3285 coacto,
666 3216 832 3285 juxta
864 3213 1059 3268 Licum
1092 3210 1329 3268 ﬂuvium
1362 3227 1491 3268 cum
1521 3212 1608 3269 eis
1656 3214 1956 3285 pugnavit,

303 3311 364 3364 et
396 3307 526 3379 plus
559 3319 728 3376 quam
756 3302 917 3358 mille
949 3318 1020 3358 ex
1052 3302 1139 3357 eis
1173 3301 1488 3358 interfecit.
1550 3302 1809 3373 Cumque
1859 3320 1958 3376 pu-

301 3411 416 3468 gna
452 3409 634 3467 usque
668 3393 737 3450 ad
763 3393 962 3449 horam
994 3392 1301 3464 septimam
1356 3392 1472 3463 jam
1506 3394 1957 3464 protraheretur

303 3492 361 3543 et
395 3485 551 3556 regis
572 3482 813 3540 victoria
835 3482 1041 3537 estima
1053 3486 1236 3551 retur,
1255 3480 1700 3550 Ungariicallidi
1720 3484 1957 3553 ,positis

302 3590 375 3632 ex
403 3575 648 3631 adverso
677 3570 926 3639 insidiis,
988 3570 1179 3639 fugam
1236 3568 1537 3625 simulant.
1605 3569 1763 3635 Quos
1819 3571 1953 3627 dum

304 3664 460 3734 regis
485 3661 718 3730 milites,
751 3659 869 3715 doli
894 3658 1102 3728 ignari,
1130 3657 1351 3728 impetu
1415 3657 1774 3713 validissimo
1803 3659 1956 3714 inse-

302 3756 644 3824 querentur,
675 3748 829 3805 omni
853 3761 921 3802 ex
953 3750 1122 3816 parte
1137 3745 1428 3815 prodeunt
1452 3743 1762 3814 insidias,et
1786 3746 1952 3815 quasi

301 3843 442 3897 victi
476 3839 589 3912 ipsi
620 3838 879 3894 victores
903 3836 1267 3903 interimunt,
1300 3848 1404 3888 rex
1435 3833 1559 3903 ipse
1580 3847 1612 3887 e
1635 3833 1858 3890 victore
1889 3848 1954 3890 se

301 3930 518 3987 vietum
533 3941 666 3983 esse
682 3925 948 3993 miratur,
983 3922 1162 3992 fitque
1182 3920 1267 3975 illi.
1292 3936 1402 3978 non
1424 3922 1697 3993 opinatus
1718 3922 1953 3992 gravior

298 4031 492 4083 casus;
526 4012 760 4084 Ungarii
790 4026 929 4067 vero
960 4017 1023 4067 ut
1057 4011 1274 4067 rabiem
1302 4010 1560 4081 perfidiae
1620 4024 1739 4067 sua)
1771 4012 1953 4068 saeia-

301 4112 450 4177 rent,
488 4102 905 4174 Bajoariorum,
965 4103 1305 4166 Suevorum,
1370 4103 1721 4157 Francorum
1774 4116 1949 4171 regna

300 4199 673 4268 percurrunt,
701 4198 1030 4262 cunctaque
1062 4190 1346 4247 vastando
1374 4191 1706 4247 incendunt.

372 4286 553 4355 Hujus
573 4282 936 4354 temporibus
959 4280 1331 4350 Ade-lbertus,
1368 4296 1480 4335 non
1540 4280 1786 4351 quilibet
1837 4297 1951 4337 me-

302 4373 540 4443 diocris,
573 4370 677 4428 sed
706 4385 779 4426 ex
811 4370 1158 4442 primatibus
1188 4383 1430 4438 magnus
1450 4369 1545 4425 ille
1576 4370 1765 4440 heros,
1796 4370 1949 4427 illius

304 4462 525 4519 sororis
556 4459 807 4516 Heinrici
839 4459 1006 4515 ducis
1023 4458 1125 4513 sed
1160 4464 1359 4529 postea
1376 4459 1550 4528 regis,
1586 4473 1770 4529 nepos
1786 4460 1949 4514 Otto-

302 4552 390 4610 nis
422 4552 589 4609 ducis
620 4550 903 4619 Saxonize,
931 4548 1289 4605 simultatem
1322 4562 1434 4603 non
1456 4547 1809 4604 modicamin
1827 4562 1951 4604 cas-

2063 1967 2494 2033 consuluit.Qui
2530 1971 2592 2024 ut
2623 1973 2750 2023 erat
2795 1968 3049 2024 versutia
3101 1969 3576 2041 plenuszbesine,
3623 1972 3704 2027 ait

2064 2071 2166 2128 ego
2197 2058 2251 2112 te
2264 2071 2536 2113 securum
2546 2058 2692 2114 meis
2702 2056 3221 2115 sollicitudinibus
3233 2059 3503 2128 reddam;
3513 2062 3710 2132 φίλαι

2062 2147 2145 2202 ad
2171 2146 2226 2201 te
2252 2147 2359 2202 ille
2384 2145 3028 2215 adeeniat,prooirlebo;
3045 2147 3126 2216 ιιι,
3146 2161 3216 2203 ne
3236 2148 3447 2205 redeat
3477 2151 3703 2206 curato.

2066 2236 2237 2290 llatto
2270 2235 2464 2305 itaque
2486 2235 2656 2290 animi
2690 2234 3064 2304 confidentia,
3117 2251 3227 2306 qua
3254 2237 3559 2294 nonnullas
3611 2255 3709 2295 res

2062 2338 2133 2379 ex
2157 2323 2477 2379 infortunio
2495 2324 2786 2380 secundas
2801 2322 3101 2393 effecerat,
3155 2325 3464 2397 animatus,
3494 2328 3711 2384 Baben-

2064 2412 2224 2482 berg,
2243 2412 2409 2483 quasi
2426 2412 2724 2469 Adelberti
2748 2412 2923 2468 rebus
2940 2412 3340 2485 consulturus,
3365 2415 3528 2485 adiit,
3569 2417 3710 2474 mul-

2066 2507 2240 2572 taque
2273 2501 2528 2569 locutus.
2551 2502 2604 2557 in
2639 2502 2773 2559 dolo
2797 2502 2976 2558 suasit
3017 2504 3069 2558 ei
3127 2503 3198 2559 ad
3253 2518 3445 2573 regem
3490 2507 3711 2581 venire,

2063 2591 2358 2662 spondens
2390 2591 2441 2646 ei
2469 2590 2872 2660 jurejurando,
2925 2598 3024 2649 aut
3054 2593 3105 2649 ei
3142 2608 3338 2664 pacem
3393 2609 3527 2650 eum.
3567 2610 3708 2665 rege

2066 2681 2372 2750 facturum,
2406 2680 2865 2737 autincolomem
2898 2681 3056 2737 illum
3082 2698 3188 2738 suo
3229 2681 3357 2739 loco
3408 2684 3712 2741 restitutu-

2065 2784 2211 2826 rum.
2246 2768 2417 2840 (Wlo,
2450 2785 2485 2839 ι,
2517 2774 2631 2841 22.)
2656 2770 2756 2827 His
2778 2771 2966 2841 pactis
3005 2771 3382 2828 consentiens
3433 2770 3708 2830 Adelber-

2070 2863 2183 2927 tus,
2219 2857 2423 2914 tideiet
2455 2859 2731 2915 amicicize
2745 2860 2934 2929 gratia
2960 2864 3024 2916 ut
3043 2860 3385 2930 dignaretur
3402 2862 3708 2933 prandere,

2074 2948 2298 3018 rogavit
2328 2948 2957 3019 episcopum.,(LIuoen.
2988 2950 3159 3020 Win.)
3189 2950 3312 3016 Quo
3369 2950 3710 3010 calliditatis

2071 3038 2318 3093 obtentu
2338 3036 2772 3105 negante,illieo
2808 3038 3009 3093 urbem
3032 3039 3251 3108 egressi
3279 3054 3384 3095 sun
3397 3040 3712 3112 t,episcopo

2071 3126 2372 3181 dexteram
2396 3122 2969 3181 Adelbcrtitenente.
2988 3126 3244 3197 Cumque
3258 3129 3711 3198 pertransissent

2070 3215 2346 3287 oppidum
2378 3228 2506 3269 cum
2530 3212 2682 3268 omni
2743 3214 3045 3284 comitatu,
3073 3215 3582 3288 ferturepiscopus
3599 3218 3710 3273 cla-

2073 3319 2277 3360 masse:
2303 3302 2791 3372 Prolilinqniens,
2808 3319 2993 3373 quam
3028 3318 3157 3374 sepe
3162 3305 3336 3375 petii,
3380 3305 3489 3377 qui
3511 3306 3711 3364 oblata

2067 3394 2301 3465 spernit
2321 3409 2347 3462 ,ο
2367 3392 2523 3448 tedet
2550 3406 2639 3448 me
2671 3392 2961 3460 longioris
2998 3396 3109 3450 vim
3121 3394 3182 3450 et
3195 3394 3495 3453 tardioris
3515 3396 3672 3453 liora
3690 3414 3713 3465 ,'

2068 3496 2208 3539 nam
2221 3481 2401 3554 ηπ]εῇ
2414 3483 2518 3539 imi
2539 3482 2662 3539 tota
2683 3484 2781 3540 die
2793 3500 2827 3539 π
2837 3498 2909 3540 on
2916 3497 3229 3554 possumus
3242 3484 3568 3543 ambulare.
3586 3486 3714 3542 Haec

2068 3572 2312 3627 audiens
2360 3570 2731 3640 Adelbertus,
2769 3571 3029 3643 nihilque
3074 3572 3206 3629 mali
3258 3573 3610 3645 suspicatus,
3646 3572 3713 3629 ad

2063 3673 2252 3727 genua
2286 3657 2657 3728 pontificisse
2691 3658 2847 3714 letus
2880 3658 3205 3730 inclinavit,
3241 3666 3300 3716 et
3329 3666 3388 3717 ut
3428 3662 3482 3717 in
3516 3662 3712 3718 urbem

2064 3746 2341 3815 gustandi
2370 3748 2557 3817 gratia
2591 3750 3008 3815 reverteretur,
3043 3746 3327 3817 deposcit.
3367 3750 3637 3806 Pontifex
3660 3749 3714 3805 in

2067 3836 2265 3891 urbem
2292 3835 2615 3891 revertitur
2639 3851 2769 3890 cum
2800 3833 3143 3903 Adclberto,
3169 3835 3459 3906 deputans
3491 3854 3553 3895 se
3576 3839 3718 3895 libe-

2065 3930 2253 3981 ratum
2288 3940 2317 3980 a
2352 3923 2582 3980 vinculo
2610 3922 2947 3993 juramenti,
2978 3937 3047 3977 eo
3080 3922 3234 3993 quod
3280 3924 3620 3984 incolomem
3655 3927 3721 3984 il-

2063 4013 2178 4071 lum
2214 4013 2299 4070 sic
2324 4011 2683 4068 restituisset
2712 4010 2839 4067 loco
2872 4025 3000 4067 suo.
3030 4013 3168 4066 Post
3200 4012 3324 4068 haec
3366 4028 3509 4069 eum
3531 4016 3722 4086 ponti-

2063 4103 2170 4159 fice
2200 4102 2425 4170 exiens,
2457 4100 2576 4170 regi
2609 4100 2922 4156 Ludewieo
2956 4101 3028 4155 ab
3048 4116 3117 4156 eo
3146 4106 3540 4175 presentatur,
3567 4119 3722 4162 mox-

2063 4208 2174 4265 que
2223 4192 2465 4262 judicio,
2541 4190 2865 4260 principum
2899 4189 2995 4259 qui
3025 4190 3240 4246 ali‘uere
3266 4191 3515 4248 decreto
3565 4195 3720 4266 capi-

2062 4284 2234 4341 talem
2271 4281 2451 4338 subiit
2488 4279 2860 4349 sententiam,
2887 4280 3023 4335 etin
3051 4281 3287 4351 proprio
3320 4282 3721 4341 castello'l‘ha—

2063 4374 2209 4429 rissa
2243 4368 2466 4441 acccpil
2500 4368 2892 4441 sepulturam.

2131 4467 2185 4517 2.
2220 4459 2527 4531 (01mm)
2582 4461 2652 4514 A.
2694 4460 2754 4514 D.
2816 4462 2938 4515 902.
2976 4459 3213 4529 Ungarii
3277 4462 3713 4520 Charentaniam

2062 4552 2366 4620 invadunt,
2390 4554 2447 4604 et
2479 4548 2794 4604 commissa
2826 4548 2884 4603 in
2910 4548 3158 4606 sabbato
3217 4551 3449 4621 pascha)
3497 4566 3707 4622 pugna,

303 4641 442 4699 tello
489 4640 828 4709 Babenberg
867 4644 1069 4693 contra
1105 4651 1226 4692 rem
1259 4635 1577 4707 publicam-
1608 4637 1945 4693 exercebat.
1984 4619 2033 4682 Ο
2062 4619 2436 4698 occiduntur.
2474 4640 2492 4659 ¹

299 4731 468 4803 (ψη).
487 4729 794 4801 ι,22.)Νεῐη
816 4742 945 4783 cum
964 4724 1291 4781 inimiciciae
1314 4730 1510 4781 essent
1531 4725 1688 4780 inter
1726 4725 1952 4782 Chuon-

301 4820 527 4890 radum,
566 4813 1135 4891 patremChuonradi
1178 4820 1381 4885 postea
1408 4814 1581 4884 regis,
1616 4814 1864 4886 primum
1918 4830 1950 4873 a

299 4907 643 4967 Chuonrado
668 4906 1116 4962 interfectusest
1133 4903 1314 4959 frater
1341 4901 1663 4973 Adelberti,
1698 4903 1755 4960 in
1778 4905 1949 4975 cujus

303 4999 583 5055 ultionem
616 4994 1001 5054 Chuonradus
1026 5006 1257 5063 quoque
1280 4998 1483 5062 postea
1506 4994 1740 5051 occisus
1771 4998 1860 5051 est
1877 4997 1950 5051 ab

300 5087 642 5154 Adelberto;
657 5101 762 5142 nec
783 5084 938 5141 ullus
954 5097 1152 5152 regum
1169 5082 1360 5153 potuit
1378 5086 1493 5140 tam
1512 5082 1715 5153 ingens
1733 5083 1947 5142 bellum

301 5178 455 5236 inter
479 5177 805 5235 eminentes
829 5173 993 5232 viros
1025 5176 1219 5228 ortum
1272 5172 1501 5229 sedare.
1529 5172 1842 5242 (LiuornJ.
1883 5178 1948 5246 ι.)

303 5270 558 5340 Cumque
578 5266 689 5340 ipsi
720 5264 896 5323 etiam
931 5262 1051 5334 regi
1076 5262 1388 5320 Ludewieo
1410 5263 1950 5321 rebellisexisteret

303 5355 680 5427 Adelbertus,
714 5369 853 5427 sepe
905 5367 1007 5411 rex
1034 5352 1411 5425 congregatis
1442 5354 1711 5411 omnibus
1771 5370 1949 5427 super

2206 4732 2226 4753 '
2268 4731 2329 4784 1).
2365 4729 2425 4783 Ε.
2483 4727 2719 4785 addunt
2736 4727 3084 4792 :,Sarraccni
3118 4760 3188 4769 —
3245 4728 3709 4787 debellaverunt.

2275 4814 2351 4857 ea:
2369 4798 2575 4871 Sigeo.
2600 4814 2656 4857 α.
2692 4803 2817 4856 910.

2132 4877 2183 4929 3.
2217 4875 2280 4929 A.
2316 4873 2380 4927 Ι).
2415 4873 2541 4927 903.

2204 4947 2224 4968 "
2261 4943 2316 4999 L.
2352 4944 2411 4998 E.
2439 4942 2715 4999 addunt:
2750 4941 3121 4998 Ludewicum
3144 4973 3213 4983 —
3235 4942 3485 4998 veniret.
3529 4956 3602 5001 ea:
3618 4944 3719 5001 Si-

2270 5013 2400 5087 yeb.
2433 5028 2493 5087 _a.
2529 5019 2651 5070 911.
2674 5013 3117 5070 Zuendebaldus
3144 5046 3215 5055 —
3263 5015 3607 5085 composuit.
3645 5029 3720 5071 ea:

2270 5085 2475 5157 Sigeo.
2508 5100 2565 5142 α.
2601 5088 2724 5140 903.

2130 5181 2181 5233 6.
2211 5180 2272 5234 A.
2301 5177 2363 5231 D.
2398 5177 2523 5231 906.
2557 5172 2792 5243 Ungarii
2825 5172 3080 5229 amarius
3132 5173 3481 5231 occiduntur
3505 5175 3717 5231 Beren-

2057 5281 2163 5340 ger
2189 5264 2298 5320 “0°.
2335 5262 2604 5335 Reginolt
2637 5267 2698 5319 et
2727 5262 2974 5320 Gerhart
3001 5262 3263 5333 germani
3287 5264 3501 5321 fratres
3533 5263 3707 5321 inter-

2061 5356 2367 5415 ﬁciuntur.

1649 5504 1887 5563 VARUE
1949 5505 2349 5568 LECTIONES.

371 5641 461 5680 “"
481 5644 574 5702 ita
604 5648 653 5702 1.
687 5643 777 5679 ¹¹⁹⁸
798 5644 1001 5704 LXXII.
1038 5646 1101 5703 D.
1134 5645 1198 5702 E.
1231 5642 1324 5679 ‘1"
1350 5657 1641 5717 superscr.
1692 5651 1736 5703 'l.
1776 5646 1865 5682 “"7
1919 5646 2166 5722 preludii
2194 5648 2282 5705 1b.
2314 5648 2365 5703 4.
2391 5648 2552 5705 5.10.
2586 5647 2669 5703 ll.
2704 5643 2768 5703 D.
2804 5641 2896 5679 “9'
2918 5640 3033 5701 nisi
3083 5654 3147 5701 se
3179 5639 3267 5702 1b.
3324 5637 3415 5681 “”
3441 5638 3561 5717 jam
3611 5638 3699 5698 tl).

299 5733 393 5775 nos
424 5734 716 5812 berengir,
749 5733 975 5793 reinold
1034 5736 1090 5790 et
1118 5731 1371 5805 gerhard
1414 5737 1629 5805 gemini
1669 5738 1734 5791 fr.
1791 5739 1871 5793 ib.
1942 5744 1957 5762 ⁰
