3934 6418
219 404 327 471 881

1084 414 1523 484 CHRONICA.
1561 453 1640 469 -—
1665 415 2143 484 CHRONICON
2187 421 2730 488 UNIVERSALE.

3498 431 3615 494 882

290 549 341 604 7.
378 546 439 605 Α.
468 546 528 606 D.
551 550 672 606 907.
699 550 894 621 Pugna
919 549 1009 587 ¹²⁰¹
1032 552 1185 611 inter
1198 554 1599 624 Adelbertum,
1623 554 1852 612 fratrem

2038 561 2307 628 leviam‘,
2342 562 2715 619 Eberhardus
2747 560 3046 620 “"eomes
3079 563 3524 635 potentissimus
3555 565 3612 624 in

219 649 436 703 eorum,
471 642 527 693 et
560 640 986 704 Chuonr'adum,
1022 643 1257 699 fratrem
1290 644 1585 701 Ludcwici
1616 645 1861 716 impera-

217 723 506 791 torism’;
543 727 597 783 in
631 743 740 799 qua
776 730 1155 788 Cbuonradus
1187 734 1499 789 occiditur.

288 816 337 868 8.
368 817 430 870 A.
460 816 517 870 D.
544 819 666 872 908.
694 818 1014 876 Ruodolfus
1033 821 1345 892 episcopus
1362 821 1858 891 Wireihurgensis

217 902 853 977 obiit.--Adelbertus,
883 909 1119 979 perfidia
1147 912 1412 968 Hattonis
1434 911 1859 982 archiepiscopi

218 998 277 1047 et
309 992 606 1063 cujusdam
632 995 920 1066 Luitpaldi
944 997 1244 1070 deceptus,
1273 1000 1583 1056 Ludcwico
1613 1016 1747 1068 rege
1773 1000 1862 1069 ju-

220 1080 412 1151 bente,
449 1083 793 1141 decollatur.
818 1115 899 1127 --
928 1086 1169 1157 Bajoarii
1222 1090 1291 1143 ab
1342 1088 1609 1158 lfngariis
1643 1087 1861 1144 interfi-

220 1168 474 1226 ciuntur.

288 1260 517 1315 9.A.l).
553 1264 675 1317 909.
731 1264 964 1333 Ungarii
1020 1266 1323 1321 Saxoniam
1373 1269 1429 1321 et
1489 1264 1857 1335 Thuringiam

221 1353 471 1404 vastant.

292 1441 373 1493 10.
413 1440 473 1493 A.
506 1441 568 1493 D.
602 1442 722 1496 910.
785 1442 1021 1512 Ungarii
1087 1442 1474 1499 Alcmanmam
1518 1444 1754 1515 petunt.
1789 1472 1862 1484 -—

219 1523 327 1580 Leo
359 1525 678 1596 imperator
712 1530 1147 1602 ConstantinOp.
1179 1531 1353 1586 obiit.

290 1617 377 1667 11.
416 1615 486 1668 Α.
520 1616 586 1668 D.
617 1620 745 1672 911.
784 1618 982 1673 Franci
1010 1622 1264 1689 pugnant
1287 1634 1412 1675 cum
1433 1619 1712 1688 Ungariis.

287 1706 375 1757 12.
411 1704 480 1757 Α.
515 1706 579 1758 1).
617 1707 743 1760 912.
780 1705 1120 1762 Ludewicus
1143 1722 1244 1761 rex
1270 1708 1531 1763 moritur.
1569 1708 1855 1779 Hiejuxta

217 1792 494 1859 quosdam
518 1791 986 1850 ultimusdic1tur
1006 1794 1346 1851 Karolorum
1368 1796 1521 1866 apud
1539 1797 1856 1853 orientales

1976 652 2235 722 Francia,
2262 651 2611 708 Gisilbertus
2634 651 2747 707 dux
2780 651 2833 706 in
2864 652 3263 721 Lotharingia;
3290 653 3441 711 inter
3465 670 3612 726 quos

1973 741 2278 798 Hcinricus
2296 743 2581 797 Saxonum
2604 746 2660 797 et
2693 740 3113 811 Thuringorum
3146 742 3260 799 dux
3298 748 3613 816 prapotens

1974 828 2254 887 elarebat.
2288 829 2550 886 Secundo
2574 832 2765 885 autem
2797 830 2959 899 regni
2983 829 3110 899 ejus
3132 844 3283 887 anno
3308 834 3609 890 memorati

1976 917 2268 989 principes
2303 917 2433 974 huic
2467 916 2774 988 presertim
2810 917 3061 973 rebelles
3090 918 3430 990 extiterant,
3465 935 3612 992 quos

1974 1005 2070 1061 ille
2101 1011 2217 1062 tam
2249 1006 2553 1077 sapicntize
2583 1007 2783 1075 vigore
2815 1021 2984 1077 quam
3007 1006 3368 1064 fortitudinis
3401 1010 3610 1067 robore

1973 1094 2272 1166 superavit
2286 1109 2565 1166 suamque
2579 1095 2649 1150 ad
2667 1094 3007 1150 fidelitatem
3025 1096 3316 1166 perduxit.
3337 1097 3611 1155 Arnolqu

1973 1189 2165 1242 autem
2189 1184 2364 1241 nimio
2386 1188 2609 1240 terrore
2633 1186 2890 1253 coaetus,
2926 1199 3053 1240 cum
3080 1199 3261 1241 uxore
3283 1200 3349 1241 ac
3384 1185 3519 1243 ﬁliis
3537 1187 3609 1244 ad

1971 1273 2257 1345 Ungarios
2288 1273 2452 1345 fugit,
2488 1272 2686 1344 ibique
2706 1287 2887 1343 usque
2920 1273 2988 1330 ad
3024 1272 3245 1330 obitum
3280 1274 3607 1333 Chuonradi

1973 1362 2316 1435 permansit.

1970 1454 2093 1501 Anni
2126 1452 2423 1501 Chuonradi.

2044 1537 2091 1587 1.
2130 1532 2303 1601 (0hr.
2348 1531 2679 1603 W.)Primo
2716 1531 2847 1588 anni
2882 1532 3207 1588 Chuonradi
3240 1532 3394 1604 regis
3425 1535 3610 1604 Unga-

1973 1621 2041 1677 rii
2096 1622 2167 1677 ab
2225 1619 2673 1677 Alcmannis‘m
2703 1625 2759 1676 ct
2814 1620 3095 1690 Bajoariis
3148 1621 3313 1692 juxta
3373 1622 3609 1680 ﬂuvium

1970 1712 2152 1767 Enum
2183 1709 2291 1781 1"",
2328 1710 2425 1781 qui
2471 1710 2795 1779 vulgariter
2825 1711 2921 1765 Ine
2953 1709 3188 1779 dicitur,
3225 1710 3600 1769 occiduntur.

2040 1803 2099 1853 2.
2130 1800 2384 1869 (LIUDPR.
2406 1831 2474 1838 —
2499 1798 2637 1855 Ulzr.
2679 1798 2757 1855 W.
2796 1831 2833 1838 ο
2870 1799 3090 1854 Ηιοιιειι
3114 1814 3171 1866 n,
3205 1800 3424 1871 lsqq.).
3453 1801 3515 1855 A.
3543 1802 3606 1854 D.

217 1880 468 1936 Francos
516 1881 945 1952 imperantium,
976 1883 1139 1951 juxta
1174 1886 1453 1954 quosdam
1488 1900 1622 1941 vero
1642 1886 1858 1942 Chuon-
1888 1907 1938 1964 Β
1969 1890 2091 1943 914.
2118 1882 2372 1943 Predicti
2398 1887 2689 1958 principes
2705 1886 2822 1955 regi
2854 1886 3495 1944 rebellant.Ruodoll‘us
3512 1902 3612 1944 rex

214 1967 408 2035 radus,
428 1969 523 2039 qui
551 1975 675 2040 post
703 1971 1174 2042 eumimperavit,
1194 1973 1433 2028 ultimus
1456 1978 1850 2043 computatur,

213 2071 242 2111 a
269 2056 481 2125 quibus
502 2063 669 2128 pater
689 2057 846 2113 illius
875 2060 1275 2129 Cbuonradus,
1311 2061 1406 2130 qui
1442 2063 1513 2115 ab
1540 2060 1853 2117 Adclberto

214 2142 559 2201 interfectus
580 2150 692 2211 est,
718 2147 825 2201 frat
842 2162 896 2201 ar
916 2147 1206 2203 Ludewici
1224 2148 1395 2217 hujus
1421 2149 1596 2204 fuisse
1621 2150 1855 2205 estima-

214 2236 327 2287 tur.
352 2234 458 2287 Sed
481 2233 653 2302 hujus
676 2233 1041 2290 diversitatis
1063 2249 1235 2292 error
1252 2237 1639 2307 scriptoribus
1654 2253 1856 2307 regno-

215 2337 338 2377 rum
365 2322 705 2394 imputetur.
745 2323 912 2391 (Win.
941 2341 977 2394 ῐ,
1004 2328 1115 2397 16.)
1157 2326 1500 2383 Ludewieus
1523 2328 1702 2396 igitur
1721 2342 1851 2383 cum

213 2411 536 2481 accepisset
588 2427 821 2467 uxorem
868 2413 1099 2468 nomine
1147 2413 1543 2484 Mahthildam,
1593 2430 1852 2471 sororem

213 2498 498 2553 Brunonis
525 2512 591 2553 ac
643 2500 829 2568 magni
866 2499 1029 2556 ducis
1063 2501 1313 2570 Ottonis,
1340 2517 1450 2556 non
1485 2502 1684 2558 multis
1716 2506 1849 2574 post

213 2586 333 2641 haec
351 2587 575 2642 vixerat
599 2587 786 2643 annis.
821 2589 1033 2645 Horum
1058 2593 1225 2659 pater
1257 2595 1383 2645 erat
1412 2590 1718 2659 Luitolfus,
1754 2591 1850 2661 qui

211 2673 447 2729 Romam
486 2675 804 2745 profectus,
847 2676 1150 2733 transtulit
1200 2677 1330 2732 inde
1381 2678 1659 2747 reliquias
1688 2680 1853 2734 inno-

212 2762 389 2818 centii
424 2777 602 2833 papae.
637 2764 719 2818 Ex
753 2763 965 2834 quibus
994 2765 1145 2820 Brun
1188 2780 1317 2820 cum
1352 2766 1623 2821 ducatum
1657 2766 1854 2822 ammi-

214 2850 523 2907 nistrasset
556 2852 743 2907 totius
773 2852 1056 2922 Saxonim,
1094 2853 1261 2909 duxit
1292 2854 1615 2910 exercitum
1648 2859 1850 2910 contra

212 2939 419 3009 DauOs,
452 2943 507 2994 et
541 2940 919 2996 inundatione
953 2941 1255 3012 repentina
1288 2942 1700 3013 circumfusus,
1737 2957 1848 2998 non

212 3027 432 3084 habens
454 3028 645 3085 locum
669 3031 985 3101 pugnandi,
1035 3031 1210 3102 periit
1233 3048 1361 3087 cum
1386 3033 1537 3088 omni
1562 3033 1845 3101 exercitu,

211 3116 398 3185 fratri,
436 3122 569 3174 natu
599 3116 828 3189 quidem
854 3118 1079 3189 minori,
1116 3120 1213 3175 sed
1241 3120 1392 3176 omni
1418 3121 1635 3177 virtute
1666 3119 1849 3176 multo

211 3204 447 3275 potiori,
466 3205 802 3276 relinquens
827 3205 1126 3263 ducatum.
1154 3208 1292 3279 Regi
1320 3219 1510 3264 autem
1539 3209 1851 3266 Ludewico

205 3308 335 3349 cum
370 3309 479 3349 non
513 3299 668 3351 esset
716 3294 886 3364 illius,
941 3302 1076 3366 post
1101 3302 1342 3353 mortem
1376 3297 1502 3366 ejus
1533 3298 1722 3353 omnis
1758 3313 1853 3369 po-

206 3380 377 3450 pulus
410 3383 760 3439 Francorum
793 3388 968 3453 atque
1019 3384 1304 3440 Saxonum
1335 3388 1616 3456 quercbat
1653 3384 1851 3442 Ottoni

204 3468 467 3525 diadema
490 3470 785 3541 imponere
810 3472 993 3542 regni,
1012 3472 1116 3528 sed
1137 3473 1263 3544 ipse
1287 3474 1451 3543 quasi
1472 3474 1587 3542 jam
1618 3474 1854 3544 gravior

206 3557 677 3615 recusabatonus
694 3559 919 3630 imperii
945 3561 1102 3631 ;ejus
1121 3566 1307 3616 tamen
1330 3562 1605 3618 consultu
1629 3563 1853 3620 Chuon-

205 3646 401 3714 radus,
429 3646 716 3715 quondam
742 3646 858 3704 dux
882 3650 1249 3719 Francorum,
1271 3649 1424 3706 illius
1447 3649 1544 3721 (ea:
1569 3651 1710 3707 Chr.
1745 3654 1852 3726 W.)

205 3732 364 3789 illius
397 3734 723 3790 Chuonradi
758 3751 924 3806 quem
964 3737 1315 3793 Adelbertus
1337 3738 1573 3807 occidit,
1614 3740 1854 3809 ungitur

201 3821 256 3877 in
282 3836 543 3893 regnum,
569 3837 750 3894 penes
779 3824 1050 3880 Ottonem
1088 3829 1277 3881 tamen
1305 3841 1590 3882 summum
1625 3843 1856 3900 semper

202 3914 261 3966 ct
293 3911 505 3983 ubique
538 3912 710 3967 fiebat
744 3912 1077 3984 imperium.
1119 3916 1289 3981 (Win.
1323 3930 1359 3984 ι,
1386 3918 1511 3987 17.)
1546 3917 1728 3973 Natus
1763 3928 1856 3979 est

205 4002 396 4054 autem
427 3999 611 4056 eidem
644 4000 842 4056 Ottoni
874 4001 1048 4071 filius,
1082 4002 1295 4056 mundo
1327 4003 1716 4073 necessarius,
1757 4021 1856 4076 op-

207 4086 385 4142 timus
405 4088 735 4153 IIeinricus,
762 4087 858 4158 qui
884 4088 1103 4158 primus
1126 4088 1309 4143 libera
1333 4093 1626 4157 potestate
1653 4106 1855 4161 regna-

202 4175 290 4230 vit
322 4173 375 4229 in
409 4175 690 4235 Saxonia;
741 4175 835 4231 cui
866 4178 1033 4245 pater
1062 4175 1314 4231 moriens
1371 4176 1558 4232 totius
1591 4178 1852 4235 Saxonis:

207 4261 479 4319 ducatum
514 4262 770 4332 reliquit,
806 4261 1281 4331 Chuonradojam
1315 4263 1370 4318 in
1404 4278 1642 4333 regnum
1679 4266 1854 4322 subli-

207 4354 389 4407 mato.

275 4438 440 4509 (σήν.
482 4438 587 4511 W.)
613 4441 773 4496 Anno
796 4438 1105 4496 Dominicm
1144 4440 1565 4497 incarnationis
1590 4446 1712 4513 913,
1748 4446 1850 4499 Ur-

206 4526 295 4583 bis
325 4531 517 4583 autem
548 4527 801 4585 conditae
848 4526 1154 4583 millesimo
1184 4531 1307 4597 664,
1346 4529 1749 4597 Cbuonradus,
1789 4532 1849 4585 fi-

204 4615 320 4672 lius
351 4616 679 4672 Chuonradi
736 4631 904 4688 quem
939 4615 1289 4673 Adelbertus
1322 4616 1558 4688 occidit,
1604 4622 1847 4676 Franco-
1880 4608 1930 4666 D

204 4719 331 4761 rum
363 4720 435 4761 ex
461 4719 673 4775 genere
697 4706 999 4775 oriundus,
1026 4705 1114 4761 vir
1145 4711 1422 4763 strenuus
1445 4706 1845 4779 bellorumque

205 4793 498 4850 exereicio
553 4795 781 4865 doctus,
816 4794 1067 4851 omnium
1122 4794 1431 4865 electione,
1464 4800 1561 4851 790
1593 4796 1683 4829 ί²⁰³
1718 4798 1845 4853 loco

209 4884 281 4939 ab
315 4883 600 4953 Augusto,
648 4896 886 4953 regnum
917 4884 1163 4954 accepit,
1193 4889 1251 4939 et
1282 4889 1316 4939 7
1348 4884 1512 4940 annis
1545 4887 1835 4957 regnavit.

207 4970 468 5040 (Liuorn.
498 4986 555 5040 ιι,
596 4976 677 5040 17,
713 4973 935 5042 18,19.)
966 4972 1083 5027 Sub
1112 4986 1224 5043 quo
1261 4971 1651 5043 potentissimi
1693 4975 1843 5045 prin-

209 5059 372 5130 cipes
402 5063 572 5117 erant
622 5058 913 5115 Arnoldus
961 5059 1014 5114 in
1050 5060 1332 5130 Bajoaria,
1387 5061 1756 5118 Burchardus
1788 5064 1841 5117 in

1972 1976 2247 2041 moritur;
2267 1979 2391 2048 post
2419 1991 2586 2046 quem
2606 1976 2753 2045 (231)
2774 1975 3135 2044 Ludewicus,
3162 1974 3356 2031 Karoli
3380 1974 3530 2031 filius
3554 1977 3609 2032 in
3706 2000 3717 2005 -

1967 2079 2207 2134 regnum
2265 2065 2451 2136 patris
2487 2063 2728 2120 consilio
2760 2063 3018 2134 Hugonis
3049 2063 3235 2134 ducis,
3280 2064 3379 2120 filii
3437 2065 3613 2122 Ruot-

1969 2153 2141 2224 perti,
2168 2151 2653 2209 extransmarinis
2685 2151 2951 2222 partibus
2973 2153 3043 2207 ad
3061 2151 3276 2208 Gallias
3308 2152 3613 2209 reducitur

1963 2242 2060 2297 cui
2091 2241 2238 2297 idem
2277 2243 2434 2310 [Iugo
2462 2244 2652 2297 tamen
2687 2242 2888 2311 postea
2923 2239 3290 2296 adversatur.
3319 2242 3434 2296 Hoc
3471 2245 3612 2297 tem-

1969 2344 2106 2401 pore
2138 2330 2389 2385 Marinus
2425 2343 2568 2400 papa
2602 2333 2762 2384 116us
2791 2328 3016 2384 extitit.

2036 2422 2087 2473 3.
2122 2416 2286 2487 (Chr.
2327 2418 2432 2489 W.)
2458 2420 2530 2473 A.
2560 2419 2629 2472 D.
2659 2420 2787 2472 915.
2826 2416 3058 2485 Ungarii
3087 2416 3479 2473 Alemanniam
3516 2417 3610 2474 de-

1967 2510 2218 2561 vastant.
2255 2507 2428 2561 Hatto
2453 2504 2925 2576 archiepiscopus
2946 2502 3230 2571 1’°"ohiit;
3251 2505 3342 2561 cui
3362 2505 3608 2574 [Ieriger

1968 2594 2250 2651 successit
2284 2592 2374 2627 “0°

2036 2687 2085 2737 5.
2120 2685 2182 2737 A.
2211 2684 2271 2738 D.
2298 2687 2425 2740 917.
2469 2681 2733 2739 Salomon
2763 2682 3073 2754 episcopus
3110 2684 3319 2754 captus
3352 2686 3465 2754 est,
3499 2685 3609 2739 Un-

1963 2771 2110 2840 garii
2138 2770 2528 2827 Alamanniam
2552 2775 2733 2827 lotam
2758 2772 2779 2794 ⁶
2804 2770 2932 2841 igne
2956 2770 3223 2839 etgladio
3246 2775 3504 2827 vastant.

2125 2860 2146 2882 "
2174 2860 2368 2930 Totam
2404 2859 2780 2914 dcvastantes
2811 2872 2994 2930 usque
3027 2858 3094 2913 ad
3132 2857 3366 2915 Fuldam
3409 2874 3610 2930 pervr-

2178 2929 2370 2985 niunt.
2411 2932 2478 2984 D.
2520 2930 2588 2983 E.
2618 2943 2693 2985 ea:
2717 2928 2926 3000 Sigeb.
2964 2944 3022 2984 ιι.
3062 2932 3192 2985 917.

2034 3019 2091 3071 6.
2136 3022 2196 3073 Α.
2225 3020 2283 3072 D.
2307 3022 2430 3073 718.
2454 3019 2746 3087 Erkenger
2769 3017 2884 3074 dux
2906 3022 2962 3072 et
2991 3017 3323 3073 llcrhtolfus
3342 3018 3605 3087 germani

1966 3106 2177 3164 fratres
2196 3106 2910 3164 decollantur.~Basilea
2944 3107 3016 3162 ab
3057 3106 3321 3177 Ungariis
3356 3106 3607 3163 destrui-

1966 3200 2089 3253 tur.

2034 3290 2083 3340 7.
2105 3287 2167 3341 Α.
2190 3286 2252 3341 D.
2280 3288 2401 3340 919.
2428 3283 2662 3353 Ungarii
2689 3298 2792 3354 per
2822 3283 3213 3338 Alemanniam
3232 3287 3291 3337 ct
3320 3283 3605 3340 Alsaciam

1962 3372 2788 3443 transeuntes,Lotharingiam
2810 3371 3105 3427 invadunt.
3123 3403 3191 3411 -——
3209 3372 3608 3428 Burcbardus‘

1965 3462 2080 3519 dux
2103 3461 2501 3519 constituitur.
2524 3494 2581 3501 ο
2599 3460 2978 3516 Cbuonradus
3010 3474 3111 3515 rex
3134 3460 3404 3528 moritur,
3432 3460 3602 3529 cujus

1964 3551 2207 3608 consilio
2236 3556 2292 3607 et
2328 3552 2606 3622 precepto
2635 3548 2941 3605 Heinricus
2972 3548 3087 3603 dux
3125 3548 3408 3617 Saxoniae,
3447 3547 3603 3607 filius

1966 3640 2395 3711 Ottonisdueis,
2427 3640 2482 3695 in
2498 3654 2738 3709 regnum
2764 3637 3107 3709 provehitur
3129 3636 3232 3708 (cf.
3260 3638 3463 3707 Wm.).
3497 3638 3605 3694 Sed

1966 3729 2119 3800 quia,
2175 3729 2511 3785 Karolorum
2562 3728 2746 3799 stirpe
2778 3727 2835 3782 in
2877 3735 3054 3796 regno
3090 3727 3439 3781 Francorum
3471 3726 3609 3782 deii-

1966 3818 2175 3889 ciente,
2195 3833 2433 3888 regnum
2462 3818 2576 3888 jam
2600 3816 2670 3873 ad
2686 3817 2940 3872 Saxones
2953 3829 3056 3887 per
3073 3814 3401 3870 licinrieum
3420 3818 3608 3870 trans-

1968 3907 2171 3976 fertur,
2187 3906 2584 3977 genealogiam
2608 3903 2951 3961 Karolorum
2973 3918 3036 3960 ca
3048 3918 3145 3959 usa
3167 3901 3458 3959 memoriae
3482 3903 3610 3958 bre-

1965 3994 2116 4050 viter
2155 3994 2554 4066 depingamus,
2578 3993 2787 4048 dehinc
2810 3990 2882 4048 de
2904 3991 3127 4062 origine
3150 3990 3340 4061 gentis
3373 3990 3608 4046 Saxoni-

1965 4096 2068 4150 cae,
2092 4083 2262 4152 cujus
2284 4082 2477 4153 opinio
2501 4081 2658 4136 varia
2697 4086 2808 4145 est,
2838 4080 3026 4150 aliqua
3052 4078 3473 4148 describamus,
3496 4078 3608 4134 sic-

1965 4183 2075 4240 que
2109 4170 2179 4225 ad
2214 4169 2447 4224 inicium
2480 4167 2644 4237 regni
2677 4166 3214 4239 pertendamus't.

2103 4255 2126 4277 "
2169 4255 2264 4322 B.,
2292 4253 2353 4310 d.
2393 4268 2442 4307 e.
2477 4251 2691 4308 desunt
2708 4254 2794 4321 E.,
2826 4251 2931 4309 ubi
2949 4251 3263 4323 sequentia
3282 4251 3373 4308 ita
3407 4251 3607 4323 legun-

2174 4325 2302 4381 tur:
2336 4322 2678 4379 Cuonradus
2702 4336 2803 4377 rex
2826 4323 3081 4393 moriens
3107 4335 3300 4379 coram
3330 4322 3606 4393 principi-

2168 4397 2276 4479 bus
2310 4392 2472 4479 regni
2504 4407 2697 4461 regem
2741 4392 3603 4479 designat'Hei‘nricuml,‘1ilium

2167 4464 2397 4522 Ottonis
2426 4465 2713 4534 Saxonum
2746 4464 2912 4519 ducis
2932 4478 3003 4519 ex
3024 4462 3336 4534 Luitgarda
3360 4462 3477 4519 tilia
3504 4468 3605 4519 Ar-

2166 4533 2740 4663 nulfidiemgeratoris.
2769 4535 2905 4591 Tota
2925 4547 3059 4591 vero
3087 4533 3401 4592 Saxonum
3432 4534 3606 4590 Ιιὶειο-

2166 4620 2266 4663 για
2370 4619 2428 4663 es
2468 4646 2482 4660 .

2164 4608 2266 4665 ria
2298 4608 2482 4663 deest.

2068 4680 2150 4734 *1.
2184 4684 2233 4734 δ.
2267 4675 2578 4734 Addit/ws
2604 4690 2812 4734 versus
2833 4694 2853 4731 :

2387 4767 2577 4834 Reg/es
2608 4764 2677 4821 de
2705 4766 2909 4836 styrpe
2938 4763 3175 4821 Karoli.

2033 4847 2223 4918 Stirps
2252 4845 2441 4918 Karoli
2471 4844 2655 4915 Magni
2685 4843 2916 4918 mundo,
2951 4842 3306 4918 venerabilis
3336 4841 3511 4913 omni,

2034 4914 2180 4974 Ante
2215 4917 2321 4973 fuit
2352 4916 2531 4986 clara,
2565 4914 2744 4986 Coepit
2777 4915 3005 4986 demum
3040 4914 3160 4970 fore
3191 4929 3350 4971 rara.

2031 4991 2167 5045 Leto
2201 4987 2445 5058 delente
2467 4985 2743 5058 paulatim
2779 4985 3104 5058 deficiente,

2032 5059 2328 5116 Successit
2363 5054 2583 5130 primus
2614 5056 2956 5114 Cuonradus
2987 5054 3235 5112 nominis
3266 5055 3466 5127 hujus.

1570 5178 1804 5234 VARIxE
1844 5175 2242 5235 LECTIONES.

277 5281 367 5355 ἒ¹⁰¹
403 5296 587 5355 pugna
620 5280 1005 5355 committitur
1036 5287 1084 5337 δ.
1164 5280 1255 5315 ί²⁰²
1285 5282 1319 5337 1.
1354 5288 1483 5355 erat
1514 5283 1644 5355 tri.
1680 5283 2070 5341 committitur
2099 5285 2279 5355 9°.__1_0
2312 5283 2420 5355 _11.
2499 5276 2591 5355 “‘_"
2635 5278 2958 5355 LXXIII._D.
2994 5278 3054 5332 E.
3098 5274 3228 5355 _“°f
3257 5275 3606 5355 itcjjtteft':

204 5352 626 5427 σπαθῶνταιίρω
649 5352 963 5427 recentiori
989 5366 1172 5427 manu
1202 5357 1250 5410 1.
1283 5353 1424 5427 rell.

1535 5353 1626 5387 ¹²⁰⁵
1655 5355 1939 5412 evrardus
1971 5355 2048 5409 1b.

2153 5350 2245 5385 ¹²⁰⁶
2274 5350 2596 5407 alamannia
2625 5365 2784 5408 corr.
2827 5347 3147 5404 alemanuis
3187 5353 3242 5404 1.
3328 5345 3418 5382 ⁸²⁰⁷
3448 5347 3602 5405 enim

204 5422 354 5484 euri.
384 5424 478 5482 eni
512 5424 588 5481 1b.
666 5422 757 5456 ¹²⁰⁸
777 5438 828 5480 a.
860 5423 1224 5494 Mogontinus
1253 5430 1303 5480 5.
1383 5424 1474 5459 ι²⁰⁹
1503 5441 1548 5482 s.
1581 5426 1842 5484 decimus
1872 5423 2352 5496 archiepiscopus
2385 5425 2442 5476 δ.

1829 5549 2030 5607 NOTAE

279 5643 422 5719 1231)
450 5646 824 5719 Ekkehardus
857 5645 963 5703 hoc
1002 5646 1132 5705 loco
1162 5647 1468 5706 Rudolfum
1502 5663 1695 5719 regem
1733 5649 2083 5719 Burgundiaa
2128 5646 2299 5717 hujus
2332 5643 2582 5702 nominis
2614 5642 2862 5716 primum
2892 5646 2952 5700 et
2981 5639 3178 5700 Gallia
3211 5654 3405 5711 regem
3435 5654 3597 5698 eum-

210 5715 336 5771 dem
372 5715 572 5774 habet.
