3946 6418
1112 487 1549 557 CHRONICA.
1589 524 1661 537 -—
1694 487 2170 554 CHRONICON
2214 489 2763 558 UNIVERSALE.

3525 493 3643 558 886

1482 906 1587 976 DE
1635 904 1964 973 ORIGINE
2013 902 2410 974 SAXONUM.

323 1206 570 1269 (Wmux.
604 1222 642 1277 ι,
676 1208 754 1279 2.)
787 1208 971 1279 Super
1001 1208 1224 1277 origine
1253 1209 1447 1279 gentis
1474 1209 1761 1265 Saxonum
1790 1220 1886 1262 va-
1917 1202 1971 1264 A
1998 1210 2279 1265 secuntur
2309 1211 2519 1263 tamen.
2554 1207 2654 1263 ille
2687 1213 2900 1279 autem,
2934 1212 3166 1280 sumpta
3202 1209 3399 1281 humo,
3436 1224 3540 1281 per
3571 1209 3656 1267 vi-

250 1295 333 1351 ria
379 1296 573 1367 Opinio
616 1300 723 1365 est,
777 1296 908 1352 aliis
956 1298 1367 1353 estimantibus
1397 1298 1467 1353 de
1501 1296 1672 1353 Danis
1723 1298 1890 1351 Nort-

251 1385 589 1454 mannisque
613 1400 715 1442 eos
736 1385 1015 1455 originem
1046 1386 1306 1454 duxisse,
1342 1386 1471 1442 aliis
1495 1400 1649 1455 vero,
1677 1384 1893 1457 quibus

251 1476 306 1526 et
341 1474 506 1529 Greci
540 1474 875 1531 consentire
925 1475 1219 1541 dicuntur,
1263 1489 1363 1531 eos
1394 1475 1673 1544 reliquias
1707 1473 1889 1529 fuisse

248 1562 596 1617 Macedonici
619 1563 937 1632 exercitus,
970 1564 1064 1633 qui
1090 1567 1330 1620 secutus
1356 1564 1614 1632 Magnum
1653 1562 1893 1618 Alexan-

252 1649 439 1717 drum,
474 1649 779 1706 immatura
811 1651 994 1723 ipsius
1027 1656 1212 1708 morte
1237 1666 1344 1723 per
1371 1656 1556 1707 totum
1579 1652 1778 1706 orbem
1813 1650 1891 1705 sit

250 1737 570 1807 dispersus.
628 1740 957 1797 Invenimus
1006 1747 1198 1796 autem
1230 1741 1284 1796 in
1315 1741 1551 1812 scriptis
1593 1740 1891 1810 cujusdam

252 1826 515 1893 (Transi.
547 1827 615 1883 ιδ’.
652 1829 866 1899 Alea),
908 1829 1080 1899 quod,
1119 1829 1468 1899 antiquitate
1499 1829 1786 1895 tradente,
1824 1829 1893 1882 ab

251 1915 447 1983 Anglis
468 1916 777 1973 Britanniae
796 1917 1000 1973 incolis
1017 1918 1131 1973 sint
1152 1918 1391 1987 egressi,
1409 1925 1464 1973 et
1482 1933 1587 1989 per
1603 1918 1893 1973 Oceanum

252 2004 612 2075 navigantes,
649 2007 966 2061 Germania;
1002 2006 1302 2062 littoribus
1335 2006 1532 2062 studio
1557 2014 1615 2061 et
1638 2005 1896 2061 necessi-

253 2097 376 2148 tate
395 2094 819 2164 querendarum
853 2095 1074 2150 sedium
1106 2096 1223 2150 sint
1254 2096 1507 2166 appuISi,
1546 2096 1600 2150 in
1634 2095 1764 2150 loco
1797 2094 1896 2165 qui

250 2186 492 2237 vocatur
515 2183 854 2249 Hathuloga,
876 2198 944 2238 eo
965 2186 1226 2253 tempore
1251 2200 1364 2254 quo
1381 2183 1770 2239 Theodericus
1794 2198 1897 2237 rex

250 2270 599 2325 Francorum
620 2274 821 2325 contra
839 2270 1226 2328 lrminfridum
1245 2272 1452 2328 ducem
1471 2273 1892 2340 Thuringorum

250 2358 550 2425 dimicans,
574 2364 788 2414 terram
813 2374 1013 2416 eorum
1033 2360 1352 2416 crudeliter
1377 2362 1530 2416 ferro
1555 2359 1809 2415 vastavit
1835 2364 1893 2413 et

253 2446 386 2515 igni.
423 2447 592 2514 (WID.
621 2463 657 2516 ι,
691 2451 721 2501 3
751 2449 902 2519 sqq.)
937 2448 1190 2518 Cumque
1225 2448 1472 2520 primum
1506 2452 1681 2506 terrae
1713 2447 1898 2517 appli-

1998 1298 2159 1357 cinos
2190 1312 2364 1369 agros
2395 1311 2564 1369 quam
2596 1297 2873 1354 subtilius
2897 1298 3088 1369 potuit
3109 1313 3233 1354 eam
3259 1298 3563 1370 dispersit,
3593 1303 3655 1356 et

1997 1394 2323 1445 castrorum
2354 1387 2479 1444 loca
2508 1388 2837 1459 occupavit.
2873 1390 2941 1444 Ut
2977 1392 3170 1445 autem
3200 1388 3477 1446 viderunt
3510 1390 3659 1449 Thu-

2000 1477 2149 1547 ringi
2171 1482 2361 1534 castra
2390 1479 2698 1546 Saxonum,
2724 1475 3112 1533 intolerabilis
3135 1476 3257 1533 visa
3286 1482 3376 1534 est
3406 1478 3493 1534 eis
3517 1493 3653 1537 res:

2000 1571 2079 1636 et,
2116 1565 2310 1623 missis
2342 1565 2574 1637 legatis,
2608 1566 2917 1636 conquesti
2952 1567 3082 1621 sunt
3128 1567 3199 1622 de
3233 1566 3452 1623 foedere
3483 1572 3656 1640 rupto

2001 1670 2068 1711 ac
2090 1654 2309 1712 violato
2328 1660 2501 1726 pacto
2520 1669 2591 1711 ex
2611 1659 2774 1726 parte
2799 1656 3105 1710 Saxonum.
3135 1657 3393 1712 Saxones
3420 1670 3659 1729 respon-

2002 1743 2216 1799 derunt
2247 1757 2309 1800 se
2342 1744 2626 1800 hactenus
2669 1743 2857 1799 foedus
2898 1742 3317 1800 inviolabiliter
3358 1758 3656 1816 servasse,

2004 1835 2221 1888 terram
2260 1846 2400 1888 vero
2438 1831 2679 1903 prOprio
2717 1846 2860 1888 auro
2899 1837 3294 1903 comparatam
3340 1848 3471 1889 cum
3516 1848 3659 1906 pace

2005 1919 2153 1975 velle
2184 1920 2451 1976 obtinere
2475 1925 2572 1976 aut
2597 1924 2759 1976 certe
2793 1920 2969 1975 armis
3002 1919 3339 1977 defendere.
3373 1921 3471 1978 llis
3499 1921 3661 1978 audi-

2004 2008 2099 2078 tis,
2126 2008 2330 2067 incolze
2364 2013 2649 2081 ceperunt
2682 2022 2886 2065 aurum
2918 2009 3394 2079 Saxonicumjam
3423 2009 3662 2066 maledi-

2004 2111 2158 2163 cere,
2193 2102 2249 2152 et
2286 2112 2453 2168 quem
2488 2096 2658 2168 paulo
2690 2101 2825 2153 ante
2859 2095 3082 2152 felicem
3116 2097 3524 2169 predicabant,
3564 2114 3662 2156 au-

2005 2189 2225 2240 ctorem
2260 2185 2604 2256 perditionis
2636 2200 2757 2242 suae
2799 2188 2973 2254 atque
3004 2185 3263 2255 regionis
3298 2187 3654 2243 fatebantur.

2005 2274 2094 2328 Ira
2127 2273 2337 2329 deinde
2367 2273 2619 2341 accensi,
2650 2288 2805 2329 caeo)
2836 2277 3020 2329 marte
3051 2273 3176 2329 sine
3205 2274 3411 2330 ordine
3442 2279 3502 2331 et
3533 2275 3659 2332 sine

2006 2360 2247 2417 consilio
2281 2361 2510 2417 irruunt
2545 2362 2601 2417 in
2632 2366 2845 2417 castra.
2882 2363 3138 2418 Saxones
3169 2376 3309 2419 vero
3339 2364 3530 2434 parati
3561 2365 3660 2420 ho-

2008 2454 2128 2505 stes
2160 2450 2460 2520 excipiunt
2494 2453 2906 2520 sternuntque,
2935 2454 2994 2505 et
3027 2450 3200 2506 rebus
3241 2466 3523 2523 prospere
3563 2467 3661 2522 ge-

251 2536 532 2601 cuisscnt,
579 2536 779 2592 incolze
819 2537 1004 2607 ipsius
1043 2540 1236 2606 terrae,
1279 2537 1375 2607 qui
1406 2535 1683 2605 Thuringi
1719 2535 1895 2590 fuisse
1930 2557 1980 2616 Β
2010 2537 2136 2606 stis,
2172 2538 2437 2608 proxima
2466 2537 2844 2593 circumcirca
2879 2538 3007 2595 loca
3031 2538 3161 2608 jure
3193 2538 3327 2594 belli
3365 2539 3654 2596 obtinent.

254 2624 585 2693 traduntur,
606 2624 716 2679 adv
731 2629 917 2681 intum
939 2639 1135 2681 eorum
1155 2626 1416 2694 graviter
1442 2626 1714 2689 ferentes,
1738 2636 1895 2679 arma

253 2715 456 2765 contra
476 2725 578 2767 eos
599 2716 934 2777 moverunt;
959 2713 1215 2767 Saxones
1231 2727 1369 2767 vero
1389 2713 1601 2768 acriter
1622 2711 1898 2767 resisten-

255 2804 362 2869 tes,
392 2803 619 2870 portum
644 2800 1053 2856 obtinuerunt.
1095 2800 1199 2858 Diu
1231 2800 1440 2856 deinde
1471 2801 1624 2864 inter
1648 2814 1710 2855 se
1735 2798 1900 2854 dimi-

252 2887 542 2958 cantibus,
575 2892 635 2945 et
665 2887 866 2944 multis
906 2888 1038 2944 hinc
1080 2888 1212 2944 inde
1250 2887 1619 2957 cadentibus,
1660 2889 1894 2944 tandem

253 2975 517 3046 utrisque
568 2975 787 3048 placuit
819 2976 889 3032 de
918 2966 1059 3048 pacé
1110 2981 1397 3041 tractare;
1449 2976 1770 3047 initumque
1803 2980 1892 3032 est

252 3065 438 3120 fmdus
476 3079 544 3120 eo
586 3070 777 3136 pacto,
812 3080 925 3136 quo
968 3065 1247 3121 haberent
1299 3068 1553 3122 Saxones
1603 3065 1890 3121 vendendi

247 3152 591 3222 emendique
622 3153 869 3224 copiam,
901 3158 1161 3210 ceterum
1185 3154 1256 3209 ab
1281 3154 1456 3223 agris,
1483 3169 1511 3208 a
1536 3154 1678 3209 cede
1713 3153 1893 3208 homi-

251 3255 382 3296 num
401 3245 576 3311 atque
594 3241 813 3312 rapinis
831 3242 1192 3298 abstinerent
1211 3259 1224 3307 ;
1241 3242 1525 3311 stetitque
1540 3241 1682 3297 illud
1704 3241 1891 3297 foedus

250 3329 667 3386 inviolabiliter
685 3330 882 3388 multis
900 3330 1124 3386 diebus.
1152 3332 1406 3401 Cumque
1431 3330 1756 3387 Saxonibus
1774 3330 1891 3399 jam

253 3416 562 3474 defecisset
587 3418 849 3489 pecunia,
873 3419 1010 3489 quid
1031 3423 1289 3474 emerent
1313 3424 1413 3475 aut
1436 3418 1751 3474 venderent
1778 3433 1891 3474 non

254 3504 555 3576 habentes,
596 3505 859 3563 inutilem
892 3506 1001 3563 sibi
1037 3522 1234 3578 pacem
1266 3521 1396 3563 esse
1429 3506 1700 3563 arbitrati
1733 3510 1888 3562 sunt.

254 3594 328 3648 Ea
345 3593 885 3666 igiturtempestate
899 3596 1145 3665 contigit
1161 3596 1589 3652 adolescentem
1608 3597 1892 3667 quendam

252 3681 451 3749 egredi
471 3682 541 3737 de
559 3682 826 3751 navibus,
853 3686 1155 3740 oneratum
1183 3683 1364 3739 multo
1383 3699 1545 3748 auro,
1568 3689 1775 3754 torque
1799 3700 1897 3741 au-

257 3783 375 3839 rea,
416 3769 704 3841 simulque
743 3771 988 3827 armillis
1027 3771 1244 3828 aureis.
1286 3772 1387 3828 Cui
1426 3773 1630 3830 obvius
1664 3773 1895 3845 quidam

250 3858 702 3928 Thuringorum:
725 3859 883 3924 Quid
898 3859 1013 3917 sibi
1028 3860 1176 3929 vult,
1195 3860 1402 3932 inquit,
1420 3862 1543 3917 tam
1563 3863 1772 3933 ingens
1792 3876 1896 3918 au-

249 3962 386 4004 rum
406 3948 567 4006 circa
586 3948 842 4019 tumufa
853 3950 1115 4006 melicam
1142 3949 1392 4005 collum?
1424 3952 1779 4021 Emptorem,
1817 3951 1899 4007 iu-

252 4036 398 4107 quit,
423 4049 656 4106 quae;
680 4036 761 4093 ad
786 4037 953 4094 nihil
968 4037 1143 4093 aliud
1159 4038 1327 4094 istud
1346 4052 1562 4094 aurum
1583 4052 1745 4109 gero.
1785 4040 1899 4104 Qui

249 4123 921 4196 euimfamepericliior,
943 4138 1058 4194 quo
1077 4137 1226 4179 auro
1244 4125 1493 4181 delecter
1506 4125 1531 4177 ?
1556 4129 1623 4181 At
1646 4126 1742 4181 illo
1764 4142 1896 4196 qua-

253 4212 474 4267 litatem
497 4211 1000 4282 quantitatemque
1022 4212 1203 4282 precii
1228 4217 1499 4281 rogante:
1521 4214 1790 4284 Nullum,
1818 4215 1900 4269 in-

252 4299 378 4369 quit
402 4300 572 4365 Saxo,
605 4297 758 4356 mihi
786 4298 877 4355 est
897 4299 1221 4356 discrimen
1250 4300 1317 4355 iu
1336 4299 1579 4371 precio;
1607 4302 1902 4373 quicquid

248 4387 422 4445 dabis
445 4387 692 4460 gratum
719 4387 920 4444 habeo.
955 4386 1059 4443 Ille
1086 4402 1225 4444 vero
1261 4388 1571 4445 subridens
1599 4408 1610 4443 :
1638 4390 1795 4456 Quid
1822 4391 1897 4461 si,

254 4476 462 4547 inquit,
494 4476 564 4534 de
584 4476 827 4546 pulvere
850 4475 966 4533 ista
990 4477 1188 4533 sinum
1219 4476 1330 4534 tibi
1356 4477 1607 4547 impleo?
1638 4479 1774 4533 Erat
1806 4494 1902 4534 au-

251 4571 369 4622 tem
395 4563 651 4637 presenti
676 4563 804 4620 loco
825 4568 1025 4634 egesta
1052 4564 1262 4620 humus
1287 4565 1551 4636 plurima.
1588 4567 1732 4622 Saxo
1759 4562 1901 4621 nihil

252 4658 563 4710 cunctatus
612 4652 801 4724 aperit
850 4652 1039 4709 sinum
1073 4658 1131 4708 et
1167 4653 1379 4724 accipit
1430 4653 1688 4723 humum,
1744 4654 1902 4710 illico

250 4741 541 4811 Thuringo
562 4740 804 4797 tradens
826 4755 1060 4805 aurum;
1093 4740 1364 4812 letusque
1388 4742 1457 4798 ad
1482 4758 1621 4799 suos
1655 4747 1714 4799 ut
1757 4758 1901 4813 rque

256 4831 425 4886 redit.
457 4830 727 4899 Thuringi
758 4829 1109 4898 Thuringum
1141 4828 1412 4886 laudibus
1447 4830 1516 4885 ad
1546 4832 1758 4888 coelum
1797 4831 1904 4885 tol-

256 4916 403 4987 lunt,
431 4918 528 4989 qui
554 4918 735 4975 nobili
759 4919 961 4973 fraude
984 4919 1261 4973 Saxonem
1286 4919 1582 4989 deceperit
1608 4937 1621 4985 ;
1648 4921 1904 4976 fortuna-

261 5009 500 5077 tumque
538 5021 669 5063 eum
713 5006 866 5062 inter
904 5020 1105 5063 omnes
1145 5007 1420 5063 mortales
1465 5008 1643 5064 fuisse
1677 5009 1772 5079 qui
1803 5010 1902 5064 vili

263 5094 459 5164 precio
484 5096 598 5149 tam
620 5094 824 5164 ingens
847 5110 1048 5151 aurum
1077 5095 1424 5166 possederit.
1462 5097 1731 5151 Ceterum
1755 5098 1901 5153 certi

261 5182 332 5238 de
364 5181 629 5250 victoria,
655 5182 724 5237 de
754 5183 1076 5239 Saxonibus
1097 5182 1214 5253 jam
1245 5183 1409 5254 quasi
1441 5185 1898 5255 triumphabant.

1928 3910 1978 3974 C
1998 3956 2001 3959 λ

1996 4041 2195 4111 daret,
2239 4040 2499 4110 rogabat.
2539 4039 2622 4095 Ad
2663 4041 2784 4097 haec
2825 4040 3195 4097 Irminl‘ridus
3234 4056 3361 4097 cum
3410 4041 3657 4110 benigne

2008 2625 2113 2681 Diu
2166 2626 2362 2696 itaque
2407 2640 2536 2682 cum
2571 2627 2642 2680 ab
2673 2625 2978 2682 alterutris
3026 2631 3339 2697 pugnatum
3391 2628 3563 2698 foret,
3598 2632 3657 2684 et

2006 2714 2278 2785 Thuringi
2312 2716 2566 2771 Saxones
2590 2714 2701 2770 sibi
2726 2714 3063 2785 superiores
3088 2716 3210 2771 fore
3234 2715 3529 2784 viderent,
3553 2730 3659 2787 per

2008 2802 2408 2859 internuncios
2440 2803 2733 2874 paciﬁcari
2767 2818 2898 2859 cum
2932 2804 3018 2859 eis
3049 2808 3321 2874 querunt,
3354 2818 3574 2874 eosque
3600 2804 3655 2860 in

2006 2894 2163 2948 terra
2196 2906 2367 2961 quam
2398 2896 2751 2962 acceperunt
2785 2891 2993 2948 cedere
3025 2892 3375 2949 concedunt.

2077 2978 2169 3048 (θ.
2207 2980 2421 3036 Frauc.
2457 2994 2502 3036 ο.
2538 2983 2623 3036 l9.
2658 3011 2726 3020 -—
2755 2982 2900 3036 WID.
2940 2996 2974 3051 ι,
3011 2985 3044 3036 9
3073 2982 3240 3052 sqq.)
3286 2982 3363 3037 Eo
3394 2984 3659 3053 tempore

2005 3072 2235 3124 mortuo
2260 3067 2550 3123 Clodoveo
2571 3082 2706 3136 rege
2730 3070 3100 3138 Francorum,
3130 3073 3383 3138 quatuor
3408 3068 3509 3124 ﬁlii
3532 3068 3659 3139 ejus

2003 3171 2243 3227 regnum
2263 3157 2448 3226 ipsius
2464 3155 2753 3226 equaliter
2773 3156 3117 3213 diviserunt.
3142 3158 3222 3211 Ex
3243 3156 3454 3226 quibus
3474 3158 3661 3213 The0'

2004 3245 2239 3301 dericus
2261 3259 2391 3300 cum
2417 3243 2778 3299 Austrasiam
2801 3244 3147 3314 accepisset,
3179 3245 3347 3314 cujus
3372 3245 3532 3314 regni
3565 3246 3663 3300 se'

2003 3334 2106 3390 des
2128 3331 2281 3404 apud
2303 3334 2639 3388 Mettensem
2667 3332 2771 3386 fuit
2796 3332 3116 3401 civitatem,
3157 3332 3389 3388 mittere
3418 3333 3659 3388 curavit

2003 3421 2351 3490 legationem
2370 3420 2441 3475 ad
2463 3420 2854 3476 Irminl‘ridum
2882 3435 3074 3489 regem
3096 3420 3520 3490 Thuringorum
3548 3437 3657 3492 pro

2005 3524 2145 3582 pace
2176 3514 2232 3564 et
2264 3507 2596 3577 concordia,
2646 3507 2925 3563 mandans
2956 3508 3007 3563 ei
3042 3523 3152 3563 non
3189 3523 3248 3565 se
3289 3523 3506 3578 cupere
3542 3509 3654 3565 sibi

2003 3613 2139 3656 esse
2167 3599 2460 3655 dominum
2501 3596 2600 3654 sed
2633 3597 2901 3668 amicum,
2945 3613 3053 3654 non
3099 3598 3514 3669 imperatorem
3555 3598 3659 3656 sed

2007 3689 2413 3759 propinquum,
2457 3685 3032 3758 propinquitatisque
3063 3687 3193 3756 jura
3235 3686 3657 3743 inviolabiliter

2006 3790 2066 3831 se
2089 3774 2239 3831 velle
2267 3787 2845 3830 servare—sororem
2865 3775 3080 3846 quippe
3098 3774 3435 3831 Theoderici
3458 3776 3659 3831 Irmin-

2009 3865 2196 3921 i‘ridus
2227 3867 2567 3935 acceperat;
2590 3894 2657 3903 —-
2681 3867 2907 3921 tantum
2934 3870 2992 3921 ut
3020 3879 3046 3919 a
3075 3863 3272 3936 pepuli
3311 3866 3656 3921 Francorum

2006 3953 2340 4019 concordia,
2359 3952 2454 4023 qui
2474 3966 2601 4009 eum
2624 3967 2816 4022 regem
2834 3954 3287 4018 constituerant,
3308 3968 3418 4008 non
3437 3953 3659 4010 discor-

2009 4127 2392 4198 responderet
2438 4129 2789 4182 Francorum
2832 4131 3052 4183 statuta
3088 4127 3195 4183 sibi
3231 4128 3482 4197 placere,
3514 4144 3657 4198 pace

2007 4212 2356 4268 omnimodis
2376 4226 2440 4268 se
2464 4211 2745 4281 indigere,
2772 4227 2949 4283 super
2973 4214 3208 4283 negotio
3233 4215 3396 4284 regni
3424 4230 3660 4286 respon-

2007 4301 2226 4358 sionem
2258 4313 2421 4355 suam
2455 4300 2509 4354 in
2544 4299 2857 4357 amicorum
2888 4301 3246 4371 presentiam
3277 4317 3340 4360 se
3373 4304 3521 4359 velle
3552 4304 3660 4359 diti

2013 4390 2182 4458 ferre,
2218 4387 2461 4444 audiens
2492 4387 2691 4457 regina
2723 4387 2978 4458 legatum
3012 4390 3212 4447 fratris
3244 4394 3657 4462 supervenisse

2007 4481 2066 4533 et
2084 4491 2262 4547 super
2278 4474 2512 4545 negotio
2530 4475 2690 4545 regni
2712 4491 2843 4532 cum
2864 4491 2999 4547 rege
3022 4478 3282 4534 locutum
3308 4479 3508 4547 fuisse,
3533 4481 3655 4550 egit

2010 4580 2139 4621 cum
2182 4564 2373 4633 lringo
2414 4563 2597 4619 milite
2630 4564 2805 4635 regis,
2838 4564 2934 4634 qui
2966 4569 3094 4621 erat
3126 4565 3216 4621 vir
3246 4566 3455 4637 audax,
3494 4568 3661 4625 fortis

2012 4667 2203 4723 manu,
2257 4667 2391 4708 acer
2440 4652 2693 4723 ingenio,
2745 4656 2954 4709 acutus
3002 4652 3268 4725 consilio,
3305 4655 3573 4726 pertinax
3603 4657 3661 4714 in

2013 4743 2191 4798 rebus
2214 4740 2474 4811 agendis,
2502 4740 2688 4798 facilis
2709 4740 2779 4796 ad
2804 4740 3102 4798 suadenda
3126 4756 3253 4813 quae
3275 4742 3474 4813 vellet,
3509 4746 3662 4801 unde

2011 4834 2073 4885 et
2103 4830 2354 4886 animum
2410 4828 2565 4899 regis
2600 4829 2711 4886 sibi
2751 4835 3125 4899 conuexerat,
3170 4834 3234 4887 ut
3275 4830 3497 4902 pariter
3537 4833 3658 4902 regi

2013 4918 2326 4974 suaderent
2379 4932 2617 4988 regnum
2660 4917 2773 4975 sibi
2815 4917 2944 4988 jure
2978 4918 3335 4975 hereditario
3382 4919 3658 4990 cessisse,

2014 5010 2220 5077 utpote
2268 5002 2397 5076 quia
2447 5006 2559 5061 filia
2608 5005 2763 5075 regis
2800 5009 2958 5062 esset
2992 5010 3053 5063 et
3085 5007 3319 5077 reginas,
3352 5006 3662 5064 Theoderi-

2015 5108 2146 5149 cum
2168 5107 2310 5148 VBPO
2351 5108 2518 5150 suum
2560 5108 2791 5150 servum
2834 5108 2988 5165 esse,
3021 5099 3313 5166 tamquam
3348 5110 3420 5151 ex
3450 5110 3662 5153 concu-

2019 5181 2147 5236 bina
2196 5184 2416 5251 natum,
2451 5186 2511 5237 et
2542 5181 2672 5238 ideo
2706 5181 2982 5239 indecens
3032 5183 3153 5239 fore
3203 5184 3444 5256 proprio
3488 5198 3661 5241 servo

261 5271 487 5327 Interea
539 5270 687 5326 Saxo
735 5271 999 5341 privatus
1037 5286 1200 5341 auro,
1244 5276 1523 5328 oneratus
1554 5287 1690 5328 vero
1724 5275 1901 5331 multa
1936 5260 1986 5318 D
2019 5283 2223 5326 manus
2265 5284 2515 5340 unquam
2556 5270 2715 5325 dare.
2752 5271 3098 5328 Convocatis
3128 5286 3268 5342 ergo
3300 5272 3662 5345 principibus

263 5357 454 5427 humo,
486 5359 792 5430 appropiat
824 5360 1084 5416 navibus.
1112 5360 1294 5417 Sociis
1316 5359 1496 5429 igitur
1518 5361 1569 5416 ei
1594 5377 1906 5419 occurren-

262 5444 419 5501 tibus
450 5450 508 5502 et
542 5445 678 5517 quid
719 5450 918 5515 ageret
960 5448 1419 5520 ammirantibus,
1455 5449 1550 5505 alii
1583 5450 1902 5507 amicorum

261 5548 387 5589 eum
414 5532 659 5590 irridere
681 5538 1006 5606 cmperunt,
1034 5535 1130 5591 alii
1155 5551 1422 5608 arguere,
1454 5553 1655 5595 omnes
1684 5539 1903 5610 pariter

261 5637 391 5679 eum
424 5624 706 5679 amentem
736 5621 1133 5681 crediderunt.
1164 5612 1234 5680 At
1256 5625 1373 5695 ille,
1408 5625 1702 5697 postulato
1733 5626 1904 5683 silen-

262 5712 346 5766 tio
363 5730 374 5765 :
389 5712 509 5782 Sey
517 5712 732 5768 uimiui
747 5726 855 5782 me,
878 5712 972 5782 inq
985 5712 1087 5781 uit,
1109 5714 1316 5784 optimi
1330 5717 1620 5784 Salmonea,
1642 5715 1703 5771 et
1712 5730 1904 5772 meum

261 5799 422 5858 vobis
435 5800 760 5857 amentium
763 5800 1100 5872 probabilis
1114 5802 1336 5859 utilem.
1357 5805 1428 5859 At
1445 5803 1544 5870 illi,
1567 5803 1700 5860 licet
1717 5802 1897 5871 dubii,

2017 5362 2070 5412 et
2107 5358 2459 5414 necessariis
2509 5358 2730 5429 amicis,
2791 5360 3156 5417 lrmini‘ridus
3185 5361 3362 5417 verba
3396 5359 3570 5431 legati
3605 5361 3660 5417 in

2017 5446 2308 5517 prcsentia
2338 5461 2540 5504 eorum
2574 5446 2840 5504 contulit.
2879 5449 2949 5503 At
2974 5448 3056 5503 illi
3084 5448 3432 5505 unanimiter
3456 5450 3663 5508 suade-

2017 5537 2174 5605 bant,
2196 5550 2324 5606 quin
2343 5536 2502 5606 pacis
2518 5540 2577 5593 et
2598 5535 2923 5594 concordiae
2947 5541 3082 5594 sunt
3106 5551 3235 5594 eum
3259 5538 3500 5610 sentire,
3527 5539 3660 5611 quia

2017 5625 2268 5696 impetus
2308 5625 2659 5682 Francorum
2690 5626 2841 5682 ferre
2874 5640 2984 5682 non
3017 5630 3251 5698 posset;
3282 5627 3530 5685 maxime
3563 5630 3661 5700 qui

2012 5714 2341 5772 acrioribus
2367 5714 2620 5771 hostium
2643 5714 2821 5771 armis
2841 5729 2915 5772 ex
2935 5714 3047 5772 alia
3072 5718 3239 5788 parte
3269 5722 3657 5789 premeretur.

2014 5802 2170 5873 [ring
2187 5817 2345 5872 vero,
2363 5801 2597 5860 lascivae
2617 5803 2880 5862 mulieris
2898 5804 3269 5861 satisfaciens
3286 5805 3454 5871 votis,
3474 5803 3657 5861 suasit
