3934 6470
296 418 412 482 887

1458 412 1569 475 ΕΚ
1580 408 1940 475 KEHARDI
1986 407 2544 477 URAUGIENSIS

3591 420 3722 482 888

303 553 632 612 lrminfrido
666 555 900 613 Francis
931 553 1143 613 cedere
1166 571 1277 612 non
1303 553 1536 623 debere,
1572 565 1749 624 super
1779 562 1950 619 nego-
1977 541 2034 605 A
2066 546 2205 606 licet
2232 550 2428 619 lassa;
2453 565 2585 625 qua
2610 552 2807 613 tamen
2839 554 3038 612 omnia
3066 552 3272 612 nostra
3303 554 3724 629 redintegran-

304 646 383 701 tio
415 648 577 717 regni
623 648 929 717 justiarem
963 663 1021 704 se
1050 662 1284 704 causam
1324 648 1562 715 habere,
1604 644 1786 699 latum
1825 654 1950 711 pre-

300 740 458 791 terea
486 737 810 807 imperium,
839 737 1083 792 militum
1115 752 1316 793 manus
1338 740 1396 792 et
1420 750 1576 791 arma
1601 738 1950 799 ceterasque

303 825 435 879 belli
467 827 663 895 copias
695 827 804 882 sibi
836 842 901 881 ac
928 826 1285 882 Theoderico
1316 840 1516 896 parum
1552 836 1717 892 {eque
1752 830 1954 890 proce-

2065 639 2163 695 tur
2193 639 2481 699 absentia.
2517 645 2866 702 Indecorum
2895 646 2982 702 est
3014 644 3353 713 uictoribus,
3387 647 3562 704 cictsis
3589 649 3723 707 cin-

2065 730 2236 787 cendi
2260 731 2447 788 locum
2471 734 2632 790 dare.
2660 737 2819 792 Num
2841 735 3108 801 sinyutis
3141 734 3384 791 urbibus
3412 738 3726 797 amminis-

2075 816 2297 878 tranda
2334 826 2662 895 suﬁcimus
2693 826 3007 898 presidia?
3042 826 3125 881 Et
3159 838 3259 879 ea:
3289 840 3481 884 omnes
3516 830 3731 899 perdi-

302 913 458 968 dcrc.
498 918 594 969 llis
628 917 806 981 igitur
834 915 1207 974 lrminl‘ridus
1244 929 1578 987 persuasus,
1634 909 1952 987 secundum
2064 924 2233 980 mus;
2268 912 2407 970 dum
2448 916 2600 972 imus
2632 917 2690 972 et
2715 916 3000 974 redimus.
3048 918 3176 971 "me
3207 930 3275 969 co
3311 924 3726 988 prosequente,

300 1005 419 1059 hzcc
452 1006 625 1061 verba
666 1006 860 1075 legato
891 1006 1215 1077 respondit,
1248 1006 1568 1062 amiciciam
1599 1005 1832 1076 quidem
1864 992 1954 1060 sul

301 1099 354 1148 ct
384 1095 882 1165 propinquitatem
903 1096 1259 1152 Theoderico
1280 1111 1392 1151 non
1412 1109 1642 1165 negare,
1667 1094 1866 1150 mirari
1894 1108 1957 1149 se

302 1187 493 1238 tamen
545 1184 691 1239 satis
732 1200 843 1240 non
879 1200 1050 1256 posse
1100 1184 1388 1254 quomodo
1440 1199 1727 1255 usurpare
1777 1182 1958 1239 vellet

302 1272 464 1342 prius
497 1273 800 1343 imperium
826 1289 993 1345 quam
1023 1274 1387 1341 libertatem;
1421 1288 1650 1329 servum
1675 1271 1837 1328 illum
1864 1284 1959 1327 na-

300 1367 444 1431 tum,
480 1368 538 1417 ct
574 1364 865 1432 quomodo
906 1364 994 1420 sui
1041 1368 1316 1435 quereret
1357 1362 1706 1428 dominium;
1752 1375 1811 1417 se
1845 1374 1958 1415 non

303 1466 475 1521 posse
508 1454 746 1523 proprio
782 1468 952 1508 servo
986 1468 1187 1509 manus
1217 1452 1374 1508 dare.
1414 1452 1662 1520 Legatus
1695 1449 1785 1505 his
1817 1449 1960 1504 satis

300 1546 631 1597 commotus
669 1561 680 1595 :
714 1542 979 1611 Mallem,
1023 1542 1229 1613 inquit,
1274 1542 1382 1598 hoc
1416 1541 1600 1612 caput
1622 1554 1817 1596 meum
1851 1536 1962 1593 tibi

303 1628 563 1693 tradere,
599 1646 777 1701 quam
804 1632 1148 1702 liujusmodi
1166 1631 1347 1688 verba
1368 1645 1407 1687 a
1430 1632 1482 1686 te
1503 1630 1740 1698 audire,
1771 1628 1965 1685 sciens

310 1731 379 1773 ea
400 1720 584 1775 multo
607 1721 903 1790 sanguine
923 1721 1287 1777 Francorum
1311 1720 1492 1790 atque
1528 1718 1967 1788 Thuringorum

302 1806 607 1863 diluenda.
645 1810 711 1863 Et
749 1810 870 1865 lucc
904 1809 1107 1865 dicens
1140 1823 1415 1865 reversus
1445 1811 1538 1863 est
1560 1806 1631 1863 ad
1657 1804 1968 1862 Theoderi-

2068 1000 2292 1072 placuit
2312 1004 2663 1061 Theoderico
2699 1005 3083 1075 omnibusque
3116 1005 3379 1062 victoria
3402 1006 3585 1064 avidis
3609 1024 3730 1065 ma-

2072 1107 2208 1149 nere
2242 1093 2292 1148 in
2326 1095 2557 1161 castris,
2600 1101 2655 1150 et
2702 1096 2931 1151 mittere
2974 1095 3042 1149 ad
3085 1096 3374 1165 Saxones,
3419 1097 3726 1169 Thuringis

2073 1179 2187 1250 jam
2222 1182 2359 1239 olim
2396 1183 2681 1253 inimicos,
2713 1188 2770 1237 ut
2796 1184 2845 1240 ei
2871 1189 3070 1238 essent
3096 1183 3331 1254 auxilio,
3356 1200 3419 1241 ea
3446 1186 3727 1244 conditio-

2072 1287 2161 1343 ne,
2187 1276 2245 1328 ut
2270 1272 2316 1327 si
2336 1273 2638 1329 vincerent
2671 1272 3059 1329 Irminl‘ridum
3086 1274 3404 1344 urbemque
3427 1281 3724 1346 caperent,

2073 1366 2290 1416 terram
2323 1362 2408 1417 eis
2440 1362 2493 1416 in
2520 1361 2907 1418 hereditatem
2943 1366 3280 1431 perpetuam
3315 1363 3592 1419 traderet.
3629 1367 3731 1421 Sa-

2076 1466 2256 1506 xones
2304 1450 2479 1507 nichil
2531 1451 2812 1519 cunctati,
2866 1466 3069 1507 novem
3111 1451 3288 1506 duces
3318 1467 3447 1507 cum
3480 1453 3726 1524 singulis

2076 1541 2312 1598 milibus
2343 1541 2587 1596 militum
2622 1541 3014 1596 destinabant.
3063 1543 3127 1597 Et
3174 1542 3422 1610 ingressi
3453 1543 3630 1600 duces
3665 1545 3721 1600 in

2077 1635 2293 1699 castra,
2325 1629 2536 1700 singuli
2562 1646 2691 1686 cum
2713 1631 2978 1686 centenis
3004 1630 3309 1701 militibus,
3335 1620 3555 1701 reliqua
3582 1632 3728 1689 mul-

2080 1720 2332 1777 titudine
2374 1725 2539 1774 extra
2580 1718 2774 1775 castra
2821 1719 3045 1786 relicla,
3089 1720 3501 1776 Theodericum
3534 1723 3733 1779 verbis

2081 1809 2341 1880 paciﬁcis
2390 1809 2748 1879 salutabant,
2787 1813 2843 1865 et
2890 1810 2959 1864 ab
3002 1825 3071 1864 eo
3112 1809 3394 1880 hylariter
3444 1812 3728 1882 suscepti,

302 1906 453 1959 cum,
478 1899 533 1947 et
562 1910 688 1964 quae
718 1895 936 1952 audivit
972 1910 1082 1950 non
1113 1895 1302 1950 czelat.
1339 1893 1733 1950 Theodericus
1767 1897 1963 1948 autem
1996 1905 2050 1966 Β
2084 1898 2325 1954 dextras
2372 1898 2589 1952 dabant
2620 1903 2677 1953 et
2720 1898 3107 1967 accipiebant,
3162 1912 3340 1968 seque
3376 1897 3456 1953 illi
3491 1898 3735 1957 devotos

304 1979 539 2036 nimiam
578 1982 718 2037 iram
750 1983 915 2040 vultu
946 1978 1144 2039 celaris
1175 1999 1384 2040 sereno
1416 2003 1428 2037 :
1464 1982 1701 2053 Oportet
1725 1994 1850 2047 nos,
1886 1979 1969 2035 in-

305 2070 450 2138 quit,
482 2072 563 2127 ai
586 2075 908 2130 serricinm
938 2074 1297 2146 Irminfridi
1310 2073 1643 2145 festinare,
1676 2071 1970 2141 quatinus

304 2160 412 2231 qui
432 2160 645 2218 liberta
656 2163 707 2218 te
723 2164 1060 2233 privamur,
1084 2162 1257 2218 inani
1280 2162 1495 2219 saltem
1510 2159 1962 2231 oitafruamur-

312 2252 526 2306 Etcum
551 2251 712 2316 gravi
748 2252 1014 2308 exercitu
1049 2252 1407 2324 appropians
1442 2249 1706 2307 terminis
1729 2248 1972 2304 Thurin-

304 2356 531 2409 gorum,
560 2341 780 2397 invenit
805 2357 934 2397 eum
964 2341 1152 2397 valida
1185 2356 1415 2411 quoque
1447 2354 1616 2395 manu
1643 2353 1704 2394 se
1728 2352 1973 2408 exspec-

309 2434 526 2483 tantem
561 2428 612 2483 ia
650 2428 775 2484 loco
818 2429 911 2498 qui
957 2427 1172 2484 dicitur
1212 2427 1528 2495 Runiberg,
1563 2429 1619 2480 et
1656 2424 1969 2481 commisso

308 2517 644 2586 certamine,
668 2524 986 2588 pugnatum
1005 2522 1091 2573 est
1115 2516 1356 2587 ancipiti
1384 2514 1538 2571 bello
1564 2528 1663 2585 per
1689 2512 1927 2569 biduum
1946 2530 1972 2582 ;

306 2607 487 2661 tercia
508 2622 649 2663 vero
671 2607 763 2661 die
783 2607 976 2663 victus
1001 2605 1291 2662 [rminl‘rid
1304 2620 1369 2662 us
1388 2603 1570 2661 cessit
1589 2601 1965 2671 Theoderico,

312 2694 657 2765 fugiensque
687 2697 915 2752 tandem
941 2710 1003 2751 se
1026 2696 1249 2765 recepit
1276 2695 1331 2750 in
1357 2693 1560 2750 urbem
1593 2707 1720 2761 quae
1753 2684 1971 2746 dicifur

311 2782 642 2852 Scbidinga,
671 2785 782 2839 sita
808 2800 984 2856 super
1008 2785 1246 2840 ﬂuvium
1273 2782 1559 2839 Onestrod
1584 2777 1763 2833 “31-”.
1790 2779 1970 2834 Theo-

313 2871 549 2928 dericus
590 2877 803 2941 autem,
848 2873 1222 2942 congregatis
1260 2871 1629 2943 principibus
1670 2868 1969 2924 exercitus

314 2960 421 3027 sui,
457 2967 621 3029 rogat
655 2961 1025 3031 sententiam,
1056 2964 1383 3016 utrumnam
1416 2962 1723 3015 censerent
1759 2956 1971 3011 Irmin-

315 3047 526 3104 fridum
556 3049 1021 3120 persequendum
1042 3064 1110 3105 an
1132 3049 1379 3121 patriam
1400 3047 1809 3104 remeandum.’
1835 3047 1972 3100 Erat

315 3144 505 3193 autem
554 3140 909 3195 Theoderico
952 3154 1158 3196 servus
1202 3139 1539 3207 ingeniosus
1583 3136 1749 3205 satis,
1801 3134 1972 3204 cujus

314 3228 621 3283 consilium
640 3234 920 3298 expertus
937 3234 1026 3284 est
1043 3228 1246 3298 sepius
1268 3227 1535 3299 probum,
1554 3226 1724 3296 eique
1748 3228 1975 3296 propte‘

316 3332 414 3373 rea
447 3317 693 3387 quadam
730 3317 1125 3374 familiaritate
1160 3317 1266 3374 fuit
1303 3316 1671 3386 coniunctus.
1715 3318 1972 3384 Cumque

316 3406 547 3476 quidam
608 3410 914 3462 censerent
971 3412 1233 3462 mortuos
1285 3405 1675 3477 sepeliendos,
1737 3403 1971 3459 saucios

318 3512 497 3552 curan
528 3496 632 3557 los,
661 3501 716 3551 et
744 3496 812 3550 ad
843 3495 1117 3564 majorem
1150 3496 1473 3552 exercitum
1503 3492 1970 3563 eongregandum

321 3600 450 3640 esse
485 3584 941 3654 repatriandum,
975 3588 1215 3651 rogatus
1248 3583 1346 3638 ille
1382 3598 1588 3638 servus
1620 3580 1973 3636 sententiam

319 3674 461 3729 dixit
493 3693 503 3727 :
533 3675 604 3728 In
623 3673 798 3729 rebus
830 3671 1575 3742 honestispu'cherrimam
1600 3683 1829 3739 semper
1854 3680 1976 3724 esse

322 3762 586 3818 arbitror
605 3761 1137 3830 pirsererantiam,
1159 3774 1344 3829 quam
1362 3759 1451 3814 ita
1470 3757 1980 3826 col-ueruntmajo-

323 3865 419 3906 res
451 3850 654 3906 nostri.
704 3849 769 3903 ut
797 3862 834 3903 a
863 3848 1046 3917 captis
1084 3846 1341 3917 negotiis
1377 3860 1519 3901 raro
1552 3844 1647 3901 cel
1674 3858 1984 3916 nunquam

324 3939 394 3993 de
403 3937 656 3998 ﬁcerent.
685 3939 805 3992 Nec
824 3937 1018 3991 tamen
1038 3936 1093 3991 la
1104 3935 1265 3992 bores
1282 3936 1512 3993 nostros
1531 3949 1729 3990 eorum
1746 3943 1989 4006 (Egltan'

326 4027 428 4082 dos
452 4024 805 4096 putanerim,
832 4026 938 4096 qui
954 4024 1165 4094 parcis
1194 4023 1377 4094 copiis
1408 4024 1675 4095 ingentes
1695 4024 1993 4095 gentium-

331 4116 533 4185 copias
552 4114 999 4184 superarer-unt.
1026 4115 1202 4171 Nunc
1223 4114 1386 4170 terra
1408 4113 1428 4168 i
1452 4129 1471 4168 l
1494 4113 1701 4171 nostra
1724 4114 1811 4171 est
1828 4113 1991 4184 pote-

340 4205 527 4271 state;
556 4204 615 4259 et
639 4205 998 4261 discessione
1026 4203 1231 4259 nostra
1263 4202 1439 4262 rictis
1471 4205 1833 4261 occasionem
1860 4204 1993 4259 cin-

332 4293 502 4347 cenati
516 4290 958 4362 prestabimns?
980 4292 1375 4363 Amplecterer
1396 4292 1453 4348 et
1473 4294 1597 4363 ipse
1608 4292 1881 4363 patriam
1902 4304 1992 4347 re-

331 4382 481 4449 dire,
504 4382 890 4453 familiarem
917 4382 1413 4439 necessitudinem
1440 4382 1770 4453 procidere,
1804 4383 1859 4439 si
1892 4381 1990 4438 lioi

326 4472 469 4528 stem
489 4473 753 4529 instram
767 4487 828 4527 eo
840 4473 1042 4541 specie
1061 4473 1278 4529 scirem
1295 4484 1526 4528 cacare.
1544 4472 1668 4529 sed
1683 4473 1991 4529 culnerat-

344 4561 535 4617 nostri
547 4561 828 4632 for~:itan
857 4560 971 4617 liae
990 4574 1055 4616 re
1079 4560 1390 4630 indigent;
1410 4560 1746 4618 castrorum
1767 4573 1904 4632 ergo
1940 4560 1989 4616 ἰι

2083 1991 2142 2041 et
2193 1986 2263 2041 ad
2314 1987 2503 2042 omnia
2560 1991 2926 2057 promptosa
2971 1986 3249 2042 Saxonica
3298 1991 3471 2055 gente
3522 1988 3732 2045 missos

2083 2075 2373 2139 dicebant,
2408 2077 2611 2145 eisque
2651 2075 2811 2131 cordi
2853 2091 3005 2139 esse,
3045 2080 3143 2130 aut
3176 2075 3409 2131 vincere
3448 2075 3729 2132 velle.aut

2082 2163 2278 2219 vivere
2329 2163 2502 2220 nolle.
2559 2164 2679 2219 illis
2726 2164 2848 2219 haec
2901 2164 3301 2233 loquentibus,
3356 2163 3546 2219 mirati
3596 2172 3731 2220 sunt

2085 2251 2283 2306 Franci
2330 2256 2663 2323 prestantes
2703 2267 2948 2322 corpore
2980 2258 3037 2306 et
3079 2251 3269 2306 animo
3315 2251 3491 2321 viros,
3539 2251 3732 2308 mirati

2084 2343 2217 2395 sunt
2251 2345 2308 2395 et
2342 2339 2605 2396 habitum
2639 2357 2869 2409 novum,
2914 2356 3071 2396 arma
3120 2356 3349 2411 quoque
3383 2346 3443 2398 et
3474 2340 3737 2397 diffusam

2083 2428 2340 2498 scapulis
2372 2430 2676 2498 cesariem,
2712 2436 2763 2485 el
2804 2445 2982 2500 super
3014 2428 3202 2487 omnia
3238 2429 3530 2498 ingentem
3556 2429 3733 2485 animi

2083 2518 2490 2574 constantiam.
2538 2519 2747 2574 Vestiti
2795 2523 2988 2573 autem
3033 2523 3202 2574 erant
3243 2518 3399 2587 sagis
3438 2521 3495 2573 et
3533 2518 3739 2572 armati

2081 2604 2269 2677 longis
2319 2607 2556 2677 lanceis,
2611 2609 2965 2677 stabantque
3006 2606 3239 2663 subnixi
3281 2607 3477 2678 parvis
3517 2606 3726 2675 scutis,

2084 2693 2369 2756 habentes
2402 2697 2472 2753 ad
2509 2711 2678 2753 rencs
2710 2696 2987 2753 cullellos
3020 2710 3292 2763 magnos.
3332 2695 3573 2760 Quidam
3605 2709 3741 2750 vero

2083 2804 2155 2844 ex
2188 2787 2427 2844 Francis
2469 2786 2760 2855 dicebant,
2793 2785 2974 2841 tantis
3007 2800 3071 2840 ac
3103 2783 3321 2840 talibus
3350 2783 3548 2839 amicis
3579 2785 3746 2838 Fran-

2083 2892 2186 2934 cos
2222 2892 2332 2932 non
2369 2875 2654 2945 indigere,
2687 2889 2871 2943 genus
2905 2872 3249 2930 indomitum
3287 2874 3426 2942 fore,
3455 2877 3512 2929 et
3542 2872 3586 2927 si
3617 2888 3746 2943 pre‘

2084 2972 2306 3025 sentem
2344 2970 2561 3021 terram
2594 2956 3012 3033 inhabitareht,
3043 2978 3146 3019 eos
3170 2960 3569 3032 proculdubio
3591 2975 3743 3041 esse,

2085 3056 2181 3128 qui
2225 3058 2574 3111 Francorum
2622 3052 2971 3122 quandoque
3005 3050 3093 3084 “3‘
3127 3051 3530 3107 destruerent.
3572 3050 3746 3106 Theo-

2085 3144 2318 3200 dericus
2343 3158 2481 3198 vero
2504 3140 2761 3213 propriis
2794 3140 3155 3197 utilitatibus
3186 3140 3523 3209 consulens,
3548 3153 3602 3193 in
3628 3137 3747 3193 ﬁde

2085 3233 2341 3304 suscepit
2372 3230 2552 3300 viros,
2588 3229 2963 3299 demandans,
2990 3232 3052 3286 ut
3078 3229 3147 3284 ad
3172 3227 3613 3300 obpugnandum
3644 3242 3738 3282 ur-

2040 3303 2052 3323 ’
2089 3324 2213 3378 bem
2253 3303 2737 3393 prepararentur.
2776 3320 2848 3373 At
2881 3318 2963 3373 illi
3006 3332 3035 3373 a
3066 3334 3204 3388 rege
3247 3316 3516 3386 regressi,
3546 3318 3736 3371 castra

2087 3410 2288 3466 luetati
2321 3413 2457 3465 sunt
2494 3406 2564 3463 ad
2606 3406 2986 3464 meridianam
3016 3405 3244 3477 plagam
3279 3405 3442 3461 urbis
3473 3405 3527 3459 in
3556 3402 3738 3474 pratis

2088 3496 2262 3552 lluvio
2297 3495 2609 3565 contiguis,
2634 3496 2695 3551 et
2718 3496 2954 3565 postea
2989 3493 3081 3549 die
3117 3493 3297 3563 prima
3338 3493 3464 3549 luce
3500 3504 3739 3560 surgen-

2091 3590 2196 3652 tes,
2250 3584 2503 3654 sumptis
2552 3582 2729 3638 armis
2759 3581 3036 3653 oppidum
3084 3582 3425 3651 obpugnant
3456 3586 3514 3636 et
3549 3579 3742 3635 incen-

2091 3673 2256 3741 dunt,
2293 3671 2615 3740 statimque
2655 3669 2836 3727 aciem
2874 3670 3151 3725 ordinant
3181 3685 3252 3725 ex
3286 3670 3529 3725 adverso
3565 3671 3743 3739 port:e

2094 3757 2422 3814 orientalis.
2477 3757 2545 3811 Hi
2588 3772 2726 3814 vero
2770 3757 2866 3827 qui
2908 3757 3065 3812 intus
3100 3762 3289 3825 erant,
3325 3757 3507 3813 clausi
3543 3756 3741 3826 muris,

2097 3847 2231 3903 dum
2264 3847 2463 3903 vident
2499 3847 2654 3901 acies
2690 3845 2993 3901 ordinatas
3023 3859 3089 3900 ac
3113 3860 3175 3901 se
3200 3845 3255 3899 in
3289 3844 3514 3901 ultimis
3534 3844 3752 3901 consli-

2099 3939 2278 4004 tutos,
2306 3934 2584 3992 audacter
2609 3935 2796 4006 portis
2820 3937 3154 4003 erumpunt,
3182 3949 3455 4003 czecoque
3482 3937 3666 3990 marte
3694 3935 3744 3989 in

2101 4025 2470 4082 adversarios
2517 4024 2769 4093 irruunt,
2813 4028 2872 4079 et
2915 4022 3050 4080 telis
3096 4021 3348 4090 emissis,
3386 4036 3478 4077 res
3505 4022 3749 4092 perinde

2102 4114 2295 4184 agitur
2322 4112 2553 4183 gladiis.
2589 4113 2847 4182 Cumque
2870 4126 3045 4181 grave
3072 4110 3286 4166 bellum
3313 4109 3592 4179 oriretur,
3628 4109 3749 4181 plu-

2103 4218 2196 4259 res
2222 4203 2355 4259 hinc
2380 4201 2511 4258 inde
2534 4203 2900 4270 sternuntur,
2938 4200 3071 4255 istis
3095 4215 3200 4270 pro
3224 4198 3434 4269 patria,
3472 4214 3576 4268 pl‘O
3611 4212 3749 4254 uxo-

2104 4292 2267 4349 ribus
2316 4307 2383 4348 ac
2435 4290 2608 4360 natis,
2665 4294 2961 4361 postremo
3011 4304 3117 4359 pro
3165 4288 3282 4344 vita
3336 4287 3743 4359 pugnantibus,

2103 4382 2428 4438 Saxonibus
2454 4395 2593 4438 vero
2628 4370 2731 4452 pro
2760 4379 2943 4450 gloria
2975 4383 3035 4436 et
3071 4394 3173 4449 pro
3206 4382 3365 4434 terra
3395 4375 3745 4446 acquirenda

2102 4470 2487 4527 certantibus.
2525 4470 2782 4540 Cumque
2814 4468 3028 4539 ubique
3058 4467 3263 4525 flerent
3287 4465 3462 4523 cedes
3485 4470 3541 4521 et
3569 4463 3749 4521 ulula-

2101 4564 2199 4617 tus
2217 4564 2275 4616 et
2297 4563 2565 4617 neutrum
2585 4573 2788 4629 agmen
2810 4556 2936 4614 loco
2956 4556 3215 4625 cederet,
3230 4555 3348 4626 jam
3371 4554 3592 4611 tardior
3609 4554 3745 4609 hora

329 4648 429 4703 bar
452 4627 730 4720 impigris
751 4650 973 4705 animis
991 4663 1122 4705 reor
1139 4627 1248 4719 pro
1270 4651 1537 4705 maxime
1556 4627 1855 4719 uoluptate
1876 4649 1985 4705 est.
2017 4627 2072 4687 D
2102 4648 2349 4720 prelium
2382 4627 2641 4705 diremit;
2670 4648 2748 4703 Eo
2771 4645 2863 4701 die
2888 4662 2961 4703 ex
2981 4645 3290 4715 Thuriugis
3320 4643 3486 4700 multi
3520 4642 3749 4697 interl‘e~

331 4737 478 4793 Cesa
499 4737 886 4794 muttit-clins
904 4737 1202 4794 enercitus
1222 4737 1311 4793 est
1324 4737 1691 4794 vehementer
1712 4738 1992 4794 attenua-

331 4825 459 4895 tus;
500 4826 768 4883 hostes-ne
813 4839 1010 4882 o..znes
1048 4824 1398 4882 evaserunt?
1452 4824 1624 4882 C'erte
1657 4826 1987 4884 rarissimi.

336 4916 471 4984 Ipse
498 4930 674 4985 name
687 4930 754 4970 ue
779 4915 904 4969 dua;
924 4915 993 4969 ut
1012 4913 1287 4984 quadam
1309 4912 1553 4970 bestiola
1586 4928 1692 4971 suo
1720 4916 1997 4973 muni/ur

340 5002 611 5072 latibulo,
664 5002 833 5060 urbis
879 5002 1291 5059 cinnmtatur
1329 5002 1615 5073 claustro,
1659 5017 1765 5060 nec
1804 5006 1997 5075 ipsum

337 5091 540 5147 cretum
584 5092 767 5148 audet
805 5105 1009 5149 secure
1054 5091 1366 5162 inspicere,
1407 5078 1605 5149 nostro
1649 5093 1859 5150 timore
1910 5109 1998 5151 co-

326 5181 520 5250 gente.
547 5181 671 5238 Sed
692 5195 807 5238 non
828 5181 929 5238 des
937 5180 1044 5237 ant
1058 5180 1112 5236 ei
1115 5179 1337 5251 pecuni
1344 5192 1409 5250 ee,
1432 5180 1648 5250 quibus
1665 5184 2000 5241 conducan-

2103 4739 2205 4808 cti,
2224 4736 2389 4793 multi
2410 4735 2657 4793 sauciati
2678 4740 2836 4804 sunt,
2856 4735 2925 4792 de
2943 4734 3268 4791 Saxonibus
3291 4748 3428 4789 vero
3451 4733 3745 4788 numerata

2105 4832 2241 4884 sunt
2271 4841 2372 4883 sex
2405 4824 2558 4880 milia
2582 4840 2733 4882 cesa.
2771 4825 3022 4880 Mittitur
3056 4823 3235 4893 igitur
3266 4823 3421 4892 [ring
3451 4821 3522 4877 ab
3554 4818 3750 4874 Irmin-

2106 4914 2257 4971 l‘rido
2290 4930 2418 4972 eum
2451 4914 2703 4986 supplici
2748 4914 3038 4982 legatione
3067 4916 3124 4968 et
3154 4911 3427 4968 omnibus
3462 4907 3748 4965 thesauris

2105 5005 2228 5061 suis
2260 5004 2332 5060 ad
2361 5003 2780 5060 Theodericum
2820 5017 2927 5074 pro
2969 5016 3108 5072 pace
3138 5015 3204 5056 ac
3236 5003 3553 5071 spontanea
3596 4995 3752 5052 dedi-

2108 5095 2283 5151 tione.
2322 5095 2385 5149 Et
2419 5091 2703 5149 accedens
2734 5092 2927 5161 Iring:
2964 5092 3124 5160 Haec,
3151 5090 3252 5160 ait,
3280 5087 3392 5146 tibi
3419 5087 3591 5144 misit
3618 5086 3755 5143 tuus

2104 5182 2407 5256 attendam
2423 5183 2825 5254 propinquus,
2865 5180 3032 5236 modo
3072 5191 3296 5249 servus,
3333 5190 3575 5249 rogans,
3607 5175 3754 5231 utsi

341 5272 440 5326 tur
482 5270 758 5328 nationes
799 5269 1091 5340 barbara,
1131 5283 1249 5327 non
1288 5268 1449 5328 deest
1482 5270 1749 5330 militum
1785 5289 2000 5334 manus
2109 5270 2971 5340 nonsuimiserearis,misem
2989 5269 3202 5329 saltem
3220 5264 3758 5326 sororistmeMse-

1695 5555 1933 5612 νΑΙίΙίΕ
1978 5554 2379 5611 LECTIONES.

416 5744 577 5786 1231-“
608 5752 841 5804 unstrut
878 5754 927 5804 l5.
1009 5749 1097 5781 ³³³⁸
1131 5749 1362 5805 omnino
1395 5756 1446 5806 5.
