3934 6414
334 469 448 535 891

1494 467 1980 536 EKKEHARDI
2025 466 2582 537 URAUGIENSIS

3629 477 3748 543 892

339 605 428 663 nis
456 605 764 666 Unstrodm
797 605 1221 679 dirimuntur,a
1244 608 1646 681 septentrione
1665 606 1979 666 veroNort-
2007 600 2064 662 A
2093 604 2302 665 rabilia
2334 623 2614 667 vanarum
2638 611 3130 684 supersticionum
3147 613 3605 689 genera,quibus
3646 614 3751 672 im-

338 708 599 766 mannos,
623 699 832 765 gentes
861 695 1279 768 ferocissimas,
1313 698 1384 753 ab
1434 700 1567 754 ortu
1611 700 1805 754 autem
1837 693 1979 752 solis

339 783 676 853 Obodritos,
699 788 759 843 et
788 786 861 841 ab
884 800 1098 843 occasu
1134 787 1387 857 Friesos,
1422 801 1453 842 a
1497 786 1711 858 quibus
1744 785 1868 842 sine
1900 782 1984 840 in-

339 864 711 922 termissione
740 864 833 922 vel
892 866 1110 923 foedere
1142 866 1234 925 vel
1303 866 1741 924 concertatione
1786 865 1982 922 ﬁnium

337 968 574 1011 suorum
606 953 801 1025 spacia
836 956 1170 1012 necessario
1229 956 1566 1013 tuebantur.
1624 956 1799 1011 Erant
1831 953 1983 1009 enim

339 1041 585 1113 inquieti
621 1043 794 1099 nimis
817 1047 874 1099 et
900 1043 1277 1101 ﬁnitimorum
1304 1045 1544 1101 sedibus
1578 1044 1796 1114 infesti,
1826 1042 1982 1099 domi

337 1147 475 1189 vero
493 1132 683 1204 pacati
699 1138 756 1189 et
772 1132 983 1190 civium
1003 1133 1363 1191 utilitatibus
1378 1134 1604 1206 placida
1624 1132 1984 1204 benignitate

336 1220 734 1292 consulentes,
763 1223 999 1291 generis
1021 1239 1172 1294 quoq
1185 1238 1252 1279 ue
1275 1240 1341 1279 ac
1370 1221 1701 1279 nobilitatis
1717 1237 1835 1278 suae
1854 1236 1986 1293 pro-

335 1309 694 1367 vidissimam
719 1326 917 1368 curam
941 1312 1247 1382 habentes,
1266 1327 1369 1368 nec
1389 1312 1554 1367 facile
1577 1310 1713 1367 ullis
1740 1310 1984 1366 aliarum

335 1399 597 1467 gentium
630 1399 722 1455 vel
748 1399 857 1456 sibi
884 1400 1225 1457 inferiorum
1267 1400 1535 1457 conubiis
1588 1400 1807 1469 infecti,
1858 1415 1987 1470 pro-

340 1487 520 1558 priam
554 1491 610 1543 et
636 1488 921 1545 sinceram
947 1493 1245 1545 ettantum
1271 1490 1360 1545 sui
1388 1489 1635 1545 similem
1656 1492 1889 1558 gentem
1910 1490 1987 1543 fa-

335 1589 469 1630 cere
497 1575 693 1631 conati
724 1581 895 1647 sunt,
918 1577 1079 1632 Unde
1129 1577 1364 1634 habitus
1400 1592 1628 1648 quoque
1653 1592 1719 1632 ac
1769 1576 1987 1645 magni-

339 1662 479 1719 tudo
494 1679 803 1734 corporum
829 1666 1721 1737 comarumquecolor,tanquam
1750 1665 1804 1719 in
1822 1669 1986 1721 tanto

339 1767 579 1809 numero
600 1753 918 1825 hominum,
948 1754 1096 1810 idem
1115 1769 1258 1826 pene
1276 1755 1566 1810 omnibus.
1606 1753 1866 1819 Quatuor
1884 1753 1989 1824 igi-

341 1846 436 1897 tur
467 1841 986 1912 diﬁ‘erentiasgens
1012 1843 1107 1898 illa
1136 1843 1189 1898 in
1221 1858 1435 1913 genere
1460 1843 1686 1909 habuit,
1707 1842 1986 1898 nobilium

2094 693 2286 767 pliciti
2311 699 2684 772 tenebantur,
2701 702 3169 775 observaverint,
3188 710 3482 777 pretereo;
3508 705 3631 764 haec
3652 718 3751 763 ve-

2095 799 2161 841 ro
2176 785 2307 843 ideo
2320 790 2784 862 commemoravi,
2803 806 2917 863 quo
2934 793 3192 864 prudens
3206 792 3393 850 lector
3407 796 3687 864 agnoscat
3716 808 3747 852 a

2095 875 2332 944 quantis
2372 890 2639 936 errorum
2661 881 2926 938 tenebris
2948 895 3051 953 per
3076 882 3173 938 Dei
3190 882 3436 951 gratiam
3467 881 3751 941 sintlibe-

2095 963 2209 1019 rati
2246 982 2260 1031 ;
2280 964 2377 1036 qui
2396 968 2966 1038 erant,sieutomnes
2989 971 3257 1028 nationes
3273 971 3635 1029 Germaniam
3662 972 3747 1028 in-

2097 1050 2381 1124 colentes,
2415 1059 2471 1110 et
2510 1060 2711 1113 natura
2762 1058 2986 1115 feroces
3008 1062 3063 1115 et
3090 1058 3274 1116 cultui
3301 1060 3623 1118 daemonum
3644 1060 3748 1118 de-

2098 1139 2201 1196 diti
2237 1156 2507 1215 verasque
2530 1145 3312 1219 religionicontrarii,neque
3329 1148 3520 1206 divina
3553 1164 3743 1221 neque

2096 1227 2344 1286 humana
2373 1232 2507 1303 juro
2540 1235 2875 1305 transgredi
2936 1236 3206 1294 illicitum
3230 1237 3322 1295 vel
3366 1238 3742 1297 inhonestum

2098 1324 2391 1389 putantes.
2425 1321 2584 1378 Unde
2616 1323 2829 1381 factum
2862 1330 2950 1382 est
2986 1326 3139 1397 quod
3173 1343 3303 1383 cum
3323 1326 3579 1384 ﬁnitimis
3595 1328 3740 1397 suis,

2097 1410 2154 1462 et
2189 1410 2435 1467 maxime
2457 1426 2585 1468 cum
2609 1414 2863 1484 Francis,
2892 1414 3028 1471 lites
3076 1419 3252 1486 atque
3281 1416 3609 1474 discordias
3642 1415 3743 1473 ha-

2101 1496 2477 1570 bebant,quia
2538 1502 2816 1558 suberant
2866 1518 3057 1562 causae
3104 1519 3233 1575 quae
3263 1506 3507 1561 cottidie
3544 1520 3742 1577 pacem

2100 1587 2447 1656 perturbare
2506 1595 2799 1662 poterant,
2836 1593 3065 1648 termini
3115 1593 3392 1650 videlicet
3442 1597 3743 1665 amborum

2103 1690 2247 1746 pene
2270 1677 2484 1748 ubique
2519 1678 2573 1734 in
2596 1679 2848 1750 planicie
2877 1683 3160 1751 contigui,
3181 1688 3380 1755 preter
3399 1698 3574 1753 pauca
3594 1683 3742 1755 loca,

2103 1763 2156 1819 in
2190 1765 2403 1836 quibus
2430 1768 2521 1824 vel
2556 1769 2743 1826 saltus
2778 1771 3070 1841 magnivel
3100 1772 3379 1828 montium
3407 1774 3543 1843 juga
3573 1773 3746 1830 inter-

2105 1854 2292 1925 posita
2318 1861 2697 1928 utrorumque
2729 1874 2902 1929 agros
2916 1864 3080 1916 certo
3102 1860 3286 1917 limite
3312 1860 3740 1931 disterminant,

340 1928 564 2025 scilicet
604 1945 665 2025 ac
710 1930 1050 2025 lib‘erorum,
1097 1930 1632 2025 libertorumatque
1656 1946 1983 2025 servorum,
2018 1964 2071 2025 Β
2104 1942 2161 1998 ίη
2189 1943 2400 2014 quibus
2432 1945 2606 2002 cedes
2639 1951 2700 2003 et
2722 1928 2941 2018 rapinae
2973 1953 3150 2019 atque
3182 1949 3446 2006 incendia
3490 1928 3743 2007 vicissim

340 2022 399 2071 et
432 2018 485 2073 id
514 2018 742 2088 legibus
776 2019 1065 2075 ﬁrmatum
1097 2024 1204 2091 est,
1262 2025 1325 2076 ut
1350 2020 1506 2077 nulla
1551 2036 1685 2092 pars
1726 2020 1781 2075 in
1813 2036 1989 2092 copu-

343 2106 530 2164 landis
557 2107 845 2177 conjugiis
863 2109 1111 2179 propriae
1130 2110 1312 2166 sortis
1339 2110 1617 2166 terminos
1645 2110 1983 2180 transferat,

343 2196 442 2253 sed
474 2195 690 2253 nobilis
722 2197 971 2256 nobilem
997 2197 1171 2253 ducat
1189 2214 1427 2254 uxorem
1453 2204 1510 2254 et
1537 2197 1688 2256 liber
1720 2198 1984 2270 liberam,

344 2283 592 2341 libertus
621 2285 1011 2356 conjungatur
1036 2286 1263 2344 libertae
1295 2292 1354 2343 et
1395 2302 1602 2344 servus
1651 2285 1895 2344 ancillae.
1932 2287 1987 2342 Si

345 2390 480 2431 vero
513 2375 802 2446 quispiam
837 2376 1041 2432 horum
1077 2376 1183 2434 sibi
1208 2392 1318 2433 non
1349 2381 1765 2448 congruentem
1817 2380 1873 2432 et
1895 2391 1992 2446 ge-

344 2478 481 2520 nere
510 2465 967 2535 prestantiorem
993 2465 1230 2523 duxerit
1259 2483 1518 2537 uxorem,
1545 2482 1674 2523 cum
1700 2467 1836 2522 vitm
1868 2481 1989 2523 sua)

345 2550 552 2610 damno
584 2558 911 2626 componat.
943 2555 1190 2625 Legibus
1220 2556 1396 2613 etiam
1432 2555 1499 2611 ad
1528 2556 1843 2612 vindictam
1878 2570 1991 2611 ma-

345 2640 686 2700 lefactorum
712 2644 950 2714 optimis
972 2646 1309 2715 utebantur,
1346 2646 1592 2701 etmulta
1619 2644 1780 2700 utilia
1815 2647 1989 2714 atque

346 2730 666 2788 secundum
694 2732 882 2802 legem
911 2739 1138 2790 natura
1161 2733 1407 2790 honesta
1434 2734 1488 2789 in
1534 2749 1753 2790 morum
1800 2733 1993 2804 probi-

347 2823 465 2875 tate
497 2818 847 2876 studuerunt
879 2821 1116 2891 habere,
1141 2838 1268 2893 quae
1292 2823 1376 2879 eis
1401 2823 1471 2877 ad
1525 2836 1719 2877 veram
1746 2822 1992 2878 beatitu-

345 2905 536 2963 dinem
570 2910 1011 2979 promerendam
1044 2910 1330 2980 proﬁcere
1382 2911 1735 2982 potuissent,
1764 2910 1810 2968 si
1843 2910 1992 2966 noti-

344 2995 490 3053 ciam
519 2997 609 3053 sui
640 2997 929 3055 creatoris
944 2998 1246 3056 haberent.
1267 2998 1749 3056 Colueruntenim
1769 3015 1869 3057 eos
1893 3000 1989 3071 qui

344 3088 549 3142 natura
576 3100 687 3142 non
713 3093 881 3143 erant
911 3086 1009 3158 dii,
1054 3088 1417 3159 maximeque
1456 3089 1823 3159 Mercurium,
1896 3088 1988 3146 cui

343 3173 524 3229 certis
555 3174 762 3232 diebus
786 3175 1052 3232 humanis
1076 3191 1307 3247 quoque
1338 3177 1988 3235 hostiislitabaut.Deos

345 3276 482 3319 suos
513 3278 699 3335 neque
725 3263 960 3336 templis
1000 3264 1303 3322 includere
1332 3281 1520 3337 neque
1568 3266 1671 3323 ulli
1725 3267 1988 3323 humanae
2023 3324 2067 3345 η

343 3351 563 3423 Speciei
597 3352 921 3409 assimilare
956 3369 1059 3424 pro
1085 3354 1484 3424 magnitudine
1515 3359 1572 3412 et
1607 3355 1991 3426 dignitatedi-

340 3440 603 3498 vinitatis
634 3440 859 3498 licitum
918 3442 1189 3513 arbitrati
1244 3446 1403 3514 sunt,
1451 3443 1613 3500 lucos
1654 3460 1720 3499 ac
1752 3459 1989 3501 nemora

339 3534 756 3587 eonsecrantcs
772 3530 1127 3601 deorumque
1154 3530 1491 3587 nominibus
1505 3531 1993 3604 appellantes,se-

342 3623 566 3675 cretum
592 3617 735 3674 illud
759 3618 884 3673 sola
909 3620 1237 3675 reverentia
1270 3619 1846 3692 contemplabantur.
1886 3624 1996 3678 Au-

344 3705 527 3777 spicia
551 3710 610 3760 et
641 3710 834 3761 sortes
860 3720 1028 3776 quam
1049 3707 1293 3764 maxime
1321 3709 1995 3779 observabant,quarum

340 3794 967 3851 sortiumconsuetudo
993 3796 1243 3867 simplex
1273 3798 1667 3867 erat.Virgam
1697 3797 1996 3867 frugiferae

342 3882 535 3939 arbori
553 3881 808 3939 decisam
825 3882 876 3939 in
896 3885 1166 3941 surculos
1190 3886 1821 3957 amputabant,eosque
1843 3885 2001 3941 notis

342 3970 691 4041 quibusdam
713 3971 1003 4030 discretos
1050 3988 1227 4045 super
1270 3974 1585 4031 candidam
1641 3977 1865 4029 vestem
1920 3977 2001 4028 te-

344 4074 500 4118 mere
529 4074 595 4117 ac
614 4060 855 4117 fortuito
879 4064 1251 4133 spargebant.
1277 4063 1404 4118 Mox
1429 4061 1476 4118 si
1500 4060 1735 4134 publica
1768 4060 2003 4118 consul-

343 4149 489 4206 tatio
521 4149 648 4219 fuit,
675 4150 953 4207 sacerdos
985 4151 1262 4223 pepuli,si
1301 4150 1546 4222 privata,
1585 4149 1708 4221 ipse
1737 4151 2004 4217 paterfa-

345 4237 558 4308 milias,
625 4244 899 4311 precatus
945 4241 1093 4295 Deos
1137 4240 1461 4310 caelumque
1509 4239 1836 4311 suspiciens
1892 4244 2009 4296 ter-

341 4325 609 4396 singulos
666 4326 822 4397 tulit,
871 4328 1237 4399 sublatisque
1277 4327 1597 4385 secundum
1653 4328 2003 4399 impressam

352 4417 524 4471 antea
566 4419 761 4472 notam
795 4417 1221 4488 interpretatus
1241 4420 1331 4472 est
1363 4435 1376 4484 ;
1403 4416 1528 4473 etsi
1556 4416 2001 4489 prohibuerunt,

348 4502 504 4560 nulla
536 4503 607 4562 de
638 4505 840 4563 eadem
866 4520 928 4560 re
953 4507 1080 4577 ipsa
1113 4505 1206 4561 die
1231 4505 1597 4561 consultatio
1618 4510 1768 4569 erat;
1802 4506 1851 4561 si
1881 4520 2006 4577 per-

350 4592 583 4649 missum
636 4598 748 4664 est,
799 4598 1115 4651 eventuum
1174 4594 1364 4650 adhuc
1419 4594 1560 4649 ﬁdes
1625 4594 1998 4663 exigebatur.

2106 2031 2230 2088 ﬁeri
2246 2048 2355 2089 non
2378 2035 2706 2101 cessabant.
2727 2035 2951 2102 Quibus
2967 2036 3109 2094 adeo
3129 2039 3328 2095 Franci
3352 2043 3486 2095 sunt
3503 2038 3741 2106 irritati,

2105 2125 2165 2177 ut
2197 2135 2307 2176 non
2335 2122 2450 2192 jam
2500 2122 2960 2181 vicissitudinem
3010 2125 3281 2196 reddere,
3343 2125 3445 2182 sed
3480 2131 3745 2197 apertum

2103 2213 2309 2264 contra
2331 2226 2432 2267 eos
2458 2211 2855 2268 deliberarent
2893 2212 3106 2269 bellum
3165 2214 3489 2286 suscipere.
3545 2216 3748 2271 Susce-

2104 2301 2264 2368 ptum
2285 2298 2579 2369 estigitur
2631 2306 2834 2357 contra
2887 2316 2987 2358 eos
3047 2301 3282 2372 bellum,
3339 2302 3492 2373 quod
3546 2318 3746 2373 magna

2103 2389 2485 2458 utrorumque
2541 2389 2934 2459 animositate,
2963 2390 3181 2460 majore
3229 2396 3419 2447 tamen
3462 2392 3746 2449 Saxonum

2103 2473 2332 2545 damno,
2361 2491 2462 2548 per
2489 2477 2800 2533 continuos
2825 2482 2892 2533 3O
2923 2493 3104 2535 annos
3125 2480 3459 2548 gerebatur.
3499 2481 3743 2536 Poterat

2104 2564 2391 2635 siquidem
2424 2565 2599 2621 citius
2616 2566 2785 2636 ﬁniri,
2820 2567 3172 2624 siSaxonum
3199 2568 3438 2639 perﬁdia
3456 2568 3557 2624 hoc
3588 2573 3744 2640 pate-

2104 2659 2285 2709 retur.
2305 2653 2544 2710 Diﬁicile
2559 2654 2772 2725 quippe
2787 2654 2948 2711 dictu
2964 2660 3072 2725 est,
3116 2656 3388 2727 quotiens
3404 2656 3655 2727 superati
3672 2671 3739 2712 ac

2102 2741 2397 2812 supplices
2416 2743 2535 2813 regi
2551 2758 2679 2799 sese
2695 2742 3001 2813 dederunt,
3022 2744 3304 2816 imperata
3342 2745 3599 2801 facturos
3627 2744 3749 2815 pol-

2104 2829 2251 2887 liciti
2285 2835 2440 2901 sunt,
2465 2831 2701 2888 obsides
2726 2832 2821 2903 qui
2869 2832 3309 2904 imperabantur
3363 2833 3581 2903 absque
3604 2832 3744 2888 dila-

2103 2919 2260 2977 tione
2292 2920 2600 2990 dederunt,
2627 2920 2850 2991 legatos
2895 2922 2991 2992 qui
3062 2922 3447 2979 mittebantur
3475 2936 3750 2990 suscepe-

2102 3008 2714 3079 runt,aliquotiensita
2738 3009 2942 3065 domiti
2964 3014 3020 3065 et
3045 3009 3313 3080 emolliti,
3333 3015 3397 3066 ut
3436 3015 3606 3065 etiam
3620 3010 3749 3068 cul-

2101 3098 2222 3150 tum
2248 3094 2569 3151 dzemonum
2603 3095 2971 3152 dimittereet
3001 3096 3345 3153 Christianae
3386 3096 3653 3166 religioni
3683 3111 3750 3153 se

2101 3183 2355 3240 subdere
2369 3183 2517 3239 velle
2544 3184 2975 3255 promitterent;
2993 3186 3093 3241 sed
3120 3185 3270 3242 sicut
3298 3184 3367 3241 ad
3393 3186 3512 3242 hmo
3535 3185 3717 3241 facien
3739 3204 3762 3214 -

2102 3272 2171 3327 da
2188 3270 2547 3342 aliquotiens
2582 3272 2861 3343 proni,sic
2881 3273 2950 3329 ad
2966 3273 3167 3329 eadem
3192 3274 3576 3345 pervertenda
3596 3287 3749 3329 sem-

2101 3373 2206 3432 per
2240 3360 2401 3417 fuere
2448 3360 2786 3432 precipites;
2833 3375 2937 3417 nec
3002 3360 3169 3417 facile
3219 3365 3310 3417 est
3353 3361 3645 3431 estimare,
3673 3360 3745 3416 ad

2103 3455 2297 3505 utrum
2324 3449 2525 3505 horum
2553 3449 2844 3506 faciliores
2870 3448 2984 3506 dici
3018 3450 3214 3507 verius
3236 3448 3743 3522 possint.Frondo-

2106 3537 2185 3594 sis
2198 3537 2511 3595 arboribus
2526 3539 2615 3594 fon
2628 3538 2903 3609 tibusque
2918 3540 3353 3595 venerationem
3370 3537 3754 3607 exhibebant,

2109 3629 2381 3681 truncum
2396 3640 2629 3696 quoque
2646 3625 2783 3694 ligni
2809 3640 2916 3681 non
2936 3641 3129 3697 parvae
3152 3626 3568 3696 magnitudinis
3591 3626 3645 3681 in
3670 3624 3751 3681 al-

2108 3716 2230 3768 tum
2255 3716 2517 3768 erectum
2537 3714 2646 3769 sub
2668 3712 2801 3769 divo
2820 3713 3308 3785 colebant,patria
3323 3729 3452 3771 eum
3472 3713 3663 3785 lingua
3678 3715 3759 3769 Ir-

2111 3798 2319 3856 minsul
2350 3799 2734 3871 appellantes,
2762 3801 2913 3871 quod
2935 3802 3131 3857 Latine
3165 3802 3384 3858 dicitur
3408 3800 3758 3859 universalis

2110 3888 2401 3955 columna,
2436 3888 2599 3958 quasi
2628 3888 2930 3944 sustinens
2959 3889 3167 3944 omnia.

2184 3976 2774 4047 (Emu.VitaKar.c.
2810 3979 2887 4049 1.)
2919 3978 3102 4048 Igitur
3157 3976 3431 4035 derum-to
3488 3978 3756 4050 Pippino,

2115 4064 2233 4135 qui,
2299 4064 2591 4122 liilderico
2612 4079 2769 4135 rege,
2805 4064 2860 4120 in
2904 4081 3017 4137 quo
3051 4065 3497 4136 Merivingorum
3532 4065 3756 4123 ﬁnitum

2114 4158 2206 4208 est
2230 4152 2555 4225 imperium,
2614 4153 2882 4225 deposito
2915 4153 3048 4211 etin
3074 4155 3491 4212 monasterium
3561 4156 3756 4227 misso,

2119 4242 2340 4315 primus
2366 4256 2436 4297 ex
2464 4243 2722 4314 prefecto
2754 4242 2901 4300 aulae
2922 4258 3024 4315 per
3047 4244 3456 4300 auctoritatem
3469 4242 3759 4301 Zachariae

2118 4330 2355 4386 Romani
2408 4331 2701 4402 pontiﬁcis
2743 4331 3134 4388 mouarchiam
3196 4332 3357 4403 regni
3408 4333 3759 4389 Francorum

2118 4420 2279 4477 solus
2298 4419 2573 4490 obtinuit,
2594 4420 2839 4478 Karolus
2864 4421 3017 4479 ﬁlius
3041 4421 3168 4491 ejus
3193 4420 3604 4493 successit,qui
3625 4435 3760 4477 con-

2120 4513 2206 4564 tra
2241 4511 2498 4566 Saxones
2521 4509 2755 4580 bellum,
2784 4510 2937 4582 quod
2965 4511 3129 4581 quasi
3149 4511 3548 4586 intermissum
3572 4508 3759 4581 patris

2117 4598 2244 4669 ejus
2270 4602 2454 4654 morte
2469 4598 2798 4669 videbatur,
2827 4599 3099 4669 repetivit
3122 4598 3218 4668 (cf.
3253 4614 3476 4671 supra.,
3504 4614 3554 4654 a.
3607 4599 3758 4669 758.)

351 4680 551 4738 Avium
572 4683 1107 4754 vocesvolatusque
1130 4682 1833 4754 interrogare,pr0prium
1867 4698 2003 4754 gen-
2033 4677 2086 4740 D
2118 4687 2564 4758 (ExEmudnn.
2600 4693 2655 4742 et
2706 4687 2942 4745 Transl.
2976 4689 3043 4745 όν.
3079 4688 3201 4759 Al.)
3233 4689 3408 4743 Pater
3460 4687 3611 4743 enim
3635 4685 3758 4755 ejus

351 4770 605 4828 tisillius
627 4777 753 4830 erat
782 4787 1093 4843 ;equorum
1138 4785 1367 4841 quoque
1401 4772 1664 4842 presagia
1721 4786 1787 4828 ac
1811 4777 2003 4830 motus

348 4860 1000 4931 experiribinnitusque
1022 4873 1088 4915 ac
1118 4858 1381 4915 fremitus
1404 4860 1871 4931 observare,uec
1896 4862 1998 4918 ulli

352 4948 612 5019 auspicio
641 4948 823 5017 major
847 4947 990 5003 ﬁdes
1017 4947 1430 5018 adhibebatur,
1490 4964 1599 5004 non
1637 4949 1826 5006 solum
1847 4951 2001 5022 apud

355 5037 602 5109 plebem,
627 5038 729 5094 sed
763 5038 937 5093 etiam
969 5038 1121 5109 apud
1154 5051 1447 5108 proceres.
1470 5039 1609 5094 Erat
1643 5044 1704 5095 et
1738 5038 1849 5095 alia
1905 5042 2004 5096 ob-

356 5125 1451 5198 servatioauspiciorum,quosolcbant
1474 5133 1724 5185 eventus
1741 5129 2002 5199 gravium

356 5215 671 5288 explorare
703 5214 1012 5280 bellorum;
1046 5214 1172 5284 ejus
1207 5214 1431 5271 scilicet
1492 5217 1703 5286 gentis,
1730 5232 1859 5273 cum
1893 5232 2004 5288 qua

358 5303 694 5361 bellandum
712 5303 1149 5376 fuit,captivum
1167 5318 1401 5375 quoquo
1425 5303 1594 5361 modo
1614 5306 2006 5378 interceptum

359 5407 487 5448 cum
505 5391 1075 5464 electopOpularium
1097 5407 1334 5450 suorum
1358 5393 1569 5465 patriis
1593 5408 1880 5465 quemque
1922 5406 2011 5448 ar-

364 5480 933 5551 miscommiltere,et
949 5481 1254 5539 victoriam
1273 5481 1446 5552 hujus
1464 5482 1552 5537 vel
1571 5482 1653 5537 illi
1668 5498 1733 5539 us
1750 5483 1804 5537 in
1826 5482 2014 5553 previ-

361 5565 556 5625 dentia
589 5567 1141 5637 habere.Quomodo
1159 5574 1351 5626 autem
1372 5570 1557 5627 certis
1609 5570 1839 5642 diebus,
1878 5587 2009 5628 cum

362 5661 460 5712 aut
493 5656 629 5712 luna
661 5656 969 5716 inchoatur
991 5664 1089 5716 aut
1123 5659 1420 5730 impletur,
1444 5660 1684 5729 agendis
1718 5661 1896 5715 rebus
1918 5677 2019 5716 au-

369 5744 824 5815 spieatissimum
858 5746 1090 5803 inicium
1117 5747 1501 5816 crediderint,
1529 5753 1589 5803 et
1620 5747 1731 5803 alia
1763 5748 2019 5805 innume-

2117 4776 2280 4849 prius
2312 4791 2412 4833 eos
2439 4780 2748 4847 superatos
2780 4781 3173 4832 trecentorum
3192 4791 3475 4848 equorum
3511 4790 3609 4847 per
3647 4774 3761 4830 sin-

2114 4866 2285 4936 gulos
2307 4881 2490 4922 annos
2521 4866 2746 4922 tributo
2777 4866 3064 4922 multavit.
3101 4868 3589 4923 Postrenovatum
3630 4877 3759 4920 cum

2113 4955 2197 5011 eis
2219 4970 2249 5011 a
2282 4953 2492 5010 Karolo
2526 4953 2740 5010 bellum
2760 4953 2855 5010 vix
2888 4952 3298 5011 ullusexactus
3328 4958 3416 5010 est
3441 4967 3622 5008 anuus
3647 4965 3758 5022 quo

2115 5059 2226 5100 non
2260 5044 2330 5098 ab
2353 5043 2438 5099 eis
2488 5043 2635 5099 facta
2669 5042 2744 5098 sit
2778 5042 2930 5114 pacti
2967 5043 3318 5113 permutatio
3351 5060 3365 5110 ;
3402 5041 3505 5098 sed
3537 5052 3761 5109 magna-

2116 5132 2347 5188 nimitas
2370 5132 2526 5202 regis
2546 5146 2611 5186 ac
2647 5134 2927 5202 perpetua
2957 5133 3073 5185 tam
3098 5130 3151 5185 in
3210 5129 3472 5186 adversis
3504 5142 3671 5200 quam
3703 5126 3759 5182 in

2119 5220 2416 5293 prOSperis
2440 5218 2771 5276 Constantia
2794 5220 3004 5275 mentis
3022 5219 3175 5276 nulla
3192 5233 3391 5276 eorum
3407 5215 3763 5273 mutabilita-

2120 5315 2178 5364 te
2196 5308 2285 5369 vel
2311 5306 2459 5362 vinci
2484 5310 2712 5378 poterat
2755 5306 2932 5362 velab
2954 5306 3042 5362 his
3076 5304 3395 5387 defatigari.
3429 5318 3555 5375 qua:
3591 5317 3762 5372 agere

2121 5395 2559 5467 cmperat.Nam
2592 5409 2882 5466 nunquam
2915 5410 3015 5451 eos
3073 5390 3477 5465 hujuscemodi
3542 5390 3762 5461 aliquid

2126 5487 2536 5555 perpetrantes
2564 5483 2796 5556 impune
2824 5485 2973 5540 ferre
2999 5497 3205 5555 passus
3236 5479 3495 5552 est,quin
3528 5479 3764 5551 autipse

2127 5588 2229 5645 per
2258 5588 2320 5629 se
2352 5573 2529 5629 ducto
2560 5577 2657 5629 aut
2695 5587 2796 5645 per
2815 5572 3061 5630 comites
3080 5587 3220 5629 suos
3280 5569 3459 5627 misso
3491 5568 3760 5625 exercitu

2128 5660 2427 5734 perﬁdiam
2461 5674 2660 5717 eorum
2685 5658 3074 5717 ulcisceretur
3095 5664 3155 5716 et
3208 5657 3554 5727 condignam
3588 5656 3659 5711 ab
3681 5655 3766 5713 eis

2133 5764 2357 5822 poenam
2380 5749 2662 5820 exigeret,
2689 5764 2873 5819 usque
2896 5747 3338 5815 dum,omnibus
3371 5745 3467 5818 qui
3494 5744 3769 5802 resistere
