3934 6408
218 496 334 562 898

1086 495 1526 559 CHRONICA.
1561 529 1640 540 —-
1669 493 2138 558 CHRONICON
2190 496 2738 560 UNIVERSALE.

3498 498 3612 562 894

209 633 477 694 solebant
501 630 826 704 proﬂigatis
850 636 906 686 et
943 628 998 687 in
1016 635 1546 701 suampotestatem
1573 629 1852 698 redactis,
1887 644 1940 704 Α
1977 629 2255 686 desolatae
2291 637 2601 688 testantur.
2638 633 2701 687 IIi
2735 632 2908 688 etiam
2943 648 2972 688 a
3014 632 3356 690 Dalmantiis
3386 633 3610 692 evocati

212 722 409 780 decem
445 721 598 777 milia
649 723 944 777 hominum
990 737 1060 776 ex
1111 722 1202 776 his
1233 721 1327 790 qui
1364 726 1638 788 utrasque
1703 719 1856 789 ripas

212 811 394 868 Albiz'e
413 810 664 866 fluminis
690 811 1042 878 incolebant,
1069 826 1194 866 cum
1215 810 1496 866 uxoribus
1517 814 1574 863 et
1598 807 1858 878 parvulis

216 900 521 956 transtulit
553 905 608 954 et
633 901 740 955 huc
772 905 946 969 atque
974 900 1107 956 illuc
1145 915 1246 969 per
1269 899 1506 953 Galliam
1539 903 1596 951 et
1632 898 1860 952 Germa-

212 990 361 1046 niam
398 989 738 1046 multimoda
785 989 1072 1045 divisione
1126 988 1456 1050 distribuit;
1491 989 1857 1053 tractumque

214 1094 314 1150 per
340 1083 426 1134 tot
450 1093 632 1134 annos
651 1079 863 1133 bellum
889 1093 954 1133 ea
971 1077 1305 1132 conditione
1333 1079 1561 1130 constat
1589 1088 1715 1128 esse
1738 1073 1858 1126 ﬁni-

216 1170 353 1226 tum,
391 1171 470 1235 ut,
506 1167 734 1234 abjecto
772 1167 1092 1222 dmmonum
1129 1164 1309 1231 cultu,
1349 1162 1691 1217 Christiana}
1730 1159 1859 1214 reli-

212 1254 400 1324 gionis
426 1261 785 1311 sacramenta
809 1255 1198 1323 sust-iperent.
1231 1252 1393 1318 Quod
1421 1256 1473 1305 et
1506 1252 1718 1304 factum
1744 1254 1852 1302 est.

213 1345 476 1404 \V'itikint
505 1359 754 1412 quoque,
777 1343 874 1412 qui
905 1343 1054 1396 inter
1071 1345 1240 1396 eoset
1260 1341 1527 1394 claritate
1554 1337 1858 1404 generiset

212 1451 382 1508 opum
414 1431 794 1502 amplitudine
818 1431 1128 1497 eminebat,
1153 1436 1205 1482 et
1242 1430 1332 1498 qui
1361 1427 1616 1498 perﬁdia}
1657 1439 1857 1479 eorum

213 1531 419 1581 auctor
450 1527 508 1576 et
534 1521 800 1575 incentor
833 1518 1161 1573 indefessus
1190 1523 1338 1584 erat,
1367 1517 1434 1570 ad
1471 1515 1636 1569 Iidem
1669 1511 1857 1566 Iiaroli

211 1618 417 1684 sponte
443 1611 704 1676 veniens,
732 1609 881 1678 apud
909 1608 1198 1661 Tiniacnm
1228 1606 1562 1673 baptizatus
1589 1609 1642 1655 et
1668 1618 1694 1655 a
1723 1615 1859 1667 rege

213 1704 284 1758 de
321 1703 474 1756 fonte
504 1702 813 1767 susceptus
845 1701 968 1758 cst;
1006 1695 1205 1764 sicque
1247 1692 1492 1746 Saxouia
1531 1696 1646 1743 tota
1693 1705 1859 1756 supc-

217 1796 339 1846 rata
363 1793 422 1843 et
455 1787 716 1855 subjecta
770 1792 879 1839 est.
938 1784 1115 1852 Hujus
1169 1780 1464 1836 Witikindi
1520 1778 1670 1832 ﬁlius
1715 1778 1860 1845 Wig-

220 1881 446 1945 bertus,
475 1874 814 1930 Christianm
838 1872 1138 1940 religionis
1162 1870 1358 1926 cultor
1387 1870 1652 1933 devotus,
1683 1866 1858 1919 lilium

219 1965 572 2039 procreavit,
601 1979 767 2033 quem
807 1961 1191 2015 Waltbertum
1219 1958 1479 2020 vocavit;
1515 1956 1609 2025 qui
1643 1959 1699 2007 et
1735 1955 1860 2023 ipsc.
1894 1993 1945 2051 B

212 2057 283 2110 al)
308 2054 545 2110 infantia
575 2052 898 2119 religiosus,
926 2065 1053 2104 cum
1088 2051 1275 2103 factus
1307 2053 1464 2101 esset
1489 2046 1594 2113 vir,
1630 2046 1861 2098 Romam

213 2160 387 2200 causa
422 2125 704 2196 ora'tionis
735 2144 791 2195 et
829 2139 1207 2207 reliquiarum
1261 2135 1747 2205 aci'juirendarum
1789 2137 1868 2184 te-

213 2232 400 2286 tendit
424 2230 532 2297 1’35,
560 2243 891 2298 corpusque
918 2227 1103 2281 sancti
1145 2224 1472 2291 Alexandri,
1503 2223 1600 2275 ﬁlii
1647 2225 1866 2276 sanctm

215 2319 554 2386 Felicitatis,
578 2318 865 2384 integrum
892 2315 1230 2384 accipiensa
1252 2329 1395 2383 papa
1427 2315 1562 2366 tunc
1586 2307 1868 2378 temporis

218 2410 422 2476 Leone,
479 2407 531 2461 in
575 2405 874 2460 Saxouiam
906 2403 1118 2457 detulit
1165 2409 1222 2457 et
1268 2401 1324 2455 in
1359 2401 1488 2456 loco
1523 2399 1618 2468 qui
1653 2397 1871 2451 dicitur

210 2495 756 2563 Wihaltingohuson
794 2491 1026 2546 locavit.

284 2587 365 2640 Ex
397 2583 657 2651 ejusdem
693 2581 989 2634 Saxonica)
1014 2579 1207 2646 gentis
1234 2578 1426 2648 stirpe
1454 2576 1540 2630 vir
1575 2573 1788 2628 nobilis
1807 2575 1864 2651 et

216 2671 664 2746 permagnilicus
696 2676 785 2723 est
817 2682 1114 2735 egressus,
1154 2666 1385 2720 nomine
1432 2664 1734 2729 Luitolfus,
1771 2649 1864 2730 qui

221 2771 280 2818 et
309 2763 430 2832 ipse
455 2758 755 2827 religionis
780 2757 967 2825 gratia
994 2757 1228 2810 Romam
1258 2751 1744 2824 proﬁ-etus,beati
1774 2765 1866 2820 pa-

227 2868 311 2923 pae
329 2848 642 2904 Innocentii
664 2845 942 2915 reliquias
961 2844 1088 2897 inde
1107 2844 1368 2898 adduxit.
1393 2845 1555 2912 (Win,
1575 2857 1610 2904 I,
1635 2841 1860 2908 leqq.)

229 2941 328 2996 llic
367 2937 565 2992 habuit
604 2936 752 2989 filios
776 2934 940 3001 duos,
969 2936 1290 2987 I”runonem
1317 2936 1375 2986 ct
1399 2933 1698 2993 Ottonem;
1726 2945 1863 2997 quo-

222 3044 350 3084 rum
386 3027 569 3095 major
595 3027 764 3090 Brun,
789 3038 915 3077 eum
955 3022 1133 3076 totius
1165 3022 1425 3075 Saxonize
1451 3019 1720 3074 ducatum
1752 3031 1864 3070 aui—

229 3116 643 3178 ministrasset,
672 3111 991 3167 exercitum
1019 3115 1216 3165 contra
1239 3113 1428 3164 Danos
1458 3109 1641 3176 duxit,
1672 3108 1862 3175 ibique

227 3205 479 3272 occisus,
517 3204 789 3256 ducatum
817 3200 982 3254 fratri
1005 3199 1200 3253 Ottoni
1226 3198 1484 3268 reliquit.
1510 3197 1608 3252 IIis
1630 3201 1752 3250 erat
1779 3210 1866 3250 so-

229 3310 324 3350 ror
349 3292 574 3348 nomine
596 3291 877 3357 Luitgart,
909 3304 1077 3357 quam
1106 3288 1448 3343 Ludewicus
1472 3302 1569 3340 rex
1592 3286 1742 3340 ﬁlius
1767 3287 1867 3340 ΑΙ*-
1901 3343 1943 3366 n

227 3383 360 3440 nolﬁ
391 3379 779 3450 imperatoris,
808 3392 1042 3432 uxorem
1069 3376 1372 3445 duxit,sed
1395 3390 1505 3429 non
1531 3375 1628 3430 diu
1666 3379 1864 3444 postea
1899 3343 1946 3404 Ο

228 3471 395 3526 vixit.
435 3469 595 3533 Quod
649 3468 771 3521 sine
825 3465 960 3520 filiis
996 3469 1244 3532 mortuo,
1302 3463 1488 3518 omnis
1522 3465 1867 3518 Francorum

233 3560 638 3626 Saxonumque
688 3555 936 3625 pepulus
970 3553 1152 3609 voluit
1186 3553 1380 3607 Ottoni
1443 3551 1572 3607 duci
1608 3551 1868 3605 diadema

232 3649 530 3718 imponere
582 3645 765 3713 regni.
822 3643 984 3708 Quod
1019 3658 1148 3698 cum
1208 3641 1305 3696 ille
1342 3641 1505 3710 quasi
1535 3641 1650 3709 jam
1708 3639 1869 3693 senio

231 3735 465 3806 gravior
495 3736 820 3802 recusaret,
845 3732 970 3800 ejus
995 3730 1266 3786 consultu
1293 3729 1674 3786 Chuonradus
1707 3729 1875 3782 Fran—

229 3841 429 3882 corum
467 3824 584 3880 dux
611 3823 846 3892 ungitur
870 3821 924 3875 in
951 3836 1165 3890 regem,
1188 3835 1408 3876 summa
1430 3826 1617 3874 tamen
1646 3832 1876 3886 semper

232 3920 290 3969 et
323 3914 536 3984 ubique
599 3911 705 3967 fuit
755 3924 932 3981 penes
991 3911 1279 3964 Ottonem.
1328 3910 1507 3962 Natus
1563 3911 1651 3961 est
1685 3910 1876 3960 autem

233 4002 422 4058 eidem
475 4000 677 4054 Ottoni
723 3998 876 4052 ﬁlius
911 3997 1134 4052 nomine
1165 3997 1487 4065 lleinricus,
1525 3996 1620 4064 qui
1657 3995 1876 4064 primus

235 4090 416 4145 libera
470 4090 758 4158 potestate
791 4085 1058 4153 regnavit
1095 4085 1150 4138 in
1201 4085 1466 4138 Saxonia.
1521 4083 1625 4148 Qui
1659 4098 1787 4137 cum
1823 4081 1875 4134 in

238 4178 493 4250 primcva
522 4179 696 4229 aetate
727 4173 877 4228 omni
930 4172 1213 4227 virtutum
1265 4186 1479 4240 genere
1510 4171 1686 4227 vitam
1719 4183 1878 4224 suam

238 4267 575 4329 exornaret,
596 4263 761 4332 pater
775 4260 901 4327 ejus
922 4259 1124 4314 videns
1162 4259 1526 4330 prudentiam
1546 4257 1881 4314 adolescen-

241 4354 338 4422 tis,
355 4350 656 4421 reliquitei
682 4348 1004 4403 exercitum
1038 4349 1318 4404 adversus
1333 4347 1882 4415 Dalmantiam,con-

241 4448 330 4498 tra
347 4455 515 4512 quam
533 4439 653 4510 ipse
687 4437 785 4494 diu
804 4435 1090 4491 militavit.
1128 4436 1433 4491 Dalmantii
1451 4452 1587 4492 vero
1605 4436 1881 4506 impetum

242 4530 403 4587 illius
429 4529 579 4583 ferre
595 4542 707 4582 non
731 4525 1014 4594 valentes,
1029 4525 1436 4580 conduxerunt
1458 4525 1740 4580 adversus
1754 4537 1883 4578 eum

246 4623 485 4687 Avares,
511 4632 655 4688 quos
677 4616 847 4670 modo
883 4629 1154 4670 vocamus
1193 4614 1492 4682 Ungarios,
1521 4615 1639 4684 qui,
1673 4619 1734 4669 ut
1765 4611 1888 4682 qui-

1979 734 2238 787 magnam
2273 720 2493 776 cladem
2547 722 2599 776 in
2635 721 2874 778 Saxonia
2912 723 3193 790 fecerunt,
3258 721 3613 794 multamque

1972 809 2207 878 predum
2246 809 2632 866 abduxerunt.

2042 897 2225 965 Igitur
2253 903 2419 969 pater
2443 898 2530 932 ¹²³⁶
2558 901 2758 969 patriae
2792 915 3151 970 magnusque
3191 901 3307 957 dux
3351 902 3489 958 Otto
3518 901 3613 959 de-

1973 985 2228 1054 functus,
2265 986 2480 1042 illustri
2513 995 2567 1043 et
2602 990 2903 1058 magniﬁco
2941 989 3056 1045 ﬁlio
3089 1006 3195 1046 suo
3229 991 3496 1046 lIeinrico
3531 997 3615 1046 to-

1967 1074 2088 1127 tius
2114 1075 2371 1132 Saxonite
2397 1077 2670 1132 ducatum
2698 1077 2953 1148 reliquit.
2974 1080 3087 1132 Rex
3109 1094 3300 1133 autem
3327 1079 3614 1135 Chuonra-

1971 1161 2099 1228 dus,
2120 1179 2247 1217 cum
2275 1180 2411 1234 sepe
2437 1173 2719 1236 expertus
2739 1167 2946 1221 fuisset
2975 1168 3251 1223 virtutem
3277 1167 3405 1222 novi
3425 1167 3610 1235 ducis,

1970 1250 2193 1302 Veritus
2215 1256 2299 1304 est
2323 1252 2372 1305 ei
2392 1253 2760 1309 committere
2785 1271 3007 1309 onmem
3037 1258 3389 1325 potestatem
3407 1255 3608 1324 patris.

1971 1336 2092 1401 Quo
2130 1338 2338 1392 factum
2373 1346 2459 1393 est
2495 1345 2556 1394 ut
2613 1343 2983 1397 offensionem
3046 1343 3372 1398 incurreret
3435 1343 3616 1398 totius

1970 1426 2266 1480 exercitus
2300 1429 2585 1483 Saxonici.
2625 1430 2876 1494 Quorum
2913 1432 3133 1487 vultum
3163 1447 3298 1500 erga
3332 1446 3393 1486 se
3422 1437 3614 1486 auste-

1974 1513 2180 1566 riorem
2209 1530 2305 1568 rex
2333 1533 2594 1580 cernens,
2624 1534 2726 1573 nec
2749 1520 2950 1575 ducem
2976 1536 3174 1576 eorum
3204 1520 3435 1590 publico
3462 1520 3613 1574 bello

1972 1617 2033 1656 se
2061 1619 2227 1671 posse
2251 1611 2556 1661 conterere
2583 1623 2684 1676 pre
2713 1609 3007 1663 innumera
3034 1610 3330 1664 exercitus
3356 1608 3617 1663 multitu—

1972 1690 2102 1743 dine
2128 1694 2650 1762 perpendi-ns,egit
2671 1702 2729 1751 ut
2749 1697 3616 1766 quoquomodointerficeretur

1973 1777 2125 1846 dolo,
2162 1781 2230 1833 ad
2267 1781 2369 1836 hoc
2406 1783 2641 1850 habens,
2681 1790 2739 1839 ut
2793 1786 2996 1855 fertur,
3053 1785 3294 1840 maxime
3347 1784 3614 1840 idoneum

1974 1867 2317 1931 Mogontinm
2335 1873 2429 1924 sed
2445 1872 3097 1942 isi-piscopum,nomine
3117 1873 3539 1942 IIattonem,cuj
3554 1889 3618 1927 us

1975 1956 2219 2011 consilio
2244 1965 2292 2010 ct
2320 1959 2672 2015 .-\dellwrtus
2693 1963 3611 2032 liabcnbergensisdeccptusest.

1977 2043 2077 2096 IIic
2112 2046 2435 2114 predictum
2464 2049 2666 2105 ducem
2703 2067 2976 2118 agressus
3008 2052 3159 2116 dolo,
3197 2052 3332 2106 fecit
3362 2052 3412 2105 ei
3448 2051 3618 2105 fabri-

1977 2133 2095 2186 cari
2124 2139 2386 2204 torquem
2403 2153 2658 2199 auri‘ram,
2675 2145 2733 2194 et
2752 2141 3013 2196 invitavit
3032 2158 3158 2196 cum
3177 2140 3245 2195 ad
3266 2139 3614 2202 convivium,

1979 2233 2091 2288 quo
2127 2224 2347 2290 magnis
2377 2225 2446 2277 ah
2477 2242 2545 2279 eo
2583 2229 2918 2283 muneribus
2951 2229 3358 2282 lmnoraretur.
3393 2229 3615 2282 Interea

1980 2311 2238 2377 pontifex
2262 2315 2666 2372 considerandi
2685 2319 2879 2387 operis
2901 2318 3085 2385 gratia
3116 2319 3410 2384 ingressus
3437 2316 3504 2369 ad
3524 2331 3620 2369 au-

1979 2396 2218 2467 rificem,
2248 2403 2487 2471 visaque
2515 2409 2740 2474 torque,
2772 2406 3338 2475 forturingemuisse.
3361 2403 3618 2459 Gemitus

1979 2499 2210 2541 causam
2235 2506 2363 2545 cum
2395 2494 2616 2547 aurifex
2639 2495 3007 2564 requisisset,
3037 2495 3334 2564 reSpondit
3361 2493 3493 2562 quia
3524 2507 3622 2560 cp-

1976 2573 2101 2628 timi
2138 2577 2361 2648 sibique
2390 2583 2675 2636 carissimi
2715 2583 2844 2651 viri,
2880 2583 3097 2639 scilicet
3141 2582 3389 2638 lleinrici
3433 2579 3618 2647 ducis,

1979 2666 2258 2729 sanguine
2289 2671 2530 2738 torques
2564 2671 2658 2725 illa
2693 2672 2931 2726 deberet
2961 2672 3228 2741 intingui.
3262 2669 3495 2725 Aurifex
3525 2683 3622 2721 au-

1977 2749 2093 2805 dita
2120 2754 2351 2812 silentio
2376 2760 2541 2828 texit,
2561 2766 2616 2814 et
2641 2776 2818 2829 opere
2848 2762 3106 2830 perfecto
3131 2777 3196 2814 ac
3223 2759 3470 2827 reddito,
3492 2756 3625 2810 mis-

1975 2838 2192 2896 Sionem
2229 2847 2395 2914 petiit
2428 2853 2485 2903 et
2519 2849 2780 2918 accepit;
2814 2849 3171 2918 obviansque
3198 2849 3328 2904 duci
3363 2848 3522 2903 eunti
3549 2843 3616 2899 ad

1973 2946 2036 2984 ea
2070 2935 2320 3000 negotia,
2351 2937 2625 2991 indicavit
2651 2939 2700 2992 ei
2735 2955 2860 3007 qua)
2887 2938 3126 2994 audivit.
3158 2941 3287 3008 Ipse
3315 2943 3507 2994 autem
3535 2954 3625 2991 ve-

1974 3020 2274 3076 hementer
2309 3025 2491 3081 iratus
2524 3031 2689 3082 vocat
2727 3026 2979 3095 legatum
3018 3028 3349 3098 pontiﬁcis,
3387 3025 3481 3096 qui
3509 3026 3632 3094 jam‘

1976 3109 2198 3179 pridem
2233 3112 2431 3168 aderat
2466 3115 2746 3170 invitandi
2777 3131 2906 3170 eum
2938 3116 3147 3185 gratia,
3185 3120 3242 3170 et
3269 3116 3346 3170 ait
3386 3135 3396 3168 :
3447 3114 3619 3182 Vade,

1977 3199 2072 3254 die
2086 3200 2359 3270 Hattoni,
2377 3204 2523 3272 quia
2540 3205 2754 3259 durius
2777 3204 2991 3260 colla/1n
3006 3218 3120 3259 non
3126 3204 3627 3274 gerttHeinricus

1976 3301 2012 3356 q
2022 3289 2537 3358 aam.»1aelbertas,
2557 3293 2614 3346 et
2625 3308 2659 3359 ᾳ
2669 3293 2770 3347 uta
2786 3291 2924 3346 meti
2935 3305 3001 3347 as
3016 3293 3142 3347 rati
3154 3305 3358 3348 sumas
3372 3290 3530 3346 domi
3543 3304 3626 3345 se-

1979 3375 2111 3430 dere
2142 3376 2201 3430 et
2225 3377 2294 3431 (te
2323 3380 2452 3448 ejas
2481 3381 2733 3436 ειη-εἰσίω
2794 3380 3073 3444 tractare,
3106 3394 3289 3448 quam
3314 3379 3628 3434 comitatus

1980 3465 2172 3520 nostri
2193 3467 2579 3523 multitudine
2597 3482 2726 3522 eam
2742 3482 3019 3538 gratare.
3047 3470 3111 3522 Et
3135 3467 3330 3522 statim
3358 3480 3629 3521 reversus

1984 3554 2173 3607 omnia
2209 3569 2335 3623 quae
2365 3555 2513 3623 juris
2567 3555 2753 3625 ipsius
2785 3560 2953 3610 erant
2987 3557 3040 3610 in
3075 3555 3226 3612 onmi
3263 3555 3504 3610 Saxonia
3538 3553 3626 3609 vel

1982 3641 2287 3710 Thuringia
2339 3644 2678 3713 occupavit;
2717 3643 3111 3700 Burchardum
3145 3658 3374 3713 quoque
3406 3646 3463 3699 et
3500 3643 3630 3697 Bar-

1985 3729 2211 3799 donem,
2251 3746 2494 3800 quorum
2528 3732 2678 3788 alter
2710 3748 2889 3800 gener
2943 3733 3100 3802 regis
3133 3738 3278 3796 erat,
3315 3732 3370 3786 in
3403 3735 3627 3786 tantum

1986 3819 2207 3887 afIIixit,
2246 3824 2305 3874 ut
2338 3825 2495 3874 terra
2545 3821 2824 3877 cederent
2872 3835 3190 3890 eorumque
3225 3818 3631 3890 possessiones

1991 3907 2112 3978 ipso
2138 3907 2420 3964 militibus
2445 3909 2568 3965 suis
2596 3915 2748 3965 totas
2769 3909 3078 3966 divideret.
3108 3912 3280 3964 Ilatto
3297 3917 3488 3964 autem
3513 3907 3630 3979 epi-

1989 4011 2203 4067 scopus
2238 3997 2440 4052 videns
2472 3999 2595 4054 suis
2624 3999 3048 4054 calliditatibus
3080 3999 3247 4053 finem
3279 3997 3629 4068 impositum,

1993 4084 2160 4138 nimia
2181 4085 2435 4140 tristicia
2449 4100 2514 4139 ac
2533 4088 2732 4142 morbo
2752 4087 2970 4157 pariter
2984 4101 3095 4142 non
3122 4092 3250 4156 post
3273 4085 3484 4139 multos
3508 4085 3634 4140 dies

1990 4173 2314 4242 confectus,
2343 4173 2585 4227 interiit.
2615 4175 2868 4229 Fuerunt
2887 4175 3061 4230 etiam
3083 4174 3177 4243 qui
3200 4173 3480 4241 dicerent,
3501 4172 3630 4241 quia

1995 4257 2229 4314 fulmine
2279 4263 2470 4313 tactus
2516 4261 2760 4330 ejusque
2822 4261 2936 4316 ictu
2973 4261 3316 4331 dissolutus,
3358 4267 3485 4332 post
3519 4266 3634 4316 ter-

1991 4347 2140 4401 cium
2166 4346 2314 4402 diem
2339 4347 2665 4403 defecisset.
2687 4350 3011 4405 Rexautem
3038 4351 3191 4405 misit
3215 4352 3452 4406 fratrem
3469 4364 3634 4406 suum

1995 4435 2391 4490 Eberhardum
2425 4451 2554 4490 cum
2605 4437 2870 4493 exercitu
2903 4439 2973 4493 ad
3007 4438 3424 4494 devastandam
3464 4439 3637 4494 Saxo-

1998 4523 2167 4578 niam.
2205 4523 2310 4588 Qui
2341 4524 2695 4594 apprOpians
2721 4525 2847 4581 urbi
2875 4541 3002 4595 quae
3036 4526 3256 4582 dicitur
3279 4525 3633 4594 Ilcresburg,

1998 4613 2268 4682 superbe,
2305 4616 2362 4667 ut
2409 4612 2669 4682 tradunt,
2714 4612 2946 4670 locutus
2979 4617 3089 4683 est,
3144 4613 3298 4684 quod
3329 4612 3488 4669 nulla
3521 4612 3639 4668 sibi

245 4710 373 4766 dam
407 4711 636 4780 putant,
689 4705 951 4775 reliquiae
1012 4711 1146 4760 sunt
1203 4706 1519 4771 Hunorum,
1585 4703 1702 4772 qui,
1741 4707 1802 4757 ut
1832 4701 1884 4754 in
1919 4697 1970 4754 D
2000 4716 2138 4757 cura
2166 4701 2344 4770 major
2368 4706 2545 4768 esset,
2569 4717 2738 4772 quam
2771 4703 2926 4772 quod
2957 4705 3212 4758 Saxones
3234 4718 3336 4774 pro
3363 4701 3544 4757 muris
3577 4715 3636 4756 se

247 4798 560 4854 Gothorum
590 4795 808 4865 legitur
832 4793 1110 4864 hystoria,
1144 4793 1365 4862 egressi
1401 4808 1427 4846 a
1455 4792 1676 4860 Gothis,
1707 4790 1886 4847 multa

251 4885 394 4942 mala
428 4885 752 4940 inferebant
782 4884 1056 4952 gentibus
1093 4881 1375 4949 ﬁnitimis,
1419 4897 1562 4950 quos
1596 4885 1890 4951 postremo

249 4974 597 5030 Pannoniam
658 4972 1050 5027 inhabitantes
1084 4971 1330 5027 Karolus
1379 4971 1616 5039 Magnus
1649 4969 1886 5037 devicit,

252 5067 332 5128 et,
369 5065 427 5115 ut
463 5060 700 5128 dicitur,
733 5075 762 5115 a
813 5067 1093 5116 consueta
1126 5066 1386 5129 gentium
1439 5057 1891 5129 depopulatione

254 5149 471 5218 ingenti
494 5147 643 5204 vallo
658 5147 1076 5204 circumclusos
1103 5147 1599 5218 prohibuit;quod
1623 5162 1770 5216 opus
1795 5149 1895 5200 Ar-

256 5237 448 5294 nolfus
480 5235 793 5305 imperator
825 5235 1139 5306 destruxit,
1174 5251 1390 5306 eosque
1417 5242 1616 5290 contra
1651 5236 1895 5290 Zucnte-

250 5323 495 5379 Voldum
511 5324 934 5378 Maravarorum
955 5339 1145 5391 regem
1166 5324 1218 5378 in
1242 5323 1518 5379 auxilium
1537 5323 1645 5378 sibi
1669 5323 1890 5378 eduxit.

257 5411 363 5480 Qui
385 5411 593 5466 deinde
621 5416 893 5480 quantam
936 5417 1187 5480 stragem
1213 5416 1602 5481 quantamque
1628 5411 1896 5479 injuriam

258 5503 606 5556 Francorum
634 5514 808 5567 regno
826 5499 1086 5566 fecerint,
1119 5503 1288 5556 urbes
1319 5515 1382 5555 ac
1411 5500 1676 5568 regiones
1711 5500 1898 5555 adhuc

2000 4791 2310 4846 ostendere
2339 4805 2454 4845 non
2479 4791 2783 4860 auderent,
2821 4807 2933 4861 quo
2963 4807 3092 4849 cum
3122 4791 3208 4848 eis
3232 4791 3509 4847 dimicare
3551 4806 3644 4860 po-

2005 4880 2230 4935 tuisset.
2252 4880 2451 4935 Adhuc
2476 4894 2661 4935 sermo
2687 4881 2739 4935 in
2763 4881 3045 4937 orevillius
3067 4886 3213 4949 erat,
3231 4886 3288 4936 et
3313 4895 3450 4936 ecce
3477 4881 3645 4935 Saxo-

2003 4983 2104 5022 nes
2137 4968 2190 5023 ci
2219 4972 2605 5023 occurrerunt
2641 4967 2886 5025 miliario
2923 4983 3033 5025 uno
3075 4971 3146 5025 ab
3181 4970 3350 5034 urbe;
3385 4968 3644 5038 initoque

2004 5056 2342 5126 certamine,
2367 5062 2524 5111 tanta
2539 5056 2680 5112 cede
2703 5057 2904 5113 Franci
2931 5055 3155 5113 multati
3173 5062 3305 5114 sunt
3327 5060 3388 5113 ut
3409 5071 3440 5113 a
3457 5057 3644 5112 mimis

2005 5145 2452 5214 declamaretur,
2488 5146 2583 5200 ubi
2627 5151 2826 5203 tantus
2882 5145 2979 5202 ille
3012 5146 3274 5203 infernus
3331 5150 3513 5217 esset,
3549 5147 3641 5216 qui

2009 5237 2226 5289 tantam
2258 5248 2537 5290 cresorum
2575 5233 3005 5291 multitudinem
3029 5249 3240 5305 capere
3263 5239 3480 5306 posset.
3519 5237 3648 5290 Fra—

2011 5328 2310 5378 terautem
2344 5322 2496 5391 regis
2529 5337 2558 5378 a
2603 5323 2810 5380 timere
2866 5325 3145 5382 absentiae
3178 5326 3460 5382 Saxonum
3513 5323 3651 5379 libe-

2009 5415 2174 5467 ratus
2192 5415 2303 5479 est,
2333 5411 2462 5480 quia
2488 5426 2586 5466 eos
2612 5416 2666 5466 et
2694 5416 3000 5482 presentes
3019 5412 3162 5468 vidit
3186 5413 3338 5468 etab
3363 5412 3507 5484 ipsis
3536 5417 3654 5466 tur-

2011 5501 2164 5571 piter
2228 5501 2456 5567 fugatus
2490 5499 2775 5554 discessit.
2840 5501 3096 5557 Audiens
3123 5508 3315 5557 autem
3378 5516 3472 5556 rex
3509 5499 3651 5553 male

1605 5625 1840 5678 VAI{I:E
1899 5623 2301 5678 LECTIONI‘IS.

333 5718 422 5750 1³³⁵
455 5720 596 5773 Rum
626 5718 874 5774 tetendit
911 5721 1028 5776 loco
1060 5735 1213 5777 raso.

1298 5721 1385 5752 ¹²³⁶
1421 5727 1983 5790 patre—magnoque
2014 5721 2162 5776 duce
2197 5723 2412 5776 Ottone
2442 5721 2735 5789 defuncto,
2771 5721 3001 5778 illuster
3034 5728 3088 5778 et
3127 5725 3466 5792 magnificus
3503 5724 3654 5776 tilias

265 5806 407 5848 suus
437 5790 1089 5850 Hcinricus—ducatum
1125 5793 1459 5863 (suscepit?)
1491 5805 1641 5849 corr.
1677 5793 1744 5848 ut
1774 5792 1995 5849 editum
2026 5793 2112 5850 est
2148 5796 2197 5848 ι.
