3934 6434
360 383 478 480 s95

1516 378 1999 448 EKKEHARDI
2039 377 2597 451 URAUGIENSIS

3650 400 3778 481 896

369 524 686 596 pugnatum
710 539 739 582 a
766 523 965 597 fratre,
991 530 1341 599 congregata
1361 528 2006 587 omnivirtuteFranco-
2037 546 2087 605 Α
2126 524 2379 582 lacrimis
2413 527 2666 585 omnium
2702 529 3075 587 Francorum.
3113 528 3360 601 (Wmux.
3395 548 3433 605 ι,
3465 549 3514 591 c.
3535 538 3624 607 25,
3651 537 3775 609 26.)

369 626 515 683 rum,
579 615 835 685 perrexit
865 616 935 671 ad
999 619 1409 689 requirendum
1472 621 1822 679 Heinricum.
1883 621 2006 689 Quo

367 707 669 774 comperto
702 704 755 759 in
811 707 1072 777 presidio
1130 710 1293 765 urbis
1323 725 1449 780 quis
1506 711 1724 768 dicitur
1755 713 2003 782 Gruona,

371 796 542 863 templ
558 793 833 850 avitillud
849 797 1185 868 obpugnare
1211 801 1549 871 presidium.
1574 802 1827 858 Etmissa
1848 802 2009 874 prius

320 928 345 943 ,,
367 880 655 950 legatione
689 899 792 954 pro
824 891 1142 956 spontanca
1177 888 1495 959 deditione,
1531 892 1775 962 spondet
1810 907 1872 949 se
1905 906 2007 964 per

366 970 472 1025 hoc
489 970 600 1026 sibi
616 972 860 1029 amicum
878 975 1213 1047 affuturum,
1235 994 1347 1035 non
1362 980 1586 1037 hostem
1604 985 2001 1054 experturum.

371 1058 513 1116 lluic
538 1059 816 1130 legationi
844 1064 1161 1123 intervenit
1183 1068 1511 1126 llietmarus
1537 1071 1609 1125 ob
1633 1071 2004 1128 orientalium

364 1150 650 1206 Saxonum
668 1154 950 1222 parte,vir
966 1155 1235 1228 disciplin
1246 1174 1289 1212 ti‘
1308 1158 1575 1216 militaris
1589 1160 2002 1233 peritissimus,

363 1238 562 1296 varius
594 1242 960 1313 consilioque
993 1259 1250 1317 magnus,
1282 1250 1339 1304 et
1374 1249 1469 1318 qui
1499 1249 1820 1307 calliditate
1853 1251 2008 1320 inge-

365 1327 480 1384 nita
515 1330 729 1387 multos
779 1334 1056 1391 mortales
1087 1342 1414 1407 superaret.
1452 1339 1553 1395 Hic
1585 1342 2005 1410 superveniens

364 1415 573 1486 legatis
618 1420 774 1490 regis
837 1424 1226 1493 presentibus,
1265 1426 1588 1495 interrogat
1647 1428 1875 1499 ducem,
1907 1432 2001 1486 ubi

360 1505 537 1563 vellet
553 1510 875 1567 exercitum
895 1514 1118 1568 metari.
1143 1516 1210 1568 At
1228 1514 1445 1580 illejam
1466 1519 2004 1587 persuasum-edere

364 1595 619 1665 Francis,
646 1600 875 1669 accepit
901 1600 1189 1671 ﬁduciam,
1215 1604 1457 1660 audiens
1482 1606 1551 1662 de
1574 1607 1857 1677 exercitu,
1883 1624 2005 1665 cre-

360 1683 595 1741 densita
612 1702 742 1743 esse
761 1706 774 1747 :
808 1689 1134 1746 Dietmarus
1150 1708 1287 1748 vero
1302 1693 1435 1750 ﬁcte
1459 1694 1841 1764 loquebatur;
1872 1713 2002 1753 cum

360 1772 614 1843 quinque
638 1775 1205 1835 enimtantummodo
1226 1781 1367 1836 viris
1386 1789 1642 1839 venerat.
1659 1786 1737 1839 De
1763 1800 2002 1842 numero

360 1866 550 1916 autem
568 1862 856 1933 legionum
880 1868 1218 1924 sciscitante
1239 1870 1403 1939 duce,
1422 1872 1491 1927 ad
1509 1877 1579 1927 30
1614 1873 2001 1943 ferelegiones

360 1964 418 2003 se
452 1951 779 2022 producere
812 1971 982 2025 posse
1015 1959 1333 2028 respondit.
1368 1961 1450 2015 Ita
1486 1961 1669 2018 delusi
1706 1962 1880 2032 legati
1915 1979 2003 2020 re-

357 2039 544 2105 gressi
570 2047 707 2097 sunt
733 2043 799 2098 ad
828 2060 1041 2113 regem.
1068 2048 1221 2103 Vicit
1239 2064 1377 2103 vero
1398 2049 1530 2106 illos
1553 2050 1876 2108 calliditate
1899 2068 1999 2109 sua

358 2127 705 2201 Dietmarus,
742 2148 889 2202 quos
918 2135 1041 2205 ipse
1067 2136 1182 2193 dux
1219 2138 1370 2194 ferro
1401 2139 1633 2195 vincere
1666 2156 1775 2197 non
1812 2142 2001 2213 potuit

361 2215 681 2275 lleinricus.
702 2222 837 2277 Nam
862 2214 1269 2283 antelucanum
1296 2227 1520 2285 relictis
1537 2230 1752 2286 castris
1773 2231 1996 2303 Franci,

358 2307 759 2379 unusquisque
791 2312 966 2368 rediit
1003 2315 1056 2369 in
1091 2329 1214 2372 sua.

429 2394 683 2464 (lnunpn.
728 2414 786 2469 η,
817 2402 931 2474 20.)
989 2403 1246 2474 Septimo
1281 2408 1472 2461 autem
1533 2421 1681 2462 anno
1715 2408 1877 2479 regni
1911 2408 1998 2466 sui

358 2480 740 2544 Chuonradus
783 2494 1380 2566 rexegrotarecoepit,
1418 2495 1793 2568 scntiensque
1832 2513 2002 2555 voca-

355 2570 533 2628 tionis
550 2581 918 2650 suaetempus
949 2580 1171 2653 adesse,
1220 2584 1715 2656 principcsrcgni,
1752 2591 2000 2659 excepto

356 2658 646 2733 Heinrico,
665 2669 1031 2740 convocavit,
1050 2676 1225 2727 eteos
1247 2672 1325 2728 ita
1340 2674 1639 2729 convenit:
1669 2658 2002 2733 Vocationis

351 2762 493 2807 mea:
523 2757 747 2824 tempus
806 2770 1078 2827 agnosco,
1131 2761 1203 2829 et,
1238 2763 1312 2817 ut
1334 2762 1600 2831 cernitis,
1638 2765 1837 2834 presio
1868 2765 2004 2833 est;

345 2839 605 2908 proinde
643 2857 857 2913 pacem
903 2849 1396 2920 concordiamque
1423 2864 1526 2907 nos
1550 2853 1772 2910 sectari
1820 2855 2002 2910 etiam

355 2926 656 2999 etiamque
672 2945 833 2999 rogo.
859 2933 957 2991 Me
986 2935 1281 2994 nominem
1312 2941 1578 3009 edeunte,
1605 2941 1779 2997 nulla
1797 2956 1896 3000 cos
1913 2957 2002 2999 re-

332 3010 584 3085 ’,σπανιᾰί
615 3020 862 3078 ambitio
893 3024 1265 3095 inﬂammet;
1293 3029 1666 3100 Hemricum,
1689 3031 2003 3088 Sancitum

359 3105 629 3179 Titurinq
639 3123 917 3181 srumque
930 3112 1131 3171 ducem
1134 3116 1371 3186 pruden
1378 3118 1567 3175 tissim
1576 3133 1669 3175 um
1678 3134 1798 3191 ,reg
1806 3135 1894 3177 em
1906 3123 2004 3178 cli-

346 3196 476 3266 gite
487 3196 905 3271 dominumque
918 3204 1276 3275 constituite,
1288 3207 1341 3263 is
1355 3208 1511 3263 enim
1522 3209 1611 3265 est
1633 3212 1692 3265 et
1698 3212 1834 3281 sapi
1839 3225 1906 3266 en
1914 3212 2001 3268 tia

2121 616 2189 671 Ut
2216 631 2355 687 ergo
2381 632 2479 673 rex
2505 618 3222 690 imperavit,Eberhardus
3248 622 3572 681 Heinricum
3596 626 3770 698 adiit,

2120 720 2299 778 seque
2327 723 2453 764 cum
2506 709 2775 767 omnibus
2801 710 3096 768 thesauris
3127 710 3207 767 illi
3267 713 3525 779 tradens,
3563 730 3768 786 pacem

2116 811 2244 852 cum
2271 811 2339 853 eo
2386 798 2542 869 fecit,
2575 798 3013 871 amiciciamque
3046 802 3173 872 ejus
3215 804 3556 873 promeruit,
3592 819 3769 876 quam

2119 885 2374 941 ﬁdeliter
2422 887 2901 960 familiariterque
2934 904 3115 960 usque
3174 890 3227 946 in
3263 891 3430 947 ﬁnem
3484 893 3764 950 obtinuit.

2117 975 2335 1032 Deinde
2365 979 2738 1048 congregatis
2774 978 3135 1050 principibus
3163 983 3220 1034 et
3252 984 3389 1036 natu
3424 981 3765 1053 majoribus,

2117 1066 2415 1123 exercitus
2436 1069 2783 1123 Francorum
2815 1068 2867 1123 in
2901 1068 3029 1125 loco
3060 1069 3155 1140 qui
3186 1069 3403 1126 dicitur
3425 1070 3764 1143 Friteslare,

2119 1154 2444 1226 designavit
2475 1172 2605 1213 eum
2636 1172 2827 1226 regem
2863 1172 3057 1214 coram
3092 1158 3244 1215 omni
3270 1159 3484 1232 populo
3517 1162 3765 1220 France-

2118 1260 2241 1301 rum
2276 1250 2452 1316 atque
2485 1247 2791 1303 Saxonum.

2115 1336 2238 1383 Anni
2270 1336 2503 1383 Heinrici.

2193 1415 2422 1471 1.Anno
2452 1414 2870 1474 1“Dominicac
2905 1417 3464 1490 incarnationisQZO,
3503 1420 3573 1476 ab
3602 1422 3764 1478 Urbe

2117 1502 2353 1559 condita
2385 1504 2693 1562 millesimo
2741 1509 2863 1575 671,
2899 1507 3224 1579 Heinricus,
3259 1523 3469 1577 genere
3498 1509 3665 1580 Saxo,
3700 1509 3766 1564 ﬁ-

2116 1590 2231 1648 lius
2262 1593 2491 1649 Ottonis
2538 1593 2723 1661 ducis,
2758 1598 2855 1651 80°
2886 1594 2979 1628 ¹²³⁸
3010 1595 3137 1652 loco
3167 1598 3239 1651 ab
3272 1599 3549 1667 Augusto,
3586 1597 3639 1652 in
3674 1612 3766 1654 re-

2113 1694 2287 1749 gnum
2320 1682 2577 1753 cligitur,
2602 1684 2983 1755 regnavitque
3007 1685 3172 1741 annis
3203 1689 3287 1740 17.
3322 1685 3419 1756 (cf.
3458 1685 3595 1742 C’Izr.
3634 1686 3759 1757 W.)

2116 1770 2217 1824 Hic
2251 1787 2378 1827 cum
2415 1788 2522 1828 non
2557 1773 2801 1829 haberet
2846 1774 3092 1843 gratiam
3125 1774 3449 1830 Chuonradi
3484 1775 3638 1844 regis
3668 1775 3760 1831 sui

2116 1857 2459 1931 decessoris,
2484 1866 2723 1934 prepter
2739 1878 2961 1919 morum
2978 1863 3330 1935 probitatem
3347 1863 3631 1935 animique
3644 1863 3762 1919 vir-

2116 1951 2298 2004 tutem
2324 1950 2473 2006 idem
2506 1967 2605 2007 rex
2632 1952 2684 2007 in
2712 1953 3001 2009 extremis
3022 1951 3165 2022 suis,
3201 1956 3263 2008 ut
3295 1952 3617 2023 predictum
3639 1956 3756 2023 est,

2114 2039 2494 2109 pretermisso
2516 2041 2695 2097 fratre
2721 2042 2974 2113 proprio,
2992 2042 3145 2097 hunc
3167 2040 3365 2111 elegit,
3382 2045 3439 2096 et
3466 2044 3523 2096 ut
3548 2042 3619 2097 ab
3641 2056 3759 2096 om-

2113 2127 2285 2183 nibus
2307 2127 2359 2182 id
2376 2135 2650 2198 ageretur
2668 2130 3365 2202 principibus,consilium
3387 2129 3564 2185 dedit.
3585 2131 3754 2198 (Wm.

2112 2230 2148 2285 ῐ,
2176 2220 2262 2281 €26,
2296 2220 2410 2289 27.)
2445 2218 2546 2274 Cui
2580 2234 2709 2275 cum
2771 2220 2969 2276 unctio
3000 2223 3057 2276 et
3090 2219 3350 2275 diadema
3383 2218 3694 2273 offerretur
3723 2232 3755 2273 a

2112 2319 2338 2362 summo
2372 2308 2665 2377 pontiﬁce,
2719 2308 2813 2378 qui
2846 2323 2915 2363 eo
2965 2312 3231 2379 tempore
3261 2307 3572 2375 Herigerus
3604 2309 3754 2375 erat,

2112 2408 2221 2449 non
2239 2396 2483 2466 sprevit,
2501 2412 2605 2451 nec
2622 2402 2811 2452 tamen
2837 2397 3103 2468 suscepit
3122 2416 3133 2451 :
3149 2396 3630 2466 Satis,inquicns,
3648 2395 3761 2451 mi-

2110 2484 2207 2540 clii
2226 2487 2330 2553 est,
2354 2486 2425 2542 ut
2439 2500 2547 2557 pre
2566 2487 2899 2557 majoribus
2910 2488 3059 2544 meis
3073 2501 3186 2544 rea:
3197 2487 3368 2543 dicar
3381 2487 3441 2541 et
3459 2486 3754 2555 designer,

2112 2572 2323 2629 dicina
2345 2577 2641 2632 annuente
2660 2576 2977 2645 vestraque
2994 2576 3259 2648 pietate;
3274 2588 3456 2646 penes
3482 2575 3761 2631 meliores

2107 2675 2244 2718 vero
2269 2664 2437 2720 nobis
2468 2666 2668 2721 unctio
2698 2680 2769 2722 ac
2791 2666 3069 2722 diadema
3094 2665 3211 2735 sit;
3233 2663 3397 2721 tanto
3420 2663 3631 2719 honore
3650 2677 3759 2720 nos

2109 2750 2486 2809 arbitramur
2506 2755 2803 2827 indignos.
2822 2755 3049 2812 Placuit
3073 2755 3184 2810 iste
3210 2767 3398 2810 sermo
3425 2767 3612 2808 coram
3635 2751 3753 2807 uni.

2108 2853 2274 2896 versa
2311 2843 2704 2915 multitudine,
2740 2849 2795 2900 et
2832 2844 3060 2901 dextris
3088 2844 3142 2899 in
3175 2842 3386 2898 coelum
3412 2840 3635 2909 levatis,
3659 2854 3759 2895 no-

2109 2945 2236 2985 men
2272 2932 2404 2988 novi
2441 2933 2594 3001 regis
2622 2933 2876 2990 clamore
2908 2933 3103 2989 valido
3127 2932 3456 2988 salutantes
3489 2931 3760 2998 frequen—

2111 3021 2336 3080 tabant.
2365 3023 2622 3092 (Lworu.
2652 3038 2710 3091 η,
2735 3027 2822 3079 50.
2848 3054 2917 3063 -—
2939 3024 3178 3079 RICHEB.
3205 3037 3243 3091 ι,
3271 3020 3382 3090 47.)
3406 3021 3520 3075 Hoc
3546 3016 3754 3072 ordine

2110 3127 2212 3169 rex
2246 3113 2434 3167 factus
2466 3111 2771 3167 lleinricus
2817 3111 3081 3182 perrexit
3128 3125 3256 3167 cum
3289 3107 3439 3165 omni
3468 3106 3752 3163 comitatu

2111 3216 2214 3258 suo
2238 3201 2305 3256 ad
2326 3200 2700 3271 pugnandum
2733 3204 2935 3256 contra
2968 3199 3364 3256 Burchardum
3389 3197 3591 3253 ducem
3624 3194 3756 3250 Ala-

346 3285 579 3354 pollens
592 3288 1181 3359 etjustceseeeritatis
1210 3279 1806 3355 censuraabundans.
1827 3300 1993 3370 (Win.
2030 3279 2079 3343 C
2110 3290 2374 3359 ῐηθηηίεθ,
2401 3289 2567 3359 cuius
2594 3289 2764 3345 [illam
2790 3290 2991 3345 habuit
3019 3303 3256 3345 “xorem
3282 3285 3757 3370 RuOdOH“SB“'_°’

353 3376 526 3446 1,25.)
559 3376 782 3442 Quibus
815 3379 868 3434 in
903 3381 1022 3437 haec
1055 3383 1230 3439 verba
1264 3385 1790 3458 consentientibus,
1826 3394 1996 3445 vocat

355 3462 589 3520 fratrem
607 3480 769 3523 suum
796 3469 1093 3526 Eberhard
1105 3488 1218 3541 um,
1252 3473 1453 3544 sicque
1469 3473 1787 3545 alloquitur
1803 3476 1995 3533 illum:

350 3550 576 3619 Sentio,
601 3554 833 3625 frater,
874 3572 966 3615 me
1006 3560 1236 3618 diutius
1266 3563 1445 3619 istam
1465 3565 1647 3621 citam
1669 3566 1865 3623 tenere
1885 3582 1999 3623 non

346 3653 540 3710 posse;
550 3642 772 3701 idcirco
785 3648 1321 3707 considerationem
1335 3652 1424 3708 tui
1439 3652 1665 3725 liabeto,
1675 3656 1900 3726 etquod
1917 3656 2000 3712 ad

352 3727 407 3783 te
415 3733 952 3805 erespicit,
962 3739 1119 3793 omni
1135 3737 1503 3798 Francorum
1514 3757 1696 3813 regno
1708 3743 1935 3801 consuli
1943 3744 1996 3800 to

350 3832 495 3887 meo,
512 3819 739 3890 fratris
754 3822 860 3893 tui,
888 3825 1241 3885 intendenda
1263 3831 1530 3888 consilio.
1550 3831 1890 3889 Suntnobis
1910 3847 1998 3891 co-

346 3907 463 3975 piae
474 3911 770 3969 exercitus
782 3916 1185 3986 conqreqandi
1198 3918 1380 3989 atque
1393 3920 1999 3991 ducendi,sunturbes

350 3995 588 4054 etarma
603 4002 1053 4073 cumregalibus
1082 4006 1371 4078 insignite
1386 4010 1619 4066 etomne
1631 4010 1789 4081 quod
1824 4011 2000 4068 decus

350 4085 583 4155 regium
594 4088 1384 4166 deposcitpreterfortunam
1398 4098 1669 4156 etmores.
1704 4099 1989 4158 Fortuna.

352 4174 706 4246 frater,cum
717 4179 1111 4241 nobilissimis
1123 4186 1383 4244 moribus
1395 4187 1681 4245 Heinrico
1696 4189 1880 4245 cedit:
1908 4202 1997 4246 re-

350 4276 485 4317 rum
488 4263 872 4334 publicarum
884 4282 1112 4327 summa
1132 4286 1294 4331 secus
1312 4274 1588 4331 Saxones
1605 4276 1709 4331 est.
1724 4277 1998 4347 Sumptis

352 4351 544 4419 igitur
557 4352 654 4410 Itis
666 4355 1190 4428 insigniisJancea
1202 4362 1499 4419 scilicetet
1516 4363 1782 4421 armillis
1795 4365 1998 4421 aureis

348 4452 481 4495 cum
500 4441 758 4499 clamide
768 4445 1317 4520 etreterumgladio
1328 4464 1536 4520 regum
1554 4464 1625 4508 ac
1637 4451 1992 4521 diademate,

348 4527 431 4584 ito
453 4530 537 4586 ad
556 4532 929 4605 Heinricum,
947 4539 1483 4611 pacemquefecito
1508 4553 1636 4596 cum
1657 4554 1738 4609 eo,
1773 4542 1843 4598 ut
1867 4556 1999 4598 eum

2106 3378 2622 3450 gundio,qui(232)
2656 3382 2787 3449 post
2837 3378 3304 3434 interfectionem
3323 3371 3627 3444 Ruotperti
3660 3368 3753 3404 m’

2108 3467 2264 3537 regis
2297 3466 2633 3536 Galliarum,
2668 3468 2855 3539 patris
2889 3466 3147 3537 llugonis
3171 3465 3357 3532 ducis,
3386 3462 3585 3519 fratris
3612 3475 3754 3517 vero

2108 3556 2462 3613 Outonism0
2479 3558 2653 3627 regis,
2691 3558 2762 3611 ab
2786 3556 3036 3612 inimicis
3088 3555 3279 3611 Karoli
3320 3552 3476 3623 regis
3508 3564 3609 3606 rex
3638 3549 3754 3606 ele-

2105 3649 2276 3701 vatus
2299 3648 2408 3715 est,
2435 3645 2592 3699 sicut
2622 3649 2679 3700 et
2718 3646 3082 3715 Ruotpertus
3111 3645 3388 3699 decessor
3410 3641 3553 3711 ejus.
3583 3640 3749 3709 (W10.

2110 3734 2146 3791 Ζ.
2189 3735 2251 3803 l.)
2283 3733 2650 3788 Burchardus
2669 3746 2809 3787 vero
2833 3731 2971 3800 dux,
2997 3731 3133 3786 licet
3158 3737 3317 3786 esset
3341 3729 3590 3786 bellator
3607 3726 3756 3782 into-

2109 3821 2394 3890 lerabilis,
2417 3820 2678 3875 sentiens
2702 3822 2915 3887 tamen,
2944 3833 3073 3875 cum
3096 3817 3267 3873 valde
3291 3817 3549 3889 prudens
3570 3817 3752 3875 esset.

2106 3908 2584 3979 congressionem
2605 3907 2760 3976 regis
2788 3920 2851 3962 se
2864 3906 3159 3962 sustinere
3174 3920 3286 3961 non
3303 3920 3494 3976 posse,
3512 3902 3755 3960 tradidit

2107 4001 2158 4056 ei
2186 3997 2564 4068 semetipsum
2590 4011 2716 4051 cum
2736 3994 3027 4051 universis
3044 3993 3288 4049 urbibus
3309 3996 3367 4047 et
3393 3991 3608 4062 populo
3624 4006 3751 4060 suo,

2181 4089 2396 4157 (lauru.
2425 4102 2483 4157 η,
2508 4086 2622 4157 21.)
2662 4083 2875 4141 Eodem
2920 4086 3184 4154 tempore
3209 4081 3375 4153 [Αηη.
3411 4082 3472 4134 Ι).
3508 4083 3631 4136 921.
3668 4079 3753 4149 Ε.]

2109 4178 2382 4235 Arnolqu
2406 4178 2522 4234 dux
2543 4191 2671 4233 cum
2689 4190 2873 4231 uxore
2895 4177 2954 4231 et
2975 4172 3108 4228 ﬁliis
3133 4174 3205 4229 ab
3226 4170 3475 4242 Ungaria
3501 4170 3751 4226 rediens.

2107 4268 2423 4326 honoriﬁce
2449 4282 2476 4322 a
2504 4265 2786 4337 Bajoariis
2810 4262 3153 4336 suscipitur,
3172 4277 3276 4319 nec
3297 4261 3483 4318 solum
3512 4258 3757 4330 suscipi-

2110 4363 2223 4426 tur,
2242 4358 2339 4413 sed
2359 4356 2612 4413 etiamut
2630 4370 2730 4412 rex
2747 4354 2843 4409 ﬁat
2877 4353 3338 4409 vehementerab
3352 4351 3438 4407 eis
3451 4350 3748 4406 exoratur.

2108 4450 2226 4503 Rex
2262 4448 2453 4503 autem
2486 4443 2792 4499 Hcinricus
2823 4456 2951 4498 cum
2985 4442 3140 4497 inter
3167 4455 3367 4496 omnes
3397 4438 3559 4509 regni
3603 4436 3754 4508 priu-

2109 4538 2270 4609 cipcs
2304 4535 2409 4592 sibi
2452 4535 2932 4605 obtemperantes
2968 4530 3263 4587 Arnoll‘um
3294 4528 3481 4585 solum
3516 4525 3755 4582 resiste-

334 4619 700 4689 fotderatum
718 4625 911 4694 possis
932 4625 1148 4683 habere
1180 4627 1625 4699 inperpetuum.
1666 4629 1824 4695 Quid
1842 4632 1997 4689 enim
2027 4635 2079 4695 D
2110 4643 2171 4686 re
2201 4629 2490 4693 cerneret,
2520 4622 2773 4679 collecto
2800 4620 3063 4676 exercitu
3100 4618 3418 4689 prevalido,
3438 4614 3752 4687 Bajoariam

346 4720 578 4765 necesse
616 4711 721 4780 est,
749 4712 820 4767 ut
848 4713 1032 4771 cadat
1034 4716 1295 4787 populus
1317 4717 1679 4774 Francorum
1704 4719 1890 4776 tecum
1911 4734 1998 4778 co-

343 4807 475 4851 ram
498 4798 595 4853 eo?
621 4800 757 4869 Ipse
778 4801 936 4856 enim
955 4815 1091 4858 cere
1109 4816 1222 4859 rea:
1258 4806 1346 4860 eri
1354 4804 1445 4860 tet
1483 4806 1807 4878 imperator
1818 4823 1998 4880 papu-

347 4882 536 4941 lcrum
548 4888 890 4944 multorum.
919 4891 1223 4958 llisdl'etis,
1250 4892 1431 4948 frater
1463 4893 1773 4953 lacrimans
1788 4912 1849 4953 se
1863 4913 1997 4954 eon-

345 4974 564 5032 sentire
598 4977 922 5048 respondit.
952 4980 1090 5035 Post
1116 4979 1238 5036 hzec
1271 4997 1372 5037 rex
1400 4984 1668 5055 moritur,
1706 4987 1793 5042 vir
1829 4988 1994 5043 fortis

347 5063 403 5116 et
438 5069 664 5136 potens,
691 5064 844 5121 domi
880 5065 1204 5139 militiaque
1232 5069 1509 5142 optimus,
1536 5071 1809 5143 largitate
1840 5091 1995 5133 sere-

348 5163 458 5208 nus
485 5158 545 5208 et
576 5155 828 5212 omnium
889 5154 1170 5212 virtutum
1208 5157 1471 5229 insigniis
1525 5162 1748 5230 clarus;
1784 5165 1992 5236 sepeli-

2111 4714 2381 4784 tetendit,
2415 4726 2665 4781 eumque
2694 4709 2856 4780 juxta
2880 4708 3161 4779 quosdam
3186 4706 3355 4776 (Win.
3387 4707 3421 4762 ἰ.
3449 4705 3516 4776 l.)
3549 4705 3604 4759 in
3627 4716 3755 4774 pre-

2109 4806 2259 4863 sidio
2293 4803 2456 4861 urbis
2513 4799 2851 4870 Ratisponze
2901 4796 3165 4861 obsedit;
3200 4795 3353 4866 quod
3400 4794 3496 4850 ille
3527 4792 3750 4860 videns,

2109 4907 2289 4965 seque
2323 4890 2443 4960 regi
2480 4888 2761 4946 resistere
2784 4900 2893 4942 non
2921 4886 3183 4941 suﬁlcere
3208 4884 3600 4955 perpendens,
3627 4895 3757 4952 por-

2104 4985 2184 5040 tis
2216 4980 2438 5054 apertis
2465 4990 2743 5047 egressus
2770 4979 2865 5031 est
2894 4973 2964 5028 ad
3024 4986 3240 5042 regem,
3278 4972 3515 5028 tradens
3546 4973 3755 5026 semet-

2106 5075 2294 5145 ipsum
2318 5083 2449 5127 cum
2469 5065 2621 5124 omni
2646 5078 2826 5134 regno
2861 5077 2987 5131 suo,
3015 5066 3072 5117 et
3096 5061 3411 5118 honoriﬁce
3434 5063 3755 5129 susceptus
3840 5122 3847 5133 ,

2102 5164 2175 5221 ab
2194 5177 2284 5231 eo,
2302 5158 2523 5216 amicus
2547 5154 2702 5223 regis
2725 5151 3060 5225 appellatus
3073 5154 3181 5207 est.
3201 5150 3441 5216 Quidam
3471 5150 3756 5221 [Sequen-

352 5242 561 5313 t':rque
594 5243 647 5299 in
674 5244 914 5301 civitate
939 5260 1037 5303 sua
1071 5245 1451 5321 Wilinaburg,
1500 5266 1630 5308 cum
1665 5268 1891 5311 merere
1924 5270 1990 5311 ac
2080 5248 2401 5321 tiadesunt
2442 5245 2527 5316 Ε.]
2569 5258 2710 5300 vero
2729 5242 2991 5299 scribunt
3014 5241 3270 5312 (Lworu.
3300 5240 3338 5294 ι.
3360 5240 3426 5312 l),
3450 5237 3607 5309 quod
3639 5251 3753 5294 non

1714 5377 1951 5433 VARUE
1992 5373 2390 5435 LECTIONES.

421 5478 512 5516 m1
532 5483 748 5559 per!“
765 5487 825 5543 Ε,
906 5485 996 5524 ¹²³⁸
1023 5488 1117 5549 ita
1145 5491 1329 5549 etiam
1355 5492 1415 5546 D.
1449 5492 1652 5548 LXXII.
1679 5492 1972 5549 E.LXXV.
2011 5494 2083 5552 A.
2109 5493 2175 5551 δ’.
2257 5488 2347 5523 ﬂ”
2379 5483 2605 5560 ruperti
2638 5482 2726 5541 1b.

2811 5480 2902 5516 ¹²⁴⁰
2934 5479 3159 5539 ottonis
3194 5478 3277 5537 1b.

1935 5615 2138 5675 NOTIE
2153 5657 2167 5673 .

420 5717 567 5794 (232)
599 5724 976 5786 Ekkehardus
1004 5743 1205 5787 errore
1231 5729 1512 5800 singulari
1546 5745 1715 5800 reges
1748 5745 1975 5790 coaevos
2012 5728 2296 5790 Rudoll‘os
2331 5725 2686 5799 Burgundize
2710 5728 2766 5783 et
2801 5720 3001 5781 Gallias
3033 5719 3189 5778 inter
3217 5733 3279 5776 se
3310 5715 3643 5777 confundit.
