3948 6466
125 415 212 467 19Ἱ

750 401 1129 461 EXPOSITIO
1168 402 1242 456 IN
1281 393 1664 455 EPISTOLAS
1707 389 1931 446 PAULI.
1966 419 2034 429 —
2072 388 2143 442 IN
2180 387 2400 442 EPIST.
2433 387 2454 439 Ι
2486 385 2578 440 AD
2625 380 2783 439 COR.

3336 374 3439 426 198

135 557 153 586 ι
186 544 290 590 tur.
325 536 536 606 Itaque,
567 533 781 597 fratres,
815 527 1142 585 :emulamini
1193 526 1546 597 prophetare,
1581 526 1634 574 et
1662 516 1743 571 lo-
1764 514 1813 576 A
1845 513 1913 568 de
1941 512 2256 584 Scripturis.
2291 511 2390 566 Vel
2420 508 2725 565 doctrinam
2781 505 2848 561 de
2902 501 3166 570 moribus,
3223 499 3276 554 in
3334 511 3442 569 quo

136 649 154 672 «
189 624 280 696 qui
330 623 536 696 linguis
583 620 748 676 nolite
791 619 1104 691 prohibere.
1156 614 1353 670 Omnia
1403 619 1583 667 autem
1630 608 1735 661 ho-

138 736 157 763 c
189 721 343 768 neste
376 721 428 768 et
459 710 758 768 secundum
790 707 1036 764 ordinem
1081 704 1212 760 fiant
1243 703 1297 757 in
1324 702 1502 758 vobis.
1541 724 1562 748 ιι

777 909 1092 952 EXPOSITIO.

199 1045 494 1114 Postquam
524 1041 592 1096 de
639 1040 897 1095 charitatc
943 1035 1213 1108 probavit,
1266 1033 1412 1105 quod
1461 1029 1738 1087 excellen-

135 1135 234 1189 tior
264 1141 412 1188 esset
453 1147 562 1186 non
607 1129 779 1184 solum
831 1126 1055 1199 linguis.
1105 1124 1204 1180 sed
1245 1131 1297 1177 et
1343 1121 1492 1176 omni
1525 1120 1737 1181 virtute,

134 1218 324 1290 probat
353 1217 500 1288 quod
531 1214 858 1286 prophetare
907 1211 1127 1282 dignius
1157 1217 1209 1263 et
1239 1207 1419 1262 utilius
1453 1205 1522 1260 sit
1552 1205 1606 1258 in
1636 1206 1741 1259 Ec-

136 1308 320 1374 clesia,
374 1321 537 1377 quam
586 1303 732 1374 loqui
780 1300 1004 1374 linguis.
1055 1300 1124 1353 Et
1170 1299 1275 1353 hoc
1318 1296 1514 1366 probat
1560 1292 1743 1347 multis

137 1396 337 1455 modis.
371 1394 563 1450 dicens
599 1392 774 1447 :Licet
799 1391 979 1445 dicam
1004 1404 1119 1458 prae
1145 1386 1400 1442 omnibus
1442 1381 1745 1439 sectamini

137 1485 503 1548 charitatem,
536 1480 660 1536 volo
701 1488 883 1534 tamen
927 1476 1280 1532 amulemini
1307 1472 1657 1546 spirit-italia,
1689 1469 1744 1524 id

138 1583 216 1630 est
262 1571 595 1628 desideretis
645 1567 960 1640 spirituales
1008 1566 1236 1638 gratias.
1284 1564 1354 1618 Et
1401 1577 1525 1618 cum
1552 1575 1746 1615 omnes

138 1663 298 1719 utiles
333 1662 459 1724 sint,
499 1665 688 1715 tamen
717 1657 1028 1713 desiderate
1056 1659 1122 1710 ut
1152 1651 1499 1726 prophetetis
1545 1651 1743 1720 magis,

138 1767 297 1825 quam
331 1750 478 1820 loqui
508 1748 728 1819 linguis.
761 1747 828 1800 Et
856 1744 1032 1816 magis
1077 1743 1264 1813 utique
1293 1749 1376 1795 est
1422 1739 1746 1794 desideran-

1837 603 2057 674 operari
2089 609 2302 674 oportet
2338 616 2349 654 :
2385 599 2666 655 scientiam
2692 596 2759 651 de
2777 593 2988 649 naturis
3018 606 3214 655 rerum,
3250 588 3302 642 in
3336 601 3446 659 quo

1839 690 2139 762 speculatio
2171 689 2290 745 sola
2320 687 2532 743 sufficit.
2566 685 2910 756 Prophetiam
2945 689 3103 737 vocat
3133 677 3443 734 continuam

1836 780 2138 835 futurorum
2171 778 2556 849 cognitionem,
2581 790 2690 829 non
2720 789 2820 845 per
2851 773 3053 844 figuras
3082 769 3313 840 aliquas,
3347 763 3448 819 sed

1839 869 1953 925 sola
2027 867 2392 923 insinuatione
2451 864 2684 936 Spiritus
2765 861 2977 926 sancti;
3062 855 3450 913 revelationem

1838 974 1992 1027 vero,
2025 957 2258 1012 subitam
2290 953 2657 1028 cognitionem
2687 951 3014 1013 futurorum,
3046 955 3102 1002 ut
3129 944 3324 1017 aliquis
3356 943 3452 998 ab-

1841 1057 2028 1118 reptus
2059 1061 2092 1101 a
2124 1045 2323 1116 Spiritu
2355 1043 2536 1098 subito
2596 1041 2772 1095 futura
2830 1037 3156 1110 praedixerit,
3217 1043 3270 1089 et
3324 1047 3451 1088 mox

1843 1136 2072 1208 Spiritus
2098 1135 2168 1189 ab
2201 1151 2267 1189 eo
2298 1132 2623 1196 recesserit;
2658 1129 2743 1185 vel
2802 1127 3209 1191 revelationem,
3265 1123 3320 1177 id
3367 1128 3452 1176 est

1843 1223 2210 1298 cognitionem
2239 1223 2542 1277 futurorum
2572 1236 2672 1292 per
2712 1217 2941 1285 somnia,
2973 1222 3032 1270 ut
3060 1215 3114 1269 in
3145 1211 3372 1268 Daniele
3402 1218 3456 1266 et

1848 1315 2073 1384 Joseph,
2108 1313 2195 1368 vel
2223 1328 2326 1382 per
2353 1327 2442 1366 res
2471 1318 2679 1383 gestas,
2712 1317 2767 1362 ut
2799 1307 2918 1361 Noe
2949 1321 3048 1376 per
3074 1318 3277 1358 arcam.

1917 1402 2115 1456 Probat
2146 1401 2288 1456 idem
2342 1399 2691 1454 similitudine
2748 1395 3191 1458 inanimatorum,
3223 1390 3411 1446 dicens
3444 1403 3457 1443 :

1846 1491 1994 1547 Licet
2024 1491 2091 1545 de
2122 1506 2209 1544 me
2239 1490 2356 1560 ipso
2375 1487 2683 1558 exemplum
2704 1486 2860 1541 vobis
2891 1482 3233 1548 adduxerim,
3271 1485 3462 1535 tamen

1846 1595 1958 1635 non
1981 1579 2220 1649 oportuit
2245 1598 2258 1644 ;
2293 1578 2417 1648 quia
2445 1577 2499 1630 in
2538 1577 2624 1630 his
2653 1592 2773 1647 qua?
2801 1577 2937 1629 sunt
2975 1575 3097 1627 sine
3127 1572 3344 1636 anima,
3365 1585 3460 1624 vo-

1847 1685 1987 1735 cem,
2021 1668 2075 1722 id
2107 1676 2188 1722 est
2215 1683 2410 1722 sonum
2440 1667 2639 1720 dantia
2668 1665 2819 1730 ;sive
2849 1665 2952 1718 hoc
2975 1661 3044 1715 sit
3067 1661 3223 1726 tibia,
3256 1661 3370 1714 sive
3388 1657 3463 1713 ci-

1851 1758 2018 1813 thara
2033 1777 2050 1812 :
2063 1757 2176 1812 nisi
2190 1754 2453 1811 dederint
2467 1754 2896 1809 distinctionem
2911 1752 3221 1815 sonituum,
3237 1763 3464 1821 quomo-

147 1842 271 1896 dum
301 1859 315 1904 ;
351 1841 482 1912 quia
513 1837 603 1892 ille
626 1838 722 1908 qui
741 1835 988 1908 loquitur
1012 1833 1211 1902 lingua
1237 1829 1534 1900 incognita,
1573 1827 1747 1899 loqui-

1868 1846 1924 1901 to
1954 1847 2166 1901 scietur
2187 1845 2329 1917 quod
2345 1845 2600 1909 canitur,
2627 1841 2893 1913 autquod
2911 1840 3295 1895 citharizatur
3322 1835 3349 1889 ?
3373 1835 3462 1890 Sic

145 1935 240 1986 tur
267 1946 388 1985 non
419 1927 755 1989 hominibus,
790 1923 843 1977 id
867 1931 950 1978 est
979 1937 1088 1977 non
1117 1920 1184 1974 ad
1213 1917 1632 1975 aedificationum
1662 1916 1755 1970 ho-

147 2019 375 2081 minum,
420 2015 515 2072 sed
536 2017 664 2078 Deo,
715 2013 770 2068 id
800 2020 882 2067 est
939 2011 1009 2065 ad
1054 2012 1316 2065 honorem
1368 2006 1467 2061 Dei
1522 2013 1750 2070 tantum,

141 2107 230 2179 qui
261 2107 506 2178 linguam
539 2103 705 2158 dedit.
739 2102 878 2156 Vere
908 2118 1022 2155 non
1055 2099 1392 2162 hominibus,
1423 2112 1560 2151 nam
1591 2110 1756 2150 nemo

141 2196 422 2251 hominum
443 2193 626 2258 audit,
659 2191 714 2245 id
743 2199 825 2246 est
880 2187 1133 2260 intelligit
1191 2202 1310 2257 qua:
1353 2184 1444 2239 ille
1498 2183 1753 2254 loquitur,

143 2286 239 2341 sed
269 2285 398 2339 licet
427 2296 590 2337 nemo
619 2279 819 2344 audiat,
846 2287 1026 2334 tamen
1055 2278 1303 2349 Spiritus
1333 2281 1552 2329 sanctus
1584 2273 1760 2344 loqui-

145 2379 239 2430 tur
272 2373 549 2444 mysteria
580 2386 678 2440 per
707 2369 859 2423 illum
907 2367 1218 2438 loquentem
1247 2364 1433 2435 lingua
1461 2361 1756 2433 incognita.

144 2464 284 2518 Vere
316 2461 495 2532 magis
525 2459 657 2514 utile
684 2466 766 2513 est
787 2457 1118 2528 prophetare
1142 2469 1308 2526 quam
1338 2451 1489 2524 loqui
1518 2451 1757 2524 linguis;

144 2552 272 2623 quia
298 2551 390 2606 ille
422 2549 519 2621 qui
547 2549 838 2619 prOphetat
884 2545 1120 2617 loquitur
1165 2543 1476 2598 hominibus
1523 2541 1593 2595 ad
1623 2540 1762 2595 aedi-

145 2639 478 2695 ticationem.
527 2637 626 2692 Vel
663 2637 959 2708 jungamus
1003 2633 1072 2688 ad
1118 2632 1446 2703 proximum,
1481 2637 1539 2683 ut
1580 2637 1762 2684 tamen

145 2729 342 2784 eadem
356 2728 425 2782 sit
444 2726 712 2782 sententia
737 2741 748 2778 :
764 2731 982 2795 propter
991 2723 1095 2778 hoc
1109 2721 1251 2793 quod
1269 2738 1426 2786 nam,
1452 2719 1599 2790 quia,
1619 2718 1762 2773 enim

144 2818 410 2889 proximis
443 2815 781 2886 respondere
810 2813 1048 2877 debent;
1081 2809 1530 2881 loquenslinguis
1546 2824 1655 2862 non
1686 2807 1766 2861 lo-

147 2907 342 2979 quitur
385 2905 724 2962 hominibus.
765 2905 907 2958 Nam
947 2901 1038 2956 ille
1069 2909 1276 2956 tantum
1307 2901 1402 2973 qui
1439 2897 1761 2970 prophetat,

146 2997 201 3051 id
260 3005 347 3052 est
399 2995 494 3066 qui
559 2993 920 3049 obscuritates
975 2991 1377 3061 Scripturarum
1448 2987 1648 3058 aperit,
1680 2986 1768 3042 hic

151 3087 412 3158 loquitur
445 3083 766 3139 hominibus
804 3081 876 3136 ad
905 3079 1362 3149 wdiﬁcationem,
1397 3077 1451 3132 id
1482 3085 1565 3132 est
1595 3084 1652 3130 ut
1682 3075 1769 3129 in-

148 3183 325 3230 struat
359 3173 651 3228 ruditatem
669 3169 892 3227 I40
907 3185 1098 3224 eorum
1121 3187 1134 3234 ;
1158 3176 1211 3223 et
1242 3175 1529 3238 postquam
1556 3165 1765 3220 instru-

1857 1944 1910 1991 et
1941 1951 2060 1998 vos,
2095 1933 2222 2006 quia
2253 1932 2598 1987 indistinctos
2630 1945 2797 1985 sonos
2853 1927 3203 1993 confunditis,
3236 1942 3344 1981 non
3373 1925 3463 1979 in-

1856 2023 2119 2096 telligitur
2148 2023 2296 2094 quod
2327 2022 2525 2078 dicitis.
2586 2021 2789 2074 lterum
2837 2035 2937 2089 per
2978 2017 3125 2072 aliud
3155 2016 3330 2087 probo
3357 2030 3467 2070 non

1859 2129 1983 2168 esse
2037 2111 2402 2182 appetendam
2457 2108 2833 2166 confusionem
2890 2107 3221 2178 linguarum.
3255 2103 3468 2159 Etenim

1859 2205 1908 2258 si
1940 2202 2071 2257 tuba
2103 2201 2197 2257 det
2226 2201 2509 2256 incertam
2568 2214 2774 2265 vocem,
2807 2213 2929 2252 cum
2987 2195 3238 2250 distincta
3269 2193 3337 2248 sit
3367 2207 3470 2248 vox

1859 2291 2022 2354 tubae,
2054 2289 2287 2345 invitans
2315 2289 2383 2343 ad
2413 2287 2636 2356 bellum,
2667 2289 2792 2358 quis
2828 2292 3051 2357 propter
3077 2284 3341 2339 incertam
3370 2297 3472 2338 vo-

1861 2396 1980 2436 ccm
2007 2380 2235 2452 parabit
2267 2394 2322 2433 se
2352 2376 2426 2434 ad
2455 2378 2703 2432 bellum?
2753 2376 2928 2430 Nemo
2967 2373 3171 2444 utique.
3213 2372 3312 2427 Vel
3339 2372 3472 2427 illud

1863 2468 2060 2524 etenim
2088 2467 2336 2540 jungitur
2367 2467 2437 2521 ad
2457 2465 2784 2536 proximum.
2817 2463 3029 2518 Cithara
3063 2462 3148 2517 vel
3179 2461 3306 2515 tibia
3337 2477 3476 2517 con-

1864 2557 1984 2612 fuse
2016 2571 2219 2612 sonans
2245 2572 2354 2610 non
2409 2553 2754 2627 intelligitur.
2813 2552 2952 2607 Nam
3014 2551 3141 2606 tuba
3170 2567 3268 2622 per
3298 2549 3474 2605 simile

1865 2647 2003 2700 dans
2041 2661 2230 2701 vocem
2263 2644 2528 2699 incertam
2553 2659 2662 2698 non
2692 2641 3027 2713 intelligitur.
3078 2640 3147 2694 Et
3177 2639 3317 2695 sicut
3346 2639 3478 2694 tuba

1863 2732 2003 2786 dans
2026 2730 2290 2785 incertam
2314 2744 2505 2784 vocem
2527 2743 2636 2782 non
2658 2725 2997 2798 intelligitur,
3029 2726 3115 2780 ita
3132 2729 3190 2780 et
3215 2740 3326 2791 vos,
3359 2725 3477 2780 nisi

1863 2837 1965 2893 per
1998 2821 2252 2891 linguam
2291 2817 2566 2873 dederitis
2586 2818 2962 2886 manifestum
2987 2830 3328 2882 sermonem,
3343 2831 3480 2887 quo-

1865 2910 2026 2964 modo
2059 2910 2277 2964 scietur
2295 2907 2362 2960 ab
2375 2905 2716 2960 auditoribus
2743 2903 2954 2976 idquod
2984 2920 3015 2957 a
3037 2903 3191 2958 vobis
3211 2903 3479 2960 dicetur?

1866 2997 2155 3053 Nescietur
2183 2996 2389 3068 utique.
2425 2996 2567 3051 Nam
2587 3009 2686 3050 vos
2707 2995 2870 3049 eritis
2906 2994 3194 3064 loquentes
3223 2994 3286 3048 in
3316 3009 3472 3058 aera,

1869 3086 1924 3140 id
1955 3093 2040 3141 est
2096 3085 2292 3139 frustra
2324 3085 2681 3140 verberantes
2725 3098 2934 3137 aerem.
2994 3082 3304 3152 Loquentes
3358 3081 3482 3137 dico

1871 3180 1990 3230 tam
2000 3176 2190 3230 multa
2211 3178 2278 3229 ut
2294 3177 2452 3246 puta,
2474 3173 2528 3227 id
2539 3180 2622 3228 est
2639 3171 2776 3227 sicut
2813 3187 3021 3243 genera
3048 3171 3379 3242 linguarum
3399 3170 3480 3225 iu-

150 3264 223 3320 cti
253 3272 384 3318 sunt
404 3261 480 3317 ad
499 3260 978 3325 exhortationem,
1011 3267 1069 3313 ut
1089 3257 1158 3313 ad
1191 3237 1417 3312 meliora
1436 3271 1496 3309 se
1513 3254 1728 3327 erigant
1751 3270 1766 3320 ;

1868 3263 2013 3318 ﬁnita
2044 3268 2183 3319 sunt
2210 3265 2274 3318 in
2305 3262 2646 3328 hocmundo,
2683 3268 2732 3316 et
2751 3260 2803 3314 in
2836 3259 3068 3332 singulis
3096 3259 3299 3332 linguis
3329 3260 3481 3316 nihil

149 3358 204 3410 et
234 3353 305 3408 ad
336 3352 789 3408 consolationem
836 3357 893 3404 ut
921 3349 975 3402 in
1019 3345 1450 3402 tribulationibus
1479 3345 1645 3399 fortes
1672 3358 1767 3412 ap-

147 3449 407 3514 pareant.
445 3439 542 3495 llle
570 3454 698 3494 vero
726 3441 822 3512 qui
873 3439 1123 3511 loquitur
1156 3437 1352 3507 lingua
1382 3433 1678 3504 incognita,
1713 3439 1770 3485 ut

148 3532 273 3602 plus
304 3531 562 3600 aedificat
589 3529 956 3600 semetipsum
991 3541 1002 3580 :
1029 3525 1356 3597 quandoque
1384 3539 1486 3578 nec
1517 3539 1608 3601 se;
1644 3521 1768 3592 quia

148 3597 259 3676 non
291 3597 577 3689 intelligit,
610 3597 859 3687 opposita
902 3614 1189 3670 sententia.
1255 3613 1362 3669 Sed
1393 3611 1482 3666 ille
1512 3597 1608 3681 qui
1635 3626 1768 3683 pro—

148 3711 374 3781 phetat,
409 3708 546 3763 dum
578 3707 887 3776 Scripturas
904 3704 1270 3775 aperit,totam
1306 3702 1615 3757 Ecclesium
1644 3699 1772 3754 tedi-

147 3799 304 3869 ﬁcat.
338 3799 410 3854 Et
440 3796 572 3868 quia
600 3803 744 3850 tanta
773 3793 974 3849 utilitas
1002 3800 1086 3848 est
1116 3789 1497 3863 prophetandi,
1534 3790 1655 3845 volo
1669 3786 1774 3842 uti-

150 3905 254 3960 que
286 3905 383 3944 vos
407 3902 607 3942 omnes
637 3886 784 3957 loqui
810 3884 1044 3953 linguis,
1079 3881 1176 3936 sed
1212 3885 1407 3936 tamen
1436 3879 1617 3950 magis
1646 3876 1772 3932 volo

152 3992 252 4034 vos
281 3975 654 4049 prophetare.
707 3974 1015 4043 Propterea,
1070 3970 1199 4042 quia
1226 3969 1316 4024 ille
1346 3971 1442 4042 qui
1469 3967 1772 4041 prophetat

151 4069 341 4135 maior
371 4069 465 4122 est
493 4063 779 4134 dignitate,
813 4070 865 4116 et
881 4061 1098 4125 merito,
1131 4067 1181 4115 et
1211 4057 1460 4124 utilitate,
1493 4072 1660 4129 quam
1683 4054 1773 4110 ille

153 4156 251 4228 qui
284 4156 552 4228 loquitur
584 4153 813 4223 linguis,
844 4151 959 4205 nisi
986 4153 1133 4221 forte
1165 4147 1336 4219 (quod
1365 4147 1452 4202 vix
1485 4144 1773 4216 contingit)

150 4243 244 4299 ille
295 4245 751 4314 interpretetur,
807 4239 862 4294 id
891 4247 973 4294 est
1026 4245 1260 4310 exponat
1290 4235 1506 4307 cognita
1563 4235 1772 4306 lingua,

155 4332 302 4404 quod
335 4331 628 4404 inc0gnita
683 4328 938 4401 loquitur,
1002 4331 1067 4382 ut
1124 4326 1204 4382 sic
1243 4326 1495 4381 Ecclesia
1525 4326 1773 4396 accipiat

156 4423 617 4490 aediﬁcationem
647 4435 747 4489 per
775 4418 892 4486 ejus
911 4415 1429 4486 interpretationem,
1463 4429 1584 4485 qua:
1613 4413 1777 4468 inter-

153 4511 397 4583 pretatio
430 4509 584 4564 idem
616 4507 758 4563 valet
806 4505 954 4577 quod
998 4503 1300 4576 prophetia.
1336 4503 1536 4558 Probat
1580 4519 1678 4573 per
1706 4502 1779 4557 si-

1867 3358 1953 3409 est
1983 3353 2107 3408 sine
2137 3368 2264 3408 voce
2296 3370 2314 3406 :
2344 3350 2773 3422 unumquodque
2796 3349 2958 3404 habet
2985 3349 3266 3419 prOprium
3297 3356 3350 3403 et
3378 3349 3482 3402 dis-

1867 3443 2093 3497 tinctum
2137 3441 2206 3495 ab
2251 3440 2372 3494 aliis
2419 3438 2767 3495 vocabulum.
2802 3440 2944 3510 Ergo
2975 3437 3100 3509 quia
3129 3437 3330 3508 linguae
3359 3446 3486 3492 sunt

1869 3531 2118 3592 diversa,
2144 3538 2198 3586 et
2214 3545 2380 3585 voces
2399 3528 2685 3594 distinctae,
2708 3530 2758 3583 si
2783 3543 2889 3598 ego
2910 3529 3165 3582 nesciero
3189 3528 3481 3593 virtutem,

1869 3620 1926 3676 id
1955 3627 2034 3675 est
2067 3617 2523 3691 significationem
2553 3619 2701 3673 vocis
2752 3631 2916 3687 quam
2961 3613 3204 3686 profero,
3239 3631 3331 3671 ero
3361 3616 3486 3671 bar-

1871 3708 2039 3765 barus
2068 3710 2123 3764 ei
2152 3709 2246 3764 cui
2285 3709 2511 3779 loquar;
2545 3710 2601 3761 et
2628 3707 2726 3778 qui
2757 3705 3014 3777 loquitur
3033 3704 3197 3774 mihi,
3219 3705 3488 3760 barbarus

1873 3797 2122 3852 similiter
2181 3796 2489 3863 videbitur;
2525 3795 2604 3851 sic
2661 3794 2794 3850 estis
2825 3801 2878 3849 et
2931 3809 3032 3850 vos
3060 3793 3115 3847 in
3171 3793 3487 3849 alterutrum

1873 3886 2108 3941 barbari.
2140 3885 2238 3941 Vel
2269 3893 2327 3940 ut
2373 3885 2461 3941 hic
2508 3884 2729 3954 incipiat
2785 3898 2997 3939 versus.
3043 3883 3156 3950 Sic,
3190 3882 3242 3937 id
3274 3890 3357 3938 est
3387 3883 3489 3940 hac

1873 3975 2120 4042 ratione;
2154 3975 2281 4046 quia
2327 3973 2606 4046 incognite
2660 3972 2918 4045 loquitur,
2980 3971 3248 4027 barbarus
3270 3972 3489 4040 judica-

1874 4073 1960 4121 tur
1981 4085 1996 4131 ;
2016 4082 2108 4121 vos
2124 4065 2322 4131 etiam,
2337 4064 2607 4136 quoniam
2619 4067 2754 4118 estis
2766 4063 3131 4118 wmulatores
3158 4062 3486 4133 spirituum,

1874 4155 1930 4209 id
1960 4162 2044 4209 est
2071 4153 2478 4208 desideratores
2525 4151 2888 4223 spiritualium
2936 4150 3224 4217 bonorum,
3256 4151 3493 4223 quaerite

1875 4248 1945 4299 ut
1974 4244 2281 4299 abundetis
2312 4241 2366 4296 in
2397 4241 2483 4296 his
2514 4241 2674 4296 donis
2705 4257 2828 4312 quae
2890 4239 3072 4295 valent
3124 4239 3197 4295 ad
3242 4241 3492 4308 (adiﬁca-

1879 4333 2096 4388 tionem
2125 4331 2422 4400 Ecclesice,
2479 4338 2539 4384 ut
2597 4328 2906 4401 prophetia.
2971 4331 3035 4384 Et
3093 4345 3162 4383 ne
3201 4328 3493 4385 intendatis

1876 4421 2234 4477 varietatibus
2290 4419 2645 4492 linguarum;
2697 4418 2824 4490 quia
2879 4419 2974 4478 illa
3029 4419 3177 4474 dona
3231 4426 3492 4488 appetere

1879 4509 2125 4576 debetis,
2215 4525 2336 4580 quae
2418 4507 2635 4564 valeant
2704 4507 2775 4562 ad
2853 4505 3263 4564 aedificationem
3294 4506 3497 4563 I41

156 4601 539 4655 militudiuem
566 4597 668 4663 sui,
702 4597 848 4668 quod
877 4610 987 4650 non
1038 4594 1274 4650 debeant
1318 4593 1570 4648 insistere
1611 4593 1784 4648 varie-
1811 4603 1864 4664 ι)
1885 4599 2165 4656 Ecclesia}.
2200 4599 2322 4654 Ideo
2353 4597 2443 4652 ille
2471 4599 2569 4669 qui
2625 4598 2876 4668 loquitur
2928 4597 3125 4668 lingua
3192 4595 3493 4668 incognita,

159 4690 368 4744 tatibus
428 4687 747 4759 linguarum
802 4685 1040 4740 dicens:
1096 4683 1238 4752 Quia
1278 4698 1378 4753 per
1431 4682 1674 4756 linguam
1705 4681 1787 4736 in-

155 4779 440 4851 cognitam
475 4774 728 4832 Ecclesia
767 4789 876 4829 non
923 4771 1238 4839 aedificatur,
1269 4788 1376 4826 non
1433 4779 1558 4826 sunt
1585 4771 1790 4844 lingua

159 4867 284 4924 ideo
343 4866 588 4922 multum
644 4863 995 4935 appetenda,
1031 4877 1133 4917 nec
1190 4860 1353 4916 etiam
1381 4859 1524 4925 ideo,
1557 4861 1682 4932 quia
1712 4859 1790 4916 sic

165 4973 270 5028 ego
294 4973 462 5014 nunc
494 4953 662 5009 etiam
691 4969 812 5009 cum
836 4952 950 5021 jam
1001 4950 1253 5006 conversi
1310 4949 1460 5015 estis,
1495 4958 1548 5004 et
1577 4949 1791 5023 linguas

163 5046 399 5110 habetis,
416 5059 628 5101 venero
648 5041 721 5096 ad
740 5057 848 5105 vos,
869 5042 1103 5111 fratres,
1140 5041 1369 5112 loquens
1403 5040 1611 5110 tinguis
1632 5039 1792 5093 inau-

164 5133 313 5205 ditis,
347 5135 490 5208 quid
524 5133 693 5197 vobis,
722 5129 974 5201 prodero,
1008 5129 1125 5185 nisi
1169 5129 1364 5200 loquar
1395 5129 1561 5194 vobis,
1597 5132 1698 5183 aut
1729 5130 1793 5183 in

167 5225 612 5286 reuelationem,
627 5223 729 5275 aut
742 5219 804 5274 in
817 5215 1081 5284 scientia,
1096 5221 1197 5272 aut
1210 5218 1274 5272 in
1285 5217 1713 5288 praphetia,aut
1732 5218 1794 5271 in

168 5313 460 5374 doctrina,
497 5310 556 5364 id
586 5317 667 5363 est
696 5307 741 5362 si
758 5306 890 5361 nihil
911 5306 1103 5378 loquar
1124 5305 1280 5360 vobis
1309 5304 1364 5358 in
1385 5304 1568 5376 aliquo
1588 5321 1794 5376 genere

172 5399 580 5457 instructionis.
611 5396 1019 5452 Revelationem
1050 5403 1102 5450 et
1130 5393 1486 5464 prophetiam,
1522 5393 1664 5449 dona
1697 5393 1798 5449 Dei

171 5490 451 5562 intelligit,
517 5484 802 5543 scientiam
833 5491 886 5539 et
915 5483 1216 5540 doctrinam
1273 5481 1613 5537 industrialia
1647 5497 1660 5537 :
1692 5483 1797 5538 ha-

174 5580 370 5635 bentur
402 5577 558 5634 enim
591 5590 690 5645 per
717 5572 1036 5627 industriam
1092 5571 1348 5626 hominis.
1380 5571 1450 5625 Et
1505 5580 1664 5628 vocat
1692 5573 1797 5628 do-

176 5669 428 5738 ctrinam,
463 5663 625 5739 quod
649 5662 771 5734 quis
803 5661 1036 5718 addiscit
1062 5661 1130 5715 ab
1183 5659 1311 5715 alio.
1363 5659 1655 5716 Scientiam
1694 5675 1798 5714 au-

1887 4693 2007 4747 oret
2057 4689 2231 4744 Deum
2278 4691 2345 4742 ut
2388 4689 2823 4758 interpretetur,
2873 4685 2929 4740 id
2959 4693 3041 4740 est
3072 4693 3129 4739 ut
3160 4685 3293 4741 sciat
3323 4685 3498 4740 inter-

1888 4773 2095 4845 pretari
2149 4771 2515 4839 audientibus,
2548 4771 2694 4842 quod
2750 4770 2932 4825 aliena
2990 4769 3180 4843 lingua
3235 4769 3492 4840 loquitur.

1891 4863 1989 4920 Vel
2021 4862 2095 4917 ita
2121 4877 2132 4916 :
2161 4862 2265 4929 Qui
2297 4861 2548 4934 loquitur
2579 4861 2795 4932 lingua,
2828 4863 2971 4923 oret,
2997 4859 3053 4914 id
3083 4868 3166 4915 est
3196 4858 3454 4930 loquatur
3481 4873 3494 4913 :

1891 4954 1963 5008 ita
1990 4955 2057 5008 ut
2069 4951 2212 5023 quod
2233 4958 2454 5021 perorat
2472 4952 2910 5022 interpretetur.
2935 4948 3214 5020 Sicutique
3237 4949 3480 5019 loquen-

1892 5041 2024 5096 dum
2053 5047 2156 5106 est,
2175 5046 2234 5094 ut
2253 5038 2624 5109 interpretatio
2645 5053 2832 5093 comes
2860 5037 2948 5093 sit.
2982 5039 3124 5093 Nam
3151 5038 3200 5092 si
3231 5053 3339 5110 ego
3369 5036 3492 5108 ipse

1894 5146 2069 5193 orem,
2103 5129 2156 5183 id
2174 5135 2256 5183 est
2272 5128 2484 5200 loquar,
2502 5127 2587 5183 vel
2609 5143 2762 5183 orem
2782 5127 2952 5182 Deum
2978 5128 3177 5198 lingua
3194 5126 3495 5200 incognita,
3555 5157 3562 5160 -

1895 5220 2132 5292 spiritus
2152 5233 2332 5282 meus,
2363 5217 2420 5272 id
2451 5224 2535 5272 est
2565 5215 2795 5287 Spiritus
2829 5224 3050 5272 sanctus
3114 5215 3249 5270 mihi
3285 5215 3446 5272 datus
3481 5229 3496 5271 :

1896 5308 1983 5363 vel
2011 5306 2246 5380 spiritus
2262 5321 2438 5371 meus,
2463 5305 2518 5360 id
2536 5313 2618 5360 est
2637 5304 2775 5360 ratio
2793 5321 2930 5374 mea,
2956 5321 3098 5376 quae,
3121 5304 3248 5361 licet
3277 5321 3386 5361 non
3409 5305 3500 5360 in-

1894 5395 2125 5467 telligat,
2158 5395 2359 5450 bonum
2390 5401 2569 5449 tamen
2598 5393 2700 5450 scit
2729 5409 2851 5448 esse
2906 5394 3055 5466 quod
3084 5394 3234 5460 dicit,
3267 5394 3398 5466 quia
3426 5410 3494 5450 ex

1899 5485 2044 5540 dono
2077 5483 2176 5538 Dei
2208 5498 2220 5536 :
2253 5483 2407 5549 ratio,
2432 5483 2672 5554 inquam,
2732 5481 2818 5536 vel
2872 5482 3097 5554 spiritus
3136 5499 3295 5539 meus
3323 5483 3379 5537 in
3409 5499 3498 5538 me

1899 5577 2027 5629 orat
2048 5573 2242 5627 Deum.
2269 5572 2367 5628 Vel
2383 5576 2531 5640 orat,
2551 5571 2607 5626 id
2619 5579 2702 5626 est
2732 5570 3002 5642 loquitur:
3023 5572 3118 5628 sed
3138 5589 3318 5639 mens,
3342 5571 3398 5626 id
3419 5578 3502 5627 est

1900 5661 2206 5717 intellectus
2235 5677 2409 5726 meus,
2446 5664 2530 5716 est
2553 5661 2678 5716 sine
2696 5661 2918 5730 fructu,
2941 5659 2998 5715 id
3019 5669 3102 5716 est
3127 5660 3245 5715 sine
3275 5659 3502 5714 utilitate

175 5767 283 5814 tem
312 5761 439 5823 hoc,
478 5752 636 5828 quod
668 5750 846 5805 studio
876 5759 929 5807 et
958 5749 1184 5822 proprio
1223 5747 1516 5805 excercitio
1548 5747 1802 5819 intelligit
1903 5749 2358 5820 compunctionis,
2413 5748 2542 5820 quia
2578 5763 2677 5818 per
2721 5747 2826 5802 hoc
2876 5748 3022 5818 quod
3078 5764 3188 5803 non
3230 5746 3497 5816 intelligo,
