3934 6420
177 415 291 478 897

1045 418 1489 488 CHRONICA.
1521 460 1593 471 -——
1624 421 2099 486 CHRUNICON
2152 416 2698 484 UNIVEHSALE.

3462 422 3581 484 898

173 565 387 622 passus
416 551 496 607 sit
530 552 806 610 Arnolqu
857 554 1168 626 prestolari
1215 556 1526 615 adventum
1569 559 1722 629 regis
1762 558 1818 614 in
1849 592 1904 651 Α
1933 572 2138 614 norum
2171 554 2472 612 Germania
2502 557 2626 609 tota
2658 552 2952 609 Ludewici
2994 568 3233 623 regnum
3265 560 3411 611 erat.
3445 557 3580 613 Hac

170 638 459 710 Bajoaria,
481 640 605 712 sed,
626 641 892 699 collectis
914 645 1124 714 quibus
1145 646 1338 716 potuit
1360 648 1563 719 copiis,
1590 648 1819 703 obviam

167 726 224 782 ei
263 730 622 798 processerit
654 737 725 785 ad
758 745 1026 801 pugnam.
1074 734 1329 804 (1111111118
1371 736 1426 790 in
1459 751 1526 791 eo
1568 740 1726 791 esset
1759 739 1820 792 ut

171 814 393 871 bellum
419 816 567 872 inire
591 817 895 889 deberent,
923 835 1026 874 rex
1049 821 1376 893 lleinrieus,
1406 828 1465 879 ut
1485 824 1571 879 vir
1590 825 1825 895 sapiens

170 906 233 957 et
259 904 435 959 Deum
463 904 693 975 timens,
715 908 980 975 cogitans
998 924 1069 962 ex
1094 913 1341 980 utraque
1366 916 1529 983 parte
1553 913 1822 968 damnum

171 990 565 1061 inreparabile
595 1008 768 1063 posse
801 995 1092 1063 accidere,
1129 1000 1388 1069 Arnolfo,
1419 1007 1482 1056 ut
1505 1000 1665 1056 solus
1694 1017 1822 1057 cum

173 1079 303 1135 solo
352 1079 645 1152 loquatur,
698 1084 1031 1141 denunciat.
1068 1086 1173 1151 Qui
1206 1093 1420 1158 putans
1451 1104 1513 1144 se
1544 1089 1717 1145 acciri
1752 1090 1825 1146 ad

173 1168 476 1239 singulare
505 1175 825 1235 certamen,
861 1173 931 1227 ad
972 1174 1306 1232 condictum
1339 1178 1503 1233 solus
1536 1179 1820 1249 pervenit.

175 1258 358 1324 Quem
387 1258 716 1330 Hcinricus,
765 1266 826 1316 ut
855 1266 980 1317 erat
1016 1263 1275 1334 prudens
1308 1265 1497 1321 animo
1526 1272 1584 1322 et
1618 1272 1826 1338 potens

174 1345 430 1417 eloquio,
484 1348 759 1418 prudenti
810 1364 1079 1406 sermone
1128 1350 1466 1424 alloquitur,
1521 1354 1827 1426 increpans

173 1448 307 1490 eum
328 1450 433 1490 cur
454 1435 553 1490 Dei
578 1436 930 1494 ordinationi
967 1440 1295 1512 resisteret,
1328 1458 1460 1498 cum
1486 1458 1548 1498 se
1577 1443 1649 1498 ab
1671 1443 1824 1500 omni

174 1523 395 1595 populo
417 1522 508 1557 “‘1
530 1526 780 1583 electum
804 1527 1003 1597 sciret,
1027 1531 1180 1599 quod
1209 1530 1317 1587 nisi
1341 1533 1456 1587 Deo
1481 1532 1826 1603 disponente

176 1626 291 1667 non
340 1612 541 1679 ﬁeret;
595 1614 884 1672 affirmans
928 1618 1061 1687 quia
1096 1617 1142 1674 si
1183 1618 1435 1690 populus
1467 1635 1632 1691 aque
1664 1619 1826 1676 illum

177 1701 569 1756 communiter
591 1700 835 1771 eligeret
860 1717 923 1759 se
947 1705 1092 1775 fore,
1119 1706 1216 1775 qui
1240 1706 1464 1777 primus
1488 1708 1543 1762 in
1565 1707 1693 1777 ejus
1714 1708 1829 1764 ele-

178 1787 372 1843 ctione
401 1791 785 1858 acclamaret;
818 1791 1019 1862 sicque
1060 1793 1301 1865 copioso
1343 1795 1571 1851 dicendi
1615 1811 1828 1866 ngeere

178 1876 431 1932 animum
474 1877 601 1947 ejus
642 1878 997 1951 demulcens,
1038 1882 1110 1937 ad
1152 1898 1291 1939 suos
1325 1884 1518 1941 rediit.
1555 1886 1828 1942 Arnolqu

178 1979 411 2035 quoque
444 1966 676 2022 rediens
708 1968 778 2023 ad
813 1984 953 2025 suos
992 1970 1269 2027 indicavit
1304 1972 1390 2028 eis
1424 1973 1675 2029 lleinrici
1709 1989 1827 2030 ser-
1856 1943 1911 2003 B

178 2068 400 2109 mones.
435 2054 540 2120 Qui
572 2055 845 2112 dixerunt
877 2073 1078 2115 verum
1106 2074 1239 2115 esse
1263 2061 1416 2131 quod
1448 2062 1715 2118 audirent
1740 2078 1826 2119 sa-

178 2141 457 2212 pientiam
480 2158 587 2214 per
609 2143 971 2202 Salomonem
997 2147 1237 2219 dixisse,
1268 2164 1369 2221 per
1392 2150 1574 2222 ipsam
1598 2151 1827 2208 scilicet

178 2244 347 2299 reges
375 2245 621 2300 regnare
660 2237 719 2288 et
760 2234 1081 2304 prudentes
1116 2236 1417 2306 justiciam
1458 2239 1823 2307 discernere;

175 2332 364 2389 neque
392 2320 544 2375 enim
569 2320 623 2375 in
646 2322 774 2391 ejus
806 2322 1093 2380 electione
1124 2325 1309 2382 totius
1341 2327 1540 2398 populi
1570 2329 1822 2385 animum

177 2406 304 2461 ﬁeri
331 2422 525 2479 unum,
552 2409 660 2465 nisi
685 2410 834 2467 hunc
854 2426 884 2467 a
903 2414 1019 2468 Deo
1040 2418 1338 2470 constaret
1361 2416 1646 2484 electum;
1674 2417 1825 2474 unde

178 2494 291 2550 sibi
315 2510 544 2567 aquum
575 2498 903 2570 bonumque
934 2501 1142 2573 videri,
1178 2506 1238 2559 ut
1271 2517 1300 2558 a
1330 2505 1546 2561 ceteris
1577 2520 1687 2565 non
1712 2506 1828 2562 dis-

178 2584 464 2655 sentiens,
486 2586 640 2643 hunc
660 2601 852 2656 regem
878 2588 1145 2660 eligeret,
1166 2606 1229 2646 ea
1252 2595 1445 2648 tamen
1468 2593 1823 2666 conditione,

177 2671 226 2730 si
258 2672 368 2729 sibi
398 2673 504 2731 hoc
541 2675 693 2745 quod
736 2675 1077 2735 decessores
1107 2679 1235 2749 ejus
1262 2696 1375 2736 non
1407 2681 1663 2740 habuere
1692 2698 1826 2739 con-

176 2761 434 2830 cederet,
482 2762 729 2835 scilicet,
768 2770 831 2821 ut
864 2766 1048 2823 totius
1090 2767 1370 2837 Bojoaria
1402 2769 1492 2803 ¹²⁸²
1522 2772 1829 2843 pontifices

183 2863 303 2906 sua
334 2852 609 2921 potestati
651 2852 1039 2925 subjacerent,
1085 2872 1314 2928 unoque
1347 2858 1641 2928 defuncto,
1687 2861 1829 2917 alte-

185 2952 313 2995 rum
346 2938 619 2996 ordinare
640 2941 749 2996 sibi
774 2942 998 2999 liceret.
1032 2944 1317 3003 Conivens
1344 2948 1522 3016 igitur
1545 2948 1676 3005 huic
1699 2964 1829 3006 suo-

184 3040 312 3082 rum
336 3027 603 3100 consilio,
629 3030 795 3087 miles
813 3033 1067 3089 Heinrici
1089 3034 1357 3105 efficitur,
1379 3044 1437 3091 et
1457 3036 1528 3091 ab
1546 3052 1636 3107 eo,
1665 3043 1725 3093 ut
1748 3038 1831 3093 di-

183 3114 343 3171 ctum
361 3118 474 3185 est,
489 3119 786 3175 concessis
805 3119 915 3174 sibi
938 3122 1120 3177 totius
1134 3121 1410 3192 Bajoaria
1432 3125 1825 3197 pontificibus,

185 3202 525 3260 honoratur.
547 3206 650 3263 llic
666 3213 756 3263 est
777 3209 1052 3266 Arnolfus
1069 3210 1190 3281 ille,
1210 3227 1387 3282 super
1405 3214 1575 3283 cujus
1594 3214 1831 3271 denota-

1934 645 2144 701 divisio
2200 645 2354 699 inter
2402 659 2502 700 eos
2553 644 2704 698 facta
2761 642 3178 699 inviolabiliter
3233 645 3576 717 permansit,

1937 748 2243 803 quousque
2268 732 2400 802 jure
2431 731 2787 788 hereditario
2829 731 2952 787 hac
2984 746 3160 802 regna
3192 734 3380 789 omnia
3414 733 3582 790 cede—

1934 827 2066 876 rent
2114 821 2346 890 Karolo,
2398 818 2691 875 Ludewici
2743 818 2881 889 filio,
2914 818 3011 888 qui
3043 823 3169 875 erat
3203 819 3355 876 filius
3386 820 3581 877 Karoli

1935 915 2321 979 cognomento
2372 908 2549 965 Calvi.
2603 907 2687 963 Ad
2719 907 2870 988 hunc
2900 910 3096 978 itaque
3143 908 3435 979 Karolum,
3486 911 3579 968 cui

1936 998 2189 1054 diximus
2214 1012 2389 1067 regna
2410 999 2661 1053 cessisse
2680 1012 2784 1067 per
2805 997 3208 1067 hereditatem,
3236 998 3468 1068 quidam
3492 999 3582 1054 vir

1937 1087 2167 1142 nomine
2198 1087 2350 1143 Outo
2373 1102 2443 1142 ex
2464 1086 2853 1142 orientalibus
2873 1085 3111 1141 Francis
3135 1085 3312 1157 venit,
3336 1092 3396 1143 et
3420 1088 3490 1142 ab
3512 1101 3583 1143 eo

1939 1180 2273 1247 susceptus,
2298 1191 2427 1232 eum
2451 1181 2613 1231 esset
2632 1175 2720 1230 vir
2741 1175 2912 1231 fortis
2928 1177 2984 1231 et
3005 1175 3282 1246 prudens,
3305 1176 3422 1244 egit
3448 1191 3583 1232 con-

1939 1264 2072 1319 silio
2095 1279 2223 1335 suo,
2251 1268 2314 1320 ut
2334 1279 2464 1320 cum
2492 1263 2665 1319 Danis
2694 1266 3074 1335 pugnaretur,
3107 1263 3204 1334 qui
3231 1262 3348 1333 jam
3379 1263 3581 1321 multis

1940 1351 2103 1407 annis
2135 1352 2394 1408 Lotharii
2418 1366 2657 1422 regnum
2678 1352 2984 1408 vexabant.
3019 1353 3275 1422 Cumque
3297 1366 3583 1424 pugnare-

1941 1443 2036 1495 tur
2065 1456 2195 1496 cum
2217 1441 2324 1511 eis,
2352 1455 2462 1496 una
2486 1440 2579 1495 dic
2600 1455 2670 1495 ex
2691 1441 2778 1497 eis
2802 1446 3035 1496 centum
3066 1440 3223 1496 milia
3254 1454 3403 1497 casa
3434 1441 3582 1496 refe-

1940 1532 2150 1583 runtur
2173 1529 2341 1598 (Wm.
2368 1530 2406 1585 ι.
2429 1530 2493 1601 ι).
2521 1530 2604 1584 Ex
2620 1528 2728 1584 hoc
2748 1527 2844 1583 ille
2864 1529 3015 1584 Outo
3040 1529 3234 1585 clarus
3254 1533 3313 1583 et
3336 1528 3582 1598 insignis

1940 1614 2266 1672 habebatur
2296 1620 2353 1671 et
2379 1631 2410 1672 a
2434 1630 2570 1685 rege
2602 1616 2913 1687 secundus,
2949 1632 3079 1672 cum
3104 1616 3174 1672 ad
3193 1631 3323 1672 eum
3353 1617 3581 1674 veniret

1943 1716 2055 1757 uno
2085 1706 2309 1758 tantum
2342 1702 2578 1759 servulo
2607 1705 2817 1760 comite
2846 1708 3178 1760 contentus.
3213 1704 3463 1760 Moriens
3485 1719 3584 1762 au-

1944 1794 2057 1845 tem
2090 1791 2337 1848 Karolus
2368 1793 2594 1862 rogavit
2635 1793 2921 1850 Outonem
2954 1792 3218 1849 beneficii
3249 1794 3339 1849 sui
3372 1809 3581 1851 memo-

1941 1894 2061 1935 rem
2095 1882 2239 1951 fore,
2273 1886 2333 1938 ut
2367 1881 2825 1939 misericordiam
2848 1883 2958 1939 sibi
2982 1898 3013 1938 a
3038 1898 3099 1948 se
3123 1883 3427 1953 prestitam
3460 1883 3578 1940 ﬁlio

1940 1982 2068 2037 suo,
2102 1969 2149 2024 si
2180 1975 2541 2041 nasceretur,
2576 1984 2689 2026 non
2723 1974 2992 2040 negaret;
3025 1985 3153 2025 nam
3185 1970 3338 2026 filius
3364 1972 3415 2026 ei
3442 1984 3581 2028 non-

1940 2059 2075 2114 dum
2095 2062 2241 2128 erat,
2263 2058 2366 2114 sed
2389 2059 2581 2128 regina
2606 2073 2895 2130 pregnans
2918 2058 3105 2114 adhuc
3132 2059 3236 2114 fuit
3261 2060 3578 2116 secundum

1939 2144 2217 2216 quosdam
2250 2146 2419 2216 (WID.
2456 2147 2494 2202 ι.
2533 2146 2608 2215 l);
2642 2146 2737 2200 alii
2774 2147 3031 2216 (meum.
3062 2160 3096 2209 1,
3125 2147 3176 2217 4)
3210 2161 3348 2202 vero
3379 2146 3578 2203 dicunt

1938 2234 2090 2302 quod
2118 2232 2237 2303 jam
2263 2234 2382 2288 fere
2418 2234 2644 2290 biennis
2670 2233 2842 2289 fuerit
2867 2233 3042 2289 filius.
3083 2235 3246 2305 (Win.
3277 2235 3313 2291 ι.
3342 2235 3408 2305 ι.)
3439 2236 3583 2290 Mor-

1936 2323 2040 2378 tuo
2063 2326 2257 2377 autem
2281 2322 2509 2392 Karolo,
2543 2324 2693 2377 Outo
2718 2322 2898 2379 lilium
2920 2321 3048 2391 ejus
3069 2329 3129 2377 et
3154 2337 3331 2392 regno
3359 2323 3581 2394 pariter

1936 2412 1995 2463 et
2029 2408 2257 2464 nomine
2296 2414 2542 2479 paterno
2573 2408 2923 2473 declaravit;
2964 2408 3066 2463 sed
3097 2409 3373 2465 Arnolfus
3405 2409 3584 2480 impe-

1936 2501 2115 2565 rator,
2152 2496 2250 2566 qui
2283 2496 2554 2552 Karoluin
2596 2496 2883 2551 seniorem
2907 2496 2978 2552 de
3001 2496 3302 2552 Germania
3332 2496 3579 2569 expulit,

1936 2590 2073 2657 post
2103 2590 2347 2641 mortem
2389 2584 2515 2654 ejus
2550 2599 2717 2640 omne
2759 2599 3000 2653 regnum
3032 2584 3218 2655 ipsius
3248 2584 3355 2640 sibi
3390 2585 3586 2641 vendi-

1937 2673 2110 2729 cavit.
2149 2674 2293 2729 Huic
2324 2675 2475 2729 Outo
2497 2679 2557 2728 ct
2580 2673 2843 2728 diadema
2876 2678 2936 2728 et
2967 2678 3268 2743 sceptrum
3297 2678 3355 2728 et
3384 2679 3581 2730 cetera

1939 2760 2156 2831 regalia
2188 2767 2524 2818 ornamenta
2569 2762 2806 2831 obtulit,
2850 2776 3207 2831 regnumque
3246 2761 3459 2818 domini
3491 2762 3582 2818 sui

1937 2850 2126 2921 gratia
2178 2850 2547 2921 imperatoris
2596 2848 2814 2906 Arnolfi
2857 2850 3132 2905 obtinuit.
3169 2852 3236 2905 Et
3268 2850 3376 2906 hoc
3416 2850 3584 2920 juxta

1941 2938 2304 3010 quorundam
2331 2939 2674 2994 relationem
2699 2938 2866 3006 (Νη).
2896 2937 2937 2992 l.
2962 2937 3037 3009 l);
3064 2936 3158 2993 alii
3188 2939 3447 3007 (RICHER.
3470 2954 3507 3010 1,
3529 2942 3584 3010 4)

1939 3042 2080 3083 vero
2104 3027 2323 3097 dicunt,
2358 3042 2487 3082 cum
2520 3032 2760 3098 propter
2784 3026 3081 3081 infantiam
3106 3026 3271 3097 pueri
3296 3026 3588 3098 principes

1941 3115 2114 3172 nimia
2150 3131 2344 3172 rerum
2378 3115 2651 3186 cupidine
2684 3129 2814 3170 sese
2846 3114 3034 3185 preire
3067 3114 3475 3171 contenderint
3498 3130 3587 3172 re-

1942 3217 2084 3272 sque
2110 3219 2247 3259 suas
2273 3210 2447 3274 prout
2470 3203 2719 3272 quisque
2745 3206 2975 3272 poterat
2996 3202 3390 3273 dilataverint,
3416 3217 3585 3260 nemo

187 3291 342 3349 tione
371 3296 576 3350 sancto
609 3295 920 3354 Oudalrico
951 3299 1245 3372 episcopo,
1286 3306 1343 3357 ut
1375 3302 1431 3357 in
1463 3302 1612 3359 libro
1642 3320 1740 3373 ges

2037 3306 2082 3346 'o
2114 3292 2268 3360 regis
2301 3297 2660 3362 provectum,
2691 3305 2857 3345 nemo
2887 3289 3047 3359 rtgni
3078 3289 3321 3346 tutelam
3344 3291 3590 3361 quasie-

186 3394 313 3436 rum
340 3382 465 3452 ejus
498 3383 733 3455 legitur,
765 3392 1037 3444 ostensus
1068 3391 1156 3444 cst
1186 3388 1417 3458 gladius
1446 3391 1568 3447 sine
1598 3392 1826 3464 capulo,

183 3468 278 3538 qui
306 3484 407 3526 rex
429 3470 551 3526 fieri
576 3471 794 3528 frustra
816 3474 1075 3546 cupiens,
1098 3476 1332 3533 invasor
1352 3479 1513 3547 regni
1531 3480 1750 3551 extitit,
1771 3484 1828 3536 et

184 3572 293 3627 pro
315 3558 424 3614 hac
446 3559 760 3617 ambitione
784 3563 1106 3621 destructis
1129 3566 1434 3637 acclesiis,
1459 3582 1657 3625 earum
1680 3569 1835 3625 redi-

183 3660 283 3710 ius
312 3646 597 3703 militibus
630 3649 754 3706 suis
776 3650 831 3705 in
858 3651 1196 3710 beneficium
1230 3656 1542 3711 concessit.
1581 3655 1752 3725 (Νη).
1789 3673 1827 3728 1,

185 3736 272 3803 27,
295 3737 382 3804 28,
404 3737 517 3806 29.)
543 3737 664 3791 Rex
686 3742 879 3794 autem
906 3741 1211 3798 Ileinricus
1234 3742 1304 3798 de
1328 3743 1421 3799 die
1446 3744 1499 3799 in
1526 3745 1678 3800 diem
1702 3761 1833 3816 pro-

188 3820 390 3878 ficiens
417 3827 476 3879 et
504 3839 796 3897 crescens,
833 3830 1137 3886 robustior
1158 3837 1214 3886 et
1239 3830 1453 3888 clarior
1485 3833 1829 3890 habebatur.

189 3911 447 3983 Cumque
496 3928 736 3983 regnum
778 3917 851 3972 ab
891 3922 1364 3977 antecessoribus
1412 3922 1537 3978 suis
1574 3937 1645 3979 ex
1680 3923 1833 3978 omni

188 4005 354 4069 parte
388 4003 692 4058 confusum
725 4005 998 4062 civilibus
1031 4008 1201 4063 bellis
1224 4012 1280 4064 et
1307 4011 1570 4066 externis
1601 4010 1836 4081 collige-

189 4091 299 4157 ret,
322 4089 660 4158 pacificaret
683 4095 739 4146 et
766 4092 1070 4163 adunaret,
1093 4096 1255 4164 signa
1283 4097 1463 4153 movit
1483 4105 1685 4154 contra
1711 4100 1839 4155 Gal-

189 4174 324 4230 liam
342 4180 398 4230 et
425 4177 676 4233 Lotharii
696 4193 960 4248 regnum.
986 4181 1294 4239 Lotharius
1313 4190 1506 4241 autem
1530 4197 1654 4242 erat
1680 4187 1836 4242 illius

190 4261 614 4334 primogenitus
636 4265 928 4323 Ludewici
948 4268 1335 4341 imperatoris,
1357 4287 1604 4344 amagno
1626 4275 1837 4331 Karolo

188 4351 330 4409 nati.
366 4352 507 4408 Huic
540 4357 706 4409 erant
740 4355 952 4412 fratres
982 4358 1262 4429 Pippinus
1296 4360 1466 4432 (233),
1502 4365 1747 4420 Karolus
1778 4368 1837 4420 et

192 4441 553 4499 Ludewicus.
597 4444 713 4499 Sub
746 4444 836 4500 his
868 4446 1149 4504 fratribus
1188 4449 1402 4505 bellum
1446 4452 1728 4508 famosum
1762 4453 1841 4509 fa-

188 4534 346 4589 ctum
371 4536 459 4588 est
484 4532 538 4588 in
568 4533 931 4606 Phontinich,
968 4542 1274 4609 antequam
1310 4539 1522 4597 divisio
1556 4542 1717 4611 regni
1745 4542 1840 4599 lie-

1944 3380 2039 3449 rit,
2065 3380 2287 3450 hocque
2307 3382 2617 3434 cernentes
2636 3379 2838 3435 hostes
2861 3393 3098 3448 regnum
3119 3377 3374 3448 undique
3394 3379 3587 3436 incur-

1943 3470 2222 3538 saverint,
2247 3467 2539 3539 principes
2560 3466 2792 3523 tandem
2817 3482 2923 3537 pro
2945 3468 3055 3523 hoc
3077 3466 3356 3539 doluisse,
3377 3483 3587 3525 conve~

1944 3557 2289 3628 nientesque
2321 3558 2376 3611 in
2412 3571 2606 3626 unum,
2650 3556 2780 3626 quia
2820 3571 2965 3626 puer
2998 3556 3183 3613 adhuc
3215 3556 3313 3611 vix
3342 3556 3586 3614 triennis

1944 3651 2091 3717 erat,
2129 3648 2411 3702 Outonem
2445 3652 2685 3718 propter
2715 3645 3060 3716 sapientiam
3091 3650 3150 3700 et
3182 3646 3587 3702 fortitudinem

1947 3749 2109 3792 suam
2133 3735 2205 3790 ad
2228 3735 2507 3791 tuendum
2539 3733 3119 3803 regnum'delegisse,
3155 3748 3267 3789 non
3295 3739 3357 3791 ut
3390 3734 3588 3791 deser-

1945 3830 2124 3894 tores,
2150 3822 2253 3879 scd
2278 3824 2435 3880 velut
2467 3825 2719 3880 hostium
2752 3822 3021 3880 incursus
3052 3823 3441 3893 indignantes.
3473 3823 3586 3879 Sed

1948 3913 2081 3984 quia
2105 3914 2256 3969 Outo
2279 3913 2496 3968 dicitur
2518 3927 2759 3983 regnum
2783 3913 2974 3983 ipsum
2993 3914 3064 3968 ab
3080 3913 3319 3969 Arnolfo
3342 3913 3585 3985 impera-

1947 4006 2077 4057 tore
2110 4002 2458 4071 obtinuisse,
2481 4001 2613 4056 inde
2641 4017 2820 4071 usque
2844 4001 3016 4057 hodie
3048 4003 3215 4072 (Win.
3242 4002 3281 4056 ι.
3309 4002 3375 4074 ι.)
3405 4007 3592 4058 certa-

1949 4104 2077 4146 men
2109 4095 2200 4144 cst
2228 4090 2298 4145 de
2321 4104 2502 4158 regno
2532 4089 2703 4160 stirpi
2736 4090 2931 4145 Karoli
2951 4094 3012 4145 et
3036 4091 3293 4160 posteris
3322 4090 3587 4161 Outonis,

1948 4183 2311 4233 concertatio
2343 4192 2575 4247 quoque
2603 4178 2838 4246 regibus
2862 4177 3302 4246 Karolingorum
3326 4182 3386 4234 et
3406 4178 3595 4235 orien-

1952 4264 2150 4320 talium
2169 4266 2522 4321 Francorum
2541 4280 2718 4335 super
2738 4280 2916 4333 regno
2939 4265 3211 4321 Lotharii.
3235 4266 3421 4336 (Rion.
3442 4281 3482 4338 ι,
3504 4271 3588 4336 12,

1952 4358 2038 4424 13,
2065 4357 2151 4425 14,
2180 4358 2263 4423 f5,
2290 4356 2443 4425 sqq.)
2478 4354 2563 4409 Ob
2592 4353 2746 4423 quod
2767 4357 2823 4409 et
2849 4346 3154 4411 Heinricus
3174 4369 3280 4412 rex
3301 4356 3481 4413 movit
3503 4371 3597 4413 ca-

1951 4448 2072 4498 stra
2104 4447 2309 4498 contra
2340 4441 2631 4512 Karolum,
2658 4458 2789 4498 cum
2806 4442 2922 4512 jam
2946 4442 3295 4513 quindennis
3324 4444 3599 4502 sublima-

1954 4535 2118 4589 retur
2145 4531 2201 4586 in
2233 4546 2497 4602 regnum,
2530 4530 2773 4601 ejusque
2804 4533 3003 4602 sepius
3053 4532 3198 4588 fudit
3245 4534 3589 4605 exercitum,
3688 4546 3697 4557 '

189 4625 301 4711 ret.
325 4622 495 4711 [facta
520 4636 589 4678 811
603 4627 715 4679 tem
737 4622 1045 4696 divisione,
1069 4627 1313 4699 Pippino
1336 4631 1520 4686 cessit
1545 4630 1742 4703 Hispar

2041 4620 2214 4692 ritque
2254 4622 2488 4679 fortuna
2529 4622 2736 4679 fortem
2773 4622 2982 4679 virum.
3019 4622 3244 4681 Outone
3271 4627 3465 4681 autem
3497 4623 3594 4682 de-

188 4709 401 4766 Karolo
441 4726 681 4781 regnum
726 4714 1048 4784 Aquitania
1092 4721 1151 4771 et
1192 4719 1541 4787 Wasconia;
1586 4722 1658 4776 ab
1689 4721 1841 4778 occi-

190 4798 362 4857 dente
402 4802 623 4863 habens
662 4805 975 4883 terminum
1008 4806 1387 4866 Barcelonam
1425 4811 1714 4884 Hispania
1745 4826 1839 4869 ur-

194 4889 342 4959 hem,
378 4892 451 4948 ab
482 4892 750 4964 aquilone
792 4895 1186 4954 Britannicum
1222 4914 1399 4971 mare,
1432 4901 1505 4955 ad
1538 4902 1839 4959 meridiem
1880 4923 1892 4937 ο

186 4976 324 5047 juga
358 4979 604 5051 Alpium,
655 4983 724 5039 ad
777 4985 1063 5041 orientem
1114 4988 1324 5044 Masam
1376 4989 1630 5046 fluvium.
1682 4993 1844 5047 Inter

192 5065 402 5123 Masam
445 5084 581 5125 vero
621 5071 857 5129 fluvium
890 5078 945 5129 et
980 5075 1239 5132 Rhenum
1283 5077 1557 5135 Lothario
1598 5095 1840 5150 regnum

193 5156 370 5211 cessit
391 5171 521 5213 cum
545 5158 733 5231 Italia,
760 5176 931 5230 quam
954 5163 1187 5220 vivente
1217 5168 1384 5235 patre
1418 5168 1729 5237 regendam
1752 5183 1845 5225 ac-

193 5243 371 5315 cepit.
404 5246 446 5300 A
472 5245 667 5302 Rheno
690 5252 884 5303 autem
906 5264 1093 5321 usque
1116 5251 1188 5307 ad
1212 5252 1356 5310 fines
1383 5254 1598 5310 Yllirici
1620 5261 1681 5312 et
1703 5257 1847 5313 Pan-

194 5331 404 5404 nonia,
459 5332 707 5390 Odoram
758 5350 990 5409 quoque
1036 5340 1273 5425 fluvium
1313 5347 1373 5399 et
1411 5344 1695 5402 terminos
1741 5347 1847 5403 Da-

1954 4711 2103 4768 cimo
2129 4726 2279 4770 anno
2310 4712 2473 4785 regni
2505 4712 2592 4771 sui
2621 4712 2919 4784 defuncto,
2955 4712 3269 4769 Galliarum
3301 4713 3596 4786 principes

1954 4801 2146 4859 animo
2168 4807 2225 4859 et
2251 4808 2618 4861 sacramento
2645 4803 2853 4859 annexi
2877 4807 3009 4860 sunt
3034 4804 3268 4874 Karolo,
3292 4816 3514 4859 necnon
3536 4807 3597 4858 et

1955 4891 2341 4965 Ruotpertus,
2369 4894 2614 4950 Outonis
2636 4893 2793 4963 regis
2817 4893 3076 4951 defuncti
3099 4894 3300 4964 frater,
3326 4891 3414 4949 vir
3434 4891 3599 4949 indu-

1955 4983 2157 5052 strius,
2202 4997 2332 5039 sese
2362 4983 2444 5037 illi
2476 4982 2759 5053 subdidit,
2804 4998 2973 5054 quem
3013 4982 3111 5039 ille
3150 4981 3357 5039 ducem
3398 4980 3597 5037 Gallia

1957 5070 2190 5128 Celtica
2221 5073 2485 5143 prefecit.
2520 5074 2775 5146 Cumque
2798 5072 2914 5143 jam
2938 5076 3057 5131 fere
3079 5077 3269 5128 totum
3289 5070 3601 5142 colligeret

1956 5176 2219 5235 regnum,
2256 5165 2435 5236 coepit
2468 5165 2754 5236 quendam
2792 5167 3160 5235 Haganonem
3188 5178 3262 5219 ex
3293 5161 3602 5218 mediocri-

1959 5255 2070 5311 bus
2116 5253 2405 5311 extollere
2440 5260 2501 5312 et
2540 5270 2718 5327 supra
2758 5268 2959 5313 omnes
2999 5254 3293 5327 principes
3332 5251 3596 5323 diligere,

1959 5343 2103 5401 adeo
2133 5348 2218 5414 ut,
2251 5344 2623 5416 magnatibus
2654 5344 2984 5417 quibusque
3024 5342 3228 5416 procul
3265 5338 3602 5401 absistenti-

1553 5460 1791 5518 VARI/E
1830 5461 2232 5521 LECTIONES.

265 5514 355 5551 mi
386 5532 679 5592 superscr.
718 5525 767 5579 1,
848 5522 940 5556 ius
978 5523 1073 5583 ita
1108 5532 1155 5583 1.
1186 5516 1197 5520 ”

1781 5621 1984 5679 NOTAE
1999 5664 2011 5677 .

269 5706 420 5783 (-233)
453 5707 647 5763 Verba
680 5706 856 5767 latins
889 5710 1080 5784 posita
1109 5714 1487 5776 Ekkehardus
1516 5717 1851 5776 Widukindi
1882 5720 2207 5780 narrationi
2238 5718 2481 5792 adjecit;
2514 5718 2587 5776 cf.
2622 5732 2821 5792 supra.
