3934 6436
328 327 447 385 899

1496 317 1975 378 EKKEHARDI
2024 317 2575 385 UHAUGIENSIS

3625 324 3752 385 900

328 457 457 525 bus,
492 454 615 526 ipse
650 452 809 523 regio
839 452 1011 508 lateri
1043 451 1204 508 solus
1235 451 1471 507 hereret
1505 450 1801 522 multaque
1827 451 1972 521 regii
2007 453 2057 513 A
2091 455 2317 509 vocavit
2346 455 2414 510 ad
2440 472 2503 512 se
2527 454 2931 523 Gisilbertum,
2965 454 3058 510 cui
3093 453 3457 526 principatus
3487 454 3748 527 regionis

320 546 474 616 juris
498 543 569 600 ad
590 558 757 599 suum
782 543 877 612 jus
907 545 1298 611 retorqueret.
1332 541 1491 596 Unde
1525 540 1802 612 primates
1832 541 1975 596 indi-

324 634 506 707 gnati,
547 648 677 689 cum
719 630 1056 687 nullatenus
1100 634 1342 701 possent
1375 645 1504 686 eum
1536 631 1608 686 ab
1641 629 1800 685 illius
1835 630 1976 685 dile-

327 724 521 782 ctione
544 725 834 789 avertere,
862 720 1186 789 querebant
1212 718 1374 774 illum
1398 720 1468 774 de
1493 733 1671 789 regno
1698 719 1970 788 abjicere.

328 812 502 869 Multa
528 813 723 880 itaque
748 808 1034 865 adversus
1056 823 1187 864 eum
1213 807 1421 876 moliti,
1448 808 1519 863 ad
1546 808 1809 865 ultimum
1845 824 1977 864 con-

327 906 635 967 venerunt,
661 900 1167 968 Ruotpertumque
1193 897 1419 966 ducem,
1447 898 1683 953 fratrem
1710 897 1971 965 Ontonis,

329 1003 523 1059 regem
556 986 1012 1043 constituerunt.
1050 984 1346 1041 Adversus
1378 1000 1547 1055 quem
1572 985 1705 1041 dum
1731 986 1976 1041 Karolus

327 1076 543 1134 bellum
576 1080 941 1148 prepararet,
968 1079 1024 1131 et
1051 1074 1105 1129 in
1130 1089 1378 1146 pugnam
1402 1076 1798 1139 convenirent,
1826 1075 1977 1130 occi-

328 1183 429 1225 sus
449 1171 541 1222 est
566 1167 948 1234 Ruotpert‘s,
984 1167 1039 1218 et
1064 1179 1133 1219 ex
1157 1167 1322 1234 parte
1345 1164 1473 1234 ejus
1499 1166 1690 1233 11349,
1716 1179 1787 1219 ex
1811 1168 1976 1236 parte

327 1270 466 1312 vero
499 1253 688 1310 Karoli
721 1256 880 1307 7118.
923 1254 1109 1323 (Rion.
1147 1268 1207 1321 11,
1248 1258 1291 1322 1,
1324 1256 1402 1320 2.)
1437 1253 1598 1321 Hugo
1628 1266 1786 1323 vero,
1824 1252 1977 1308 ﬁlius

329 1341 661 1414 Ruotperti,
693 1340 881 1397 adhuc
909 1339 1275 1408 adolescens,
1319 1341 1439 1410 egit
1479 1341 1631 1412 apud
1676 1354 1979 1410 quoscum-

328 1449 440 1505 que
467 1431 677 1504 potuit,
704 1430 1067 1500 maximeque
1091 1430 1243 1501 apud
1268 1430 1639 1486 Heribertum
1663 1434 1975 1499 cognatum

328 1536 517 1591 suum,
572 1524 683 1590 qui”
717 1523 847 1573 erat
894 1533 1044 1573 unus
1092 1533 1163 1572 ex
1213 1518 1599 1588 magnatibus,
1639 1520 1697 1573 ut
1735 1518 1789 1572 in
1822 1517 1977 1587 deje-

329 1611 580 1667 ctionem
606 1606 800 1664 Karoli
833 1607 960 1662 loco
993 1606 1178 1677 patris
1210 1606 1301 1661 sui
1333 1606 1482 1661 alius
1515 1622 1613 1660 rex
1647 1610 1972 1674 crearetur,

330 1713 392 1755 se
416 1699 602 1771 ipsum
627 1712 764 1752 vero
789 1696 1116 1767 promoveri
1147 1695 1405 1763 nolebat,
1437 1694 1567 1765 quia
1594 1696 1778 1767 patris
1800 1696 1976 1752 inter-

2092 547 2331 613 paterna
2359 545 2735 600 successione
2756 545 2957 613 cessit,
2990 558 3237 613 eumque
3265 543 3591 600 venientem
3615 551 3750 601 arte

2089 632 2245 702 cepit
2267 637 2322 687 et
2350 634 2458 689 sub
2483 634 2747 690 custodia
2775 634 2897 702 regi
2924 632 3196 688 Heinrico
3225 633 3567 690 transmisit.
3604 634 3750 690 Erat

2089 726 2282 775 autem
2318 722 2672 778 Gisilbertus
2706 722 2886 778 nobili
2920 736 3135 790 genere
3160 735 3227 777 ac
3258 721 3471 777 familia
3501 723 3744 793 antiqua

2091 813 2261 865 natus
2331 810 2509 875 Quem
2560 826 2661 867 rex
2710 811 2857 867 satis
2908 811 3077 866 laetus
3126 810 3404 882 suscepit,
3457 811 3588 882 quia
3639 825 3747 883 per

2090 899 2279 969 ipsum
2313 901 2498 956 solum
2531 905 2719 957 totum
2751 900 3006 956 Lotharii
3041 915 3280 970 regnum
3311 915 3373 956 se
3406 900 3743 959 habiturum

2088 988 2413 1044 arbitratus
2446 995 2556 1044 est.
2605 990 2819 1045 Deinde
2858 989 3063 1044 videns
3103 988 3534 1044 adolescentem
3570 987 3744 1044 valde

2090 1076 2463 1145 industrium,
2488 1093 2701 1147 genere
2723 1093 2785 1133 ac
2813 1082 3107 1148 potestate
3131 1076 3467 1147 divitiisque
3490 1078 3736 1147 clarum,

2092 1164 2415 1220 liberaliter
2444 1182 2572 1221 eum
2598 1167 2774 1237 coepit
2810 1166 3046 1235 habere,
3074 1180 3140 1221 ac
3162 1170 3460 1235 postremo
3493 1165 3743 1237 despon-

2089 1258 2212 1309 sata
2235 1254 2344 1309 sibi
2366 1254 2479 1309 ﬁlia
2508 1271 2609 1311 sua
2639 1254 2866 1310 nomine
2893 1253 3192 1323 Gcrbirga,
3214 1253 3493 1309 afﬁnitate
3516 1254 3742 1324 pariter

2089 1349 2145 1397 et
2196 1343 2459 1399 amicicia
2503 1344 2693 1412 junxit
2744 1358 2873 1398 eum
2932 1343 3064 1412 sibi,
3123 1342 3431 1411 sublegato
3482 1342 3533 1397 ei
3584 1342 3739 1397 omni

2090 1431 2344 1486 Lotharii
2381 1447 2577 1500 regno.
2617 1434 2684 1487 Et
2717 1432 2825 1487 hoc
2852 1432 3016 1502 juxta
3061 1431 3514 1502 descriptionem
3548 1430 3743 1501 cujus-

2091 1520 2218 1575 dam
2256 1522 2517 1577 monachi
2551 1521 2921 1577 liorbeiensis
2952 1519 3060 1589 “‘3,
3095 1523 3166 1576 de
3198 1520 3422 1590 origine
3453 1521 3738 1576 Saxonum

2090 1616 2147 1664 et
2183 1625 2378 1679 regum
2412 1611 2612 1667 horum
2647 1616 2834 1680 gestis
2867 1609 3205 1665 scribentis.
3243 1611 3344 1664 Est
3367 1614 3556 1665 autem
3588 1608 3741 1665 alius

2090 1700 2319 1769 quidam
2345 1700 2871 1771 hysteriographus
2906 1698 3219 1770 (RICIIER.),
3253 1704 3514 1769 tempora
3541 1698 3735 1754 Karoli

318 1788 495 1844 fectio
520 1785 663 1842 illud
689 1785 1090 1841 dissuadebat.
1130 1784 1310 1854 Igitur
1338 1784 1674 1839 convocatis
1700 1784 1975 1855 principi-
2002 1816 2056 1875 B
2090 1787 2281 1858 hujus,
2333 1788 2501 1858 cujus
2556 1788 2888 1843 memoriam
2953 1802 3055 1859 pre
3116 1787 3379 1843 manibus
3437 1787 3735 1855 habemus,

324 1878 452 1945 bus,
476 1875 844 1942 Ruodolt‘um,
864 1873 1134 1929 Richardi
1159 1873 1587 1942 Burgundionis
1608 1872 1807 1942 ﬁlium,
1825 1873 1971 1929 satis

319 1980 389 2024 eo
415 1964 788 2032 reclamante,
826 1977 1018 2031 regem
1043 1962 1431 2031 constituunt,
1458 1962 1643 2017 virum
1668 1968 1969 2018 strenuum

320 2059 380 2112 et
402 2052 748 2109 liberalibus
774 2051 999 2106 artibus
1018 2051 1334 2121 eruditum,
1364 2051 1459 2121 qui
1494 2050 1664 2122 (234),
1700 2054 1759 2106 ut
1793 2065 1970 2121 supra

325 2142 544 2199 dictum
575 2147 665 2197 est
698 2140 807 2209 ³³⁸³,
845 2140 939 2209 (cf.
977 2140 1053 2195 ib.
1080 2156 1118 2208 1,
1144 2142 1254 2210 47.)
1290 2140 1608 2195 Burchardi
1643 2140 1811 2196 ducis
1844 2141 1972 2196 Ala-

320 2231 564 2286 manniae
591 2229 764 2286 ﬁliam
793 2230 1018 2285 nomine
1044 2230 1333 2297 Bertham,
1365 2227 1477 2283 sibi
1500 2228 1819 2299 copulavit,
1848 2228 1971 2299 qui-

320 2334 431 2391 que
452 2323 584 2391 post
601 2320 673 2375 ab
694 2318 912 2374 Italicis
933 2318 1218 2373 adversus
1246 2317 1654 2385 Berengarium
1680 2318 1968 2374 seniorem

316 2415 585 2481 vocatus,
604 2408 702 2465 illo
722 2409 1054 2479 interfecto,
1076 2422 1315 2477 regnum
1334 2407 1514 2463 ltalizc
1529 2408 1970 2478 aliquandium‘

316 2498 527 2568 tenuit,
549 2500 757 2567 donec,
780 2512 986 2553 socero
1006 2512 1112 2552 suo
1136 2497 1189 2551 in
1213 2496 1488 2552 auxilium
1510 2503 1714 2552 contra
1734 2496 1967 2552 eosdem

318 2588 430 2646 sibi
462 2586 652 2644 denuo
686 2587 1038 2642 resistentes
1070 2591 1278 2641 vocato
1311 2585 1639 2654 ibidemque
1668 2587 1739 2641 ab
1771 2586 1856 2641 eis
1890 2586 1970 2641 in-

314 2672 584 2746 terfecto,
628 2676 854 2731 Italiam
899 2673 1161 2744 reliquit,
1205 2680 1262 2728 et
1308 2674 1696 2742 Burgundiam
1740 2675 1963 2729 revisit.

316 2767 479 2836 [Iugo
517 2779 656 2821 vero
698 2778 895 2820 comes
939 2762 1367 2818 Arelatensium
1403 2764 1473 2818 ab
1505 2762 1668 2818 Italis
1700 2768 1964 2832 vocatus,

316 2867 559 2923 regnum
589 2852 838 2923 accepit,
873 2852 1061 2920 inquo
1088 2851 1265 2904 lilium
1291 2867 1363 2905 ex
1388 2866 1568 2905 uxore
1603 2867 1704 2906 sua
1738 2866 1968 2908 nomine

315 2939 480 3012 Alda,
532 2941 601 2997 de
650 2940 1163 2995 Ostrofrancorum
1213 2938 1399 3008 stirpe
1446 2936 1558 3008 ωδ,
1612 2941 1964 3010 procreavit,

316 3045 486 3103 quem
518 3035 579 3085 et
613 3028 942 3084 Lotbarium
984 3027 1213 3082 vocavit
1251 3027 1630 3096 adultumque
1664 3043 1855 3098 regem
1895 3030 1970 3084 fe-

313 3120 426 3186 cit;
462 3117 563 3174 sed
603 3118 886 3173 ambobus
928 3121 1134 3187 postea
1180 3115 1382 3186 pulsis,
1430 3117 1833 3192 Berengarius,
1873 3118 1968 3187 qui

315 3213 518 3281 postea
554 3206 897 3275 Babenberg
927 3204 1274 3275 deportatus
1298 3204 1374 3259 ibi
1402 3204 1710 3260 defunctus
1740 3210 1846 3275 est,
1884 3222 1971 3261 re-

312 3297 511 3368 gnavit
544 3295 635 3365 (cf.
676 3296 910 3350 LlUDPR.
947 3308 1004 3363 11,
1042 3298 1111 3347 60
1142 3307 1302 3362 sqq.,
1340 3308 1420 3362 111,
1458 3298 1519 3349 13
1554 3308 1709 3365 sqq.,
1752 3299 1834 3364 16,
1868 3300 1967 3363 '20;

312 3402 388 3457 ιν,
411 3389 473 3452 2;
498 3400 550 3454 v,
572 3388 641 3439 27
665 3386 841 3454 sqq.).
877 3382 1063 3452 (chn.
1093 3398 1130 3450 1,
1159 3385 1246 3452 47,
1280 3385 1393 3453 65.)
1428 3383 1713 3438 Ruodolt‘o
1750 3388 1967 3454 autem,

311 3479 375 3533 ut
409 3475 626 3531 dictum
669 3477 778 3542 est,
815 3473 867 3526 in
901 3485 1141 3540 regnum
1184 3471 1377 3525 Karoli
1426 3471 1761 3541 sublimato,
1812 3473 1975 3534 lleri-

311 3566 517 3623 bertus
552 3562 858 3635 prodictus
886 3560 1132 3616 consilio
1164 3560 1421 3629 Hngonis
1452 3561 1685 3630 cognati
1714 3562 1823 3632 sui,
1861 3562 1966 3617 ﬁlii

309 3651 650 3724 Ruotperti,
691 3648 962 3705 Karolum
1005 3648 1141 3703 dolo
1184 3649 1360 3718 cepit,
1403 3665 1652 3720 eumque
1686 3650 1741 3705 in
1773 3653 1972 3724 custo_

310 3742 464 3801 diam
489 3740 714 3813 posuit;
751 3738 807 3793 in
841 3751 951 3808 qua
975 3742 1035 3792 et
1059 3737 1233 3793 vitam
1268 3738 1451 3805 ﬁnivit
1487 3737 1583 3808 (cf.
1612 3740 1758 3795 W11).
1787 3755 1822 3809 1,
1852 3744 1966 3814 30).

307 3829 519 3889 Habuit
554 3836 746 3885 autem
782 3827 963 3882 ﬁlium
997 3827 1224 3883 nomine
1254 3827 1626 3883 Ludewicum
1659 3844 1732 3884 ex
1761 3844 1968 3884 sorore

305 3917 607 3978 Adelstani
652 3916 810 3986 regis
852 3916 1239 3985 Britanorum,
1277 3931 1445 3985 quem
1480 3916 1533 3971 in
1568 3918 1965 3987 perturbatio-

305 4008 396 4066 nis
426 4021 546 4064 δαῖε
575 4006 830 4079 procella
867 4005 1189 4061 transmisit
1225 4005 1296 4060 ad
1328 4006 1574 4061 eundem
1608 4006 1962 4062 avunculum

307 4113 509 4165 suum;
560 4096 712 4154 unde
757 4100 894 4166 post
943 4100 1190 4151 mortem
1224 4094 1490 4151 Ruodolﬁ
1527 4095 1682 4165 regis
1714 4096 1960 4151 consilio

308 4188 566 4259 Hugonis
598 4186 848 4258 predicti
882 4184 1178 4255 reductus,
1214 4200 1454 4254 regnum
1487 4186 1673 4257 patris
1706 4186 1957 4256 recepit;

304 4277 398 4335 cui
420 4281 614 4332 tamen
638 4275 789 4331 idem
814 4276 975 4344 Ilugo
1000 4274 1117 4330 dux
1142 4278 1343 4346 postea
1376 4274 1703 4331 rebellavit.

380 4367 551 4435 \WID.
578 4380 616 4435 1,
642 4364 754 4435 30.)
786 4363 1091 4420 Heinricus
1121 4369 1315 4418 autem
1349 4379 1455 4421 rex
1484 4363 1725 4420 audiens
1758 4378 1954 4420 casum

307 4454 524 4525 Karoli,
558 4454 812 4524 dolebat,
845 4454 1225 4524 humanaque
1262 4451 1673 4510 mutabilitatis
1700 4468 1950 4517 commu-

2089 1890 2443 1947 suorumque
2474 1892 2880 1933 successorum
2913 1876 3202 1945 digerens,
3233 1876 3329 1946 qui
3352 1874 3575 1943 scribit,
3602 1889 3740 1931 enn-

2086 1965 2213 2020 dcm
2266 1966 2657 2022 Giselbertum
2712 1966 2886 2021 ﬁliam
2939 1965 3190 2020 lleinrici
3247 1965 3506 2035 duxisse,
3554 1965 3737 2035 prius

2086 2069 2255 2123 quam
2283 2069 2385 2109 rex
2408 2055 2594 2123 ﬁeret,
2630 2054 2761 2109 dum
2796 2053 2985 2109 adhuc
3019 2054 3293 2110 ducatum
3326 2052 3740 2108 amministras—

2083 2148 2193 2212 set,
2223 2158 2528 2214 ipsumque
2558 2142 2885 2199 lleinricum
2911 2158 2941 2197 a
2967 2142 3175 2198 Karolo
3200 2143 3475 2197 ducatum
3502 2140 3739 2196 Saxoni—

2082 2246 2212 2288 cum
2248 2231 2565 2302 accepisse,
2602 2237 2660 2287 et
2693 2246 2824 2288 eum
2855 2246 2919 2287 ac
2953 2232 3363 2302 Ruotpertum,
3401 2230 3495 2300 qui
3531 2236 3734 2301 postea

2083 2336 2185 2374 rex
2223 2322 2413 2376 factus
2444 2326 2554 2389 est,
2591 2320 2744 2375 inter
2779 2319 3091 2391 principes,
3134 2320 3230 2389 qui
3261 2334 3289 2374 a
3322 2333 3460 2388 rege
3492 2322 3736 2389 propter

2080 2410 2473 2478 Ilaganonem,
2508 2414 2567 2465 ut
2602 2409 2931 2479 predictum
2975 2412 3087 2478 est,
3122 2409 3476 2477 defecerant,
3514 2406 3733 2478 primos

2081 2498 2281 2553 fuisse.
2319 2498 2409 2553 Sic
2441 2498 2592 2553 enim
2627 2496 2767 2552 dicit
2793 2495 2853 2566 (1,
2883 2500 2970 2568 14)
2998 2516 3010 2551 :
3040 2515 3067 2547 «
3096 2496 3276 2552 Gallia
3313 2495 3526 2551 Celtica
3558 2498 3737 2550 Ruct-

2081 2591 2250 2657 perto
2300 2585 2535 2651 collata,
2600 2585 2847 2641 Karolus
2898 2586 3201 2642 Saxoniam
3252 2584 3495 2641 secedit.
3558 2583 3735 2654 Cujus

2082 2675 2257 2730 urbes
2280 2675 2566 2745 sedesque
2589 2674 2782 2744 regias
2808 2674 3194 2745 perlustrans,
3230 2673 3389 2729 nullo
3414 2673 3730 2729 resistente

2080 2763 2355 2834 obtinuit,
2384 2763 2461 2817 ibi
2487 2778 2718 2833 quoque
2751 2764 3100 2834 Heinricum,
3136 2763 3298 2832 regio
3329 2776 3542 2833 genere
3570 2760 3736 2815 incli-

2078 2856 2203 2907 tum
2237 2868 2301 2908 ac
2336 2852 2467 2907 inde
2509 2852 2818 2908 oriundum
2871 2854 3097 2922 ducem,
3151 2852 3421 2908 omnibus
3470 2851 3664 2906 donat.
3700 2869 3730 2902 ››

2081 2941 2145 2995 Et
2174 2946 2300 3011 post
2328 2956 2508 3012 pauca
2534 2943 2682 3012 (235‘)
2712 2960 2722 2994 :
2757 2942 3033 2996 «Interea
3062 2940 3371 2996 Galliarum
3395 2940 3640 2996 urbibus
3663 2953 3731 2993 ac

2080 3030 2310 3100 oppidis
2345 3030 2588 3084 ﬁrmiter
2636 3030 2915 3099 obtentis,
2948 3046 3076 3085 cum
3111 3029 3403 3101 paschalis
3445 3027 3735 3084 sollemni-

2086 3124 2174 3173 tas
2205 3118 2551 3188 immineret,
2587 3118 2933 3187 Aquisgrani
2970 3118 3184 3189 palatio
3217 3134 3319 3172 rex
3344 3131 3474 3173 sese
3507 3116 3733 3187 recepit

2084 3208 2176 3275 (cf.
2214 3207 2290 3263 2'0.
2319 3221 2355 3275 1,
2391 3210 2494 3277 16).
2530 3208 2651 3262 Huc
2680 3223 2752 3261 ex
2783 3207 2938 3262 omni
2973 3206 3154 3261 Gallia
3188 3206 3482 3277 principes
3514 3204 3733 3260 conﬁu-

2084 3299 2217 3363 unt;
2242 3296 2352 3351 huc
2376 3296 2551 3350 etiam
2576 3295 2902 3352 mediocres
2922 3296 3104 3351 multo
3126 3297 3323 3351 favonc
3346 3294 3730 3360 conveniunt;

2084 3392 2284 3441 assunt
2316 3392 2374 3438 et
2405 3385 2603 3453 duces,
2642 3402 2714 3439 ex
2751 3385 2993 3440 Saxonia
3036 3384 3267 3455 quidem
3301 3383 3624 3450 lleinricus,
3656 3396 3731 3436 ex

2084 3474 2264 3529 Gallia
2303 3476 2684 3544 Ructpcrtus.
2721 3474 2973 3531 Cottidie
3005 3489 3178 3530 secus
3208 3474 3365 3529 fores
3398 3472 3541 3541 regii
3570 3470 3741 3527 cubia

2082 3563 2198 3618 culi
2223 3570 2486 3627 manent;
2511 3564 2753 3618 cottidie
2775 3578 3074 3631 egressum
3102 3562 3254 3631 regis
3277 3578 3305 3617 a
3329 3559 3728 3633 penetralibus

2082 3652 2230 3707 aulae
2281 3652 2704 3722 prestolantur.
2756 3652 2894 3707 Cum
2938 3666 3076 3707 vero
3119 3651 3339 3707 nullum
3373 3651 3460 3705 eis
3493 3649 3562 3705 ab
3595 3661 3732 3718 rege

2082 3755 2421 3810 responsum
2456 3756 2558 3809 per
2590 3740 2716 3794 dies
2757 3728 3009 3809 quatuor
3041 3740 3300 3809 daretur,
3336 3738 3641 3794 lleinricus
3670 3735 3727 3792 id

2082 3829 2490 3885 molestissime
2516 3829 2723 3896 ferens,
2750 3828 2967 3882 dixisse
2992 3829 3197 3896 fertur,
3235 3832 3331 3883 aut
3358 3830 3726 3896 Haganonem

2080 3919 2427 3988 quandoque
2467 3930 2597 3971 cum
2642 3916 2850 3972 Karolo
2889 3919 3287 3985 regnaturum,
3321 3921 3422 3970 aut
3456 3914 3726 3971 Karolum

2076 4020 2205 4061 cum
2255 4006 2561 4073 Haganonc
2593 4003 2665 4058 ad
2700 4020 2891 4059 rerum
2938 4003 3397 4059 mediocritatem
3447 4003 3726 4059 deventu-

2073 4110 2231 4159 rum;
2266 4093 2688 4164 indignansque
2712 4108 2847 4163 rege
2870 4093 3201 4150 inconsulto
3227 4091 3521 4148 discessit.
3559 4092 3722 4158 Quod

2071 4199 2175 4239 rex
2205 4183 2453 4239 moleste
2495 4184 2688 4238 ferens
2718 4199 2847 4238 eum
2880 4196 3158 4239 revocare
3196 4182 3490 4252 cupiebat,
3526 4186 3583 4236 et
3614 4195 3722 4251 pro

2072 4272 2177 4328 hac
2200 4287 2261 4327 re
2288 4273 2798 4342 metropolitanum
2844 4271 3215 4327 liemensium
3246 4269 3553 4326 Herivcum
3584 4268 3723 4323 diri-

2068 4365 2262 4433 gebat.
2302 4362 2562 4432 (RICl-IER.
2594 4376 2638 4431 1,
2664 4364 2876 4433 22-24.)
2912 4362 3089 4429 Cujus
3122 4360 3418 4416 luculenta
3450 4364 3509 4413 et
3537 4357 3717 4414 amica

2070 4451 2334 4507 oratione
2370 4465 2688 4521 persuasus
2728 4449 2847 4506 dux
2875 4450 3182 4505 Heinricus
3209 4450 3278 4504 ad
3314 4462 3508 4517 regem
3541 4444 3711 4515 redit,

309 4558 439 4601 nem
472 4543 813 4600 ammiratus
853 4547 942 4598 est
986 4541 1298 4611 fortunam,
1344 4540 1745 4611 jndicavitque
1778 4541 1954 4596 absti-
1983 4527 2035 4587 D
2070 4540 2370 4610 multoque
2403 4538 2737 4595 ambitionis
2770 4540 2986 4595 honore
3011 4543 3145 4595 ante
3166 4551 3299 4595 eum
3324 4536 3633 4605 admissus,
3658 4533 3715 4588 in

309 4648 449 4692 nere
480 4632 712 4705 quidem
736 4632 808 4689 ab
831 4631 1028 4700 armis,
1064 4645 1264 4687 verum
1296 4630 1491 4701 potius
1517 4632 1644 4685 arte
1676 4644 1953 4700 superan-

306 4724 412 4782 dos
439 4723 670 4797 putavit
702 4722 1103 4791 Lotharingos,
1129 4720 1262 4790 quia
1284 4733 1426 4790 gens
1450 4719 1607 4774 varia
1633 4722 1759 4774 erat
1784 4723 1841 4773 et
1866 4735 1954 4775 ar-

307 4814 468 4872 tibus
500 4817 759 4884 assueta,
797 4810 966 4867 bellis
997 4812 1261 4882 prompta
1297 4807 1641 4878 mobilisque
1664 4809 1734 4865 ad
1758 4824 1951 4865 rerum

305 4904 618 4959 novitates.
652 4904 791 4958 Erat
822 4914 890 4956 eo
921 4904 1183 4969 tempore
1222 4895 1454 4967 quidam
1483 4896 1554 4952 de
1589 4898 1954 4969 Lotharingis

307 4993 539 5050 nomine
570 4991 914 5060 Cristianus,
950 4988 1048 5059 qui
1077 4986 1278 5043 videns
1300 4987 1422 5057 regi
1447 4987 1714 5043 Ileinrico
1745 4994 1952 5046 cuneta

304 5095 588 5155 praepere
644 5080 876 5150 cedere,
937 5076 1211 5148 quesivit,
1272 5076 1561 5147 quomodo
1616 5078 1768 5151 apud
1823 5095 1952 5136 eum

305 5171 511 5245 majori
534 5171 927 5229 honoraretur
946 5165 1136 5238 gratia
1164 5185 1176 5221 :
1200 5169 1256 5223 et
1291 5165 1559 5225 simulata
1591 5169 1950 5245 inﬁrmitate,

2070 4630 2350 4703 precipuo
2381 4630 2585 4699 gratiae
2636 4629 2763 4685 loco
2811 4629 3259 4685 familiarissime
3307 4626 3606 4697 recipitur.
3652 4622 3713 4692 (1,

2069 4724 2182 4791 34.)
2214 4722 2329 4775 Hac
2358 4724 2713 4790 tempestate
2735 4720 3072 4789 Ragenerus
3097 4718 3185 4774 vir
3207 4716 3439 4786 nobilis,
3465 4712 3717 4786 partium

2068 4810 2260 4865 Karoli
2305 4809 2629 4865 ﬁdissimus
2668 4813 2853 4878 tutor,
2900 4810 3069 4886 ﬁnem
3100 4808 3237 4863 vitae
3268 4805 3515 4876 accepit,
3549 4802 3715 4872 cujus

2065 4898 2327 4969 exequiis
2355 4897 2604 4954 Karolus
2638 4897 2934 4963 interfuit;
2976 4897 3183 4968 hisque
3227 4895 3500 4968 peractis,
3534 4889 3717 4949 Gisele

2068 4990 2258 5060 berto,
2308 4986 2434 5058 ejus
2485 4987 2601 5043 ﬁlio
2639 4986 2758 5057 jam
2809 4986 3029 5056 adulto,
3081 4994 3387 5057 paternum
3437 4984 3713 5038 honorem

2066 5095 2264 5139 coram
2315 5077 2677 5151 principibus
2716 5076 2812 5147 qui
2844 5077 3253 5132 conﬂuxerant
3298 5070 3712 5129 liberalissime

2065 5170 2333 5228 contulit.
2366 5168 2427 5240 (1,
2453 5173 2519 5224 35
2542 5170 2696 5240 sqq.)
2720 5168 2824 5224 Hic
2845 5182 2976 5225 cum
2998 5172 3160 5224 esset
3183 5165 3395 5238 opibus
3418 5168 3477 5219 et
3498 5174 3712 5232 genere

1670 5281 1907 5340 VARIA'I
1946 5283 2241 5344 LECTION
2248 5281 2347 5336 ES.

372 5375 464 5414 ωε
491 5392 783 5453 superscr,
819 5381 868 5434 1.
950 5373 1040 5412 1³⁸⁸
1071 5374 1409 5449 aliquandiu
1446 5383 1496 5435 1.

1575 5376 1666 5413 1³⁸⁸
1691 5394 1983 5453 superscr.
2019 5390 2070 5441 1.

2149 5378 2241 5414 1³⁸⁸
2274 5376 2443 5433 Corb.
2479 5373 2781 5431 Witikindi
2812 5374 3043 5431 nomine
3074 5375 3172 5430 D1.

1895 5478 2116 5536 NO'UE.

374 5565 524 5639 (234)
572 5568 799 5639 Iterum
828 5564 1228 5639 Ekkehardus
1275 5581 1482 5639 magno
1529 5583 1730 5625 errore
1771 5583 1866 5624 res
1915 5584 1945 5624 a

295 5635 540 5710 regibus
568 5635 920 5708 Burgundiaa
948 5641 1004 5689 et
1040 5637 1237 5697 Galliae
1265 5635 1466 5710 gestas
1486 5639 1583 5697 uni
1609 5639 1835 5697 tribuit.

2130 5566 2278 5637 (235)
2307 5565 2446 5633 Quae
2462 5565 2822 5637 sequuntur,
2848 5563 2905 5620 in
2929 5559 3160 5620 Richeri
3183 5564 3349 5619 textu
3373 5557 3719 5618 desideran-

2058 5642 2185 5709 tur;
2216 5635 2288 5697 cf.
2324 5635 2742 5711 praefationem.
