3934 6444
149 348 260 410 901

1022 341 1460 408 CHRONICA.
1498 375 1570 385 —
1600 335 2079 402 CHRONICON
2124 336 2671 402 UNIVERSALE.

3429 337 3546 397 902

156 485 395 541 inclitus
424 489 483 539 et
513 481 783 554 conjugio
814 481 1143 552 Gerbergze,
1188 478 1438 535 Heinrici
1486 475 1796 533 Transrhe-
1827 471 1879 532 A
1911 486 2038 542 quae
2069 471 2115 528 si
2139 473 2193 529 in
2209 472 2405 545 aliquo
2429 489 2457 530 a
2476 471 2927 545 precedentibus
2952 470 3551 543 Saxoniciscriptoris

154 573 349 629 nensis
373 571 690 641 filize,satis
723 571 950 640 beatus,
988 570 1039 625 in
1073 569 1303 625 nimiam
1339 582 1446 639 pre
1482 563 1792 621 insolentia

152 661 544 719 temeritatem
572 674 819 730 preceps
854 659 1169 727 ferebatur,
1198 657 1493 726 multaque
1516 669 1622 725 pro
1646 651 1797 720 abie-

154 750 350 805 ctione
384 748 541 818 regis
573 747 1080 813 moliebatur.Quo
1107 747 1324 817 agnito,
1350 742 1596 800 Karolus
1626 757 1655 798 a
1677 740 1796 796 Cel-

158 839 270 895 tica
303 853 432 894 cum
466 837 735 893 exercitu
766 836 1020 905 rediens,
1045 851 1174 892 cum
1210 835 1424 890 bellum
1449 834 1683 903 pararet
1715 830 1798 885 in-

160 930 310 983 ferre
347 927 558 995 Belgis,
595 940 839 996 quorum
874 925 1134 981 duxerat
1185 923 1569 991 Giselbertus,
1606 920 1796 987 Belgae

159 1031 296 1072 mox
326 1030 436 1070 non
471 1014 524 1068 in
558 1020 763 1085 aperto
792 1028 921 1069 cum
980 1012 1309 1068 Giselberto
1356 1011 1468 1067 nisi
1499 1012 1631 1066 sunt
1657 1007 1797 1063 resi-

158 1104 452 1174 stere,scd
471 1103 702 1174 oppidis
733 1118 797 1158 ac
829 1102 1160 1173 municipiis
1194 1116 1319 1157 sese
1346 1099 1798 1167 recluduntpro-

162 1207 318 1263 pere.
354 1193 434 1247 Ad
470 1207 617 1261 quos
654 1207 756 1246 rex
780 1190 1007 1260 legatos
1041 1187 1595 1260 dirigens,promisit
1628 1186 1713 1241 eis
1736 1199 1796 1241 se

158 1281 349 1336 omnia
385 1280 756 1349 donaturum,
786 1279 832 1334 si
866 1280 934 1335 ad
971 1294 1034 1335 se
1066 1280 1451 1345 confluerent,
1487 1290 1614 1346 quae
1645 1290 1675 1330 a
1709 1274 1799 1327 Gi-

156 1368 415 1424 selberto
442 1368 601 1439 prius
625 1368 677 1422 in
714 1367 993 1422 beneficio
1018 1365 1452 1431 haberent.Quo
1473 1364 1649 1435 capti,
1670 1377 1799 1417 mox

158 1458 224 1511 ad
248 1471 441 1526 regem
473 1471 578 1527 per
598 1460 963 1511 sacramenta
995 1455 1333 1524 redeunt,et
1381 1456 1582 1508 contra
1618 1450 1801 1506 Gisel-

160 1546 390 1601 bertum
426 1544 648 1616 pariter
679 1548 927 1613 surgunt
985 1541 1086 1598 Ille
1134 1558 1276 1599 vero
1302 1542 1353 1596 in
1415 1540 1628 1611 oppido
1661 1542 1799 1594 Har-

157 1634 326 1703 burg,
361 1632 512 1704 quod
551 1633 681 1688 hinc
722 1634 873 1688 Mosa
899 1636 955 1687 et
982 1631 1115 1687 inde
1149 1631 1316 1687 Gullo
1374 1630 1565 1685 fluviis
1624 1626 1800 1683 valla-

157 1720 334 1791 latur,
367 1721 512 1777 alias
539 1725 731 1777 autem
764 1720 995 1775 immani
1026 1720 1185 1775 hiatu
1223 1719 1522 1789 multoque
1553 1719 1798 1772 horrore

157 1809 419 1879 veprium
471 1809 829 1864 tutissimum
876 1807 1204 1877 videbatur,
1237 1822 1366 1863 cum
1426 1805 1626 1877 paucis
1659 1810 1797 1861 tunc
1826 1830 1882 1891 B

154 1896 562 1953 claudebatur.
591 1899 710 1952 Huc
747 1911 848 1952 rex
876 1911 1005 1952 cum
1036 1896 1219 1967 copiis
1242 1892 1800 1966 properat,obsidio-

159 2000 286 2040 nem
320 1985 495 2054 locat,
530 1986 661 2041 hinc
693 1990 749 2040 et
778 1985 909 2040 inde
942 1985 1223 2054 navalem,
1257 1984 1400 2039 alias
1456 1998 1597 2038 vero
1627 1996 1799 2052 eque-

157 2078 358 2130 strem.
392 2075 459 2128 Et
493 2089 621 2129 cum
645 2072 960 2129 violentius
984 2072 1632 2143 instaret,Giselbertus
1651 2070 1798 2125 clam

156 2175 261 2232 per
278 2175 499 2217 murum
517 2161 797 2232 dilapsus,
818 2160 1054 2216 ﬂuvium
1077 2161 1365 2216 enatando
1398 2159 1793 2229 transmeavit,

155 2252 366 2304 etcum
401 2249 631 2305 duobus
660 2248 975 2305 clientibus
998 2249 1255 2305 Rhenum
1287 2247 1632 2305 exulaturus
1668 2262 1799 2318 per-

147 2336 467 2406 transiens,
497 2336 661 2391 annis
684 2336 906 2406 aliquot
931 2336 1081 2407 apud
1107 2350 1377 2392 socerum
1438 2350 1602 2392 suum
1628 2335 1797 2389 Hein-

149 2424 357 2491 ricum,
419 2424 771 2495 patrimonio
825 2425 1108 2496 privatus,
1171 2424 1449 2479 exulavit.
1505 2422 1789 2495 Oppidani

149 2518 370 2583 autem,
405 2514 626 2583 absque
658 2512 807 2569 duce
840 2512 1052 2581 relicti,
1080 2527 1141 2568 se
1200 2512 1583 2568 subdiderant
1633 2511 1780 2580 regi.

143 2600 395 2657 Evoluto
427 2616 565 2657 vero
596 2606 879 2672 tempore,
912 2600 1219 2655 Heinricus
1244 2601 1364 2668 egit
1392 2600 1543 2671 apud
1570 2614 1786 2670 regem,

147 2693 215 2746 ut
246 2689 610 2746 Giselbertus
641 2689 1010 2759 reciperetur
1058 2688 1112 2743 in
1153 2688 1422 2759 gratiam,
1475 2702 1539 2743 ea
1593 2692 1787 2743 tamen

148 2778 507 2845 conditione,
545 2782 605 2833 ut
630 2777 949 2847 beneficiis,
986 2791 1113 2847 qum
1144 2777 1266 2847 ipse
1292 2776 1792 2833 insolenterdidu-

146 2870 313 2921 xerat
349 2879 593 2936 qumque
607 2880 707 2921 rex
728 2865 1057 2921 faventibus
1080 2865 1189 2919 sibi
1212 2869 1410 2936 postea
1433 2865 1785 2934 contulerat,

148 2954 426 3024 quamdiu
460 2968 834 3025 possessores
862 2967 1064 3010 eorum
1096 2954 1385 3023 viverent,
1436 2958 1688 3023 careret,
1723 2968 1788 3009 ea

148 3057 312 3111 vero,
346 3058 589 3113 quorum
650 3057 1026 3113 possessores
1084 3057 1189 3113 per
1245 3057 1429 3098 annos
1482 3041 1638 3097 exilii
1699 3041 1788 3097 sui

143 3135 524 3187 excesserant
554 3132 728 3202 regis,
766 3131 1139 3187 miseratione
1194 3130 1503 3201 reciperet.
1548 3130 1791 3200 Recepit

146 3219 345 3290 itaque
374 3219 721 3290 Trejectum,
755 3219 1068 3291 Juppilam,
1091 3221 1786 3290 Harstalium,Marsnam,

144 3306 378 3377 Littam,
412 3307 875 3378 Capremontem,
902 3321 1030 3377 quas
1082 3322 1110 3362 a
1170 3306 1461 3363 defunctis
1506 3305 1787 3361 derelicta

147 3394 459 3463 vacabant,
492 3398 722 3451 ceteros
744 3410 883 3450 vero
940 3394 1036 3464 qui
1097 3409 1198 3451 sua
1248 3394 1540 3450 habebant
1571 3394 1788 3463 ingenti

146 3482 293 3537 cede
324 3484 593 3552 vexabat,
630 3484 813 3538 donec
842 3482 1031 3538 omnia
1063 3497 1166 3538 sua
1215 3482 1552 3553 recipiebat.
1579 3483 1784 3537 Postea

147 3570 332 3627 multa
364 3576 566 3627 eontra
604 3586 797 3641 regem
859 3572 1212 3642 machinans,
1258 3586 1523 3627 socerum
1548 3571 1691 3626 adiit
1722 3584 1790 3626 ac

148 3658 465 3733 plurimum
495 3660 615 3729 regi
653 3660 934 3716 adherere
964 3660 1263 3730 dissuasit,
1298 3660 1572 3714 Celtieam
1606 3658 1787 3715 solam

148 3746 275 3815 regi
300 3745 567 3801 sufficere
598 3761 767 3817 posse
798 3761 1089 3813 asserens,
1125 3746 1411 3815 Belgicam
1445 3760 1584 3802 vero
1614 3749 1789 3816 atque

148 3834 512 3890 Germaniam
538 3849 673 3904 rege
704 3836 817 3891 alio
863 3835 1171 3908 plurimum
1204 3836 1495 3905 indigere;
1525 3836 1677 3891 unde
1726 3838 1789 3891 ut

143 3921 270 3993 ipse
302 3922 416 3979 dux
440 3923 748 3979 Heinricus
779 3924 970 3979 creari
1003 3939 1104 3980 rex
1136 3939 1243 3979 non
1276 3922 1791 3993 almueret,multi-

143 4009 283 4080 plici
320 4012 696 4082 permovebat
721 4012 1015 4067 suasione.
1052 4012 1361 4067 Heinricus
1391 4026 1532 4067 vero
1563 4026 1693 4067 cum
1724 4011 1789 4065 il-

144 4098 309 4154 licita
337 4113 467 4155 eum
501 4098 1137 4168 suadereadverteret,
1156 4100 1332 4155 dictis
1360 4099 1664 4155 suadentis
1693 4098 1790 4153 ad-

146 4187 383 4243 modum
445 4186 690 4255 restitit,
721 4189 779 4241 et
811 4192 874 4242 ut
908 4201 937 4242 a
995 4187 1235 4242 nefariis
1282 4186 1631 4256 quiesceret,
1666 4200 1791 4241 cre-

148 4277 257 4332 bro
281 4273 623 4329 ammonuit.
640 4273 1005 4330 Giselbertus
1023 4288 1161 4329 vero
1193 4288 1321 4330 cum
1339 4274 1492 4345 apud
1521 4289 1788 4331 socerum

148 4378 264 4419 non
298 4362 607 4434 proficeret
643 4376 746 4418 nec
776 4377 1016 4431 regnum
1057 4362 1165 4418 sibi
1210 4377 1413 4433 parare
1449 4366 1668 4434 posset,
1731 4362 1786 4418 in

151 4450 428 4507 Celticam
463 4450 710 4520 secedit,
755 4457 813 4505 et
842 4450 899 4505 in
931 4449 1260 4505 Neustriam
1322 4450 1552 4515 transit,
1588 4450 1788 4521 sicque

1821 3179 1871 3242 C

1909 560 2083 617 dictis
2130 562 2500 631 dissentiant,
2560 560 2798 617 lectoris
2854 560 3152 629 diligentia
3198 559 3543 631 perpendat.

1909 651 2109 706 Annus
2141 666 2299 721 vero,
2336 652 2391 705 in
2425 666 2538 722 quo
2569 652 2928 721 Ruotpertus
2967 647 3058 681 ³³η
3086 649 3140 703 in
3166 662 3406 717 regnum
3438 648 3554 704 ele-

1907 744 2078 794 vatus
2108 739 2347 806 dicitur,
2377 739 2473 794 ille
2506 744 2595 795 est
2655 737 2750 809 qui
2783 738 2933 808 apud
2983 751 3091 793 nos
3148 737 3400 792 Heinrici
3436 741 3552 792 ter-

1907 826 2035 882 cius
2069 827 2122 882 in
2156 843 2334 897 regno
2367 827 2713 884 inscribitur
2766 828 3132 897 Ruotpertus
3171 828 3301 896 post
3336 825 3458 881 hzec
3520 840 3548 881 a

1908 915 2194 973 militibus
2216 918 2409 973 Karoli
2447 916 2817 985 interficitur,
2846 914 2948 970 sed
2980 915 3304 971 Ruodoll‘us
3325 912 3435 985 ”",
3487 919 3549 970 ut

1908 1003 2126 1060 dictum
2159 1009 2271 1075 est,
2331 1006 2707 1076 subrogatur,
2758 1004 2965 1060 deinde
3034 1001 3279 1058 Karolus
3318 1006 3548 1073 captus,

1908 1093 2193 1150 custodiae
2214 1094 2597 1166 mancipatur.

1981 1191 2146 1255 (Win.
2184 1205 2220 1259 ι,
2253 1192 2366 1261 33.)
2401 1189 2549 1244 Illud
2606 1193 2798 1244 autem
2821 1192 3053 1259 tempus
3104 1190 3253 1256 erat,
3299 1201 3434 1257 quo,
3488 1193 3552 1243 ut

1910 1293 2086 1349 supra
2123 1279 2406 1350 scriptum
2423 1282 2533 1348 est,
2560 1277 2868 1332 Heinricus
2898 1276 2968 1331 ad
3000 1274 3553 1347 dilatandumimpe-

1910 1367 2056 1422 rium
2092 1382 2259 1423 suum
2279 1380 2473 1438 super.
2504 1365 2808 1421 Lotharios
2836 1363 2929 1396 ¹²⁸⁰
2950 1364 3247 1419 tendebat.
3310 1365 3448 1419 Nam
3493 1364 3546 1419 in

1910 1452 2032 1524 ipsa
2070 1456 2449 1526 profectione,
2486 1455 2582 1511 ubi
2616 1455 2873 1509 Rhenum
2906 1451 3163 1520 transiit,
3192 1450 3420 1521 legatus
3446 1453 3553 1507 Ka-

1911 1542 2017 1597 roli
2052 1544 2101 1597 ei
2127 1543 2405 1613 occurrit,
2440 1548 2500 1597 et
2559 1542 2812 1598 salutato
2832 1556 2901 1596 eo
2932 1539 3023 1572 ¹²⁸ι
3062 1540 3258 1596 verbis
3300 1539 3553 1595 humilli-

1910 1631 2038 1686 mis:
2056 1633 2343 1689 Dominus
2354 1631 2701 1701 meus,inqui
2709 1635 2756 1713 t,
2774 1628 3239 1699 Karolus,reqia
3254 1629 3553 1699 quondam

1898 1720 2195 1791 potestate
2196 1721 2496 1792 preditus,
2528 1720 2696 1775 modo
2703 1719 3003 1790 privatus,
3043 1719 3217 1774 misit
3238 1731 3328 1773 me
3354 1717 3436 1774 ad
3474 1719 3547 1787 te,

1913 1808 2279 1866 demandans
2308 1809 2437 1879 tibi,
2472 1809 2619 1881 quia
2648 1807 2869 1876 sibi,ab
2891 1807 3155 1863 inimicis
3186 1805 3275 1838 ¹²⁵²
3304 1808 3554 1863 circum-

1910 1897 2639 1967 ceuto,niclziljocundius,
2678 1896 2876 1954 uie/tit
2894 1895 3094 1966 possit
3129 1906 3250 1951 esse
3295 1895 3433 1965 jam
3462 1893 3553 1927 ¹²⁸³

1912 1986 2167 2056 dulcius,
2200 2001 2384 2058 quam
2414 1987 2484 2043 de
2531 1986 2621 2042 tui
2675 1984 2989 2056 magniﬁci
3029 1983 3551 2055 profectusqlorio.

1910 2075 2153 2146 aliquid
2189 2077 2404 2134 audire
2426 2074 3029 2146 famaqueoirtutum
3044 2071 3553 2128 tuarumconsota-

1906 2164 2269 2222 rietlzoctibi
2298 2164 2695 2235 siqnumﬂdei
2734 2163 2794 2217 et
2841 2162 3121 2219 ueritatis
3160 2161 3504 2217 transmisit
3533 2177 3559 2229 ;

1908 2252 2274 2322 protulitque
2294 2252 2475 2307 1""‘de
2507 2252 2634 2307 sinu
2694 2265 2922 2306 manum
2965 2250 3213 2321 preciosi
3272 2249 3544 2320 martyris

1906 2341 2321 2411 Dionisii,auro
2349 2342 2707 2411 gemmisque
2736 2338 3036 2395 inclusam:
3078 2339 3220 2407 Hoc,
3254 2337 3543 2408 inquiens,

1903 2429 2114 2485 habeto
2135 2430 2618 2502 pignus/(aderis
2648 2428 2924 2499 permetui
2965 2427 3022 2483 et
3042 2426 3499 2483 anzoo'iscicarii
3522 2446 3549 2496 ,-

1901 2518 2056 2576 lianc
2060 2520 2295 2589 partem
2307 2519 2473 2575 unici
2494 2518 2701 2575 solatii
2714 2518 3068 2573 Francorum
3084 2514 3351 2571 Galliam
3370 2514 3545 2570 iulia-

1903 2606 2245 2678 bitantium,
2267 2606 2580 2678 postquam
2593 2621 2698 2663 nos
2724 2606 2967 2661 sanctus
2998 2605 3234 2674 martyr
3272 2604 3432 2659 Vit-us
3456 2601 3546 2635 ¹²³⁸

1900 2697 1983 2752 ad
2008 2697 2274 2753 nostram
2282 2697 2615 2766 perniciem
2649 2694 2917 2750 deseruit
2949 2692 3005 2748 et
3024 2693 3106 2748 ad
3142 2692 3398 2748 vestram
3454 2688 3545 2723 ¹²⁸⁸

1896 2785 2242 2855 perpetuam
2243 2799 2452 2855 pacem
2462 2784 2799 2840 Saxoniam
2814 2782 3548 2849 cisitacit,communicare

1905 2875 2090 2930 tecum
2104 2872 2193 2905 ηδτ
2242 2873 2476 2929 maluit.
2504 2874 2707 2942 Neque
2737 2873 2895 2926 enim
2934 2870 3259 2941 postquam
3337 2881 3546 2939 corpus

1903 2963 2034 3032 ejus
2057 2962 2425 3019 translatum
2452 2961 2601 3030 est,a
2622 2959 2791 3015 nobis
2810 2958 3026 3015 civilia
3051 2956 3404 3012 celexterna
3437 2969 3549 3012 ces-

1900 3064 2107 3108 savere
2163 3051 2317 3107 bella
2340 3069 2361 3115 ;
2400 3050 2594 3105 eodem
2630 3049 2850 3119 quippe
2872 3060 3028 3103 anno
3074 3047 3235 3102 Daui
3264 3045 3327 3100 et
3376 3045 3548 3103 Nort-

1900 3141 2417 3210 mannireqionem
2431 3139 2695 3195 nostram
2716 3134 3082 3192 invaserunt.
3103 3134 3225 3188 Rex
3254 3136 3447 3188 autem
3464 3132 3546 3186 di-

1905 3230 2098 3284 vinum
2134 3242 2343 3283 munus
2373 3226 2524 3281 omni
2556 3224 2878 3295 gratiarum
2927 3222 3159 3278 actione
3191 3220 3539 3292 suscipiens,

1903 3317 2169 3387 reliquiis
2185 3315 2406 3371 sanctis
2438 3313 2528 3346 1³⁵⁸
2545 3311 3029 3384 prosternitur,et
3045 3308 3393 3365 deosculans
3416 3322 3553 3382 eas,

1903 3420 2123 3463 summa
2146 3403 2518 3460 veneratione
2532 3400 3146 3457 veneratur.Sanctum
3171 3412 3310 3454 vero
3326 3397 3539 3467 Vitum,

1901 3495 1972 3551 de
2005 3510 2117 3566 quo
2152 3494 2380 3562 legatus
2412 3490 2605 3546 Karoli
2631 3488 2935 3557 disseruit,
2982 3485 3266 3542 Folradus
3307 3485 3539 3556 quidam

1901 3585 2129 3640 nomine
2162 3582 2231 3638 dc
2264 3584 2441 3637 Roma
2488 3576 2872 3635 transtulitet
2930 3576 2986 3630 in
3043 3589 3188 3646 pago
3250 3574 3543 3631 Parisiaco

1901 3672 2163 3735 locavit;
2226 3670 2378 3740 inde,
2440 3670 2717 3738 regnante
2798 3664 3108 3721 Ludewieo
3165 3664 3539 3734 imperatore,

1901 3760 2205 3815 translatae
2238 3761 2372 3815 sunt
2406 3757 2459 3811 in
2486 3755 2876 3824 Saxoniam,et
2914 3757 2974 3809 ut
3009 3751 3236 3821 legatus
3289 3752 3387 3807 ille
3408 3765 3545 3808 con-

1902 3851 2095 3906 fessus
2116 3854 2227 3918 est,
2262 3862 2334 3902 ex
2363 3847 2468 3902 hoc
2499 3860 2594 3901 res
2624 3846 2971 3900 Francorum
2999 3844 3304 3913 coeperunt
3339 3840 3537 3911 minui,

1900 3938 2187 3993 Saxonum
2219 3933 2479 3989 dilatari.

1973 4026 2226 4095 (Lwnpn.
2264 4038 2335 4091 IV,
2368 4020 2496 4092 24.)
2545 4018 3016 4089 Burgundionum
3052 4031 3154 4072 rex
3192 4015 3536 4086 Ruodolfus,

1901 4113 1998 4184 qui
2049 4110 2343 4167 nonnullis
2386 4109 2552 4166 annis
2597 4107 2817 4162 ltalicis
2876 4106 3220 4176 imperabat,
3283 4103 3541 4161 lanceam

1900 4200 2185 4271 quandam
2218 4198 2295 4253 ibi
2328 4213 2357 4253 a
2392 4198 2664 4251 Samsone
2695 4192 2941 4265 quodam
2963 4192 3176 4248 comite
3209 4192 3359 4248 dono
3382 4205 3545 4249 acce-

1900 4293 2093 4361 perat,
2130 4300 2299 4358 quam
2350 4282 2713 4341 Constantini
2781 4279 2984 4351 Magni,
3038 4285 3255 4337 sanctae
3310 4280 3544 4338 Helenae

1894 4377 2024 4449 ,ﬁlii,
2062 4375 2242 4431 fuisse
2273 4373 2365 4406 1'“
2402 4373 2673 4427 dicebant
2711 4413 2725 4437 ,
2759 4384 2906 4440 quas,
2935 4374 3181 4439 excepta
3211 4373 3541 4426 ceterarum

1900 4465 2094 4538 specie
2127 4464 2481 4531 lancearum,
2515 4473 2663 4515 novo
2719 4457 3143 4528 quodammodo
3161 4472 3338 4529 Opere
3365 4472 3542 4514 nova-

142 4555 276 4597 cum
309 4540 654 4609 Ruotperto,
691 4538 939 4595 Outonis
981 4538 1136 4608 regis
1167 4539 1367 4607 fratre,
1400 4538 1497 4609 qui
1521 4543 1646 4594 erat
1669 4539 1780 4596 dux

1977 4569 2015 4611 te
2039 4553 2336 4610 elaborata
2367 4529 2495 4606 arte
2525 4552 2581 4604 et
2620 4545 3001 4617 figura,juxta
3028 4545 3273 4603 mediam
3312 4546 3533 4619 spinam

148 4628 402 4698 Celticze,
435 4626 506 4682 de
539 4626 771 4696 negotio
809 4627 1015 4682 eodem
1066 4626 1375 4683 consilium
1437 4630 1786 4698 pertractat,

145 4729 468 4785 suggerens
497 4714 549 4770 ei
580 4715 650 4770 de
674 4715 835 4784 regni
868 4714 1242 4785 susceptione
1291 4719 1350 4769 et
1382 4714 1577 4770 Karoli
1636 4715 1791 4785 abje-

146 4803 469 4861 ctione‘m.
496 4803 731 4859 Exultat
761 4806 1049 4874 tyrannus
1081 4807 1142 4859 et
1170 4802 1289 4859 sine
1327 4817 1485 4860 mora
1517 4804 1789 4861 suadenti

147 4903 321 4958 favet.
357 4901 693 4957 Deliberant
722 4915 864 4970 ergo
894 4901 1122 4971 sibique
1146 4916 1250 4972 per
1279 4907 1644 4959 sacramenta
1659 4918 1793 4960 con-

140 4998 630 5069 sentiunt,sicque
646 4998 988 5070 procedenti
1015 5003 1274 5070 tempore
1289 4999 1559 5056 collectis
1579 5001 1791 5071 princi-

138 5096 315 5168 pibus
374 5111 473 5152 rex
531 5095 798 5164 efficitur,
835 5111 984 5153 anno
1008 5096 1320 5154 Dominicm
1370 5096 1792 5156 incarnationis

140 5187 267 5242 922.
297 5205 323 5234 »
362 5186 492 5242 Haec
516 5188 653 5240 sunt
678 5184 853 5242 verba
880 5185 1037 5243 illius
1052 5185 1255 5243 Gallici
1279 5186 1775 5261 hystoriographi,

1901 4643 2103 4699 habuit
2137 4640 2449 4713 utrobique
2465 4636 2628 4712 quasi
2648 4638 3043 4707 fenestram,et
3068 4636 3124 4692 in
3166 4636 3354 4693 media
3371 4636 3536 4709 spina

1899 4746 2109 4791 cruces
2131 4731 2221 4764 “3°
2251 4745 2323 4787 ex
2344 4730 2546 4801 clavis,
2582 4728 2847 4785 manibus
2860 4731 2916 4784 et
2951 4724 3199 4799 pedibus
3221 4724 3543 4782 Salvatoris

1903 4822 2090 4881 nostri
2124 4821 2344 4878 Domini
2375 4820 2549 4875 Jhesu
2566 4816 2999 4874 Christiamxis.
3020 4814 3538 4886 Heinricusitaque

1902 4930 2008 4971 rex
2030 4912 2120 4946 1’“
2166 4910 2411 4968 audiens
2461 4907 2808 4965 Roudolfum
2843 4912 2958 4962 tam
3036 4905 3274 4961 caeleste
3326 4904 3538 4961 donum

1902 5005 2138 5073 habere,
2170 5004 2236 5058 ut
2263 5004 2391 5056 erat
2420 5000 2598 5053 Deum
2625 4996 2835 5051 timens
2883 4995 3185 5064 totiusque
3236 4993 3538 5064 religionis

1903 5098 2149 5163 amator,
2181 5089 2390 5160 legatis
2406 5085 2648 5143 directis
2670 5084 3000 5156 temptavit,
3018 5084 3066 5140 si
3083 5082 3323 5155 premiis
3340 5081 3543 5152 aliqui-

1892 5194 2001 5251 bus
2030 5184 2226 5257 posset
2252 5178 2395 5235 illud
2418 5176 2508 5211 ¹²⁶²
2539 5174 2863 5247 acquirere.
2926 5171 3086 5239 Quod
3116 5186 3247 5229 cum
3281 5185 3383 5229 rex
3429 5168 3543 5226 1’”.

1509 5329 1747 5389 νΑΒΙιΕ
1782 5329 2181 5391 LECTIONES.

216 5442 841 5519 ""-i%1-.J.Wt€m?0
873 5441 1160 5519 4608£_‘?“'_
1204 5449 1510 5519 misertus
1566 5448 1970 5519 DLH-Semper-
2005 5445 2096 5480 ¹²⁴⁹
2156 5439 2426 5519 τρέοιὶυδ
2478 5428 3541 5519 P1.--“ﬁmi.miJ°EhFIif1€9s3°

140 5516 211 5553 ²¹⁸
276 5499 2273 5592 eiQ;§-'f’*’;aaicié.-2-""34W1'99"I11T_‘*‘"'iii6iﬁiit013‘?“
2330 5507 2492 5592 ξζιξςδξ
2540 5499 2770 5592 “.3?-
2824 5508 2929 5592 Μ.-
2975 5499 3383 5592 ἱ²ῗῖιηίέ⁸ί¹⁵ἓέξ¹
3443 5506 3532 5592 ‘2:

147 5595 241 5649 11.
282 5570 411 5659 *λιῆ
457 5585 619 5659 deest
684 5570 924 5659 ωρξπε
978 5570 1175 5645 sancti
1193 5570 1271 5659 ‘2',
1318 5570 1427 5621 ιῑίί
1459 5570 1627 5646 dim
1673 5570 2169 5647 Quaeramus
2200 5590 2282 5643 9°.
2336 5580 2425 5616 1’“
2473 5579 2597 5636 haec
2650 5577 2758 5633 D1.
2824 5572 2914 5607 ⁵⁸⁸³
2961 5573 3125 5631 deest
3175 5574 3233 5629 4.
3301 5573 3403 5628 Di.
3470 5570 3541 5609 ι²⁶

142 5663 240 5722 ita
284 5664 343 5715 2.
383 5658 489 5715 D1.
549 5656 860 5732 deestretl.
