3934 6428
184 467 309 525 909

184 599 461 655 omnibus
500 599 761 669 ejusdem
800 598 1059 655 civitatis
1094 598 1544 654 habitatoribus.
1580 599 1693 653 Pro
1723 612 1834 669 qua
1874 611 1926 670 Α

188 688 635 761 presumptione
667 687 1114 758 condempnavit
1151 702 1279 742 eum
1313 691 1545 743 centum
1577 686 1840 757 talentis,

186 792 509 848 omnesque
536 777 850 849 principes,
888 776 986 846 qui
1019 776 1088 831 ad
1125 775 1233 831 hoc
1267 790 1395 832 eum
1423 775 1707 845 juvabant
1729 772 1841 843 “3°,

186 867 487 922 dedecore
535 880 741 921 canum
792 880 940 935 quos
968 864 1279 935 portabant
1325 878 1511 933 usque
1542 862 1612 917 ad
1642 864 1843 918 urbem

193 957 416 1025 regiam
440 970 567 1026 quas
608 953 826 1010 dicitur
855 953 1237 1021 Magedeburg
1260 950 1278 984 ί
1306 951 1369 1007 ³³.
1405 952 1565 1007 Unde
1595 964 1845 1007 commo-

189 1051 288 1099 tus
320 1043 710 1111 Eberhardus,
763 1042 955 1112 junxit
991 1056 1051 1097 se
1083 1041 1425 1110 Dankmaro,
1480 1039 1844 1108 collectaque

191 1132 383 1189 valida
405 1147 598 1199 manu,
624 1134 926 1203 obpugnat
967 1131 1301 1201 praesidium
1322 1131 1472 1200 quod
1496 1129 1713 1185 dicitur
1745 1129 1845 1183 Ba-

192 1222 355 1277 diliki
380 1219 493 1285 "3’,
528 1221 582 1276 in
617 1235 730 1291 quo
762 1224 888 1275 erat
924 1220 1248 1287 Ileinricus,
1277 1219 1457 1273 frater
1482 1218 1655 1286 regis,
1684 1216 1845 1285 juve-

190 1312 286 1367 nis
316 1310 406 1343 ¹³³³
439 1310 627 1367 adhuc
666 1327 679 1375 ;
718 1309 970 1379 dataque
1003 1308 1286 1364 militibus
1315 1308 1435 1363 suis
1468 1306 1646 1377 preda
1678 1307 1842 1362 urbis

188 1398 303 1469 “3‘,
341 1398 582 1454 abduxit
636 1411 832 1453 secum
883 1396 1210 1453 Heinricum
1264 1396 1426 1465 quasi
1460 1395 1572 1450 vile
1634 1395 1844 1450 manci-

192 1490 371 1561 pium.
409 1487 624 1542 Dehinc
654 1484 746 1518 ¹³⁸³
773 1485 947 1555 C(Bpit
981 1484 1340 1539 Dankmarus
1368 1482 1457 1515 ¹³³⁸
1480 1484 1678 1539 urbem
1716 1498 1843 1554 qum

192 1578 416 1632 dicitur
462 1574 783 1643 Hereburg,
841 1572 1109 1643 seditque
1160 1573 1213 1626 in
1265 1586 1351 1639 ea,
1386 1576 1444 1627 et
1497 1572 1678 1627 multa
1711 1572 1843 1627 inde

194 1665 463 1721 exercuit
511 1662 836 1719 latrocinia.
884 1663 1002 1716 Rex
1036 1666 1226 1716 autem
1278 1659 1410 1716 licet
1463 1660 1679 1716 invitus
1712 1675 1841 1715 cum

196 1754 383 1810 multo
396 1753 674 1809 comitatu
692 1750 950 1823 perrexit
967 1749 1122 1818 illuc,
1140 1750 1209 1804 ad
1232 1749 1656 1820 repriinrndain
1682 1749 1838 1804 illius

195 1842 586 1898 insolentiam.
638 1840 806 1896 Cives
853 1842 1045 1895 autem
1108 1838 1268 1893 urbis
1296 1836 1556 1906 ejusdem
1618 1837 1839 1907 apertis

199 1931 388 2002 portis
419 1929 868 1985 introduxerunt
914 1927 1236 1983 exercitum
1267 1926 1443 1994 regis.
1479 1925 1836 1981 Dankmarus
1868 1962 1918 2020 Β

193 2035 331 2075 vero
358 2016 986 2088 fugiensinzecclesiam
1012 2016 1167 2072 beati
1185 2014 1337 2070 Petri
1355 2014 1629 2085 apostoli,
1650 2018 1836 2069 stans-

195 2107 480 2176 quejuxta
506 2106 712 2173 altare,
740 2104 1024 2176 depositis
1048 2104 1300 2174 desuper
1315 2102 1512 2172 armis,
1539 2115 1569 2156 a
1587 2104 1834 2173 quodam

195 2210 298 2266 per
325 2197 635 2251 fenestram
661 2208 689 2249 a
714 2198 880 2262 tergo
904 2194 1202 2263 perfossus
1219 2197 1326 2247 est.
1344 2190 1719 2247 Eberhardus
1742 2206 1838 2247 au-

191 2281 307 2331 tem
338 2275 670 2331 Heinricum
717 2273 923 2329 habuit
954 2287 1168 2328 secum.
1224 2271 1331 2337 Qui
1362 2270 1605 2326 audiens
1637 2285 1836 2325 necem

191 2362 518 2432 Dankmari,
554 2362 777 2417 fractus
808 2362 996 2416 animo
1018 2360 1413 2431 prosternitur
1444 2374 1550 2415 suo
1580 2360 1833 2431 captivo,

190 2453 417 2508 veniam
443 2452 587 2524 petit
608 2465 675 2506 ac
699 2452 972 2520 nequiter
994 2449 1341 2519 promeruit,
1368 2462 1432 2504 ea
1458 2448 1682 2504 scilicet
1705 2463 1839 2504 con-

191 2541 432 2610 ditione,
460 2545 524 2597 ut
549 2543 755 2596 contra
778 2539 1074 2595 dominum
1105 2543 1164 2594 et
1188 2539 1422 2593 fratrem
1450 2552 1614 2593 suum
1641 2552 1836 2593 secum

190 2631 411 2686 faceret
450 2628 937 2699 conjurationem,
972 2632 1028 2683 et
1073 2627 1122 2683 si
1156 2626 1278 2682 fieri
1313 2630 1531 2697 posset,
1566 2627 1692 2697 ipse
1726 2626 1836 2682 sibi

188 2733 462 2775 coronam
493 2718 837 2789 imponeret.
875 2716 1183 2772 Heinricus
1211 2730 1349 2772 vero
1371 2730 1440 2771 eo
1463 2721 1725 2786 tempore
1757 2716 1839 2772 ni-

194 2809 303 2863 mis
328 2806 671 2863 adolescens
694 2810 891 2861 eratet
912 2804 1526 2875 regnandicupiditatc
1553 2805 1835 2861 fervebat.

190 2897 448 2967 (Lmnrn.
484 2911 557 2965 ιν,
597 2899 684 2964 20,
717 2896 831 2965 22.)
864 2895 1238 2950 Eberhardus
1272 2906 1409 2949 sane
1444 2893 1833 2950 Gisclbcrtum

191 2983 673 3054 Lotharingorum
693 2981 898 3039 ducem
914 2998 941 3038 a
967 2980 1055 3014 ³³³⁷
1075 2982 1230 3051 regis
1248 2981 1526 3036 fidelitate
1542 2980 1836 3051 disjunxe-

187 3076 301 3143 rat,
323 3072 490 3143 cujus
512 3071 801 3141 adjutorio
825 3070 947 3139 regi
970 3085 1084 3126 non
1108 3070 1331 3125 modice
1360 3069 1695 3124 resistebat.
1726 3069 1833 3135 Qui

187 3160 555 3218 Giselbertus
583 3173 927 3231 quamquam
959 3172 1223 3216 sororem
1254 3159 1407 3229 regis
1424 3158 1665 3214 haberet
1697 3174 1836 3216 uxo-

187 3263 329 3319 rem,
377 3248 580 3307 maluit
627 3252 821 3304 tamen
854 3253 912 3304 et
940 3248 1062 3319 ipse
1117 3248 1473 3319 suscipiendi
1535 3248 1694 3318 regni
1726 3264 1832 3320 spe

185 3316 425 3406 regi'i'”
447 3338 746 3407 resistere,
790 3316 1065 3407 quam-ei,
1104 3341 1169 3393 ut
1201 3316 1506 3406 debuerat,
1540 3316 1830 3408 adjutorio
1864 3316 1911 3376 (ἶ

184 3440 336 3483 esse.
400 3426 695 3481 Habuerat
725 3430 918 3481 autem
958 3440 1058 3481 rex
1101 3424 1409 3481 nonnullas
1467 3440 1745 3482 maxnmas
1772 3431 1831 3481 et

185 3512 536 3571 fortissimas
563 3514 781 3585 copias,
816 3514 1223 3570 Herimannum
1252 3514 1482 3570 scilicet
1512 3515 1830 3571 Suevorum

185 3604 395 3659 ducem
438 3604 796 3673 fratremque
847 3603 973 3673 ejus
1007 3603 1292 3659 Outonem
1324 3608 1500 3673 atque
1543 3602 1832 3660 Chuonra-

182 3694 319 3749 dum
352 3691 443 3725 ¹⁸⁸⁹
465 3692 802 3763 cognomine
836 3692 1185 3763 Sapientem.
1222 3692 1327 3758 Qui
1362 3692 1627 3763 quamvis
1655 3693 1833 3749 amni-

179 3782 325 3835 tatis
347 3780 437 3813 “‘0
463 3781 611 3835 linea
628 3779 963 3836 Eberhardo
979 3781 1386 3851 jungerentur,
1404 3782 1736 3837 maluerunt
1752 3786 1833 3838 ta-

181 3882 308 3923 men
320 3868 499 3938 juste,
518 3868 563 3925 si
582 3868 903 3924 necessitas
921 3868 1241 3938 ingrueret,
1266 3869 1568 3939 cumjusto
1584 3883 1719 3939 rege
1740 3885 1841 3927 occ

179 3959 474 4023 cumbere,
494 3971 663 4027 quam
686 3971 817 4011 cum
850 3956 1283 4025 consanguineo
1302 3955 1617 4026 1'“injuste
1634 3958 1833 4014 trium-

182 4046 383 4115 phare.
422 4044 794 4099 Eberhardus
825 4044 1023 4114 itaque
1046 4044 1189 4098 haut
1217 4058 1388 4100 secus
1418 4045 1604 4099 valuit
1627 4044 1721 4077 ¹⁸⁴²
1743 4047 1832 4101 Gi-

182 4132 506 4188 sclbcrtum
542 4146 571 4185 a
605 4131 759 4199 regis
793 4129 905 4185 fide
932 4130 1260 4199 sejungere,
1287 4130 1472 4186 donec
1503 4132 1555 4186 ei
1589 4134 1831 4201 promit-

183 4223 357 4288 teret,
390 4234 449 4274 se
500 4217 660 4273 illum
694 4231 889 4285 regem
939 4218 1264 4282 facturum;
1300 4217 1661 4275 Giselbertus
1689 4234 1829 4275 vero

181 4306 515 4363 Heinricum
537 4306 642 4361 hac
677 4304 866 4361 voluit
883 4309 1009 4360 arte
1032 4303 1122 4337 “"
1144 4304 1435 4374 decipere,
1463 4310 1525 4361 ut
1557 4306 1690 4362 dum
1724 4322 1829 4365 suo

180 4396 477 4467 adjutorio
501 4409 693 4465 regem
721 4394 1005 4460 vinceret,
1034 4394 1157 4465 ipse
1181 4394 1343 4463 regni
1375 4393 1583 4452 solium
1605 4396 1828 4452 obtine-

178 4492 308 4552 ret;
340 4498 540 4541 verum
582 4482 954 4540 Eberhardus
997 4481 1168 4552 longe
1215 4482 1387 4538 aliter
1416 4482 1825 4554 disposuerat;

178 4574 365 4631 voluit
387 4574 558 4643 enim,
579 4571 733 4629 31"“
749 4586 942 4643 regem
958 4575 1154 4643 posset
1192 4572 1520 4643 devincere,
1546 4578 1827 4644 utrosque

1075 462 1514 526 CHRONICA.
1550 501 1623 510 —
1666 462 2149 527 CHRONICON
2193 462 2726 526 UNIVERSALE

3483 469 3602 530 910

2030 597 2197 666 (WID.
2236 613 2295 667 η,
2337 598 2444 669 15.)
2472 597 2656 667 igitur
2694 595 3000 653 Heinricus
3033 595 3245 654 ardens
3275 600 3601 671 cupiditate

1959 686 2256 755 regnandi,
2306 686 2538 741 celebre
2570 685 2660 718 1⁸⁸⁸
2689 685 3016 741 convivium
3071 686 3206 741 fecit
3238 687 3293 742 in
3340 688 3469 745 loco
3500 692 3598 762 qui

1959 773 2174 831 dicitur
2198 775 2560 844 Salaveldon,
2585 779 2644 831 et
2681 790 2809 831 cum
2829 779 2989 831 esset
3019 789 3257 844 magnus
3278 791 3344 833 ac
3370 782 3594 850 potens,

1958 861 2262 931 majestate
2294 868 2353 917 et
2388 867 2678 933 potestate
2704 861 2793 895 “‘7
2825 862 3027 932 regali,
3052 863 3320 933 plurimis
3350 866 3597 935 plurima

1958 951 2213 1020 donavit,
2248 956 2306 1006 et
2339 952 2608 1007 factionis
2642 951 3042 1019 hujuscemodi
3083 953 3273 1008 socios
3293 954 3402 1009 sibi
3434 957 3508 1011 ob
3538 954 3598 1011 id

1957 1039 2238 1109 plurimos
2286 1039 2639 1095 conciliavit.
2686 1041 2938 1108 (LIUDPR.
2977 1054 3049 1109 ιν,
3085 1044 3171 1095 23.
3213 1043 3449 1098 —Wro.
3488 1045 3525 1100 ι.
3555 1045 3592 1102 ι.

1954 1159 2021 1165 -
2048 1128 2274 1183 chnrn.
2314 1128 2349 1183 l.
2380 1128 2455 1199 ἰ.)
2481 1128 2618 1183 Dein
2642 1126 2731 1160 ¹³⁴⁸
2762 1128 3061 1199 profectus
3085 1129 3138 1183 in
3170 1130 3595 1201 Letharingiam

1956 1215 2025 1270 ad
2051 1215 2440 1272 Gisclbcrtum
2458 1216 2545 1249 ¹³⁴⁹
2565 1216 2766 1271 ducem
2794 1215 3055 1287 Belgicae,
3074 1232 3202 1272 cum
3229 1218 3357 1288 ipso
3379 1221 3597 1291 pariter

1954 1308 2013 1357 et
2037 1304 2370 1359 Eberhardo
2406 1303 2619 1359 bellum
2654 1303 2820 1358 fratri
2850 1305 3026 1374 cmpit
3062 1320 3393 1375 preparare.
3431 1308 3593 1373 Quod

1954 1406 2082 1447 cum
2115 1393 2236 1461 regi
2271 1397 2427 1447 esset
2472 1392 2830 1461 nunciatum,
2880 1392 3127 1462 primum
3174 1408 3286 1449 non
3318 1396 3591 1469 credidit,

1956 1480 2055 1534 sed
2094 1495 2224 1534 mox
2255 1480 2633 1548 certificatus,
2685 1486 2921 1535 econtra
2973 1487 3247 1551 properat
3278 1483 3372 1518 ³³⁸⁰
3402 1484 3592 1559 laetus,

1954 1583 2063 1623 non
2087 1583 2285 1623 eorum
2321 1568 2694 1624 multitudine
2726 1569 2991 1637 territus,
3030 1570 3131 1625 sed
3164 1571 3218 1626 in
3250 1573 3348 1627 Dei
3374 1574 3593 1645 pietate

1953 1658 2225 1713 confisus.
2263 1659 2517 1727 Cumque
2548 1658 2617 1714 ad
2666 1657 2925 1713 Rhenum
2959 1656 3047 1690 "‘1
3076 1675 3204 1715 cum
3238 1662 3362 1717 suis
3398 1679 3595 1735 perve-

1952 1746 2158 1815 nisset,
2191 1745 2424 1815 jamque
2454 1746 2543 1778 ¹³⁵²
2574 1747 2809 1802 fluvium
2856 1746 2945 1802 sui
2993 1754 3352 1805 transmeare
3384 1754 3595 1825 coepis-

1951 1839 2098 1903 sent,
2155 1834 2460 1891 iIeinricus
2513 1850 2644 1890 cum
2677 1835 2797 1890 suis
2830 1841 3126 1906 insperato
3155 1837 3210 1891 in
3244 1842 3407 1896 tanta
3456 1843 3595 1900 vici-

1950 1922 2134 1977 nitate
2165 1925 2311 1992 erat,
2366 1921 2520 1993 quod
2572 1923 2643 1978 ab
2677 1923 2763 1979 his
2817 1924 3001 1980 videri
3029 1924 3145 1994 jam
3180 1923 3271 1958 1³⁸³
3328 1935 3583 2000 poterat.

1950 2011 2229 2081 I’erpauci
2282 2010 2530 2081 denique
2563 2012 2633 2066 de
2694 2012 2937 2068 navibus
2982 2015 3226 2085 egressi,
3284 2017 3376 2072 vix
3408 2033 3591 2090 equos

1948 2099 2262 2154 ascendere
2288 2114 2533 2169 seseque
2557 2098 2645 2132 ‘3“
2677 2100 2850 2155 armis
2875 2100 3115 2157 induere
3148 2109 3439 2175 poterant,
3461 2122 3590 2164 cum

1949 2185 2209 2255 legiones
2226 2187 2489 2244 adversae
2514 2203 2623 2243 non
2658 2189 3009 2245 nunciantur
3031 2192 3352 2263 venientes,
3374 2197 3475 2251 sed
3511 2196 3593 2252 in-

1950 2276 2099 2331 tuitu
2135 2276 2260 2346 ipso
2305 2282 2628 2332 cernuntur
2669 2281 2993 2347 presentes.
3032 2278 3199 2347 (Wm.
3236 2296 3295 2350 ιι,
3331 2285 3441 2349 17.)
3471 2286 3592 2341 Rex

1949 2367 2140 2419 autem
2174 2364 2227 2418 in
2276 2364 2459 2419 altera
2494 2368 2658 2435 parte
2718 2366 2970 2421 fluminis
3026 2382 3158 2423 cum
3218 2368 3590 2429 multitudine

1950 2451 2137 2507 adhuc
2158 2467 2395 2507 manens
2422 2457 2481 2507 et
2509 2454 2630 2509 hmc
2661 2453 2914 2524 intuens,
2947 2455 3204 2511 dolorem
3228 2458 3399 2513 animi
3433 2466 3589 2519 motu

1948 2540 2216 2611 corporis
2251 2555 2363 2597 non
2393 2540 2641 2612 celabat,
2676 2557 2744 2597 eo
2784 2543 2938 2613 quod
2966 2558 3075 2600 non
3109 2545 3383 2602 adessent
3416 2563 3589 2606 naves

1948 2643 2053 2700 per
2086 2644 2230 2699 quas
2255 2630 2514 2686 Rhenum
2536 2633 2955 2687 transcendere
2981 2639 3208 2705 posset:
3230 2650 3334 2691 nec
3357 2642 3589 2710 tempus

1950 2716 2240 2771 subitanei
2290 2717 2628 2787 certaminis
2661 2718 2715 2773 in
2750 2719 3031 2774 ulteriore
3077 2721 3200 2792 ripa
3232 2725 3589 2781 constitutos

1952 2804 2105 2859 aliud
2139 2805 2364 2859 sinebat
2397 2806 2677 2875 cogitare,
2708 2806 2819 2861 nisi
2854 2813 2954 2863 aut
2985 2823 3178 2864 coram
3208 2811 3478 2870 hostibus
3500 2828 3591 2871 ca-

1949 2891 2085 2947 dere
2131 2894 2365 2963 debere,
2420 2900 2518 2950 aut
2560 2900 2720 2950 certe
2773 2896 2949 2951 armis
3005 2898 3181 2953 vitam
3245 2899 3578 2959 defendere.

1948 2980 2203 3052 (Lwnrn,
2229 2983 2267 3037 ι.
2294 2983 2357 3052 l.)
2396 2983 2762 3039 Recordatus
2794 2984 2989 3055 itaque
3012 2986 3211 3056 populi
3234 2989 3454 3045 Domini
3478 2990 3585 3063 ιω,

1948 3071 2044 3141 qui
2069 3082 2461 3141 repugnantes
2477 3072 2993 3128 sibiAnialechttas
3011 3074 3375 3133 orationibus
3388 3080 3585 3150 Moysi,

1947 3159 2098 3214 servi
2122 3160 2243 3229 Dei,
2273 3159 2509 3228 devicit,
2527 3160 2798 3231 protinus
2814 3160 2883 3216 de
2914 3176 3063 3231 equo
3080 3162 3400 3235 descendit,
3425 3167 3591 3223 lacri-

1947 3261 2221 3317 mansque
2256 3262 2384 3302 cum
2430 3249 2580 3303 omni
2633 3248 2849 3318 populo
2897 3253 3027 3304 ante
3073 3249 3350 3323 lanceam,
3389 3254 3443 3309 in
3477 3270 3587 3325 qua

1947 3336 2250 3392 victoriosi
2280 3336 2452 3406 clavi,
2488 3338 2753 3393 manibus
2787 3336 3147 3408 pedibusque
3179 3340 3587 3414 Redemptoris

1946 3426 2128 3483 nostri
2174 3426 2344 3495 affixi,
2394 3431 2561 3481 erant
2609 3424 2699 3458 ³⁸⁸⁸
2756 3426 2984 3495 inclusi,
3046 3442 3176 3482 sese
3231 3436 3578 3499 prostravit.

1947 3517 2333 3585 Quantumque
2358 3515 2501 3584 justi
2526 3513 2634 3570 viri
2670 3515 2879 3585 oratio,
2908 3517 3227 3573 secundum
3253 3521 3405 3589 quod
3425 3524 3589 3579 Jaco-

1949 3606 2058 3662 bus
2086 3606 2185 3675 ait,
2221 3604 2432 3675 valeat,
2459 3616 2555 3660 res
2586 3605 2888 3660 manifesta
2924 3605 3210 3676 probavit.
3249 3610 3426 3677 (Νη).
3468 3612 3505 3668 ι.
3536 3613 3579 3668 l.

1944 3727 2013 3736 —
2034 3696 2263 3751 Lmnrn.
2291 3693 2418 3766 1.1.)
2461 3690 2528 3749 lli
2560 3708 2805 3765 namque
2836 3694 2933 3765 qui
2966 3694 3020 3750 in
3052 3694 3176 3766 ripa
3211 3696 3479 3755 ulteriori
3502 3699 3590 3734 ¹⁸⁸τ

1945 3788 2130 3853 erant,
2148 3784 2407 3840 sarcinas
2432 3787 2487 3838 et
2514 3783 2924 3853 impedimenta
2950 3785 3263 3854 quaequeiu
3282 3784 3467 3843 locum
3493 3790 3588 3860 qui

1947 3872 2163 3928 dicitur
2185 3873 2404 3928 Xantus
2430 3871 2519 3903 1³⁵⁸
2547 3872 3045 3942 transmittebant,
3073 3888 3318 3945 seseque
3344 3877 3589 3934 invicem

1945 3961 2239 4021 cohortati
2271 3960 2379 4031 1³⁸⁸,
2415 3961 2617 4015 hostes
2667 3960 2937 4031 precipiti
2972 3977 3153 4019 cursu
3202 3963 3580 4023 invadebant.

1946 4050 2114 4120 (Win.
2154 4050 2189 4103 Ι.
2228 4051 2291 4119 l.)
2328 4050 2584 4119 Cumque
2630 4054 2787 4103 esset
2822 4049 3042 4118 piscina
3096 4051 3246 4106 inter
3278 4052 3382 4109 hos
3411 4052 3501 4087 ¹³⁸⁰
3531 4068 3590 4112 et

1944 4137 2165 4205 hostes,
2201 4138 2458 4190 Saxones
2484 4135 2573 4167 ‘3“
2604 4136 2773 4189 divisi
2799 4136 2907 4203 13‘”,
2946 4153 3053 4192 una
3088 4154 3221 4209 pars
3245 4155 3316 4194 ex
3345 4141 3589 4201 adverso

1943 4224 2060 4280 ruit
2104 4225 2159 4278 in
2193 4224 2390 4279 hostes
2442 4223 2547 4291 ‘3”,
2580 4223 2762 4277 altera
2808 4224 3134 4294 insequitur
3158 4242 3185 4282 a
3221 4234 3409 4301 tergo,
3443 4236 3503 4286 et
3531 4233 3603 4289 in!

1944 4311 2134 4367 medio
2158 4311 2357 4366 hostes
2378 4311 2799 4381 obprimentes,
2836 4313 3001 4381 pauci
3027 4315 3402 4374 vehementer
3425 4335 3591 4391 urge-

1942 4400 2077 4456 bant
2112 4399 2330 4469 plures.
2359 4399 2552 4468 Neque
2576 4398 2723 4451 enim
2774 4401 3120 4456 nostratium
3147 4419 3318 4474 supra
3353 4413 3585 4464 centum

1942 4494 2198 4546 armatos
2234 4488 2412 4543 fuisse
2447 4484 2805 4558 perhibetur,
2847 4488 3099 4544 hostium
3131 4506 3269 4547 “vero
3301 4496 3443 4551 satis
3475 4511 3589 4553 ma-

1942 4594 2091 4650 gnus
2124 4582 2250 4632 erat
2292 4575 2605 4632 exercitus.
2655 4576 2764 4630 Sed
2798 4591 2926 4631 cum
2957 4592 2984 4631 a
3016 4577 3105 4610 ¹³θ⁴
3139 4581 3326 4637 fronte
3365 4585 3589 4653 pariter

183 4678 363 4734 regno
382 4663 614 4737 privare
630 4661 892 4733 illudque
926 4661 1355 4733 sibiusurpare,
1374 4661 1526 4717 sicut
1541 4676 1614 4717 ex
1630 4663 1829 4719 verbis
1861 4668 1913 4727 D
1945 4673 2003 4723 et
2037 4682 2065 4721 a
2092 4673 2257 4736 tergo
2281 4668 2649 4735 urgerentur,
2668 4680 2777 4735 qua
2801 4672 2966 4737 parte
2994 4669 3354 4738 potissimum
3379 4688 3587 4739 cavere

181 4752 385 4824 ipsius,
431 4767 558 4825 qua)
592 4752 766 4826 paulo
784 4756 1092 4823 antequam
1117 4752 1487 4808 occideretur
1510 4752 1674 4808 uxori
1709 4767 1828 4809 sua)

179 4839 431 4913 dixerat,
464 4856 776 4914 possumus
807 4842 1097 4899 conicere.
1134 4839 1313 4907 Quam
1351 4840 1486 4897 dum
1520 4840 1741 4898 foveret
1774 4842 1830 4899 in

182 4927 345 4985 sinu:
379 4931 736 5001 Joczmdare,
772 4930 978 5002 inquit,
1020 4933 1085 4986 in
1099 4931 1328 5002 gremio
1361 4928 1451 4962 ¹³⁴⁶
1478 4931 1734 5002 comitis,
1764 4932 1834 4990 in

184 5015 349 5076 brevi
380 5018 659 5081 laetatura
684 5022 754 5078 in
782 5019 1156 5094 amplexibus
1183 5022 1363 5091 regis.

1946 4757 2311 4825 debuissent,
2346 4754 2401 4810 in
2436 4762 2707 4826 promptu
2764 4769 2875 4810 non
2907 4761 3059 4811 erat.
3119 4758 3380 4829 (Lwnrn.
3419 4762 3465 4819 ι.
3508 4764 3584 4830 ι.)

1943 4847 2098 4914 Rege
2124 4845 2319 4913 itaque
2352 4847 2575 4911 orante,
2597 4852 2724 4899 cum
2745 4857 2815 4898 ex
2840 4845 3167 4902 suisnullus
3189 4850 3582 4921 occumberet,

1946 4934 2148 4990 hostes
2179 4946 2378 4989 omnes
2410 4932 2466 4986 in
2500 4931 2689 5001 fugam
2720 4933 2989 4989 conversi
3021 4939 3176 5005 sunt,
3212 4937 3587 5010 nonnullique

1945 5037 2146 5080 eorum
2176 5036 2282 5080 cur
2332 5021 2599 5090 fugerent
2642 5020 3009 5092 ignorabant,
3057 5023 3325 5094 quoniam
3357 5026 3586 5096 quidem

1555 5194 1791 5249 VARUE
1826 5194 2222 5251 LECTIONES.

259 5330 352 5364 1³⁸⁸
383 5330 658 5402 adjuvant
689 5335 739 5386 5.

182 5416 420 5474 emarus
456 5400 513 5457 ‘D
549 5401 865 5474 Lanarius.
972 5400 1259 5474 “findeest
1304 5409 1395 5460 10.
1436 5410 1525 5460 11.

182 5473 277 5508 ¹³⁴⁰
307 5471 928 5545 οφᾼιιβειηςιιὶηἱίεῄεᾼΰ.
1014 5471 1104 5506 ¹⁸⁴ί
1134 5476 1451 5545 sanguineo
1480 5481 1555 5531 9ο.
1599 5483 1686 5534 10.
1731 5471 1814 5536 11’.

183 5547 289 5601 D1.
346 5542 437 5577 1³⁸⁵
492 5540 621 5601 sinu
662 5549 713 5600 2.
772 5540 865 5576 ¹³⁴⁶
932 5544 1140 5602 crebre
1194 5540 1293 5603 D1.
1353 5546 1442 5580 ‘3"
1496 5555 1552 5604 et

820 5328 911 5364 1'“
944 5330 1331 5401 inpagedebure
1363 5335 1463 5390 D1.
1518 5332 1607 5367 133’
1640 5336 1831 5393 badiki
1860 5342 1910 5393 2.
1990 5336 2081 5369 1³³⁸
2110 5334 2270 5393 deest
2298 5338 2354 5389 2.
2427 5331 2517 5366 ¹³³⁴
2548 5332 2715 5391 deest
2736 5339 2819 5389 9°.
2850 5332 2941 5367 ¹³³⁸
2969 5334 3179 5392 deinde
3208 5340 3259 5393 2.
3327 5336 3419 5371 ³³³⁸
3449 5339 3588 5396 dan-

1638 5406 2156 5486 fmpspeueiforr.
2190 5424 2295 5486 spe
2326 5405 2561 5486 rci‘pat‘.
2650 5405 2741 5438 ¹³³⁹
2770 5406 3012 5486 chunrag

1904 5480 1993 5513 ¹³⁶²
2024 5476 2239 5535 maluit
2259 5486 2334 5531 90.
2412 5476 2502 5509 1³⁸³
2534 5478 2587 5531 h.
2623 5493 2682 5533 v.
2722 5492 2773 5533 a.
2819 5477 3149 5533 Heinricum
3183 5483 3257 5535 9°.

1591 5552 2043 5620 p.7desuntD1.
2102 5550 2190 5582 1³⁸⁸
2241 5548 2449 5620 deinde
2481 5551 2538 5602 2.
2570 5548 2659 5580 ³³⁵9
2716 5547 3083 5617 gisilbertum
3132 5550 3232 5605 D1.
3283 5553 3589 5612 interdum

2650 5404 2741 5438 ¹³⁸⁹
2770 5405 3132 5462 chunradum
3164 5410 3206 5462 D
3240 5414 3293 5465 1.
3330 5414 3577 5482 sapius.

2650 5493 2682 5533 '.
2722 5492 2773 5533 a.
2819 5477 3149 5533 Heinricum
3183 5483 3257 5535 9°.
3321 5480 3411 5514 1⁸⁵⁸
3431 5481 3593 5540 deest

3487 5497 3559 5540 988

186 5615 278 5692 {ff
307 5620 596 5692 preparati
641 5612 919 5692 D1,“:
988 5631 1185 5673 renum
1215 5620 1257 5673 D
1290 5622 1347 5673 1.
1412 5612 1630 5692 sceptris
1670 5619 1760 5655 1³³³
1816 5627 2048 5692 tamque
2099 5624 2193 5676 Di.
2240 5619 2331 5692 173V”,
2378 5620 2494 5689 jam
2546 5634 2657 5674 non
2714 5612 2812 5675 D1.
2870 5633 2979 5674 non
3038 5620 3266 5692 93,13“
3323 5639 3453 5681 sese
3507 5630 3582 5682 9c.

184 5687 275 5723 ³³⁸⁸
307 5684 527 5759 per—git
570 5684 784 5759 ἀέξω
810 5686 1134 5745 afﬂixerant
1163 5692 1238 5745 9ο.
1298 5684 1662 5747 erantafﬂixi
1714 5698 1771 5748 5.
1813 5692 1904 5727 ³³⁸⁷
1956 5684 2011 5751 i1.
2040 5708 2093 5749 r.
2144 5699 2193 5748 :5.

2248 5690 2338 5724 1³⁵⁸
2365 5694 2610 5746 xanctns
2640 5696 2689 5745 2.
2718 5696 2925 5747 zantus
2954 5695 3028 5747 90.
3056 5689 3146 5725 ¹³⁸⁹
3183 5694 3476 5754 exhortati
3509 5700 3584 5755 9°.

186 5759 277 5794 ¹⁸⁶⁰
317 5756 521 5816 hostes
555 5760 607 5815 2.
642 5756 733 5791 ‘3“
806 5760 1006 5817 saxoni
1087 5760 1131 5813 D
1161 5765 1212 5815 1..
1247 5759 1337 5797 ³³⁸³
1384 5761 1570 5818 divisa
1610 5767 1684 5819 9ο.
1744 5763 1833 5798 1³⁸³
1903 5781 1951 5823 r.
1986 5765 2041 5822 in
2081 5765 2133 5819 h.
2166 5779 2255 5820 ex.
2280 5778 2328 5820 a.
2382 5768 2439 5819 5.
2472 5761 2559 5796 1³⁸⁸
2627 5767 2717 5820 10.
2784 5767 2872 5821 11.
