3934 6436
221 370 345 438 913

1097 369 1537 439 CHRONICA.
1574 406 1648 422 --
1683 363 2159 436 CHRONICON
2202 368 2748 436 UNIVERSALE.

3512 358 3631 432 914

212 508 366 568 unde
389 505 617 568 veniret
639 513 737 568 aut
760 520 867 568 cur
886 505 1056 567 ﬂeret
1079 526 1093 566 :
1116 506 1203 569 Ab
1230 508 1391 580 istis,
1426 507 1634 580 inquit,
1661 507 1868 579 predo—
1895 504 1952 566 Α
1984 508 2396 565 Germanorum
2428 504 2672 565 victoria
2705 518 2859 578 agre
2890 507 3241 577 sustentata,
3284 507 3477 563 tamen
3507 502 3631 563 eni-

207 598 387 657 nibus
415 613 602 657 unum
625 600 1010 671 paupertatis
1036 613 1179 657 mea
1202 599 1489 657 solatium
1505 598 1665 671 quod
1683 597 1869 655 habui

209 690 483 746 ablatum
506 689 597 746 est
603 690 961 761 jumentum.
987 689 1167 757 Quem
1187 704 1316 746 cum
1337 689 1796 757 interrogarent,
1821 701 1869 771 si

211 778 601 834 Giselbcrtum
622 782 680 833 et
700 777 1097 833 Eberhardum
1125 777 1367 833 vidisset
1389 781 1489 833 aut
1512 776 1612 833 ubi
1630 778 1829 832 essent
1852 807 1864 843 ε

212 867 481 937 Cunctis,
518 866 619 936 ait,
652 880 782 923 cum
796 866 994 938 pretia
1023 865 1297 923 Rlzemtm
1324 864 1719 934 transmissis,
1752 864 1872 936 ipsi

206 957 328 1015 soli
359 970 492 1013 cum
518 956 647 1012 suis
678 955 898 1025 electis,
943 954 1104 1028 quod
1130 969 1236 1012 nec
1265 954 1402 1011 bene
1432 955 1641 1022 certat,
1677 954 1871 1010 cibum

206 1046 476 1118 capiunt.
515 1045 631 1100 Hoc
663 1043 747 1099 illi
779 1043 1106 1111 audientes,
1142 1058 1366 1101 summa
1399 1059 1527 1099 cum
1561 1043 1868 1099 celeritate

207 1149 392 1206 super
423 1148 525 1190 eos
557 1133 810 1203 irruunt,
849 1147 1095 1205 moxque
1134 1132 1507 1189 Eberhardus
1542 1131 1868 1201 occiditur;

210 1223 581 1281 Giselbertus
615 1222 667 1277 in
704 1223 982 1278 ﬂuentum
1026 1237 1176 1291 equo
1221 1221 1533 1293 prosiliens
1566 1220 1738 1277 undis
1778 1235 1868 1279 su-

213 1312 563 1381 bmergitur,
617 1325 760 1382 quas
813 1311 944 1381 quia
995 1311 1311 1366 obsorberc
1361 1325 1470 1366 non
1522 1309 1712 1381 potuit
1753 1307 1866 1381 “9’,

207 1401 399 1457 anima
417 1398 751 1468 recedente,
773 1398 1019 1465 defecit;
1046 1402 1375 1455 ceterorum
1400 1413 1539 1455 vero
1557 1396 1753 1455 nullus
1770 1411 1867 1455 au-

212 1490 385 1561 fugit,
413 1491 551 1562 quin
575 1496 674 1546 aut
700 1490 867 1546 vivus
889 1490 1200 1559 caperetur
1223 1491 1319 1543 aut
1343 1487 1536 1557 gladio
1568 1490 1866 1543 truncare-

214 1584 331 1635 tur.
376 1579 553 1650 Cujus
580 1579 663 1634 rei
698 1577 943 1634 nuncius
972 1590 1101 1633 cum
1134 1576 1255 1645 regi
1283 1576 1450 1647 juxta
1491 1575 1865 1632 consuetudi-

210 1681 341 1724 nem
366 1682 529 1723 mane
549 1668 617 1723 ad
641 1665 991 1735 acelesiam,
1018 1679 1144 1736 qua
1165 1663 1335 1735 longe
1353 1678 1383 1720 a
1402 1663 1615 1720 castris
1637 1664 1859 1735 aberat,

209 1754 477 1810 tendenti
509 1759 869 1824 occurreret,
903 1768 1037 1809 mox
1069 1752 1138 1808 de
1166 1768 1315 1824 equo
1347 1751 1667 1823 descendit,
1704 1766 1863 1809 sese-

1984 597 2114 654 tuit.
2150 597 2286 652 Nam
2310 612 2439 655 cum
2464 596 2593 655 dua
2615 593 2816 653 tercia
2846 609 3044 652 eorum
3078 595 3220 651 fusa
3247 593 3532 665 jacerent,
3565 599 3626 651 et

1982 685 2350 743 Giselbertus
2374 701 2513 743 suos
2535 685 2823 743 defecisse
2843 683 2987 740 adeo
3006 682 3117 756 1‘”,
3140 684 3509 742 adversarios
3530 699 3628 743 au-

1978 779 2095 831 tem
2128 774 2330 832 illesos
2358 774 2768 844 arbitraretur,
2796 773 2850 829 in
2874 777 3035 829 tanla
3060 773 3402 830 confusione
3428 789 3621 831 rerum

1982 864 2113 934 fuga
2148 863 2469 936 periculum
2501 864 2749 921 evadere
2780 862 3099 932 nitebatur,
3135 862 3192 917 in
3228 862 3623 935 ﬂuentumque

1979 968 2130 1024 equo
2165 953 2439 1024 prosiliit.
2476 951 2582 1020 Qui
2625 966 2755 1008 eum
2799 950 3053 1007 ﬂuminis
3098 949 3341 1022 pelagus
3385 954 3623 1008 enatare

1978 1056 2093 1100 non
2118 1045 2336 1113 posset,
2362 1041 2415 1096 vi
2440 1040 2723 1098 undarum
2749 1038 2838 1073 ι⁴⁰¹
2858 1039 3074 1110 victus,
3106 1039 3278 1111 periit
3310 1053 3624 1096 sessorem-

1977 1143 2089 1203 que
2113 1130 2417 1192 immersit.
2446 1132 2518 1188 At
2538 1130 2725 1201 Belga
2749 1128 3049 1185 interitum
3074 1128 3238 1185 ducis
3262 1128 3619 1201 ignorantes,

1976 1220 2121 1277 totis
2144 1220 2368 1278 viribus
2390 1218 2794 1290 decertabant,
2818 1221 3094 1289 tantoque
3116 1221 3363 1288 egerunt
3384 1218 3617 1289 robore,

1974 1308 2158 1367 donec
2189 1313 2325 1381 post
2353 1307 2741 1366 execrabilem
2785 1305 3381 1377 innumerabilemque
3422 1305 3621 1364 interi-

1972 1403 2116 1470 tum,
2150 1413 2347 1454 corum
2383 1398 2479 1469 qui
2513 1397 2705 1455 relicti
2741 1398 2966 1454 fuerant
2993 1395 3088 1453 alii
3113 1399 3486 1467 caperentur,
3521 1394 3619 1452 alii

1974 1487 2030 1543 in
2064 1487 2301 1544 fluvium
2342 1487 2841 1557 demergerentur.
2897 1484 3245 1543 Ludewicus
3282 1489 3474 1543 autem
3517 1498 3621 1542 rex

1974 1575 2361 1633 Giselbcrtum
2385 1575 2709 1633 extinctum
2733 1575 3123 1647 comperiens,
3150 1573 3388 1631 multam
3414 1574 3468 1631 in
3492 1573 3618 1644 ejus

1973 1680 2109 1723 casu
2152 1665 2583 1722 miserationem
2620 1664 2856 1731 habuit;
2899 1664 3314 1736 profectusque
3346 1663 3401 1719 in
3432 1662 3619 1733 Belgi-

1973 1769 2118 1823 cam,
2172 1768 2413 1811 uxorem
2459 1754 2587 1824 ejus
2633 1752 2989 1823 Gerbirgam,
3044 1751 3278 1808 Ottonis
3328 1766 3611 1823 sororem,

213 1859 348 1914 que,
383 1858 513 1899 cum
545 1842 798 1899 lacrimis
829 1844 947 1898 Deo
977 1842 1200 1912 gratias
1232 1856 1430 1912 agens,
1458 1841 1512 1896 in
1537 1841 1858 1897 orationem
1887 1862 1942 1922 Β
1972 1843 2244 1914 conjugio
2274 1842 2460 1899 duxit.
2495 1844 2612 1899 Hac
2640 1841 2965 1898 occasionis
2993 1840 3357 1911 diversitate,
3389 1856 3502 1898 uno
3529 1843 3616 1896 ta-

213 1931 409 1995 dedit;
446 1946 559 2003 qua
607 1930 860 2002 expleta,
913 1930 1122 1987 itinere
1169 1934 1363 2002 coepto
1411 1929 1482 1986 ad
1531 1929 1857 1986 acclesiam

214 2020 529 2091 pertendit.

290 2118 550 2185 (Ricnsn.
600 2117 743 2191 [236]
775 2133 834 2188 ιι,
871 2121 955 2188 17,
990 2120 1078 2187 18,
1114 2119 1226 2190 19.)
1257 2116 1438 2187 Hujus
1466 2120 1660 2172 tamen
1691 2131 1860 2174 even-

216 2210 334 2262 tum
368 2206 450 2262 rei
484 2206 736 2263 Gallicus
767 2206 864 2263 ille
895 2206 1169 2278 scriptor,
1204 2207 1372 2277 cujus
1403 2206 1673 2279 superius
1707 2221 1858 2262 men-

216 2291 430 2348 tionem
462 2292 569 2348 feci
604 2292 714 2363 13”,
750 2292 921 2351 aliter
954 2297 1171 2362 narrat,
1207 2292 1285 2348 ita
1309 2291 1398 2325 ¹³⁹⁴
1421 2291 1621 2349 dicens
1654 2310 1666 2346 :
1705 2315 1727 2340 α
1754 2292 1858 2349 Lu-

213 2380 601 2452 dewicus‘m,
621 2382 812 2438 Karoli
839 2381 1014 2452 filius,
1036 2381 1131 2452 qui
1158 2380 1228 2437 de
1247 2381 1657 2438 transmarinis
1684 2380 1857 2450 parti-

215 2470 325 2526 bus
349 2475 658 2526 revocatus
686 2475 825 2526 tunc
857 2468 1121 2539 regnavit
1146 2469 1201 2524 in
1226 2469 1425 2539 Gallia,
1458 2484 1585 2525 cum
1618 2471 1854 2538 Hugone

213 2557 506 2628 Cisalpine
539 2558 800 2629 principe
830 2557 888 2612 in
920 2571 1066 2629 pago
1099 2556 1327 2613 Alsacio
1366 2555 1573 2627 Belgas
1605 2556 1855 2612 exterio-

212 2661 324 2713 res,
354 2646 448 2717 qui
475 2647 546 2702 ad
571 2661 629 2702 se
653 2646 906 2703 nondum
937 2651 1236 2715 venerant,
1271 2646 1650 2717 assciscebat,
1676 2652 1734 2701 et
1756 2646 1851 2717 qui

211 2733 445 2790 Ottonis
463 2734 728 2805 partibus
748 2734 1010 2790 favebant
1034 2733 1186 2789 ultra
1209 2733 1467 2790 Rhenum
1488 2734 1686 2805 fugere
1703 2749 1855 2792 com-

212 2822 487 2894 pellebat.
543 2824 919 2879 Presenserat
969 2822 1180 2878 etenim
1222 2821 1333 2893 1”“,
1382 2823 1653 2879 Ottonem
1705 2823 1853 2880 velle

213 2913 502 2982 Belgicam
527 2914 581 2971 in
606 2929 772 2971 suum
798 2914 896 2984 jus
926 2914 1368 2982 transfundere;
1401 2917 1553 2973 unde
1575 2921 1634 2972 et
1655 2919 1856 2975 trucu-

213 3001 430 3057 lentius
454 3006 659 3058 contra
682 3002 843 3059 illum
868 3003 1116 3075 agitans,
1144 3004 1493 3074 quicumque
1516 3004 1675 3061 illius
1698 3005 1855 3061 vide-

216 3090 427 3145 bantur
445 3104 473 3144 a
497 3090 723 3159 Belgica
747 3092 1104 3161 exturbavit,
1131 3091 1227 3162 qui
1247 3107 1385 3148 vero
1406 3092 1513 3149 sibi
1531 3094 1854 3150 consentie-

212 3177 371 3276 bant,
395 3178 635 3276 consilio
654 3179 1153 3278 Giselbertiducis
1175 3178 1420 3250 Belgica
1439 3188 1494 3237 et
1516 3181 1851 3240 Theoderici
1884 3218 1934 3282 Ο

210 3266 463 3337 comitis,
514 3272 881 3324 sacramento
931 3268 1041 3324 sibi
1093 3269 1477 3339 astringebat.
1529 3269 1666 3327 Otto
1713 3285 1851 3329 vero

208 3354 416 3427 Belgas
466 3358 831 3429 comperiens
876 3371 905 3412 a
945 3371 1009 3413 se
1050 3356 1333 3414 defecisse
1373 3361 1433 3414 et
1481 3359 1550 3414 ad
1592 3360 1855 3417 Ludewi-

210 3460 342 3501 cum
372 3443 462 3478 “’7
499 3446 873 3516 confluxisse,
912 3446 1111 3501 Rheno
1154 3447 1518 3519 transmisso,
1566 3447 1851 3519 Belgicam

209 3548 341 3590 cum
374 3533 639 3591 exercitu
670 3534 1015 3605 ingreditur,
1058 3534 1300 3605 ejusque
1333 3534 1458 3591 loca
1492 3534 1740 3607 plurima
1774 3538 1854 3594 in-

208 3621 434 3678 cendiis
463 3636 531 3678 ac
561 3622 781 3694 ingenti
809 3622 987 3694 preda
1021 3623 1307 3680 devastat.
1342 3624 1649 3682 Nitebatur
1676 3627 1847 3699 enim,

209 3710 325 3766 acsi
344 3724 418 3766 ex
434 3708 525 3744 ¹³⁹⁸
544 3715 783 3782 paterna
808 3710 1126 3766 traditione
1150 3713 1420 3784 princeps
1441 3712 1560 3769 ﬁeri
1584 3714 1846 3785 Belgica.

206 3798 267 3853 Id
296 3812 434 3855 vero
455 3802 659 3854 contra
686 3798 782 3869 jus
812 3813 983 3868 agere
1005 3799 1527 3871 calumpniabatur,
1563 3816 1694 3859 cum
1726 3803 1853 3874 ejus

211 3891 377 3958 pater
425 3890 667 3959 prOpter
716 3887 1049 3944 Selavorum
1099 3887 1533 3947 infestationem
1588 3892 1851 3950 Saxonia

208 3978 453 4047 tantum,
471 3990 598 4048 qua
616 3980 707 4031 est
726 3990 862 4047 pars
882 3977 1219 4048 Germania,
1242 3977 1360 4033 dux
1376 3980 1735 4038 constitutus
1751 3981 1849 4053 sit,

207 4078 275 4120 eo
301 4063 453 4134 quod
478 4063 744 4133 Karolus,
766 4063 1060 4120 Ludewici
1085 4070 1270 4136 pater,
1292 4066 1384 4122 cui
1414 4082 1602 4124 rerum
1627 4083 1850 4125 summa

206 4150 552 4219 debebatur,
572 4152 711 4205 tunc
735 4149 921 4205 adhuc
946 4150 1001 4204 in
1026 4151 1192 4206 cunis
1216 4151 1468 4224 vagiret,
1487 4152 1720 4209 Multam
1747 4154 1854 4211 ita-

204 4253 314 4311 que
362 4237 599 4311 predam
634 4238 771 4293 Otto
803 4236 1121 4309 abducens,
1174 4240 1435 4295 Rhenum
1483 4241 1740 4297 transiit.
1777 4244 1851 4300 At

209 4326 576 4391 Giselbertus
608 4325 722 4382 dux
756 4325 1061 4383 dedecoris
1085 4325 1351 4397 injuriam
1376 4327 1560 4385 ultum
1584 4329 1667 4386 ire
1693 4331 1851 4387 festi-

205 4430 371 4482 nans,
388 4414 638 4471 collecto
655 4414 939 4483 exercitu,
961 4419 1094 4486 post
1116 4416 1339 4472 hostem
1360 4416 1669 4489 accelerat,
1694 4424 1849 4475 tran-

206 4504 475 4576 siensque
499 4505 780 4575 Rhenum,
804 4507 1017 4559 terram
1042 4504 1197 4559 illam
1221 4504 1345 4561 solo
1371 4510 1538 4563 tenus
1562 4506 1844 4565 incendiis

206 4574 539 4666 ingentibus
567 4574 781 4664 vastat,
816 4599 1210 4650 armentorum
1237 4595 1413 4650 etiam
1442 4596 1845 4670 pecudumque
1875 4574 1927 4634 D

205 4684 441 4757 predam
464 4683 691 4739 nimiam
712 4682 1010 4740 exercitus
1029 4688 1343 4753 congregat
1365 4689 1424 4740 et
1442 4685 1697 4742 abducit.
1722 4688 1845 4743 Jam

205 4789 343 4831 vero
376 4775 586 4829 flumen
619 4771 845 4842 ingredi
880 4771 1181 4842 parabant,
1216 4776 1273 4827 et
1312 4786 1450 4829 ecce
1483 4774 1620 4829 Otto
1654 4773 1744 4808 ¹³⁰⁹
1774 4790 1847 4833 ex.

206 4869 327 4922 tota
341 4863 585 4920 Saxonia
600 4862 876 4919 collectas
893 4862 1092 4932 COpias
1110 4862 1577 4921 aceelcrantibus
1598 4864 1842 4923 induxit.

208 4953 394 5024 Belgae
418 4953 614 5023 itaque
631 4966 759 5008 cum
781 4950 927 5007 duce
946 4965 1053 5007 suo
1072 4950 1473 5008 indubitanter
1499 4953 1841 5027 renitentes,

204 5056 334 5100 cum
367 5041 667 5099 Germanis
690 5055 861 5096 secus
888 5039 1094 5097 ﬂumen
1123 5040 1306 5110 signis
1338 5040 1566 5099 infestis
1596 5041 1846 5114 ingrcssi

207 5134 362 5201 sunt,
386 5136 449 5187 et
468 5146 540 5186 ex
566 5133 813 5199 utraque
841 5133 1008 5200 parte
1041 5128 1202 5186 multi
1235 5130 1573 5187 funduntur.
1609 5131 1730 5198 Qua
1754 5132 1846 5189 die

1972 1946 2101 1987 men
2133 1931 2294 1988 exitii
2326 1930 2418 1965 ¹⁴⁰²
2448 1931 2579 2001 fine,
2622 1946 2819 1986 necem
2855 1930 3020 1986 ducis
3051 1933 3298 2001 uterque
3341 1930 3610 2002 scriptor

1971 2018 2227 2077 Gallicus
2265 2019 2493 2077 scilicet
2529 2024 2585 2075 et
2626 2019 2964 2088 Saxonicus,
2997 2019 3292 2085 testatur;
3327 2032 3504 2090 penes
3536 2018 3616 2075 le-

1969 2112 2191 2165 ctorem
2224 2124 2362 2165 vero
2393 2109 2526 2179 erit,
2560 2108 2652 2165 cui
2688 2108 2866 2178 magis
2897 2107 3197 2165 credatur.

2041 2206 2295 2276 (LIUDPR.
2328 2222 2403 2275 ιν,
2439 2209 2524 2275 30,
2560 2209 2648 2276 31,
2690 2209 2777 2270 32,
2814 2206 2926 2277 33.)
2968 2205 3084 2262 Hoc
3126 2205 3181 2261 in
3221 2203 3312 2239 ¹⁴⁰³
3348 2211 3613 2279 tempore

1969 2293 2318 2350 Bertholdus
2343 2292 2432 2326 ¹⁴⁰⁴
2458 2293 2845 2363 Bajoariorum
2880 2297 3015 2363 dux,
3053 2292 3272 2350 Arnolfi
3306 2293 3474 2350 ducis
3502 2293 3613 2349 fra-

1969 2387 2076 2453 ter,
2100 2382 2190 2438 vir
2206 2386 2504 2453 strenuus,
2527 2385 2653 2439 toto
2677 2382 2978 2439 conamine
3003 2370 3233 2439 favebat
3255 2383 3409 2455 regis
3434 2385 3612 2456 parti-

1967 2472 2092 2528 bus.
2111 2471 2322 2528 Volens
2342 2471 2537 2541 itaque
2558 2485 2678 2541 rex,
2695 2474 2756 2527 ut
2780 2471 3259 2542 quemadmodum
3279 2471 3611 2530 tribulatio-

1966 2563 2056 2618 nis
2088 2561 2407 2633 preterita,
2442 2560 2519 2616 ita
2550 2563 2607 2615 et
2641 2560 2869 2618 laticia
2912 2560 3202 2632 presentis
3232 2560 3397 2619 fieret
3430 2562 3611 2635 parti-

1965 2664 2125 2721 ceps,
2145 2648 2412 2721 sequenti
2435 2647 2633 2705 statim
2653 2648 2745 2705 die
2767 2654 2829 2705 ut
2847 2649 2917 2704 de
2937 2654 3124 2705 morte
3144 2648 3610 2708 adversariorum

1965 2736 2206 2808 audivit,
2249 2739 2463 2808 quanta
2503 2750 2640 2806 erga
2681 2750 2740 2792 se
2780 2736 3058 2794 Dominus
3099 2737 3325 2809 fecerit,
3367 2737 3611 2797 directis

1965 2826 2191 2884 nunciis
2233 2825 2283 2881 ei
2325 2825 2588 2898 aperuit;
2620 2828 2681 2881 et
2719 2825 2986 2896 quoniam
3024 2826 3315 2897 conjugali
3357 2828 3608 2885 conubio

1964 2915 2547 2985 minimetenebatur,
2573 2913 2627 2970 in
2652 2917 3021 2985 augmentum
3047 2913 3277 2973 laticia
3302 2916 3611 2974 demanda-

1966 3005 2043 3061 vit
2065 3004 2545 3075 sub'juramento,
2563 3007 2626 3059 ut
2641 3002 2687 3058 si
2705 3016 2963 3059 sororem
2984 3018 3165 3076 suam,
3184 3004 3407 3062 scilicet
3425 3004 3609 3062 Gisel-

1965 3093 2116 3150 berti
2147 3093 2401 3162 viduam,
2450 3094 2647 3164 posset
2680 3090 2915 3162 habere,
2941 3105 3065 3147 eam
3092 3091 3361 3163 conjugio
3383 3092 3491 3150 sibi
3516 3092 3609 3127 “°'

1963 3182 2285 3254 c0pularet,
2332 3181 2380 3237 si
2423 3194 2563 3237 vero
2610 3182 2718 3238 hoc
2768 3179 2957 3236 minus
3006 3180 3377 3253 procederet,
3432 3181 3604 3238 tiliam

1964 3273 2147 3347 ipsius
2159 3271 2467 3331 Giselberti
2487 3286 2556 3329 ex
2576 3271 2775 3328 eadem
2798 3286 3003 3328 sorore
3021 3286 3123 3329 sua
3141 3273 3417 3344 genitam,
3436 3287 3605 3345 quam

1964 3377 2140 3434 penes
2161 3376 2223 3419 se
2245 3361 2516 3431 habebat,
2548 3360 2664 3415 fere
2688 3360 2801 3431 jam
2828 3358 3102 3430 nubilem,
3128 3360 3179 3416 ei
3199 3360 3470 3432 jungeret
3494 3359 3604 3417 ¹⁴⁰⁶.

1963 3449 2086 3515 Quo
2110 3448 2331 3518 audito,
2356 3446 2812 3504 Bertholdus“07
2832 3447 3108 3504 immenso
3125 3450 3217 3504 est
3238 3447 3451 3518 gaudio
3475 3447 3610 3506 affe-

1962 3543 2111 3611 ctus,
2128 3539 2423 3610 elegitque
2442 3537 2695 3595 nondum
2717 3537 2968 3594 nubilem
2992 3538 3188 3609 potius
3207 3537 3383 3595 filiam
3402 3552 3605 3612 exspe-

1959 3634 2141 3698 ctare,
2170 3641 2339 3698 quam
2364 3631 2626 3694 matrem,
2654 3641 2780 3697 qua
2798 3626 2913 3696 jam
2938 3629 3237 3698 nupserat,
3268 3625 3495 3685 tollere.

2036 3715 2365 3773 Fridericus
2407 3716 2586 3786 igitur
2625 3714 3122 3786 archiepiscopus,
3169 3718 3232 3772 ut
3269 3714 3603 3788 infidelitas,

1962 3819 2132 3878 quam
2156 3803 2387 3862 occulte
2409 3805 2700 3875 gestabat,
2735 3803 2966 3860 cunctis
2989 3806 3239 3875 pateret,
3265 3804 3467 3861 decem
3490 3804 3610 3863 die-

1962 3895 2070 3951 bus
2100 3900 2235 3951 ante
2277 3908 2477 3949 necem
2511 3892 3047 3964 prenominatorum
3077 3891 3353 3950 discessit
3383 3908 3413 3950 a
3447 3908 3604 3966 rege,

1960 3982 2424 4054 Mogontiamque
2445 3981 2714 4039 concitus
2736 3981 2973 4038 veniens
2994 3979 3103 4053 ¹⁴⁰⁸,
3125 3981 3206 4038 nil
3225 3981 3304 4038 ibi
3325 3987 3605 4056 moratus,

1960 4072 2269 4127 Metensem
2295 4070 2495 4128 urbem
2520 4069 2692 4137 adiit;
2715 4069 3088 4141 disposuerat
3110 4069 3261 4126 enim
3279 4071 3605 4144 Heinricus,

1961 4161 2142 4214 frater
2172 4158 2347 4228 regis,
2382 4157 2767 4214 redeuntibus
2791 4155 3128 4214 Eberhardo
3159 4162 3218 4213 et
3253 4158 3601 4231 Giselberto,

1958 4261 2088 4303 cum
2131 4246 2335 4301 eodem
2380 4245 2672 4301 Friderico
2702 4245 2834 4300 istic
2863 4245 3185 4302 exercitum
3223 4260 3601 4322 congregare,

1959 4335 2156 4406 sicque
2206 4333 2325 4404 regi
2360 4334 2415 4388 in
2446 4332 2673 4388 Alsacia
2722 4334 2975 4390 manenti
3028 4333 3242 4391 bellum
3293 4336 3602 4394 maximum

1961 4437 2293 4497 prepararc.
2330 4422 2583 4492 Cumque
2606 4420 2706 4477 illo
2734 4422 2999 4478 tenderet
3030 4422 3181 4480 idem
3212 4425 3602 4498 archiepisco-

1959 4529 2084 4586 pus,
2108 4513 2401 4584 insperate
2423 4514 2800 4567 occurrentes
2825 4511 2875 4566 ei
2900 4511 3091 4567 nuncii
3117 4516 3361 4570 mortem
3378 4514 3493 4585 jam
3516 4530 3607 4573 se-

1959 4603 2089 4675 pius
2120 4599 2547 4657 nominatorum
2570 4599 2623 4653 ei
2650 4597 3075 4657 indicaverunt.
3102 4598 3227 4667 Quo
3250 4603 3451 4659 audito
3471 4619 3604 4662 con-

1957 4693 2255 4748 sternatus
2277 4687 2487 4757 animo,
2510 4686 2645 4757 quid
2671 4692 2871 4756 ageret
2896 4688 3219 4758 ignorabat.
3246 4691 3475 4748 Interea
3500 4707 3603 4748 rex

1957 4778 2242 4836 Alsaciam
2303 4776 2600 4846 deserens,
2665 4774 2963 4831 Franciam
3020 4778 3366 4850 occupabat.
3422 4779 3598 4851 Cujus

1956 4872 2111 4925 metu
2153 4865 2456 4937 Mogontia
2488 4864 2647 4921 cives
2678 4863 3003 4936 perterriti,
3038 4865 3377 4923 redeuntem
3411 4866 3601 4925 archi-

1955 4956 2291 5029 episcopum
2315 4952 2467 5011 intra
2493 4952 2654 5010 urbis
2678 4954 2883 5008 moenia
2915 4968 3023 5010 non
3055 4954 3403 5029 suscipiunt.
3437 4956 3600 5014 Unde

1958 5046 2171 5104 factum
2196 5048 2306 5116 est,
2334 5047 2396 5099 ut
2422 5057 2533 5100 non
2559 5042 2742 5099 multo
2766 5047 2952 5114 posta
2975 5043 3223 5115 quodam
3254 5045 3410 5115 regis
3441 5042 3600 5102 fideli

1955 5138 2164 5206 captus
2211 5134 2268 5190 et
2312 5131 2364 5186 in
2409 5130 2497 5188 sui
2540 5130 2891 5203 presentiam
2943 5131 3176 5205 ductus,
3224 5130 3599 5191 custodia'in

1559 5220 1793 5278 VARIE
1834 5222 2235 5281 LECTIONES.

278 5274 367 5339 is»
401 5308 629 5378 pompa;
679 5309 729 5378 δἴ
828 5303 917 5378 ξ³⁹³
951 5304 1194 5363 fecimus
1234 5310 1309 5362 9°.

1415 5306 1504 5341 13"
1535 5309 1698 5366 deest
1740 5315 1823 5368 10.
1874 5317 1961 5367 11.

2068 5308 2165 5382 1???
2189 5308 2555 5382 luodevvicus
2588 5311 2644 5382 5_.
2730 5296 3025 5382 "Wien‘im
3072 5313 3123 5382 δ.
3156 5298 3420 5382 ’ριξεβθηε
3451 5304 3601 5368 enim

205 5374 421 5449 erat};
488 5375 577 5449 ιθξτ
601 5375 983 5445 luodewigum
1008 5380 1059 5430 5.
1083 5378 1142 5433 et
1158 5378 1506 5449 itarscepius.
1583 5378 1675 5412 1398
1703 5381 1927 5439 deestD
1951 5388 2002 5439 1.
2083 5380 2173 5414 “9°
2202 5384 2337 5437 ext.
2367 5380 2420 5434 S.
2449 5380 2586 5434 Otto
2613 5379 2720 5432 D1.
2801 5374 2893 5412 “0°
2920 5379 3082 5437 deest
3098 5383 3149 5435 2.
3176 5374 3191 5382 ’
3228 5380 3318 5414 ¹⁴⁰¹
3349 5382 3405 5437 in
3448 5382 3601 5439 unda

205 5454 256 5504 2.
337 5446 426 5480 ¹⁴⁰²
456 5446 619 5503 exitu
649 5451 699 5501 2.
735 5448 808 5501 9°.
848 5451 931 5502 10.
964 5449 1007 5502 D
1039 5451 1089 5503 1.
1168 5446 1258 5481 ¹⁴⁰³
1286 5446 1449 5507 deest
1470 5454 1522 5505 2.
1602 5450 1691 5484 ¹⁴⁰⁴
1730 5451 2078 5510 bertholdus
2119 5454 2162 5507 ι)
2192 5459 2242 5508 1.
2280 5456 2363 5507 10.
2402 5454 2458 5507 11
2498 5449 2881 5506 berchtoldus
2939 5455 2989 5506 5.
3033 5450 3338 5509 bertoldus
3415 5455 3465 5509 4.
3518 5457 3596 5509 9°.

206 5518 296 5553 υοδ
328 5518 413 5574 illi
445 5522 495 5573 5.
529 5522 607 5574 9°.
645 5522 727 5587 10.
765 5522 852 5573 11.
885 5517 940 5573 h.
980 5532 1035 5573 Cl
1073 5533 1124 5576 c.
1168 5534 1297 5592 cop.
1334 5525 1385 5577 4.
1463 5521 1555 5555 “0°
1582 5522 1959 5595 conjungeret
1997 5528 2045 5579 5.
2129 5523 2215 5556 ίεοτ
2255 5521 2600 5579 bertboldus
2637 5524 2688 5575 2.
2720 5523 2762 5575 D
2799 5526 2846 5577 1.
2879 5520 2937 5578 et
2963 5522 3163 5597 infra.
3230 5522 3323 5557 ¹⁸⁰⁸
3353 5523 3514 5583 deest
3541 5533 3594 5581 2.

274 5696 420 5769 (236)
456 5695 536 5751 Cf.
573 5708 701 5767 qua
733 5693 790 5753 in
820 5695 980 5754 notis
1006 5695 1237 5754 Richeri
1268 5697 1512 5759 editioni
1544 5716 1615 5756 cx
1645 5612 2233 5759 Ekkgigfﬁaddita
2267 5703 2402 5758 sunt
2437 5695 2742 5755 lectiones.
