3934 6432
329 378 445 443 915

1501 373 1841 435 EKKEHA
1851 371 1987 435 RDI
2031 326 2587 443 URAUGIENSIS

3626 376 3751 443 916

329 514 633 572 Saxoniam
665 513 742 573 sit
775 511 1048 571 traditus.
1081 512 1140 568 In
1174 524 1284 583 qua
1319 526 1499 584 parvo
1532 514 1793 583 tempore
1827 524 1980 569 com-
2010 507 2065 568 A
2097 511 2208 569 ctis
2248 510 2338 547 1‘“
2378 512 2766 587 monasteriis,
2814 525 2993 585 grave
3044 526 3191 571 onus
3238 511 3609 573 sacerdotum
3654 514 3749 551 ¹⁴¹⁷

330 608 610 675 moratus,
638 604 1010 661 miseratione
1036 602 1211 672 regis,
1237 606 1295 660 ut
1316 606 1443 658 erat
1466 600 1975 673 clementissimus,

325 694 591 767 pristinae
625 692 898 763 dignitati
928 696 1018 749 est
1051 692 1381 750 restitutus.

397 783 703 840 Heinricus
727 788 919 839 autem
942 782 1142 837 fratris
1162 782 1371 837 timore
1392 780 1746 853 compulsus,
1770 781 1980 839 castel-

328 869 445 928 lum
479 870 869 938 Kievermont,
911 886 1020 925 non
1054 870 1242 927 solum
1276 870 1523 939 ingeniis
1557 870 1852 926 hominum
1885 884 1980 924 ve-

327 974 452 1016 rum
477 959 567 991 ¹⁴⁰⁹
590 960 765 1014 etiam
796 964 1003 1015 natura
1034 959 1157 1029 ipsa
1192 959 1473 1015 munitum
1508 958 1731 1027 ingredi
1763 959 1977 1025 voluit;

326 1047 428 1103 sed
452 1063 618 1104 soror
641 1047 787 1117 ejus,
817 1047 990 1104 vidua
1020 1048 1355 1116 Giselberti,
1390 1064 1519 1103 eum
1554 1049 1867 1119 prohibuit,
1899 1049 1978 1105 di-

323 1150 459 1195 cens
481 1136 550 1192 ad
568 1151 698 1193 eum
725 1156 736 1190 :
760 1138 891 1194 Non.
911 1139 963 1194 te
978 1138 1359 1195 miserim-mn
1378 1152 1664 1198 mearum,
1683 1152 1979 1208 qaasper-

324 1227 508 1297 empto
538 1226 756 1283 marito
781 1240 903 1281 meo
920 1227 1240 1297 perpetior,
1254 1227 1442 1298 piget,
1470 1227 1619 1298 quin
1644 1228 1825 1283 etiam.
1853 1242 1979 1285 ma-

320 1315 654 1373 m'tiom'bus
704 1316 854 1374 meis
884 1317 939 1372 te
968 1316 1341 1383 include-mlo,
1388 1317 1552 1387 regis
1595 1316 1755 1373 iram
1801 1332 1980 1387 super

324 1402 480 1462 hanc
503 1408 805 1475 regionem
825 1405 989 1461 celat
1006 1420 1230 1475 aquam.
1258 1404 1535 1476 cur/"mulas
1558 1404 1685 1461 “1°?
1716 1407 1847 1460 Non
1867 1420 1979 1475 pa-

325 1492 481 1560 tiar;
507 1509 611 1551 nec
634 1494 789 1550 enim
814 1494 985 1551 tanta
1011 1494 1279 1552 tecm-(Iit:
1306 1494 1490 1551 miclzz’
1514 1495 1633 1551 erit
1653 1495 1886 1563 inuata,
1911 1495 1984 1551 at

322 1596 397 1639 ea:
423 1584 571 1639 meis
602 1584 986 1640 iacemmodis
1020 1584 1123 1639 tua
1163 1597 1462 1654 compares
1503 1584 1820 1639 commoda.
1876 1584 1977 1639 llis

324 1671 562 1741 auditis,
612 1672 890 1729 Henricus
928 1672 1227 1727 Lotharios
1260 1672 1521 1727 deseruit
1554 1677 1610 1727 et
1647 1672 1700 1726 in
1736 1687 1983 1741 regnum"

325 1759 617 1816 Ludewici
671 1762 937 1818 secessit.
995 1764 1161 1823 (Win.
1209 1778 1267 1831 η,
1312 1765 1426 1833 26.)
1478 1761 1728 1817 Pretecit
1782 1767 1974 1818 autem

2096 595 2453 660 devitabant.
2482 605 2734 661 Fuerunt
2764 602 2961 675 plures
2981 603 3076 673 qui
3099 617 3385 660 summum
3412 606 3743 677 pontiﬁcem

2094 692 2449 750 Fridericum
2484 694 2587 750 hoc
2622 709 2730 767 non
2765 708 2907 765 pure
2937 691 3027 726 “1’
3059 692 3163 749 sed
3194 694 3436 751 subdole
3470 695 3738 753 effecisse

2092 781 2362 838 arbitrati
2406 788 2561 852 sunt,
2613 783 2890 854 quatinus
2930 783 3118 840 virum
3158 784 3549 841 venerabilem
3593 786 3742 855 regi-

2093 884 2203 939 que
2238 868 2327 903 ¹⁴¹⁹
2359 871 2607 941 ﬁdelem,
2643 872 3023 926 llademaruin
3067 871 3336 926 abbatem
3372 870 3735 942 Fuldensem,

2092 958 2138 1015 si
2165 974 2277 1029 quo
2304 961 2470 1016 modo
2502 966 2718 1031 posset,
2758 959 3189 1015 dehonestaret.
3230 961 3359 1030 Ipse
3381 961 3529 1017 enim
3555 963 3736 1019 abbas

2090 1048 2180 1105 vir
2211 1055 2337 1105 erat
2372 1065 2591 1119 magna)
2625 1050 2947 1120 prudentiae
2980 1054 3034 1104 et
3068 1049 3397 1119 industria},
3434 1052 3541 1107 sub
3572 1052 3741 1122 cujus

2094 1141 2454 1209 temporibus
2498 1139 2782 1194 Fuldense
2835 1138 3112 1209 templum
3160 1138 3439 1196 famosum
3480 1145 3569 1196 est
3611 1143 3743 1211 igne

2090 1235 2520 1299 consumpturi),
2555 1228 2754 1283 sede!)
2777 1242 2844 1283 eo
2872 1228 2925 1282 in
2954 1227 3602 1286 meliusrestauratum.
3638 1232 3741 1286 llic

2089 1318 2335 1372 eundem
2371 1318 2697 1389 pontificem
2738 1316 2990 1372 secunda
3035 1317 3437 1387 coniuratione
3480 1319 3743 1390 culpabi-

2092 1404 2199 1460 lem
2238 1408 2341 1460 sub
2375 1406 2645 1461 custodia
2686 1406 2896 1473 tenuit,
2945 1405 3188 1476 primum
3235 1406 3463 1476 quidem
3510 1408 3738 1465 honori-

2091 1495 2216 1555 ﬁce.
2247 1497 2345 1550 sed
2372 1511 2501 1549 cum
2528 1495 2758 1550 litteras
2779 1495 2848 1550 ab
2869 1510 2936 1550 eo
2960 1493 3212 1565 scriptas
3237 1496 3732 1567 reprehendisset,

2091 1584 2231 1639 satis
2256 1600 2471 1640 severe.
2509 1586 2775 1639 Pontifex
2800 1600 2935 1640 vero
2960 1584 3251 1650 dimissus,
3289 1584 3421 1639 dum
3456 1586 3733 1642 ultionem

2092 1679 2361 1743 qut-reret
2399 1688 2503 1729 nec
2535 1677 2737 1729 contra
2775 1678 2995 1729 tantum
3031 1672 3215 1728 virum
3249 1674 3598 1744 prevaleret,
3634 1674 3739 1731 bu-

2092 1762 2329 1817 millima
2359 1763 2705 1819 monasteria
2731 1762 2941 1819 statuit
2965 1767 3278 1833 temptare,
3307 1762 3354 1819 si
3383 1764 3529 1819 forte
3553 1764 3621 1819 ad
3646 1764 3739 1798 ί⁴²⁰

324 1863 423 1906 rex
457 1849 680 1919 regioni
712 1850 1118 1906 Lothariorum
1145 1851 1434 1921 Ottonem,
1464 1850 1641 1907 ﬁlium
1665 1850 1969 1921 Richwini,
2006 1873 2059 1933 B
2092 1852 2581 1907 excellentisaima
2634 1855 2831 1923 posset
2879 1851 3187 1922 aequaliter
3233 1851 3569 1923 procedere.
3625 1854 3734 1910 Sed

324 1942 383 1993 ut
418 1941 474 1994 et
510 1954 751 2009 regnum
790 1945 1131 2011 procuraret
1163 1944 1221 1993 et
1255 1945 1523 2012 nepotem
1566 1956 1753 2010 suum,
1796 1939 1976 1997 Gisel-

325 2026 476 2084 berti
517 2028 718 2097 ﬁlium,
766 2030 929 2085 bonze
964 2029 1087 2099 spei
1126 2030 1450 2100 puerulum,
1489 2031 1718 2085 nomine
1753 2031 1976 2087 lleiuri-

322 2131 475 2187 cum,
525 2117 799 2174 nutriret.
856 2118 1111 2185 (Liunrn.
1148 2134 1219 2187 iv,
1253 2122 1365 2191 34.)
1417 2120 1723 2175 lleinricus
1758 2125 1969 2191 autem,

325 2205 506 2260 frater
564 2206 739 2275 regis,
791 2207 925 2263 dum
978 2206 1135 2263 aliud
1186 2208 1320 2277 quid
1374 2210 1588 2264 faceret
1652 2211 1970 2280 ignoraret,

324 2295 641 2366 assumptis
694 2310 888 2352 secum
950 2298 1299 2368 quibusdam
1359 2298 1670 2370 episcopis,
1727 2315 1974 2370 quorum

319 2384 624 2453 juvaretur
661 2386 899 2455 auxilio,
953 2386 1201 2456 quadam
1255 2387 1347 2444 die
1399 2388 1569 2445 nudis
1624 2387 1869 2461 pedibus
1903 2389 1973 2446 ad

320 2473 500 2544 pedes
542 2474 717 2544 regis,
764 2476 891 2547 ipso
927 2476 1249 2545 ignorante,
1286 2478 1573 2547 pervenit,
1611 2478 1973 2548 supplexque

321 2561 780 2620 misericordiam
816 2564 1171 2635 imploravit.
1220 2565 1320 2620 Cui
1356 2581 1453 2620 rex
1488 2566 1564 2621 ait
1602 2585 1612 2622 :
1646 2567 1975 2637 Indignum

308 2652 562 2725 facinus
594 2653 759 2708 tuam
789 2656 1021 2712 eezziam
1047 2669 1161 2709 non.
1182 2655 1455 2725 merelur,
1488 2670 1689 2711 rerum
1717 2656 1865 2725 quia
1890 2659 1975 2712 ci-

319 2742 422 2797 deo
447 2742 500 2797 te
522 2740 610 2774 “11
634 2742 1017 2799 humi/ialm):
1045 2758 1243 2799 coram
1268 2758 1376 2812 me,
1406 2760 1515 2799 non
1543 2746 1822 2801 inducam
1852 2761 1975 2801 ma-

321 2829 438 2885 lum
462 2846 639 2901 sapor
661 2832 730 2886 te.
766 2834 949 2886 Jussit
989 2832 1185 2901 itaque
1212 2848 1310 2887 rex
1334 2848 1463 2887 eum
1490 2834 1556 2888 ad
1586 2834 1863 2904 palatium
1889 2838 1975 2891 ln-

318 2918 643 2988 gelenhcim
670 2921 962 2991 proﬁcisci
989 2920 1332 2991 sollertique
1352 2936 1491 2975 cura
1511 2938 1638 2977 eum
1664 2924 1969 2989 custodiri,

322 3006 511 3078 quoad
537 3015 757 3063 remota
783 3008 1079 3078 paululum
1102 3008 1190 3040 “1’
1211 3010 1421 3063 mentis
1442 3012 1808 3078 (egritudine,
1835 3014 1969 3081 quid

321 3110 496 3166 super
546 3111 615 3152 eo
668 3097 907 3167 faceret,
960 3098 1204 3152 consilio
1267 3098 1616 3169 prudentum
1677 3100 1967 3158 deﬁniret.

321 3182 490 3253 (Win.
524 3200 581 3256 ll,
626 3189 711 3257 29,
756 3190 842 3255 36,
887 3190 954 3242 37
995 3202 1078 3257 sq.
1125 3192 1212 3257 35,
1257 3192 1370 3258 33.)
1422 3190 1559 3243 Post
1610 3190 1730 3245 haec
1780 3190 1968 3246 vicina

320 3274 427 3331 sibi
453 3290 683 3347 semper
714 3276 1020 3333 clementia
1052 3275 1372 3346 aliquantis
1404 3278 1649 3335 urbibus
1675 3279 1833 3336 illius
1856 3281 1973 3336 usi-

321 3364 427 3419 bus
446 3365 768 3433 concessis,
793 3367 1052 3437 permisit
1075 3382 1203 3421 eum
1230 3367 1282 3420 in
1307 3368 1711 3425 Lothariorum
1736 3370 1970 3434 regione

320 3450 611 3510 habitare.
670 3455 886 3511 Deinde
930 3456 984 3510 iu
1031 3472 1307 3527 processu
1356 3458 1644 3527 temporis
1698 3458 1971 3513 defuncto

322 3541 465 3598 duce
506 3545 903 3615 Bajoariorum
939 3544 1026 3580 “‘3
1061 3545 1399 3612 Berhtoldo,
1448 3547 1668 3601 monitu
1703 3552 1759 3601 et
1797 3547 1972 3601 inter-

317 3632 584 3689 cessione
633 3640 851 3690 sanctm
902 3634 1103 3690 matris
1150 3649 1270 3689 suae
1318 3635 1564 3704 prefecit
1612 3652 1741 3691 eum
1793 3650 1970 3704 regno

318 3721 525 3791 eidem,
581 3723 801 3778 faciens
846 3738 974 3777 cum
1025 3736 1093 3776 eo
1145 3722 1519 3777 concordiam
1552 3727 1607 3777 et
1642 3738 1859 3792 pacem,
1913 3724 1969 3778 in

320 3824 430 3880 qua
462 3811 636 3865 etiam
670 3809 921 3865 ﬁdeliter
955 3810 1273 3879 permansit
1303 3810 1355 3863 in
1390 3810 1577 3865 ﬁnem.
1616 3813 1750 3866 Erat
1778 3817 1966 3866 autem

319 3899 445 3972 ipse
496 3898 797 3954 Heiuricus
847 3897 1160 3968 copulatus
1213 3899 1579 3953 matrimonio
1620 3900 1752 3954 ﬁlim
1804 3900 1970 3955 ducis

318 3986 556 4057 Arnolﬁ,
601 3986 825 4043 feminae
867 3986 1117 4057 egregia)
1161 3988 1358 4043 formze
1399 3988 1803 4059 mirabilisque
1842 4004 1970 4057 pru-

318 4076 552 4133 dentia3.

391 4166 575 4236 Igitur
607 4164 696 4199 1‘“
727 4181 857 4222 cum
909 4164 1061 4222 bella
1106 4166 1383 4222 intestina
1435 4166 1605 4223 simul
1637 4176 1695 4223 et
1728 4174 1971 4225 externa

319 4259 621 4312 cessarent
656 4256 933 4327 legesque
964 4256 1175 4312 divinie
1200 4262 1255 4311 et
1280 4257 1545 4313 humana)
1577 4259 1860 4315 auctorali
1893 4259 1972 4314 vi-

319 4359 460 4415 gore
493 4345 803 4415 pollerent,
838 4347 1034 4415 gravis
1068 4347 1399 4417 persecutio
1443 4349 1740 4403 monachis
1782 4350 1970 4404 oritur

322 4433 437 4490 illis
470 4433 693 4503 diebus,
732 4435 1154 4491 afﬁrmantibus
1189 4437 1535 4506 quibusdam
1574 4437 1965 4509 pontiﬁcibus,

320 4523 527 4579 melius
549 4524 730 4579 videri
758 4538 976 4595 paucos
1001 4526 1117 4580 vita
1143 4525 1336 4582 claros
1365 4540 1533 4594 quam
1558 4525 1759 4596 plures
1777 4527 1973 4594 negle-

2005 3239 2052 3303 C

2092 1942 2423 2011 hujusmodi
2449 1942 2851 1997 simulationes
2877 1941 3167 1997 incassum
3188 1939 3276 1973 1‘“
3297 1942 3548 2012 profusa}
3568 1947 3700 1999 sunt
3721 1960 3735 2008 ;

2091 2045 2219 2085 nam
2264 2034 2443 2087 abbas
2476 2031 2564 2063 “’2
2599 2033 2652 2085 in
2696 2031 2882 2100 gratia
2917 2035 2977 2085 et
3009 2029 3273 2085 amicicia
3307 2030 3459 2100 regis
3490 2029 3579 2064 ¹⁶²⁸
3612 2046 3742 2103 per-

2092 2120 2321 2187 mansit,
2354 2127 2413 2174 et
2444 2120 2635 2177 causis
2668 2119 3217 2187 intercurrentibus,
3275 2120 3533 2191 pontifex
3584 2121 3737 2191 quod

2090 2208 2273 2263 voluit
2310 2224 2417 2263 non
2455 2209 2738 2279 implevit.

2162 2300 2281 2353 Rex
2334 2304 2524 2353 autem
2568 2297 2638 2352 de
2680 2298 2771 2353 die
2817 2298 2870 2353 in
2915 2296 3067 2353 diem
3117 2297 3449 2370 proﬁciens,
3499 2303 3740 2371 paterno

2090 2402 2268 2455 regno
2302 2404 2408 2443 non
2445 2393 2775 2457 contentus,
2814 2388 2957 2442 abiit
2990 2388 3043 2442 in
3080 2387 3486 2459 Burgundiam,
3523 2404 3743 2459 regem-

2090 2492 2200 2546 que
2251 2493 2375 2531 cum
2432 2492 2609 2543 regno
2643 2477 2699 2532 in
2734 2491 2891 2533 suam
2927 2477 3152 2547 accepit
3182 2480 3555 2547 potestatem.
3592 2482 3614 2502 '
3640 2479 3742 2535 De-

2090 2564 2286 2618 functo
2319 2569 2510 2619 autem
2545 2565 2760 2619 Ottoue
2794 2563 3198 2619 Lethariorum
3236 2564 3463 2634 preside
3496 2580 3557 2621 ac
3589 2567 3742 2635 regis

2088 2658 2301 2722 nepote
2338 2652 2629 2713 lleinrico,
2668 2651 2978 2709 Giselberti
3005 2652 3146 2722 ﬁlio,
3182 2652 3455 2710 ducatum
3489 2654 3740 2723 regionis

2089 2742 2435 2796 Chuonrudo
2462 2758 2563 2796 rex
2588 2742 2903 2811 concessit,
2932 2742 3021 2797 cui
3046 2745 3102 2798 et
3130 2742 3351 2797 unicam
3378 2741 3547 2797 ﬁliam
3574 2758 3735 2799 suam

2088 2830 2324 2897 Luitgar
2350 2832 2456 2885 lam
2499 2831 2915 2901 chponsavit;
2949 2832 3043 2901 qui
3078 2835 3203 2886 erat
3238 2830 3577 2887 adolescens
3606 2846 3740 2888 acer

2086 2926 2141 2976 et
2172 2923 2273 2974 for!
2295 2921 2360 2987 is,
2400 2920 2552 2974 domi
2581 2920 2901 2989 militiaquc
2926 2920 3204 2989 Optimus,
3239 2920 3731 2978 commilitonibus

2086 3010 2207 3065 suis
2242 3010 2434 3063 learns.
2470 3010 2611 3064 lluic
2645 3008 2954 3076 Luitolfus,
2993 3008 3146 3065 ﬁlius
3176 3009 3351 3079 regis,
3387 3009 3561 3065 nimia
3592 3010 3735 3065 dile-

2084 3099 2296 3155 ctionis
2326 3097 2718 3152 familiaritate
2753 3097 3067 3153 asstrictus
3092 3103 3203 3165 est;
3468 3162 3477 3175 κ

2192 3188 2211 3211 ‘
2250 3186 2511 3256 Reliqua
2532 3200 2718 3255 usque
2739 3186 2820 3242 ad
2842 3200 3028 3243 annos
3053 3186 3283 3244 Ottoais
3314 3186 3525 3243 desunt
3549 3187 3615 3242 E.

2159 3279 2345 3346 (Rieu.
2383 3293 2440 3345 ιι,
2475 3278 2588 3346 ‘29.)
2632 3277 2767 3330 Post
2805 3274 2925 3331 hiec
2962 3290 3065 3330 rex
3096 3278 3231 3332 Otto
3263 3292 3392 3333 cum
3425 3276 3734 3332 Ludewico

2085 3381 2221 3435 rege
2253 3380 2352 3436 per
2383 3364 2707 3433 legatorum
2749 3364 3143 3420 interventum
3176 3364 3541 3433 conciliatur,
3578 3365 3728 3434 quod

2084 3456 2266 3510 eidem
2310 3455 2617 3509 Ludewieo
2659 3458 2857 3525 postea
2896 3454 3139 3510 multum
3175 3456 3495 3525 profecisse
3529 3453 3735 3525 proba-

2084 3549 2198 3599 tur.
2228 3546 2396 3613 (Win.
2423 3559 2479 3603 ll.
2504 3546 2617 3615 30.)
2644 3544 2817 3598 Soror
2837 3548 3027 3598 autem
3051 3543 3205 3611 regis
3224 3544 3516 3613 Gerberga
3535 3543 3736 3612 genuit

2085 3632 2393 3688 liuilcwico
2430 3631 2578 3686 ﬁlios
2612 3632 2773 3695 duos,
2802 3631 3070 3687 Karolum
3094 3637 3149 3685 et
3180 3632 3515 3688 Letharium
3551 3631 3644 3701 qui
3676 3636 3734 3686 et

2083 3719 2233 3791 patri
2269 3725 2470 3788 postea
2511 3719 2813 3774 successit.
2853 3720 3039 3785 (Rieu.
3079 3735 3135 3788 ιι,
3173 3724 3259 3789 47,
3297 3724 3382 3777 48.
3406 3723 3638 3776 —\\7m.
3671 3735 3732 3788 ιι,

2083 3812 2169 3873 39,
2198 3811 2293 3875 il;
2328 3822 2408 3875 m,
2443 3812 2455 3861 ι
2487 3810 2642 3877 sqq.)
2680 3807 3020 3863 Ludewicus
3055 3807 3252 3876 itaque
3278 3824 3304 3863 a
3335 3809 3581 3866 ducibus
3616 3808 3736 3865 suis

2082 3898 2535 3963 circuniviientus,
2579 3896 2824 3966 primum
2859 3909 2888 3949 a
2920 3894 3446 3967 Rhodomensibus,
3484 3899 3553 3955 ad
3590 3912 3738 3969 quos

2082 3984 2438 4051 llairoldum,
2468 3984 2645 4040 ﬁlium
2669 3984 2975 4039 Thurmodi
3006 3984 3404 4053 llajocensium
3431 3986 3734 4058 principis,

2084 4076 2309 4143 fugiens
2351 4074 2509 4129 solus
2550 4074 2848 4143 ingressus
2888 4077 2997 4142 est,
3031 4073 3262 4143 capitur
3304 4074 3735 4146 llaioroldoque

2084 4164 2357 4227 traditur,
2395 4164 2495 4219 sed
2531 4164 2665 4219 dato
2701 4163 2919 4218 minore
2962 4163 3078 4217 ﬁlio
3120 4162 3350 4232 obside,
3392 4162 3731 4229 dimittitur,

2082 4254 2396 4323 statimque
2426 4269 2455 4308 a
2490 4254 2637 4309 duce
2683 4255 2920 4322 llugone
2966 4256 3197 4322 captus,
3241 4252 3580 4321 Lugdunum
3627 4252 3735 4307 sub

2081 4344 2350 4401 custodia
2386 4343 2618 4413 publica
2644 4348 2729 4398 est
2757 4344 2991 4397 missus.
3030 4342 3129 4396 Ilis
3161 4340 3398 4411 auditis,
3438 4357 3539 4396 rex
3562 4354 3737 4412 super

2084 4433 2251 4489 amici
2288 4434 2515 4487 fortuna
2552 4432 2695 4488 satis
2726 4431 2932 4497 doluit,
2961 4429 3387 4502 impcravitque
3416 4429 3736 4501 expeditio-

2087 4537 2213 4577 nem
2250 4522 2303 4576 in
2339 4522 2576 4576 Galliam
2619 4526 2820 4577 contra
2864 4523 3156 4589 llugonem
3193 4520 3250 4574 in
3279 4532 3486 4575 annum
3534 4532 3737 4574 secun-

318 4616 524 4681 gentes
557 4612 609 4667 in
643 4613 1018 4669 monasteriis
1059 4629 1210 4682 esse,
1248 4614 1495 4683 ideoque
1528 4620 1803 4684 oportere
1835 4631 1970 4671 con-
2000 4604 2052 4664 D
2086 4611 2239 4668 dum.
2280 4612 2377 4666 ille
2403 4626 2586 4667 anuus
2610 4610 2886 4666 notabilis
2915 4612 3103 4665 fartus
3126 4608 3308 4664 estde
3333 4612 3519 4665 morte
3542 4607 3736 4663 Edidfs

317 4703 681 4760 versationes
702 4718 898 4758 eorum
922 4718 1023 4774 per
1043 4704 1395 4760 monasteria
1426 4703 1756 4774 perspicere
1776 4709 1831 4758 et
1856 4720 1967 4761 non

321 4793 462 4847 "ene
486 4796 905 4847 conversantes
931 4792 1203 4861 abjicere,
1230 4792 1420 4857 obliti,
1444 4792 1496 4845 ni
1523 4791 1709 4861 fallor,
1738 4798 1970 4849 senten-

316 4880 413 4938 tia;
438 4880 877 4952 patrisfamilias
897 4880 1007 4949 ωδ,
1034 4880 1400 4953 prohibentis
1426 4896 1627 4938 servos
1650 4880 1871 4937 zizania
1899 4884 1968 4939 de

317 4970 482 5029 tritic
548 4985 775 5040 eruere,
811 4972 913 5026 sed
956 4971 1149 5027 sinere
1185 4977 1429 5041 utraque
1465 4969 1533 5025 ad
1569 4986 1813 5027 messem
1847 4987 1969 5029 cre-

317 5074 500 5130 scere,
527 5075 617 5131 ne,
652 5075 765 5116 uno
800 5060 1029 5115 incaute
1062 5058 1381 5129 eradicato,
1414 5059 1680 5115 damnum
1715 5062 1879 5117 ﬁeret
1914 5062 1969 5117 in

319 5148 524 5205 altero.
561 5150 723 5215 Quod
756 5152 816 5205 et
850 5149 903 5205 in
936 5148 1025 5206 his
1056 5148 1269 5205 factum
1300 5156 1409 5204 est.
1443 5151 1578 5204 Nam
1608 5150 1808 5220 plures
1841 5167 1970 5221 pro-

320 5235 460 5307 prize
510 5236 871 5295 inﬁrmitatis
916 5235 1156 5307 conscii,
1191 5235 1462 5309 deposito
1513 5237 1716 5293 habitu
1747 5241 1804 5293 et
1840 5238 1969 5293 reli-

2085 4702 2321 4770 reginie,
2358 4708 2407 4755 7.
2446 4700 2682 4755 Kalend.
2743 4702 2906 4755 Febr.
2963 4699 3271 4767 defuncta},
3310 4712 3437 4768 quas
3486 4701 3613 4753 nata
3663 4710 3733 4751 ex

2082 4795 2255 4861 gente
2286 4791 2621 4859 Anglorum,
2656 4805 2767 4844 non
2803 4789 2992 4844 minus
3020 4790 3222 4843 sancta
3254 4786 3535 4857 religione
3566 4800 3733 4856 quam

2084 4879 2264 4949 regali
2318 4880 2576 4951 putentia
2628 4878 2861 4935 claruit.
2918 4879 3123 4933 Decem
3175 4876 3340 4932 annis
3394 4873 3553 4945 regni
3600 4888 3737 4929 con-

2084 4969 2261 5026 sortia
2299 4968 2505 5037 tenuit,
2540 4968 2845 5023 undecimo
2870 4966 3035 5035 obiit,
3062 4966 3368 5021 Saxoniam
3394 4978 3531 5021 vero
3558 4968 3619 5019 19
3642 4977 3737 5018 an-

2083 5059 2172 5114 nis
2228 5058 2593 5113 inhabitavit.
2658 5055 2911 5125 Reliquit
2984 5053 3162 5111 ﬁlium
3236 5055 3465 5110 nomine
3524 5051 3735 5109 Luitol-

2084 5148 2222 5218 tum,
2258 5147 2410 5203 omni
2445 5147 2664 5202 virtute
2699 5144 2871 5200 animi
2903 5149 2962 5199 et
2992 5144 3259 5215 corporis
3289 5157 3355 5200 ea
3386 5148 3557 5199 mtate
3591 5140 3733 5197 nulli

2086 5238 2428 5303 secundum,
2505 5235 2677 5290 tiliam
2747 5248 2979 5304 quoque
3046 5234 3273 5290 nomine
3340 5230 3730 5302 Luitgardam,

1685 5412 1921 5469 VARIzE
1964 5412 2367 5468 LECTIONES.

387 5555 479 5589 “0'
512 5555 613 5611 scd
648 5560 697 5613 4.
733 5559 774 5613 D
812 5564 858 5612 1.
939 5556 1029 5591 ¹⁴¹⁰
1060 5557 1333 5612 infundas
1373 5560 1426 5611 2.

313 5628 415 5691 git
459 5628 519 5683 E.
600 5626 690 5661 ιη’
722 5629 885 5687 deest
928 5634 985 5685 90
1063 5627 1154 5661 ¹⁴ι⁶
1187 5644 1258 5683 m.
1316 5643 1361 5682 r.
1418 5628 1513 5683 Di.
1598 5625 1685 5659 “‘7
1713 5626 1874 5681 (lceat
1916 5630 1967 5681 "2.

312 5695 417 5733 ¹⁴¹ί
449 5698 678 5756 incasse
710 5701 809 5757 D1.
845 5700 1139 5758 incassum
1171 5713 1464 5772 superscr.
1500 5696 1590 5754 vel
1626 5698 1848 5755 incasse
1876 5698 1971 5754 Et.

1507 5554 1593 5588 ““
1631 5560 1683 5608 te.
1716 5556 1886 5609 video
1918 5555 2025 5610 D1.
2107 5554 2138 5586 ¹¹

1598 5625 1685 5658 ut?
1716 5626 1874 5658 Ληοοί
1916 5630 1950 5658 a
2048 5623 2138 5658 tua

2170 5641 2222 5682 n.

2107 5552 2196 5626 “‘13
2227 5554 2461 5626 paulum
2496 5558 2571 5608 93.
2652 5551 2831 5626 ίξίῖῐῖ.
2870 5553 2924 5608 (l.
2962 5551 3276 5626 BOI‘HlQldO
3468 5549 3575 5626 ,μμ
3596 5567 3737 5626 2167‘-

2258 5642 2312 5697 p.
2348 5628 2400 5680 h.
2437 5628 2495 5679 D.
2536 5626 2595 5681 E.
2674 5623 2763 5657 “1’
2793 5625 2911 5697 r.rf.
2950 5625 3165 5681 desunt
3190 5630 3240 5697 2.
3321 5622 3412 5656 ¹⁶²⁰
3444 5622 3608 5679 deest
3653 5632 3732 5680 90°

2054 5697 2143 5732 ¹⁴²²
2173 5703 2230 5755 et
2259 5695 2442 5755 abbas
2472 5701 2567 5754 Di.
2606 5699 2702 5754 Et.
2783 5696 2871 5730 ¹⁶²³
2900 5697 2999 5754 hic
3018 5695 3227 5769 pergit
3260 5700 3306 5752 1.
