3948 6466
463 364 566 417 199

1001 367 1062 421 S.
1127 367 1482 425 BRUNONIS
1540 369 2190 430 CARTHUSIANORUM
2245 373 2732 433 INSTITUTORIS
2761 374 2914 431 OPP.
2945 374 3123 432 PARS
3153 376 3222 431 ΙΙ.

3659 382 3769 436 200

460 487 756 560 compungi
776 504 1005 561 nequeo.
1025 489 1477 564 Quandoquidem
1501 494 1545 549 si
1567 494 1748 566 lingua
1785 496 2061 567 incognita
2080 500 2130 560 Α
2165 499 2363 554 ctando
2394 499 2609 570 linguas
2639 516 2871 572 quarum
2893 517 3115 556 sensum
3144 516 3253 556 non
3289 500 3557 573 habeatis,
3591 504 3779 559 nolite

462 576 677 648 loquor,
712 578 828 634 sine
858 579 1031 635 fructu
1064 598 1202 648 sum,
1238 583 1367 654 quia
1395 600 1504 639 non
1545 584 1892 655 interpretor.
1930 588 2071 655 Quid

466 681 592 737 ergo
620 671 723 733 est,
752 667 807 723 id
839 676 920 723 est
960 671 1236 742 quomodo
1277 672 1544 727 orandum
1593 673 1723 728 est?
1762 675 1841 729 Ita
1886 675 2071 746 utique

463 754 738 822 orabo,vel
765 755 955 829 loquar
982 760 1211 830 spiritu,
1236 760 1292 815 id
1322 769 1404 815 est
1437 777 1571 817 voce
1600 761 1877 833 incognita
1907 779 2071 834 quam

466 844 685 915 spiritus
710 845 819 912 dat,
844 847 931 902 vel
961 848 1101 903 ratio
1122 856 1203 903 est
1233 853 1287 904 et
1309 849 1383 904 ita
1411 849 1575 905 orabo
1594 858 1650 904 ut
1677 850 1837 905 etiam
1860 856 2068 921 mente,

462 934 518 990 id
548 944 629 989 est
657 935 1032 1007 intelligentia,
1066 936 1193 1007 quia
1220 938 1365 1009 quod
1422 938 1737 1011 intelligam,
1792 939 1924 993 illud
1956 948 2071 993 tan-

458 1042 569 1093 tum
601 1024 893 1097 proferam.
938 1027 1074 1079 Vere
1131 1026 1301 1081 orabo
1359 1027 1546 1097 spiritu
1594 1036 1645 1082 et
1673 1036 1896 1082 mente:
1944 1044 2069 1082 nam

460 1130 564 1185 ego
592 1115 838 1187 psallam
858 1116 1071 1185 spiritu
1084 1116 1329 1186 psallam
1350 1120 1406 1171 et
1428 1121 1636 1171 mente.
1663 1116 1901 1171 Psallere
1939 1117 2070 1172 dicit

463 1217 627 1259 orare
656 1204 830 1257 Deum
861 1217 1104 1257 consona
1133 1203 1282 1258 vocis
1311 1204 1699 1271 modulatione,
1733 1221 1854 1276 qua
1883 1220 2073 1260 conso-

467 1291 652 1346 nantia
680 1291 1020 1345 diversarum
1045 1307 1240 1347 vocum
1270 1292 1324 1345 in
1368 1293 1615 1347 Ecclesia
1670 1292 1842 1347 innuit
1880 1309 2070 1348 omnes

464 1379 520 1434 in
550 1380 898 1435 consonantia
928 1378 1054 1435 ﬁdei
1084 1388 1136 1435 et
1164 1381 1287 1435 vita
1334 1380 1538 1436 debere
1570 1381 1819 1437 laudare.
1857 1382 2066 1437 Bonum

464 1477 548 1523 est
577 1468 767 1539 spiritu
788 1468 948 1523 simul
978 1476 1030 1523 et
1050 1476 1229 1524 mente
1250 1485 1407 1524 orare
1432 1488 1445 1523 :
1478 1474 1769 1535 eceteram,
1792 1470 1845 1524 id
1867 1478 1946 1524 est
1968 1470 2066 1525 sed

465 1559 517 1613 si
546 1565 603 1612 tu
631 1558 768 1613 bene
792 1558 1010 1614 dixeris
1029 1559 1261 1630 spiritu,
1288 1557 1342 1612 id
1372 1566 1453 1613 est
1483 1574 1617 1614 voce
1646 1558 1925 1628 incognita
1943 1567 2066 1612 tan-

464 1653 599 1717 tum,
630 1650 754 1719 quis
784 1647 839 1701 in
868 1654 959 1701 tua
985 1647 1233 1702 oratione
1260 1648 1483 1719 supplet
1531 1650 1738 1712 locum,
1771 1648 1825 1701 id
1855 1656 1939 1702 est
1969 1663 2066 1703 vo-

461 1751 583 1792 cem
612 1735 804 1792 idiota
822 1736 851 1789 ?
878 1736 1225 1791 Consuetudo
1268 1744 1386 1791 erat
1415 1736 1469 1789 in
1499 1736 1747 1791 Ecclesia
1776 1744 1832 1790 ut
1862 1736 2060 1803 idiota,

2172 590 2338 660 pueri
2366 591 2509 659 efﬁci
2529 588 2798 657 sensibus,
2832 589 2925 660 qui
2944 590 3241 661 loquuntur
3261 591 3407 661 quod
3429 607 3539 646 non
3580 591 3784 646 intelli-

2174 685 2344 748 gunt;
2396 678 2491 733 sed
2536 682 2715 733 estote
2756 679 2985 750 parvuli
3019 678 3330 734 secundum
3348 678 3571 735 I42
3601 681 3778 735 mali-

2174 767 2315 820 tiam
2333 786 2350 820 :
2365 774 2415 820 et
2432 767 2533 821 hoc
2545 766 2694 831 dicit,
2711 766 2837 837 quia
2848 766 3236 820 erantmultum
3249 766 3501 822 malitiosi
3520 768 3780 823 sensibus

2173 854 2257 908 vel
2287 854 2640 926 cogitatione,
2673 854 2843 909 verbo
2874 862 2926 909 et
2956 863 3099 909 actu.
3138 856 3347 909 Parvuli
3376 856 3593 928 quidem
3625 856 3782 911 mali-

2172 942 2262 1008 tia,
2282 944 2375 997 sed
2388 942 2639 997 sensibus
2654 947 2831 998 estote
2858 945 3120 1015 perfecti,
3136 942 3190 997 id
3208 951 3290 998 est
3302 944 3600 1014 perfectam
3623 944 3780 1000 intel-

2169 1029 2449 1102 ligentiam
2479 1040 2815 1101 appetentes,
2850 1040 2907 1085 ut
2935 1032 3260 1102 prophetare
3288 1033 3531 1103 possitis.
3566 1034 3772 1088 lterum

2170 1118 2294 1173 ideo
2324 1119 2525 1191 lingua
2554 1136 2660 1174 non
2696 1128 2820 1173 sunt
2840 1120 3158 1190 appetenda
3185 1121 3341 1175 vobis
3377 1137 3389 1175 :
3419 1121 3547 1192 quia
3578 1120 3775 1177 ﬁdeles

2170 1208 2300 1261 estis
2331 1217 2383 1261 et
2413 1210 2624 1278 lingua
2652 1225 2767 1262 non
2813 1208 3101 1277 ﬁdelibus,
3154 1209 3251 1263 sed
3280 1208 3607 1278 inﬁdelibus
3633 1226 3773 1281 pro-

2170 1304 2313 1351 sunt.
2348 1298 2415 1351 Et
2446 1304 2590 1367 quod
2622 1296 2696 1351 ita
2744 1297 2832 1362 sit,
2877 1297 3255 1351 auctoritatem
3302 1298 3580 1367 pramittit
3612 1298 3774 1354 Isaia

2169 1386 2395 1453 (xxviii,
2424 1385 2512 1453 tt)
2552 1399 2564 1437 :
2588 1400 2749 1456 quam
2774 1392 2952 1439 tamen
2974 1384 3028 1438 in
3047 1384 3171 1455 lege
3192 1401 3314 1439 esse
3336 1385 3485 1451 dicit,
3507 1385 3651 1457 legis
3670 1403 3774 1442 no-

2167 1474 2314 1527 mine
2343 1473 2688 1543 prophetiam
2719 1473 3035 1545 designans.
3070 1474 3212 1527 Vere
3240 1488 3351 1529 non
3381 1472 3634 1529 ﬁdelibus
3667 1476 3770 1530 sed

2167 1559 2495 1615 inﬁdelibus.
2529 1562 2668 1615 Nam
2698 1562 2760 1616 in
2786 1563 2902 1632 lege
2922 1561 3199 1633 scriptum
3220 1566 3303 1617 est
3324 1561 3475 1628 illud,
3501 1563 3765 1634 quoniam

2168 1648 2253 1703 vel
2281 1649 2354 1702 ibi
2382 1648 2744 1718 continuatur,
2777 1649 2861 1703 vel
2895 1649 2982 1704 hic
3011 1648 3233 1718 ponitur
3262 1664 3361 1720 pro
3391 1651 3537 1721 quod
3572 1668 3586 1704 :
3622 1652 3763 1720 Hoc,

2165 1736 2408 1807 inquam,
2441 1737 2698 1807 scriptum
2724 1745 2827 1806 est,
2852 1737 2995 1809 quod
3019 1737 3081 1791 in
3107 1738 3241 1792 aliis
3264 1738 3491 1809 linguis,
3525 1738 3581 1793 id
3601 1748 3686 1794 est
3709 1740 3768 1794 in

462 1824 517 1879 id
547 1833 631 1879 est
658 1824 825 1879 rudes
854 1823 907 1877 in
936 1823 1063 1889 ﬁde,
1096 1824 1259 1879 etiam
1290 1824 1551 1879 illitterati
1582 1825 1801 1896 quando
1833 1840 2060 1895 perora-
2082 1856 2132 1916 Β
2164 1827 2424 1880 varietate
2455 1826 2780 1897 linguarum,
2813 1829 2870 1880 et
2890 1826 2951 1880 in
2972 1826 3106 1880 aliis
3158 1825 3341 1892 labiis,
3365 1826 3420 1880 id
3451 1835 3534 1881 est
3553 1827 3609 1881 in
3639 1828 3770 1883 aliis

465 1912 555 1966 bat
575 1912 852 1977 sacerdos,
870 1912 1463 1982 responderentamen,
1479 1916 1676 1968 etcum
1688 1913 1900 1984 spiritu
1924 1917 2022 1967 tuo
2039 1932 2057 1967 :

466 2001 566 2056 sed
593 2001 758 2055 modo
786 2008 1077 2071 perorante
1126 2000 1311 2072 aliquo
1355 2000 1542 2073 lingua
1572 2001 1865 2071 incognita,
1898 2001 2060 2055 etiam

463 2089 843 2161 prudentiores
871 2089 1188 2144 nesciebant
1236 2089 1327 2143 ubi
1375 2088 1517 2156 ﬁnis,
1548 2089 1637 2143 ubi
1669 2090 1904 2144 medium
1934 2105 2058 2145 ora-

462 2178 647 2245 tionis,
695 2178 821 2250 quia
860 2194 973 2233 non
1019 2177 1393 2249 intelligebant
1427 2195 1440 2232 :
1485 2186 1537 2232 et
1566 2178 1645 2233 sic
1678 2194 1787 2233 non
1810 2185 2060 2249 poterant

461 2267 660 2333 facere,
693 2283 796 2323 nec
822 2266 955 2321 illud
984 2267 1128 2338 quod
1175 2266 1355 2321 idiota
1405 2274 1799 2322 consueverant
1832 2282 2058 2337 respon-

452 2355 609 2411 dere.
648 2356 855 2410 ldioma
883 2354 1081 2410 dicitur
1099 2354 1400 2425 proprium,
1432 2355 1558 2409 inde
1587 2355 1844 2410 dicuntur
1876 2354 2058 2410 idiota

460 2444 553 2517 qui
582 2444 637 2499 in
663 2444 996 2515 proprietate
1020 2451 1230 2499 natura
1258 2444 1432 2499 adhuc
1453 2452 1577 2497 sunt
1614 2459 1626 2497 :
1660 2444 1792 2498 nihil
1822 2444 2058 2499 scientes

455 2534 561 2588 nisi
592 2533 736 2605 quod
765 2548 799 2588 a
827 2533 1094 2588 matribus
1146 2532 1299 2603 pueri
1362 2533 1669 2589 didicerunt
1700 2550 1714 2587 :
1774 2532 1862 2587 vel
1898 2532 2053 2598 illud,

458 2631 735 2691 caterum,
766 2637 966 2677 nomen
996 2621 1066 2676 sit
1095 2620 1167 2675 ita
1203 2636 1215 2674 :
1248 2622 1477 2692 Pr0pter
1506 2623 1611 2677 hoc
1641 2621 1786 2693 quod
1816 2620 2058 2691 pramis—

458 2728 581 2767 sum
610 2719 713 2778 est,
743 2727 853 2766 non
879 2710 1094 2765 debetis
1143 2725 1302 2765 orare
1347 2710 1536 2783 lingua
1577 2718 1787 2765 tantum
1823 2724 1836 2763 :
1884 2714 2054 2765 cate-

454 2816 604 2867 rum,
636 2800 691 2855 id
722 2807 804 2855 est
822 2799 987 2865 aliud,
1011 2808 1236 2870 pr0pter
1251 2799 1397 2871 quod
1416 2815 1485 2854 ne
1503 2798 1711 2855 faciatis
1740 2798 1904 2863 idem,
1931 2797 2055 2869 quia

453 2892 505 2946 si
533 2897 592 2944 tu
612 2890 749 2945 bene
767 2889 984 2944 dixeris
1000 2889 1229 2960 spiritu,
1253 2895 1355 2942 etc.
1382 2888 1524 2942 Vere
1550 2902 1712 2942 nemo
1738 2886 1955 2957 supplet
1975 2886 2055 2941 lo-

458 2994 585 3033 cum
612 2977 837 3031 idiota:
890 2976 1110 3047 quando
1138 2983 1196 3030 tu
1251 2975 1532 3045 incognita
1586 2991 1721 3030 voce
1775 2990 2050 3045 peroras:

455 3065 721 3140 quomodo
734 3063 879 3119 enim
890 3065 1039 3119 dicet
1050 3079 1237 3129 amen,
1254 3080 1426 3136 super
1437 3068 1596 3118 tuam
1609 3064 2055 3118 benedictionem

454 3154 619 3210 etiam
642 3152 862 3223 sapiens
885 3170 897 3206 :
917 3154 1181 3224 quoniam
1197 3154 1381 3207 nescit
1404 3152 1536 3223 quid
1556 3152 1709 3206 dicas
1732 3152 1889 3206 ?Non
1906 3152 2051 3206 enim

2161 1915 2504 1968 sermonibus
2538 1929 2550 1967 :
2583 1913 2708 1984 quia
2736 1913 2889 1983 prius
2919 1914 2989 1967 de
3036 1914 3368 1979 carnalibus,
3402 1930 3547 1971 nunc
3574 1924 3768 1973 autem

2159 2003 2228 2057 de
2258 2002 2630 2073 spiritualibus
2663 2003 2859 2073 loquar
2886 2003 3095 2074 populo
3118 2003 3250 2058 huic
3270 2003 3498 2059 Judaico
3528 2003 3764 2075 inﬁdeli,

2159 2100 2214 2145 ut
2259 2092 2519 2146 mirantes
2564 2091 2854 2145 novitatem
2905 2090 3234 2161 linguarum,
3286 2091 3505 2146 audiant
3532 2109 3621 2148 me
3654 2112 3667 2148 :
3706 2099 3769 2151 et

2158 2187 2341 2234 tamen
2362 2197 2464 2235 nec
2484 2182 2582 2244 sic,
2606 2179 2661 2233 id
2683 2187 2761 2233 est
2786 2194 2883 2249 pro
2902 2186 3013 2233 tam
3042 2178 3279 2233 evidenti
3318 2179 3603 2251 miraculo,
3645 2199 3763 2238 ea:-

2158 2269 2395 2323 audient
2421 2284 2529 2323 me.
2565 2266 2835 2337 Quodque
2858 2267 2932 2321 ita
2963 2267 3031 2321 sit
3051 2267 3252 2323 credite
3289 2282 3301 2320 :
3326 2268 3450 2339 quia
3473 2269 3591 2325 hac
3611 2271 3760 2327 dicit

2158 2358 2430 2412 Dominus
2459 2357 2558 2427 (ait
2588 2357 2641 2409 in
2662 2356 2783 2410 aliis
2804 2356 2960 2410 labiis
2982 2355 3116 2410 nihil
3136 2356 3207 2411 ad
3228 2356 3629 2427 probationem,
3660 2361 3760 2416 sed

2156 2463 2276 2501 mos
2306 2454 2388 2501 est
2418 2454 2476 2499 ut
2504 2445 2855 2500 auctoritates
2883 2444 3138 2515 perfecta
3165 2446 3481 2517 ponantur).

2226 2536 2383 2589 Nunc
2412 2534 2480 2588 de
2514 2534 2635 2603 lege
2665 2533 2948 2604 pramissa
3005 2532 3169 2587 infert
3216 2533 3429 2588 Paulus.
3480 2532 3625 2602 Quia
3655 2550 3759 2605 po-

2155 2623 2282 2694 pulo
2310 2623 2585 2677 incredulo
2617 2623 2850 2676 diversa
2878 2622 3078 2694 lingua
3105 2622 3400 2693 proposita
3431 2631 3555 2677 sunt
3588 2638 3603 2676 :
3635 2624 3760 2680 ita-

2155 2729 2259 2783 que
2286 2728 2388 2784 per
2415 2711 2517 2766 hoc
2547 2718 2785 2781 apparet,
2810 2710 2956 2781 quod
2982 2711 3189 2781 lingua
3223 2712 3285 2765 in
3315 2713 3559 2782 signum,
3583 2711 3640 2766 id
3667 2720 3759 2767 est

2154 2817 2317 2857 causa
2344 2800 2593 2855 miraculi
2624 2808 2747 2853 sunt
2778 2816 2892 2853 non
2912 2797 3190 2868 ﬁdelibus,
3214 2814 3443 2870 quorum
3473 2799 3615 2855 ﬁdes
3642 2817 3759 2857 non

2153 2898 2279 2961 aget
2307 2888 2601 2953 miraculis,
2636 2888 2732 2943 sed
2761 2886 3102 2956 inﬁdelibus,
3136 2887 3228 2959 qui
3249 2888 3486 2943 novitate
3503 2888 3753 2946 miracu-

2153 2977 2323 3033 lorum
2354 2977 2425 3032 ad
2453 2976 2619 3031 ﬁdem
2652 2976 2900 3031 trahendi
2946 2983 3089 3030 sunt.
3138 2974 3405 3047 Opposita
3451 2979 3751 3034 sententia.

2152 3065 2375 3138 Lingua
2403 3082 2511 3121 non
2544 3064 2795 3120 ﬁdelibus
2818 3064 2914 3119 sed
2935 3062 3244 3119 inﬁdelibus
3276 3082 3289 3118 :
3312 3066 3625 3137 prophetia
3654 3085 3757 3124 au-

2154 3159 2266 3210 tem
2295 3171 2411 3209 non
2433 3153 2709 3223 ﬁdelibus,
2744 3153 2967 3207 stultum
2991 3152 3136 3207 enim
3165 3162 3308 3208 esset
3330 3155 3589 3225 mysteria
3620 3154 3755 3213 ﬁdei

452 3211 727 3315 intelligit:
759 3211 975 3312 quando
1021 3248 1095 3307 tu,
1141 3211 1426 3313 incognita.
1462 3239 1652 3312 lingua
1698 3240 1949 3311 loquens,
1985 3239 2048 3293 ﬁ-
2077 3211 2123 3272 Ο
2153 3243 2402 3298 revelare
2432 3211 2743 3309 incredulis,
2780 3242 2875 3297 sed
2913 3240 3189 3310 ﬁdelibus.
3224 3242 3288 3296 Et
3318 3211 3443 3313 quia
3471 3258 3570 3298 vos
3603 3211 3757 3302 ﬁde;

457 3332 577 3388 nire
604 3331 807 3385 debeas
845 3338 937 3384 aut
978 3329 1303 3400 procedere.
1355 3330 1435 3384 De
1465 3328 1568 3383 hoc
1597 3329 1742 3400 quod
1769 3328 2049 3399 proximus
2150 3331 2233 3385 les
2263 3332 2412 3400 estis,
2435 3331 2657 3403 quarite
2686 3330 3028 3401 prophetiam
3051 3345 3171 3401 qua
3192 3328 3447 3386 ﬁdelibus
3465 3335 3752 3406 congruit.

453 3429 505 3477 te
530 3436 640 3476 non
668 3418 921 3490 intelligit
936 3418 1275 3489 reprehendo
1304 3426 1355 3473 te
1389 3432 1551 3472 :nam
1585 3417 1887 3473 secundum
1915 3433 2050 3488 pro-
2150 3420 2349 3475 Iterum
2377 3420 2525 3474 aliud
2573 3435 2742 3490 quare
2789 3434 2898 3474 non
2929 3426 3185 3489 appetant
3236 3418 3454 3490 linguas
3490 3435 3502 3474 :
3540 3423 3674 3493 quia
3706 3424 3759 3479 si

450 3510 623 3582 priam
652 3522 941 3580 personam
970 3516 1021 3563 te
1052 3523 1160 3562 non
1178 3506 1537 3577 reprehendo.
1558 3508 1699 3563 Nam
1729 3509 1793 3561 tu
1821 3507 2049 3578 quidam
2149 3508 2255 3563 illis
2283 3508 2629 3580 loquentibus
2659 3508 2714 3562 in
2743 3507 2991 3563 Ecclesia
3020 3506 3187 3562 variis
3219 3506 3443 3579 linguis,
3479 3507 3622 3566 forte
3652 3512 3748 3567 in-

449 3599 585 3655 bene
613 3598 830 3669 gratias
859 3599 982 3667 agis
1011 3604 1268 3667 quantum
1291 3595 1347 3649 in
1375 3602 1429 3650 te
1458 3603 1542 3650 est
1573 3594 1707 3650 :sed
1728 3594 1851 3649 ideo
1880 3595 2042 3662 male,

453 3687 579 3761 quia
608 3688 777 3750 alter,
811 3685 866 3740 id
912 3694 994 3740 est
1038 3684 1340 3755 proximus,
1381 3701 1499 3741 non
1526 3684 1845 3752 adiﬁcatur
1868 3703 1886 3739 :
1918 3684 2046 3755 quia

448 3792 553 3832 nec
580 3773 853 3846 intelligit.
887 3774 986 3829 Vel
1015 3773 1088 3827 ibi
1119 3788 1286 3845 supra
1308 3772 1551 3846 jungitur
1582 3787 1595 3826 :
1626 3773 1777 3827 Juste
1805 3771 1915 3827 dixi
1944 3773 2040 3828 be-

440 3862 757 3929 nedixeris;
789 3878 917 3917 nam
946 3869 1001 3917 tu
1030 3861 1250 3934 quidem
1281 3861 1421 3916 bene
1450 3860 1654 3933 gratias
1683 3861 1824 3933 agis,
1858 3877 2037 3932 quan-

445 3962 558 4009 tum
590 3952 645 4007 in
672 3959 727 4006 te
757 3958 839 4006 est
871 3966 883 4005 :
908 3951 1006 4006 sed
1032 3950 1201 4005 frater
1231 3965 1341 4005 non
1370 3950 1671 4004 instruitur.
1705 3950 1898 4005 Probat
1928 3950 2034 4005 ite-

444 4059 567 4098 rum
598 4040 848 4112 exemplo
875 4047 929 4095 et
957 4038 1274 4096 auctoritate
1304 4054 1422 4108 sua,
1456 4039 1602 4110 quod
1629 4054 1737 4094 non
1768 4039 1906 4094 adeo
1936 4039 2038 4094 de-

442 4132 605 4187 beant
634 4128 831 4185 sectari
878 4128 1115 4201 linguas,
1159 4127 1350 4183 dicens
1384 4143 1396 4181 :
1428 4127 1606 4182 Nolite
1649 4127 1797 4198 loqui
1824 4127 2031 4198 lingua,

2148 3595 2338 3652 ﬁdeles
2376 3596 2697 3652 intraverint
2731 3614 2744 3650 :
2795 3596 3057 3667 putabunt
3103 3611 3198 3651 eos
3247 3596 3504 3652 insanire.
3537 3599 3754 3658 Littera

2146 3685 2225 3741 sic
2246 3685 2494 3759 jungitur
2524 3703 2537 3740 :
2579 3684 2719 3754 Quia
2739 3684 2942 3757 lingua
2976 3698 3085 3739 non
3122 3691 3246 3739 sunt
3272 3684 3330 3738 in
3359 3686 3577 3753 signum
3607 3687 3755 3746 ﬁde-

2142 3774 2331 3829 libus:
2364 3790 2498 3846 ergo
2526 3790 2629 3829 vos
2674 3772 2766 3845 qui
2814 3773 2944 3828 estis
2991 3772 3255 3840 Ecclesia,
3303 3789 3470 3845 quare
3515 3786 3754 3849 prOpter

2140 3862 2359 3935 linguas
2386 3862 2564 3917 insani
2594 3860 2916 3933 reputamini
2937 3862 2966 3915 ‘l
2995 3862 3053 3918 Si
3082 3864 3237 3917 enim
3267 3864 3565 3919 conveniat
3597 3871 3749 3923 uni-

2141 3968 2299 4007 versa
2319 3952 2568 4008 Ecclesia
2588 3954 2651 4007 in
2674 3967 2873 4016 unum,
2900 3954 2957 4006 et
2977 3965 3169 4005 omnes
3192 3951 3502 4023 loquantur
3523 3955 3747 4028 linguis

2139 4040 2453 4112 incognitis,
2489 4040 2595 4094 illis
2623 4048 2802 4094 autem
2841 4038 3097 4093 varietate
3140 4038 3452 4111 linguarum
3506 4045 3746 4101 concla-

2138 4129 2429 4194 mantibus,
2462 4130 2688 4183 intrent
2733 4129 2924 4182 idiota:
2976 4126 3294 4193 Ecclesiam,
3346 4136 3436 4183 aut
3480 4130 3743 4190 inﬁdeles

439 4220 513 4275 ita
541 4226 598 4273 ut
625 4234 737 4273 non
765 4216 833 4272 sit
871 4216 1159 4272 instructio
1201 4215 1436 4286 proximi
1470 4230 1483 4270 :
1528 4232 1664 4271 nam
1704 4232 1820 4288 ego,
1870 4232 2034 4287 quem
2135 4216 2320 4288 aliqui,
2343 4232 2534 4272 nonne
2553 4216 2809 4272 dicerent
2831 4214 2974 4288 quod
2993 4231 3086 4270 vos
3106 4217 3398 4285 insanitis,
3422 4219 3549 4289 quia
3566 4221 3747 4291 phre-

440 4307 645 4363 imitari
672 4306 903 4371 debetis,
936 4307 1056 4363 volo
1079 4306 1227 4377 loqui
1246 4306 1309 4360 in
1330 4305 1581 4361 Ecclesia
1599 4305 1946 4377 quandoque,
1979 4304 2038 4359 id
2132 4306 2310 4361 netico
2339 4320 2493 4361 more
2518 4303 2853 4359 tumultuatis
2871 4304 2900 4357 ?
2937 4304 3208 4359 Varietate
3254 4304 3563 4377 linguarum
3594 4325 3744 4367 con-

440 4404 524 4453 est
552 4410 725 4468 pauca
753 4396 917 4452 verba
932 4410 1054 4451 meo
1083 4410 1275 4460 sensu,
1299 4393 1355 4448 id
1380 4402 1463 4449 est
1481 4393 1777 4460 intellectu,
1808 4401 1867 4447 ut
1887 4393 2035 4464 quod
2131 4394 2425 4449 clamantes
2452 4393 2677 4449 insanos
2704 4393 2905 4448 dicent.
2933 4392 3037 4447 Sed
3062 4393 3112 4447 si
3158 4407 3352 4449 omnes
3393 4394 3448 4448 in
3478 4396 3743 4456 Ecclesia

437 4486 633 4556 loquar
660 4484 982 4557 intelligam.
1017 4480 1121 4537 Pei-
1149 4483 1255 4538 hoc
1291 4490 1440 4537 notat
1471 4498 1566 4538 eos
1596 4482 1676 4538 sic
1705 4481 2033 4553 quandoque
2125 4484 2487 4556 prophetent,
2511 4482 2808 4554 aperiendo
2830 4481 3157 4551 Scripturas,
3201 4482 3386 4537 intret
3406 4489 3601 4541 autem
3621 4487 3742 4545 illis

437 4574 607 4647 loqui,
643 4573 789 4645 quod
818 4589 919 4628 nec
947 4572 1051 4643 ipsi
1079 4587 1139 4627 se
1168 4570 1551 4643 intelligerent.
1596 4570 1752 4641 Volo,
1784 4570 2025 4642 inquam,
2049 4572 2101 4633 D
2129 4571 2576 4642 prophetantibus
2620 4572 2828 4642 aliquis
2874 4568 3125 4640 inﬁdelis
3173 4571 3259 4625 vel
3304 4571 3501 4640 idiota,
3545 4577 3736 4633 statim

430 4662 584 4736 loqui
611 4678 734 4718 meo
763 4678 930 4718 sensu
965 4676 977 4715 :
1010 4665 1075 4716 ut
1098 4665 1256 4716 etme
1278 4668 1331 4715 et
1358 4662 1499 4716 alios
1518 4661 1826 4725 instruam,
1860 4675 2030 4731 quam
2130 4660 2493 4716 convincitur
2511 4658 2579 4715 ab
2609 4657 2868 4714 omnibus
2890 4658 2965 4711 ibi
2986 4658 3457 4728 prophetantibus.
3486 4662 3740 4722 Audiens

434 4752 740 4820 electivum,
766 4750 910 4823 quod
931 4749 1081 4804 nullo
1095 4748 1260 4804 modo
1275 4748 1401 4804 volo
1436 4748 1621 4819 :loqui
1655 4747 2030 4815 :scilicet,de-
2129 4748 2276 4803 enim
2306 4756 2579 4819 pracepta
2609 4747 2709 4803 Dei
2739 4746 2997 4818 mysteria
3046 4744 3195 4811 ﬁdei,
3247 4763 3347 4803 sua
3393 4751 3741 4812 conscientia

430 4856 551 4896 cem
577 4839 784 4907 millia,
817 4839 872 4893 id
892 4846 975 4893 est
992 4836 1313 4892 inﬁnitatem
1331 4837 1622 4893 verborum
1661 4837 1857 4906 lingua
1875 4834 2030 4891 inco-
2127 4837 2399 4893 convincit
2430 4853 2555 4892 eum
2585 4845 2638 4892 et
2666 4836 2844 4909 arguit
2875 4852 2888 4891 :
2922 4842 2977 4890 et
3023 4834 3096 4888 ita
3138 4835 3508 4908 dijudicatur,
3541 4839 3598 4895 id
3645 4853 3740 4901 est

431 4929 581 5000 gnita
616 4944 629 4983 :
663 4927 808 4998 quod
839 4927 1022 4998 utique
1051 4942 1272 4997 possem
1301 4925 1348 4980 si
1393 4925 1610 4992 vellem,
1642 4933 1695 4979 et
1719 4924 1845 4979 inde
1891 4941 2025 4995 gra-
2119 4926 2471 4995 judicabilem
2502 4934 2554 4981 et
2582 4925 2943 4981 damnabilem
2975 4938 3035 4978 se
3078 4925 3379 4994 cognoscit,
3429 4927 3734 4989 instructus

430 5018 541 5072 tias
562 5032 663 5087 ago
685 5016 793 5072 Deo
826 5035 845 5070 :
873 5018 1140 5089 quoniam
1158 5030 1285 5088 ego,
1319 5014 1365 5068 si
1379 5014 1577 5085 placet,
1600 5015 1791 5085 loquor
1829 5014 2026 5084 lingua
2123 5012 2192 5070 ab
2219 5014 2497 5083 omnibus,
2531 5015 2622 5087 qui
2652 5015 2855 5069 ibidem
2882 5013 3222 5084 prophetam,
3256 5021 3309 5069 et
3335 5022 3465 5072 tunc
3495 5021 3733 5078 occulta

426 5105 685 5161 omnium
705 5120 795 5160 ves
803 5109 954 5160 trum
972 5124 990 5159 :
1010 5104 1106 5160 sed
1113 5146 1126 5172 ,
1149 5104 1206 5158 id
1217 5110 1490 5159 esttamen
1506 5143 1519 5168 ,
1544 5104 1607 5157 in
1622 5103 1867 5158 Ecclesia
1879 5103 2019 5169 volo,

425 5200 534 5248 etc.
565 5191 695 5248 Ideo
725 5192 923 5247 Paulus
952 5209 1012 5248 se
1044 5192 1178 5247 dixit
1206 5191 1411 5247 habere
1440 5205 1651 5264 genera
1688 5189 2017 5261 linguarum,

424 5297 495 5337 ne
524 5281 770 5337 dicerent
798 5281 1082 5348 Corinthii,
1114 5279 1240 5352 quia
1266 5294 1376 5334 non
1418 5278 1578 5334 habet
1620 5278 1856 5351 linguas.
1891 5278 2019 5333 Ideo

423 5369 581 5425 nobis
602 5369 669 5424 de
700 5369 900 5441 linguis
934 5369 1288 5439 improperat.
1334 5368 1531 5422 Iterum
1551 5367 1697 5422 aliud
1720 5382 1888 5438 quare
1908 5381 2017 5421 non

422 5465 678 5529 appetant
704 5458 938 5531 linguas,
992 5457 1119 5529 quia
1177 5454 1486 5511 eﬂiciuntur
1539 5455 1620 5511 sic
1647 5454 1877 5526 parvuli.
1910 5454 2019 5510 Sed

418 5546 598 5602 littera
626 5546 707 5602 sic
728 5546 978 5618 jungitur
1008 5545 1077 5600 ad
1106 5543 1410 5615 proximum
1444 5561 1457 5597 :
1492 5543 1643 5600 Sicut
1667 5543 1721 5598 in
1749 5560 1838 5600 me
1866 5542 2016 5600 vide-

418 5634 507 5702 tis,
541 5633 827 5706 loquimini
855 5640 1039 5691 vestro
1067 5648 1232 5689 sensu
1265 5647 1277 5687 :
1310 5639 1364 5689 et
1391 5631 1655 5705 similiter,
1686 5635 1899 5705 fratres
1921 5647 2015 5688 se-

2123 5103 2309 5158 cordis
2336 5104 2457 5174 ejus
2477 5106 2788 5175 manifesta
2810 5105 2949 5158 sunt
2976 5099 3080 5154 sibi
3110 5100 3214 5171 ipsi
3245 5118 3258 5157 :
3284 5103 3413 5174 quia
3440 5105 3494 5160 in
3526 5108 3733 5179 quibus

2123 5207 2182 5247 se
2211 5207 2474 5262 peccasse
2502 5208 2612 5248 non
2641 5192 2887 5264 putabat,
2912 5204 3011 5260 per
3030 5188 3328 5245 doctrinam
3357 5208 3520 5264 quam
3551 5197 3729 5267 audit,

2121 5280 2363 5352 graviter
2384 5297 2444 5336 se
2472 5297 2623 5336 reum
2643 5282 2944 5354 cognoscit.
2967 5276 3038 5332 Et
3074 5277 3163 5332 ita
3183 5280 3479 5348 convictus,
3513 5285 3730 5343 cadens

2120 5370 2183 5424 in
2204 5372 2413 5440 faciem
2430 5410 2446 5438 ,
2478 5369 2734 5426 adorabit
2761 5373 2965 5438 Deum,
2996 5379 3056 5427 ut
3082 5371 3312 5443 accipiat
3338 5371 3731 5431 remissionem

2118 5465 2491 5527 peccatorum,
2505 5461 2889 5531 pronuntians
2909 5459 3072 5515 etiam
3083 5460 3260 5531 palam
3281 5460 3553 5526 omnibus,
3577 5465 3730 5534 quod

2118 5546 2264 5602 Deus
2296 5562 2422 5601 vere
2451 5548 2530 5603 sit
2560 5548 2623 5602 in
2654 5546 2801 5604 vobis
2821 5549 3272 5620 prophetantibus
3303 5565 3317 5602 :
3350 5564 3487 5620 quos
3516 5548 3731 5624 linguis

2117 5633 2507 5692 tumultuantes
2533 5636 2697 5731 paulo
2724 5643 2850 5693 ante
2888 5636 3106 5694 dicebat
3151 5637 3413 5695 insanire.
3445 5637 3591 5708 Quia
3617 5656 3731 5698 nec
