3934 6416
342 426 460 490 919

1506 424 1991 489 EKKEHARDI
2035 423 2594 491 URAUGIENSIS

3640 423 3765 490 920

344 562 502 634 regis
534 578 662 620 cum
696 562 814 619 ﬁlio
847 577 908 620 se
952 561 1305 634 subjugavit,
1350 566 1407 619 et
1443 562 1521 619 ita
1556 562 1831 619 dimissus
1864 576 1992 618 cum
2024 559 2079 621 A
2111 566 2227 618 tam
2262 563 2445 634 urbis,
2480 579 2630 635 equo
2658 562 2924 634 cadente,
2969 576 3243 620 ascensor
3276 560 3545 620 Arnolt‘us
3578 564 3762 621 armis

347 652 535 723 gratia
569 658 628 708 et
663 668 803 723 pace
829 653 881 708 in
913 652 1134 709 Italiam
1163 654 1461 708 remeavit.
1489 653 1569 709 lbi
1593 653 1752 709 mirze
1779 651 1996 722 magni-

349 741 569 800 tudinis
601 741 749 812 lapis
785 742 1006 798 tonitru
1040 757 1105 798 ac
1136 743 1703 814 tempestatejactus
1724 741 1794 797 de
1824 741 1991 812 coelo,

350 831 553 901 ingens
586 830 925 888 miraculum
960 832 1160 888 multis
1190 833 1520 889 visentibus
1553 832 1806 903 prebuit.

421 922 589 989 (Win.
624 936 704 990 111,
745 926 829 991 12,
866 925 931 975 18
963 922 1114 992 sqq.)
1167 922 1294 977 Nati
1340 926 1474 977 sunt
1507 926 1700 978 autem
1736 921 1855 990 regi
1895 920 1995 976 filii

348 1024 420 1065 ex
453 1009 827 1065 serenissima
858 1011 1078 1081 regina,
1108 1010 1534 1082 primogenitus
1556 1010 1883 1080 IIcinrieus,
1910 1026 1997 1067 se-

347 1098 574 1154 cundus
618 1100 791 1168 Brun,
849 1100 1068 1156 tercius
1118 1100 1342 1171 paterni
1388 1100 1640 1157 nominis
1692 1101 1998 1171 majestate

349 1188 708 1259 designatus,
745 1205 912 1259 quem
940 1190 1055 1261 jam
1088 1194 1209 1245 tum
1255 1195 1387 1261 post
1425 1195 1649 1262 patrem
1701 1191 1996 1246 dominum

348 1291 413 1333 ac
446 1279 667 1347 patrem
702 1280 975 1349 sperabat
1006 1280 1169 1334 orbis
1192 1280 1522 1352 universus,
1551 1279 1745 1336 tiiliam
1772 1293 1999 1350 quoque

349 1371 569 1422 sancta)
604 1368 807 1423 matris
833 1369 959 1437 ejus
1004 1369 1291 1425 vocabulo
1323 1369 1675 1438 insignitam.
1714 1368 1999 1423 Luitolqu

351 1461 566 1527 autem,
588 1457 743 1513 titius
767 1459 942 1528 regis,
959 1462 1018 1514 et
1042 1460 1425 1515 Chuonradus
1452 1458 1561 1531 “’5,
1588 1474 1767 1529 gener
1789 1457 1998 1529 ipsius,

354 1558 500 1602 nova
535 1548 798 1616 quzrdam
833 1549 1154 1605 moliuntur
1185 1553 1387 1605 contra
1424 1564 1637 1617 regem.
1673 1548 1836 1613 Quod
1868 1560 1999 1603 cum

352 1648 484 1691 eum
508 1651 618 1691 non
646 1636 877 1707 lateret,
903 1638 1057 1693 circa
1085 1638 1371 1695 Kalendas
1392 1640 1526 1695 Julii
1553 1644 1709 1694 moto
1734 1636 2000 1693 exercitu

355 1730 557 1781 contra
589 1741 711 1795 eos,
748 1727 949 1781 obvias
986 1729 1158 1784 urbes
1192 1729 1375 1800 partis
1407 1728 1667 1784 adversa:
1697 1731 1796 1783 aut
1826 1725 2002 1781 armis

353 1818 453 1869 aut
486 1814 783 1871 deditione
814 1817 992 1888 cepit,
1028 1832 1334 1889 quousque
1368 1818 1713 1887 Mogontiam
1740 1815 2003 1888 perveni-

2106 658 2321 710 exutus
2351 653 2600 725 ilicoque
2638 654 2769 710 telis
2799 655 3098 726 perfossus
3139 653 3434 710 occubuit.
3485 656 3620 710 Post
3675 653 3760 709 bi-

2107 743 2282 800 duum
2315 760 2342 799 a
2376 744 2637 814 muliere,
2674 745 2876 800 famem
2906 743 3067 800 urbis
3103 743 3377 812 fugiente,
3415 742 3755 800 morsillius

2108 832 2467 898 notificatur,
2520 833 2653 888 dum
2702 836 2870 888 antea
2940 832 3289 888 nesciretur.
3340 830 3515 901 Cujus
3564 836 3753 888 morte

2107 923 2314 978 urbani
2348 923 2492 978 satis
2524 922 2907 992 consternati,
2938 922 3053 992 jam
3087 922 3158 977 de
3202 936 3347 993 pace
3396 922 3749 978 tractabant.

2106 1011 2356 1067 Proinde
2391 1013 2724 1068 interventu
2761 1012 3085 1084 principum
3122 1009 3405 1067 Luitolqu
3435 1011 3643 1067 iterum
3678 1010 3753 1067 de

2109 1103 2253 1157 urbe
2304 1117 2674 1173 progressus,
2710 1101 2845 1158 dum
2898 1115 3093 1157 mense
3136 1100 3360 1170 integro
3407 1104 3463 1156 et
3515 1099 3754 1156 dimidio

2109 1190 2504 1262 obsideretur,
2542 1206 2741 1263 pacem
2773 1190 3026 1247 obtinuit
3074 1204 3259 1261 usque
3301 1190 3371 1245 ad
3420 1190 3750 1247 condictum

2109 1280 2281 1349 diem,
2316 1280 2449 1337 dum
2485 1281 2555 1336 de
2604 1282 2690 1336 his
2740 1281 2933 1336 causis
2984 1279 3444 1349 dijudicaretur;
3476 1278 3753 1350 locusque

2108 1369 2340 1425 concilii
2386 1370 2535 1440 apud
2586 1369 2887 1426 Friteslari
2956 1370 3289 1425 notabatur.
3340 1369 3463 1424 Rex
3513 1368 3642 1424 inde
3695 1370 3750 1424 in

2110 1459 2356 1529 patriam
2380 1475 2658 1515 reversus
2687 1464 2798 1527 est,
2824 1459 3129 1515 lleinricus
3151 1473 3289 1515 vero
3312 1459 3525 1515 Novam
3552 1459 3749 1515 urbem

2110 1547 2367 1603 obtinuit
2393 1548 2743 1618 ;Ratispona
2770 1548 3032 1619 proxima
3058 1551 3227 1603 nocte
3250 1562 3390 1619 pene
3408 1550 3527 1603 tota
3543 1552 3751 1602 exusta

2111 1640 2218 1692 est.
2243 1638 2377 1692 Post
2402 1637 2523 1693 hzec
2547 1637 2907 1693 exercitandi
2928 1636 3112 1706 gratia
3130 1651 3259 1693 cum
3277 1651 3378 1691 rex
3393 1636 3753 1692 venationem

2113 1730 2312 1795 ageret
2348 1726 2399 1780 in
2438 1725 2563 1781 loco
2594 1726 2689 1797 qui
2721 1726 2937 1782 dicitur
2970 1725 3262 1795 vaeldon,
3299 1724 3452 1780 filius
3484 1724 3629 1795 patri
3655 1740 3758 1781 nu-

2116 1814 2268 1870 datis
2293 1814 2503 1886 plantis
2529 1816 2947 1887 prosternitur,
2971 1815 3380 1870 intimatactus
3396 1814 3754 1885 poenitentia,

356 1907 464 1971 ret,
498 1919 668 1974 quam
704 1904 856 1961 filius
882 1906 989 1975 iam
1020 1922 1149 1962 eum
1174 1907 1437 1964 exercitu
1462 1906 1723 1976 intravit,
1750 1910 2001 1977 patrem-
2034 1924 2086 1983 Β
2118 1905 2303 1976 patris
2338 1904 2601 1976 primum,
2638 1903 2847 1959 deinde
2889 1903 3140 1958 omnium
3178 1902 3533 1974 presentium
3568 1916 3757 1958 move-

357 2008 487 2063 que,
508 1994 665 2049 dictu
693 1995 1051 2051 miserabile!
1081 2001 1340 2052 armatus
1365 1996 1752 2068 exspectavit.
1770 1996 1852 2050 lbi
1871 1993 2002 2066 plus

359 2096 528 2152 quam
561 2083 731 2139 civile
764 2085 1035 2154 omnique
1085 2084 1418 2141 calamitate
1465 2085 1736 2141 acerbius
1788 2083 2003 2139 bellum

357 2177 612 2242 emptum
643 2177 751 2243 est,
788 2174 1065 2230 machinae
1100 2174 1295 2231 multm
1317 2175 1497 2231 muris
1518 2176 1788 2243 admotze,
1816 2172 1913 2229 sed
1934 2173 2005 2227 ab

358 2261 597 2317 urbanis
629 2262 944 2319 destructaa
977 2267 1115 2319 sunt
1146 2263 1236 2319 vel
1290 2264 1582 2330 incensa};
1616 2265 1839 2319 crebrae
1873 2264 2006 2317 ante

360 2355 562 2421 portas
585 2366 794 2422 pugnae
820 2369 833 2415 ;
856 2366 987 2408 raro
1014 2353 1338 2409 forinsecus
1364 2353 1651 2409 stationes
1672 2353 1835 2408 fusae.
1863 2354 2009 2408 Cun-

360 2441 576 2496 ctando
599 2442 746 2496 enim
772 2457 868 2498 res
891 2442 1218 2509 variabant,
1242 2442 1374 2499 dum
1402 2442 1822 2498 dominatorem
1845 2439 2006 2509 regni

364 2529 524 2598 foris,
562 2529 719 2586 intus
749 2546 1152 2587 successorem
1196 2530 1496 2587 timebant.
1535 2531 1777 2587 Obsidio
1812 2532 2009 2602 itaque

362 2618 494 2674 dum
527 2620 826 2689 sexaginta
860 2620 1038 2675 ferme
1073 2620 1199 2676 dies
1246 2621 1581 2691 excederet,
1618 2635 1811 2676 sermo
1844 2620 1903 2674 ﬁt
1938 2620 2009 2675 de

361 2722 503 2779 pace
530 2727 544 2775 ;
581 2709 727 2765 unde
745 2710 919 2767 datur
940 2711 1115 2766 obses
1140 2711 1193 2766 in
1220 2712 1421 2766 urbem
1439 2710 1830 2767 consobrinus
1854 2710 2009 2779 regis

361 2798 674 2869 Ekbcrtus,
710 2815 823 2870 quo
854 2799 1002 2855 liber
1028 2799 1082 2854 in
1108 2804 1299 2855 castra
1325 2799 1441 2855 illis
1467 2804 1693 2871 pateret
1717 2814 2005 2855 accessus.

368 2885 541 2941 Filius
555 2903 681 2943 eum
698 2904 915 2956 genero
931 2892 1052 2943 cast
1065 2904 1121 2944 ra
1140 2888 1411 2958 ingressi,
1431 2888 1727 2958 regalibus
1740 2888 2010 2955 vestigiis

366 2979 842 3046 prosternuntur,
885 2978 1242 3047 spondentes
1290 2993 1394 3049 pro
1438 2978 1661 3033 scelere
1708 2979 1897 3034 omnia
1950 2993 2012 3035 se

366 3081 663 3135 passuros,
702 3069 762 3121 ut
796 3066 1085 3121 auxiliarii
1120 3070 1343 3123 tantum
1368 3067 1535 3123 amici
1562 3068 1739 3123 nichil
1763 3067 2015 3140 malipa-

367 3158 651 3211 terentur.
686 3156 804 3210 Rex
839 3159 1030 3211 autem
1063 3171 1175 3212 non
1206 3156 1508 3212 inveniens
1532 3158 1822 3227 quomodo
1846 3158 2016 3214 meri-

2119 1994 2218 2049 bat
2250 1993 2539 2048 lacrimas.
2581 1995 2786 2048 Amore
2821 1992 3017 2061 itaque
3056 1996 3302 2063 paterno
3346 1995 3649 2062 susceptus
3698 1990 3755 2045 in

2115 2083 2383 2152 gratiam,
2408 2082 2655 2153 Spondet
2681 2097 2741 2136 se
2765 2082 3304 2152 obtemperaturum
3325 2079 3477 2135 cunni
3502 2084 3756 2150 paternae

2116 2170 2425 2227 voluntati.
2453 2173 2675 2226 Interea
2703 2185 2962 2227 summus
2986 2169 3247 2240 pontifex
3263 2167 3760 2249 Fridericusegro-

2119 2265 2245 2315 tare
2276 2260 2587 2315 nunciatur
2614 2276 2626 2323 ;
2659 2258 3020 2331 quapropter
3049 2258 3203 2327 regis
3236 2256 3511 2329 placitum
3535 2257 3758 2313 modice

2119 2349 2405 2406 differtur.
2433 2349 2716 2405 Defuncto
2742 2348 3037 2420 pontifice,
3066 2344 3415 2402 universalis
3439 2350 3760 2401 conventus

2122 2439 2317 2512 populi
2348 2439 2725 2501 celebratur;
2762 2438 3045 2507 .‘iiogontia
3080 2440 3209 2508 post
3237 2450 3448 2491 annum
3497 2439 3556 2490 et
3597 2434 3762 2489 dimi-

2120 2530 2275 2585 dium
2309 2544 2439 2584 cum
2473 2528 2624 2583 omni
2662 2527 2896 2583 Francia
2933 2527 3052 2596 regi
3084 2525 3379 2589 traditur;
3417 2523 3763 2593 11Ιὶ11801ςο-

2121 2634 2225 2675 ner
2254 2619 2306 2673 in
2338 2618 2584 2688 gratiam
2618 2618 2873 2689 suscepti
2920 2620 3073 2686 sunt,
3111 2631 3219 2686 qua
3250 2617 3310 2670 et
3342 2614 3395 2669 in
3430 2612 3594 2669 ﬁnem
3626 2612 3762 2669 iide-

2121 2706 2255 2763 liter
2292 2708 2375 2764 usi
2411 2711 2567 2763 sunt.

2192 2799 2309 2852 Rex
2373 2796 2671 2865 ingressus
2740 2793 3044 2849 Saxoniam
3111 2792 3263 2849 circa
3327 2789 3607 2847 Kalendas
3644 2789 3758 2845 Jul.

2121 2886 2324 2943 obvios
2356 2884 2555 2940 habuit
2592 2883 2820 2952 legatos
2852 2882 3255 2952 Ungariorum,
3282 2885 3551 2951 tanquam
3572 2879 3645 2934 ob
3670 2892 3765 2933 au-

2122 2978 2343 3047 tiquam
2379 2975 2545 3030 fidem
2580 2979 2639 3028 et
2667 2972 2912 3042 gratiam
2947 2987 3075 3028 eum
3098 2971 3420 3039 visitantcs,
3447 2982 3645 3024 revera
3668 2983 3767 3023 au-

2126 3071 2262 3135 tem,
2298 3068 2360 3120 ut
2393 3062 2739 3133 quibusdam
2772 3060 3101 3120 videbatur.
3128 3063 3393 3115 eventum
3425 3056 3559 3113 belli
3580 3056 3771 3113 civilis

2123 3154 2583 3211 considerantes.
2619 3152 2775 3217 Quos
2805 3165 2933 3205 cum
2987 3164 3186 3205 secum
3220 3145 3532 3218 aliquantis
3560 3146 3768 3201 diebus

364 3248 457 3300 tas
493 3257 670 3315 penas
704 3244 822 3300 lilio
857 3245 1121 3316 inferret,
1176 3247 1436 3302 fautores
1469 3246 1807 3303 insidiarum
1841 3262 2015 3318 expo-
2049 3285 2093 3345 (η
2129 3242 2469 3299 retinuisset
2502 3245 2560 3296 et
2585 3239 2878 3309 aliquibus
2904 3237 3262 3294 munusculis
3286 3237 3530 3292 donatos
3554 3235 3603 3289 in
3631 3248 3769 3305 pace

405 3337 414 3345 .
468 3332 481 3345 1
532 3336 540 3345 .
608 3333 690 3345 -ιι-
826 3338 833 3345 .
987 3335 996 3345 ι
1252 3336 1290 3345 ..
1420 3335 1429 3345 ι
1545 3336 1577 3345 ..
1701 3336 1778 3345 ..-
1866 3338 1902 3345 ..
1998 3340 2005 3345 .
2068 3323 2096 3345 Α
2259 3332 2269 3343 ο
2313 3333 2322 3343 ι
2422 3332 2442 3345 ι.
2522 3344 2525 3345 ,
2608 3330 2640 3345 ι·
2693 3330 2726 3345 ιι
2775 3342 2787 3345 Α
2832 3343 2854 3345 ,_
2892 3344 2895 3345 ,
2927 3344 2933 3345 .
2964 3328 3045 3345 .U,
3093 3326 3281 3345 {n-1,}.
3357 3324 3510 3345 .l.-..2-
3547 3322 3759 3345 -_!l!,...l

366 3332 569 3389 stulat.
607 3333 691 3388 Illi
744 3338 934 3390 autem
978 3335 1326 3406 jurameutis
1376 3335 1612 3393 vicariis
1659 3336 1902 3406 obligati
1956 3340 2013 3392 et
2049 3323 2096 3347 υ

369 3422 790 3493 quodammodo
841 3429 965 3481 arte
1012 3425 1234 3496 antiqui
1287 3425 1473 3481 hostis
1523 3425 1857 3494 constricti,
1908 3426 2018 3481 hoc

368 3510 602 3566 omnino
634 3512 944 3583 negabant,
979 3512 1177 3583 sicque
1208 3512 1419 3569 infecta
1444 3528 1504 3569 re
1529 3514 1581 3569 in
1612 3515 1810 3569 urbem
1835 3514 2020 3569 redie-

372 3599 530 3654 bant.
586 3601 872 3656 Ekbcrtns
920 3606 1135 3671 autem,
1189 3602 1285 3672 qui
1342 3603 1519 3657 obses
1571 3603 1744 3657 datus
1790 3606 1916 3657 erat
1964 3603 2017 3657 in

371 3689 592 3759 urbem,
615 3689 999 3746 suasibilibus
1021 3690 1220 3745 verbis
1247 3690 1366 3758 regi
1394 3690 1453 3744 fit
1481 3690 1784 3760 adversus,
1810 3695 2016 3746 cumet

370 3781 539 3833 antea
573 3784 816 3849 prepter
850 3777 1259 3847 correptiones
1287 3777 1414 3845 ejus
1448 3777 1531 3832 illi
1565 3778 1773 3834 fuisset
1809 3778 2016 3834 iratus.

374 3867 648 3937 Sequenti
686 3867 865 3936 igitur
897 3871 1070 3922 nocte
1102 3865 1608 3935 Bajoariieomites
1634 3867 1883 3928 lleinrici
1914 3869 2021 3924 fra-

376 3955 483 4010 tris
518 3955 692 4024 regis,
730 3954 936 4010 relicto
967 3954 1260 4024 eo,juncti
1285 3960 1412 4012 sunt
1446 3956 1717 4026 Luitolfo,
1743 3972 1873 4013 cum
1899 3958 2023 4028 qui-

378 4044 486 4098 bus
516 4042 641 4114 ipse
677 4058 946 4114 pergens,
982 4045 1180 4099 urbem
1216 4044 1433 4113 regiam
1468 4045 1840 4117 Ratisponam
1865 4048 2021 4118 cepit

376 4147 505 4187 cum
537 4133 754 4189 ceteris
786 4133 841 4188 in
872 4148 941 4189 ea
963 4134 1201 4204 regione
1225 4134 1651 4205 munitissimis,
1678 4150 2021 4208 omnemque

378 4222 681 4291 pecuniam
714 4223 880 4279 ducis
914 4223 1165 4280 lleinrici
1191 4224 1313 4280 suis
1335 4224 1617 4281 militibus
1637 4224 1858 4298 divisit,
1887 4243 2023 4283 cou-

370 4310 565 4379 jugem
596 4310 720 4379 ejus
750 4326 879 4366 cum
911 4311 1045 4369 filiis
1076 4318 1132 4367 et
1165 4313 1369 4368 amicis
1404 4329 1515 4372 non
1547 4314 1734 4370 solum
1756 4317 1898 4372 urbe
1924 4318 2021 4373 sed

374 4404 434 4454 et
461 4399 696 4469 regione
727 4401 1012 4457 excedere
1042 4401 1252 4472 coegit.
1290 4403 1421 4458 Haac
1445 4403 1632 4459 omnia
1658 4404 1870 4460 fiebant
1893 4421 2027 4462 eon-

378 4489 510 4544 silio
542 4490 759 4545 Arnolti
786 4491 1038 4560 junioris
1081 4493 1443 4561 fratrumque
1476 4508 1733 4564 suorum,
1767 4508 1837 4549 00
1871 4496 2025 4565 quod

380 4579 500 4650 ipse
553 4579 857 4635 lleiuricus
906 4584 1210 4651 paternum
1261 4580 1506 4636 haberet
1556 4581 1852 4638 ducatum.
1906 4584 2024 4638 Rex

377 4684 515 4722 vero
547 4668 727 4723 filium
776 4670 1165 4739 subsequens,
1200 4671 1399 4725 urbem
1452 4670 1831 4741 Ratisponam
1874 4673 2031 4728 obsi-
2060 4646 2111 4704 Π

378 4758 546 4813 dionc
576 4756 963 4813 circunuledit
996 4776 1009 4825 ;
1044 4758 1148 4813 sed
1179 4774 1307 4813 cum
1364 4757 1680 4814 multitudo
1732 4760 2029 4817 machinas

379 4847 506 4902 urbi
540 4846 824 4918 applicari
858 4862 969 4902 non
1005 4846 1246 4915 sineret,
1283 4847 1430 4902 satis
1456 4847 1601 4902 dure
1634 4848 1925 4904 interdum
1959 4851 2030 4905 ab

381 4935 646 5005 utrisque
678 4940 997 5005 pugnatum
1029 4939 1122 4990 cst
1156 4950 1259 5005 pro
1294 4935 1496 4991 muris.
1542 4937 1753 4991 l’rbani
1803 4937 2031 4994 crebris

379 5025 567 5080 attriti
601 5024 837 5097 prmliis.
876 5025 1021 5080 fame
1054 5039 1283 5094 quoque
1326 5024 1651 5095 periclitari
1700 5033 2027 5099 eruperunt.

382 5113 541 5169 Unde
584 5112 869 5169 Luitolqu
917 5114 1059 5169 urbe
1109 5128 1387 5182 egressus
1433 5130 1562 5170 cum
1612 5114 2032 5187 principalibus

385 5202 545 5274 viris,
585 5217 782 5274 pacem
815 5202 1096 5273 postulat,
1132 5202 1233 5259 sed
1259 5217 1369 5258 non
1401 5204 1694 5275 impetrat,
1724 5205 1855 5274 quia
1884 5206 2032 5276 patri

384 5291 795 5346 oboedientiam
822 5294 1012 5359 negat.
1033 5292 1320 5348 Reversus
1340 5308 1476 5348 vero
1496 5293 1545 5346 in
1566 5294 1787 5364 urbem,
1810 5300 2034 5365 portam

386 5378 730 5435 orientalem
754 5378 1121 5435 obsidentem
1149 5380 1325 5437 armis
1347 5385 1594 5453 temptat
1618 5382 1919 5451 Geronem,
1952 5387 2035 5437 tot

387 5466 651 5523 victoriis
682 5470 825 5538 quot
860 5468 1080 5537 praeliis
1112 5467 1354 5524 clarum.
1390 5471 1434 5524 A
1465 5468 1647 5524 tercia
1683 5469 1862 5538 igitur
1892 5470 2036 5525 hora

388 5567 568 5624 usque
598 5556 654 5610 in
688 5569 895 5611 nonam
927 5570 1057 5612 cum
1091 5556 1308 5612 acriter
1340 5561 1699 5629 pugnaretur
1728 5561 1861 5613 ante
1911 5572 2040 5629 por-

2130 3332 2474 3397 rcmisisset,
2509 3330 2732 3385 audivit
2768 3342 2796 3383 a
2830 3328 3058 3384 nunciis
3092 3326 3315 3393 fratris,
3348 3324 3512 3381 ducis
3545 3322 3767 3380 scilicet

2132 3421 2528 3493 Bajoariorum
2556 3437 2568 3475 :
2605 3418 2760 3484 Quia
2789 3432 2914 3475 ecce
2947 3416 3206 3489 Ungarii
3237 3414 3450 3488 (liﬂusi
3482 3410 3775 3470 invadunt

2133 3511 2413 3568 terminos
2428 3509 2577 3579 tuos,
2593 3507 2983 3577 statumque
3008 3506 3195 3563 tecum,
3207 3506 3652 3575 inirepugnam.
3673 3500 3771 3554 His

2133 3615 2236 3655 rex
2268 3598 2504 3666 auditis,
2541 3596 2708 3667 quasi
2743 3595 2917 3651 nichil
2952 3595 3173 3651 laboris
3206 3593 3492 3665 preterito
3517 3604 3661 3646 anno
3687 3593 3772 3643 to-

2134 3688 2400 3755 lerasset,
2435 3686 2612 3755 cmpit
2646 3684 2728 3739 ire
2760 3689 2962 3738 contra
3007 3684 3227 3753 hostes,
3279 3681 3530 3752 sumptis
3580 3693 3771 3734 secum

2134 3775 2334 3847 paucis
2356 3772 2680 3829 ammodum
2704 3786 2775 3826 ex
2796 3770 3140 3838 Saxonibus,
3159 3786 3226 3826 eo
3247 3771 3401 3841 quod
3421 3784 3538 3839 jam
3562 3765 3772 3824 bellum

2134 3862 2535 3920 Sclavouicum
2571 3868 2827 3929 urgeret.
2862 3859 3086 3914 Castris
3130 3858 3308 3927 igitur
3340 3858 3548 3929 positis
3582 3857 3634 3911 in
3669 3857 3775 3911 Au-

2132 3958 2322 4023 gustze
2390 3950 2552 4007 urbis
2615 3948 2904 4017 confiniis,
2956 3946 3254 4004 exercitus
3320 3947 3670 4002 Francorum
3718 3947 3772 4000 et

2135 4041 2528 4113 Bajoariorum
2562 4039 2613 4095 ci
2647 4038 2903 4095 occurrit
2932 4056 2947 4105 ;
2974 4054 3103 4093 cum
3139 4035 3328 4092 valido
3357 4051 3589 4106 quoque
3626 4034 3774 4091 venit

2133 4132 2401 4204 equitatu
2436 4130 2490 4185 in
2521 4133 2713 4184 castra
2747 4128 2864 4183 dux
2896 4126 3276 4182 Chuonradus
3303 4124 3503 4193 ;cujus
3527 4124 3773 4180 adventu

2136 4222 2352 4279 milites
2384 4219 2717 4289 erecti,jam
2751 4217 3026 4288 optabant
3064 4229 3174 4269 non
3208 4214 3425 4270 ditl’crri
3457 4216 3768 4269 certamen.

2136 4315 2274 4369 Erat
2303 4310 2455 4366 enim
2490 4309 2607 4365 dux
2639 4307 2786 4362 idem
2824 4311 3033 4361 natura
3063 4304 3301 4361 audacis
3323 4302 3517 4373 animi,
3544 4306 3600 4358 et
3626 4302 3775 4371 quod

2139 4417 2334 4459 rarum
2364 4404 2455 4455 est
2487 4397 2826 4464 audacibus,
2858 4398 3041 4451 bonus
3073 4393 3339 4463 consilio,
3366 4400 3423 4448 et
3449 4392 3579 4448 dum
3602 4389 3781 4462 pedes

2140 4498 2199 4547 et
2229 4491 2363 4547 dum
2395 4503 2577 4559 eques
2607 4486 2715 4541 iret
2741 4486 2791 4540 in
2820 4486 3070 4554 hostem,
3098 4482 3349 4539 bellator
3375 4477 3777 4547 intolerabilis,

2143 4578 2295 4635 domi
2327 4594 2393 4634 ac
2430 4576 2633 4631 militia
2663 4575 2837 4629 karus
2868 4574 3069 4629 sociis.
3122 4571 3307 4642 Igitur
3354 4571 3426 4627 ab
3475 4567 3781 4637 utriusque

2144 4667 2440 4724 exercitus
2474 4664 2964 4720 latrocinantibus
3014 4660 3341 4731 agminibus
3369 4655 3783 4713 notiﬁcabatur

2144 4770 2254 4812 non
2270 4756 2439 4823 longe
2456 4754 2526 4808 ab
2542 4752 2783 4807 invicem
2812 4752 2933 4806 fore
2961 4755 3207 4820 uterque
3226 4748 3540 4804 exercitus.
3557 4745 3783 4815 Jejunio

2143 4846 2341 4915 itaque
2373 4844 2426 4898 in
2461 4842 2676 4898 castris
2710 4840 3034 4912 predicato,
3064 4839 3289 4909 jussum
3331 4841 3423 4893 est
3468 4850 3663 4892 omnes
3714 4835 3782 4890 ad

2144 4932 2358 4989 bellum
2407 4935 2641 5002 paratos
2686 4944 2810 4983 esse
2861 4926 2914 4981 in
2963 4926 3240 4982 crastino.
3296 4924 3485 4981 Primo
3528 4922 3786 4979 diluculo

2146 5029 2477 5096 surgentes,
2513 5036 2652 5094 pace
2684 5021 2816 5075 data
2850 5024 2905 5073 01
2940 5025 3202 5089 accepta,
3235 5028 3527 5088 eperaque
3549 5028 3648 5070 sua
3675 5013 3789 5085 pri-

2146 5129 2298 5170 mum
2330 5112 2483 5182 duci,
2522 5110 2731 5165 deinde
2763 5110 2834 5164 ab
2869 5123 2979 5163 uno
3005 5121 3233 5178 quoque.
3257 5104 3573 5161 altericqu
3600 5118 3791 5158 sacra-

2147 5206 2341 5259 mento
2376 5200 2681 5272 promissa,
2716 5196 2930 5253 erectis
2960 5195 3163 5265 signis,
3198 5208 3439 5250 numero
3471 5191 3632 5262 quasi
3657 5198 3790 5247 oclo

2148 5291 2408 5361 legiones
2439 5288 2766 5360 procedunt
2796 5302 2825 5341 c
2849 5286 3080 5341 castris.
3109 5283 3350 5339 Ducitur
3373 5280 3667 5337 exercitus
3692 5297 3794 5352 per

2148 5394 2352 5451 aspera
2382 5383 2441 5433 et
2475 5375 2727 5432 dillicilia
2763 5375 2906 5445 loca,
2942 5388 3010 5429 ne
3060 5374 3298 5430 daretur
3330 5371 3598 5427 hostibus
3627 5371 3791 5441 copia

2153 5466 2423 5523 turbandi
2457 5465 2692 5535 sagittis
2712 5465 2959 5534 agmina,
2987 5464 3200 5533 quibus
3224 5463 3467 5517 utuntur
3487 5473 3643 5515 aceri
3661 5459 3794 5529 imo,

2152 5556 2412 5613 arbustis
2440 5571 2504 5611 ea
2537 5553 3006 5626 protegentibus.
3045 5551 3289 5607 Primam
3322 5552 3378 5605 et
3403 5549 3717 5605 secundam
3743 5556 3797 5607 et

1744 5654 1981 5711 νΑΗΙίΕ
2041 5654 2332 5712 LECTION
2341 5654 2439 5711 ES.

464 5747 549 5783 ¹⁵²⁶
575 5748 951 5807 chuorandus
978 5755 1025 5808 l.
