3934 6416
199 455 322 519 921

1061 441 1502 511 CHRONICA.
1556 475 1630 486 --
1674 430 2151 502 CHRONICON
2193 425 2741 494 UNIVERSALE.

3480 409 3598 476 922

203 589 744 661 terciamlegionem
763 573 1850 654 direxeruntBajoarii,quibusprefue-
1877 574 1934 637 A
1963 577 2236 647 portatur
2258 565 2671 636 Wormaeiam,
2700 561 2894 634 ibique
2920 555 3204 630 sepelitur
3231 551 3505 610 cumﬂetu
3537 552 3602 604 et

2914 653 2932 661 _
3357 639 3488 661 μη,
3518 637 3567 661 ,ἢ

200 686 344 739 runt
376 680 619 752 prefecti
655 679 820 735 ducis
856 675 1103 734 Heinrici
1133 693 1146 742 ;
1172 689 1300 728 nam
1322 677 1379 727 et
1400 671 1521 741 ipse
1541 665 1695 723 bello
1717 664 1853 719 abe-

205 775 322 839 rat,
357 785 425 826 eo
458 770 611 840 quod
637 767 953 824 valitudine
979 763 1246 835 corporis
1281 762 1629 825 laborasset,
1657 755 1846 824 quaet

206 863 478 915 mortuus
502 864 608 914 est.
629 858 903 922 Quartam
931 855 1214 923 legionem
1236 849 1654 907 ordinaverunt
1680 845 1852 897 Fran-

207 948 291 1018 ci,
318 963 561 1018 quorum
588 950 785 1001 rector
806 960 872 1000 ac
896 948 1247 1016 procurator
1269 943 1394 996 erat
1420 937 1535 992 dux
1561 933 1854 988 Chuonra-

209 1036 684 1104 dus.(Wm.m,M
699 1036 883 1104 seqq.)
902 1035 956 1087 ln
977 1032 1196 1102 quinta,
1215 1032 1483 1100 quaeerat
1519 1021 1854 1086 maxima,et

210 1125 658 1196 qumdicebatur
683 1123 992 1193 regia,ipse
1022 1122 1288 1191 princeps
1310 1113 1717 1184 erat,vallatus
1743 1109 1856 1161 lec-

209 1215 292 1270 tis
314 1229 381 1268 ex
407 1214 673 1269 omnibus
698 1212 943 1267 militum
969 1201 1850 1274 milibusalacriquejuvcntute,

209 1317 524 1372 coramque
553 1317 620 1357 co
648 1300 889 1369 angelus
921 1331 988 1339 ——
1018 1299 1101 1353 sic
1132 1298 1280 1351 enim
1316 1294 1638 1350 vocabatur
1677 1283 1857 1341 vexil-

215 1390 332 1446 lum
358 1392 484 1459 cjus
505 1422 573 1430 ——
596 1392 776 1446 denso
805 1389 1029 1457 agmine
1055 1387 1506 1452 circumseptus.
1539 1381 1768 1433 Sextum
1798 1376 1857 1427 et

217 1481 520 1550 septimam
544 1479 823 1547 legionem
841 1477 1276 1533 constituerunt
1293 1471 1481 1536 Saevi,
1501 1467 1711 1538 quibus
1727 1475 1856 1533 pre-

218 1568 325 1624 fuit
352 1567 739 1630 Burcliardus,
766 1567 855 1621 cui
884 1569 1163 1635 nupserat
1194 1562 1306 1616 ﬁlia
1344 1557 1542 1614 fratris
1575 1553 1748 1621 regis.
1796 1551 1854 1604 lu

217 1662 420 1712 octava
444 1660 610 1711 erant
628 1655 1025 1711 Boemiielecti
1047 1653 1258 1706 milites
1277 1650 1452 1717 mille,
1471 1639 1857 1712 armispotius

219 1745 487 1801 instructi
515 1746 925 1815 quamjfortuna
955 1762 968 1809 ;
999 1744 1051 1796 in
1078 1757 1186 1811 qua
1212 1746 1269 1793 et
1295 1737 1538 1793 sarcinze
1563 1746 1761 1788 omnes
1792 1742 1858 1782 ac

219 1835 627 1906 impedimenta
671 1848 931 1902 quaeque,
985 1831 1148 1901 quasi
1205 1829 1322 1897 ipsa
1371 1828 1521 1880 esset
1567 1818 1857 1874 tutissima

1964 665 2199 736 planctu
2229 661 2480 717 omnium
2513 661 2880 713 Francorum.
2914 653 3038 722 ipsa
3073 662 3211 701 vero
3239 644 3329 699 die
3357 639 3490 696 belli
3517 637 3597 693 in-

1961 767 2101 810 vasa
2127 756 2262 808 sunt
2293 756 2508 817 castra,
2540 750 2596 800 et
2625 743 2838 815 captivi
2870 753 3068 795 omnes
3097 733 3306 804 erepti,
3342 726 3596 785 secundo

1964 849 2155 900 autem
2184 843 2275 897 die
2309 855 2372 895 ac
2407 839 2590 893 tereio
2617 851 2645 891 a
2664 832 2871 889 vicinis
2895 828 3137 884 urbibus
3163 823 3383 890 reliqua
3409 815 3599 871 multi-

1964 935 2106 991 tudo
2140 933 2193 987 in
2221 935 2444 986 tantum
2473 925 2814 994 consumpta
2841 923 2954 988 est,
2986 922 3045 971 ut
3075 912 3269 970 nullus
3294 914 3392 963 aut
3427 921 3596 962 rarus

1965 1024 2259 1079 evaderet.
2283 1022 2420 1074 Tres
2442 1018 2618 1072 duces
2643 1011 2830 1082 gentis
2855 1005 3151 1075 Ungaricm
3172 998 3325 1070 capti
3350 995 3598 1063 ducique

1967 1113 2234 1167 lleinrico
2252 1106 2603 1179 przesentati,
2624 1101 2767 1157 mala
2787 1102 2991 1164 morte,
3013 1098 3074 1148 ut
3091 1089 3244 1157 digni
3261 1081 3600 1151 erant,mul—

1968 1203 2073 1257 tati
2096 1205 2226 1257 sunt
2256 1195 2604 1266 ;snspendio
2626 1204 2868 1258 namque
2889 1182 3262 1254 crepuerunt.
3291 1172 3599 1242 Triumpho

1967 1290 2181 1346 celebri
2200 1302 2298 1343 rex
2316 1288 2500 1340 factus
2515 1271 3192 1351 gloriosus,ahcxercitu
3220 1271 3383 1338 pater
3400 1259 3600 1333 patrize

1968 1397 2033 1436 ac
2067 1381 2382 1449 imperator
2405 1379 2495 1429 est
2517 1369 2866 1442 appellatus.
2884 1361 3146 1419 Decretis
3166 1354 3409 1429 proinde
3427 1351 3604 1405 hono-

1969 1470 2128 1524 ribus
2158 1473 2215 1523 et
2250 1465 2437 1533 dignis
2467 1460 2737 1518 laudibus
2770 1468 3006 1512 summie
3040 1445 3330 1507 divinitati
3356 1456 3457 1512 per
3490 1439 3603 1493 sin-

1966 1559 2133 1628 gulas
2163 1555 2480 1620 (ecclesias,
2517 1552 2624 1605 hoc
2656 1549 2803 1602 idem
2848 1547 3063 1599 sancta:
3115 1535 3282 1592 matri
3332 1546 3450 1587 sure
3504 1542 3603 1598 per

1968 1647 2212 1703 nuncios
2232 1643 2603 1709 demandans,
2627 1653 2754 1694 cum
2776 1631 3034 1705 tripudio
3056 1644 3119 1684 ac
3145 1637 3362 1682 summa
3390 1617 3598 1675 lieticia

1971 1737 2272 1791 Saxoniam
2299 1708 2636 1796 revertitur,
2661 1731 2716 1781 ct
2755 1740 2783 1779 a
2818 1720 3030 1794 populo
3070 1733 3174 1773 suo
3223 1708 3602 1766 libentissime

1972 1825 2308 1895 suscipitur.
2347 1823 2540 1889 Neque
2565 1817 2714 1871 enim
2741 1819 2899 1868 tanta
2925 1806 3165 1864 victoria
3191 1802 3496 1873 quisquam
3524 1809 3609 1849 rc-

220 1939 345 1993 ‘lUiB
376 1930 431 1980 0t
467 1923 796 1979 novissima.
834 1922 939 1976 Sed
977 1922 1147 1974 aliter
1175 1933 1265 1972 res
1294 1919 1418 1970 acta
1453 1917 1561 1969 est.
1588 1912 1726 1964 Nam
1748 1909 1858 1961 Un-
1889 1935 1941 1994 Β
1974 1930 2104 1984 gum
2136 1889 2292 1967 intra
2320 1911 2601 1965 (lucentes
2633 1919 2814 1960 annos
2845 1905 2974 1955 ante
3003 1911 3131 1953 eum
3160 1893 3392 1948 lzctatus
3426 1889 3532 1940 est.

215 2012 558 2082 gariinichil
583 2015 928 2067 cunctantes
950 2009 1037 2041 “‘37
1075 2009 1263 2062 Licum
1295 2004 1551 2069 fluvium,
1589 1998 1682 2068 qui
1718 1995 1858 2050 Lehc

221 2101 458 2171 dicitur,
493 2101 870 2169 transierunt,
900 2098 1365 2164 cireuicntesque
1395 2091 1484 2123 “’3
1511 2087 1856 2150 exercitum,

219 2194 539 2244 extremam
566 2188 845 2257 legionem
874 2187 1106 2256 sagittis
1137 2187 1427 2240 lacessere
1452 2178 1775 2248 eruperunt,
1803 2175 1861 2226 et

222 2278 439 2348 impetu
465 2291 591 2333 cum
623 2277 839 2345 ingenti
869 2275 1286 2331 vociferatione
1314 2273 1484 2336 facto,
1517 2267 1645 2322 aliis
1687 2260 1862 2326 cesis,

219 2366 350 2422 aliis
371 2365 577 2436 captis,
603 2365 850 2420 sarcinis
874 2361 1348 2433 omnilmspotiti,
1367 2365 1596 2414 ceteros
1621 2352 1864 2421 legionis

225 2454 380 2510 illius
408 2459 664 2510 armatos
701 2455 896 2520 fugere
927 2451 1353 2521 compulerunt.
1385 2446 1660 2501 Similiter
1687 2441 1864 2512 septi-

224 2558 370 2598 mam
403 2558 467 2598 ae
499 2547 714 2599 sextam
750 2541 1031 2610 aggressi,
1063 2539 1328 2610 plurimis
1357 2552 1428 2591 ex
1468 2535 1551 2590 eis
1601 2533 1762 2598 fusis,
1811 2529 1862 2584 in

225 2634 414 2700 fugam
428 2634 752 2685 verterunt.
770 2632 890 2683 Rex
906 2633 1096 2683 autem
1112 2642 1238 2682 cum
1256 2624 1630 2691 advertisset,
1650 2618 1864 2676 bellum

223 2735 295 2776 ex
311 2720 554 2775 adverso
567 2718 964 2799 pretendi,scd
984 2721 1112 2787 post
1128 2720 1354 2785 tergum
1371 2712 1682 2768 novissima
1697 2709 1869 2778 agmi-

226 2824 294 2864 na
325 2808 665 2880 perielitari,
700 2807 852 2860 misit
884 2806 1020 2860 illuc
1050 2805 1252 2860 ducem
1291 2801 1694 2858 Chuonradum
1737 2811 1864 2852 cum

225 2901 431 2967 quarta
463 2897 726 2964 legione;
756 2895 849 2964 qui
881 2895 1116 2950 veniens
1146 2893 1410 2963 captivos
1453 2889 1692 2959 eripuit,
1740 2901 1868 2956 pre-

227 2985 356 3040 dam
407 2985 687 3053 excussit,
743 2984 1269 3051 latrocinantiaque
1321 2979 1571 3035 hostium
1642 2977 1866 3044 agmina

227 3073 612 3143 perturbavit.
635 3074 800 3127 Fusis
826 3072 1312 3126 latrocinai'itihus
1329 3067 1582 3137 undique
1607 3066 1871 3120 adversa-

226 3162 445 3217 riorum
475 3162 818 3229 agminibus,
851 3161 964 3215 dux
995 3160 1063 3215 ad
1095 3175 1286 3226 regem
1334 3157 1654 3213 revertitur
1691 3151 1872 3220 signis

226 3250 586 3318 victricibus,
618 3249 939 3318 niirun'n‘pie
970 3247 1025 3302 in
1054 3249 1283 3302 modum
1324 3242 1736 3301 cunctantibus
1782 3255 1874 3295 ve-

229 3338 446 3393 teranis
472 3337 971 3405 militibus,glori:ii
990 3335 1248 3391 victoria)
1275 3334 1546 3399 assuetis,
1572 3346 1700 3387 cum
1728 3343 1873 3384 novo

229 3426 413 3486 milite
441 3431 498 3480 et
530 3428 647 3481 fere
680 3425 932 3481 bellandi
980 3426 1179 3493 ignaro
1228 3421 1583 3491 triumphum
1627 3417 1871 3489 peregit.

228 3518 429 3570 Totum
458 3514 638 3583 igitur
664 3516 892 3584 pondus
918 3514 1100 3583 przelii
1124 3513 1238 3582 jam
1262 3527 1331 3567 ex
1354 3511 1597 3565 adverso
1622 3521 1748 3562 esse
1777 3520 1876 3559 rex

233 3603 1051 3674 conspiciens,exhortationis
1073 3603 1258 3669 gratia
1284 3616 1423 3656 suos
1449 3598 1738 3653 allocutus
1764 3598 1872 3664 est,

235 3707 472 3748 monens
499 3708 600 3748 eos
630 3693 995 3762 antiquarum
1032 3691 1407 3746 victoriarum
1449 3693 1507 3742 et
1555 3700 1744 3741 rerum
1793 3700 1880 3738 se-

237 3781 373 3836 dulo
400 3783 542 3835 bene
570 3787 890 3849 gestarum,
923 3786 980 3835 et
1009 3784 1070 3836 ut
1100 3779 1268 3834 modo
1295 3779 1347 3833 in
1377 3777 1562 3848 patria
1580 3790 1688 3830 non
1718 3774 1882 3828 culc-

239 3874 386 3937 rent,
423 3870 516 3938 qui
548 3869 746 3940 sepius
777 3874 830 3924 ct
864 3870 916 3922 in
943 3869 1126 3924 aliena
1152 3868 1404 3922 victores
1431 3865 1791 3926 existerent;
1822 3867 1879 3916 ct

237 3963 543 4028 postquam
575 3958 901 4026 huiusmodi
934 3958 1106 4012 verba
1142 3956 1385 4026 plurima
1417 3954 1598 4022 dedit,
1634 3953 1702 4006 ad
1753 3952 1882 4007 ulti-

240 4062 391 4102 mum
409 4047 601 4101 intulit
631 4065 641 4099 :
673 4047 860 4102 Plura
888 4043 1564 4116 loquerer,militesmei,
1579 4043 1634 4098 si
1656 4056 1882 4097 nossem

238 4133 426 4191 verbis
439 4150 469 4188 1:
478 4134 719 4189 virtutem
731 4149 763 4188 ’Β
771 4135 823 4188 el
845 4149 878 4188 (ι
890 4133 1164 4188 adactam
1177 4131 1397 4187 ani-mis
1408 4131 1625 4186 castris
1648 4130 1878 4199 augeri,

241 4222 404 4278 modo
418 4223 630 4277 melius
647 4222 880 4291 gladiis
910 4235 1090 4291 quam
1113 4220 1342 4289 linguis
1373 4193 1752 4288 incipiamus.
1787 4193 1883 4271 llis

244 4311 434 4379 dictis,
467 4315 702 4379 arrepto
731 4310 919 4378 clipeo
967 4323 1031 4362 ac
1064 4323 1228 4363 sacra
1260 4309 1479 4374 lancea,
1514 4307 1633 4376 ipse
1663 4306 1883 4375 primus

243 4415 454 4470 equum
488 4399 665 4453 vertit
695 4398 747 4451 in
781 4399 996 4466 hostes,
1033 4396 1336 4451 fortissimi
1365 4395 1566 4450 militis
1594 4409 1658 4449 ac
1681 4393 1885 4464 optimi

246 4487 614 4559 imperatoris
660 4487 904 4541 olﬁcium
949 4501 1179 4553 gerens.
1232 4484 1494 4540 Hostium
1542 4483 1887 4538 audaciores

248 4579 491 4650 primum
522 4578 892 4642 restiterunt,
923 4574 1130 4630 deinde
1159 4579 1216 4630 ut
1251 4573 1442 4630 socios
1466 4578 1628 4641 terga
1657 4576 1885 4627 vertere

2044 2004 2238 2057 Rebus
2271 2000 2448 2067 igitur
2482 1997 2591 2050 rite
2624 1989 2981 2062 compositis,
3029 2000 3128 2056 per
3174 1993 3395 2036 onmem
3442 1976 3611 2028 Fran-

1973 2092 2118 2147 ciam
2145 2087 2633 2155 SilXOlliﬁlllqllCCt
2663 2080 2879 2136 vicinas
2905 2077 3356 2140 circumquaque
3379 2067 3607 2132 gentes,

1974 2184 2207 2236 Romam
2230 2173 2520 2248 proficisci
2541 2177 2825 2234 statuens,
2852 2159 3308 2231 Longobardiam
3325 2148 3602 2224 perrexit.

1977 2269 2079 2325 Ubi
2112 2266 2362 2338 qualiter
2395 2277 2583 2328 regem
2621 2253 3128 2325 Longobardorum
3176 2239 3602 2310 Berengarium,

1975 2358 2152 2417 multa
2175 2355 2318 2410 mala
2343 2369 2469 2407 eum
2498 2350 2614 2404 ﬁlio
2639 2363 2744 2401 suo
2767 2343 3079 2399 Adclberto
3103 2332 3383 2392 {ccclesiis
3407 2329 3500 2384 Dei
3529 2327 3610 2380 in-

1979 2449 2277 2512 ferentem,
2317 2442 2544 2497 duobus
2567 2436 2731 2492 annis
2754 2429 3075 2494 obsederit,
3105 2427 3452 2493 eaptmnque
3483 2429 3611 2471 cum

1975 2536 2218 2604 conjuge
2250 2535 2307 2586 et
2335 2530 2466 2583 ﬁliis
2501 2528 2552 2581 in
2587 2524 2821 2579 exilium
2858 2517 3100 2584 miserit,
3146 2516 3432 2567 Romanos
3480 2505 3620 2558 duo-

1980 2628 2085 2681 bus
2110 2620 2328 2693 pr:cliis
2351 2617 2579 2684 vicerit,
2601 2615 2778 2669 duces
2801 2610 3255 2664 Beneventornm
3273 2593 3615 2666 subiecerit,

1978 2716 2193 2768 Grecos
2219 2711 2271 2764 in
2290 2705 2552 2762 Calabria
2569 2709 2623 2757 et
2644 2700 2844 2772 Apulia
2867 2692 3254 2767 superaverit,
3272 2693 3425 2742 terra
3445 2685 3616 2736 Saxo-

1980 2803 2106 2856 nica
2141 2815 2312 2855 venas
2349 2794 2572 2864 argenti
2608 2788 2924 2862 aperuerit,
2971 2781 3270 2853 imperium
3322 2790 3448 2832 cum
3500 2771 3617 2826 ﬁlio

1982 2891 2086 2948 sibi
2120 2889 2413 2959 :cquivoco
2448 2897 2613 2954 quam
2651 2877 2951 2946 magniﬁce
2981 2867 3333 2934 dilataverit,
3381 2859 3618 2930 majoris

1981 2985 2066 3035 est
2097 2978 2310 3049 operis,
2360 2975 2604 3041 idecquc
2651 2963 2938 3023 conscribi
2988 2975 3096 3016 non
3142 2956 3294 3012 valet
3347 2968 3377 3007 a
3432 2950 3615 3006 nobis.

1985 3073 2236 3140 (LIUDPR.
2271 3065 2431 3121 Hist.
2462 3061 2600 3131 Ott.)
2635 3062 2744 3112 lloc
2771 3059 2991 3109 tantum
3007 3049 3264 3105 breviter
3279 3041 3616 3107 notandum,

1985 3157 2133 3227 quod
2163 3171 2191 3210 a
2220 3156 2475 3209 Johanne
2504 3163 2650 3219 papa
2684 3143 2900 3199 litteris
2932 3137 3278 3209 suppliciter
3323 3133 3617 3193 exoratus,

1935 3300 1950 3321 Ἰ
1987 3245 2260 3315 quatinus
2287 3257 2387 3312 pro
2414 3251 2604 3293 amore
2629 3235 2724 3289 ltei
2750 3239 3200 3294 sanctorumque
3225 3218 3621 3292 apostolorum

1987 3333 2140 3390 Petri
2188 3337 2242 3386 et
2298 3328 2458 3384 Pauli
2508 3328 2767 3381 sanctam
2820 3322 3130 3374 Romanam
3182 3308 3502 3367 {ecclesiam
3553 3319 3622 3358 cx

1989 3422 2253 3479 faucibus
2280 3413 2606 3483 Berengarii
2642 3420 2991 3475 suorumque
3025 3403 3323 3462 liberaret,
3357 3396 3624 3450 aliorum-

1987 3529 2096 3582 que
2134 3510 2444 3565 multorum
2474 3503 2884 3573 episcoporum
2920 3491 3280 3558 alteriusque
3313 3483 3535 3541 ordinis
3565 3485 3622 3534 et

1987 3601 2262 3656 laieorum
2299 3593 2605 3665 questibus
2652 3593 2861 3653 motus,
2912 3583 3089 3638 ﬁlium
3140 3591 3303 3634 suum
3353 3574 3624 3628 Ottoncm

1989 3696 2188 3745 contra
2221 3700 2433 3741 morem
2463 3681 2722 3752 priorum
2755 3677 2808 3730 in
2847 3671 3168 3745 puerilibus
3217 3663 3383 3719 annis
3433 3674 3624 3727 regem

1987 3777 2376 3840 constituens,
2415 3772 2465 3826 in
2511 3767 2753 3822 Saxonia
2807 3757 3140 3828 dereliquit,
3191 3755 3312 3824 ipse
3365 3747 3630 3806 collectis

1989 3867 2175 3937 copiis
2192 3863 2410 3918 Italiam
2442 3857 2698 3930 percitus
2715 3853 2889 3920 venit,
2911 3843 3317 3915 Bereugarium
3341 3854 3468 3896 cum
3495 3852 3629 3892 uxo-

1993 3973 2050 4012 re
2068 3925 2173 4012 stia
2199 3952 2366 4008 \Villa
2391 3925 2453 4004 et
2473 3947 2590 4001 ﬁlio
2610 3943 2922 3999 Adelberto
2938 3937 3198 4008 captivos
3213 3930 3549 3994 Babenberg
3574 3925 3625 3978 in

1990 4044 2223 4100 exilium
2247 4039 2422 4105 misit,
2449 4036 2542 4091 ubi
2569 4039 2624 4088 ct
2653 4033 2801 4109 idem
2837 4025 3204 4095 Beringarius
3232 4021 3540 4076 defunctus
3573 4019 3632 4068 et

1992 4132 2256 4202 sepultus
2276 4131 2362 4183 est
2394 4144 2407 4190 ;
2436 4126 2555 4194 ipse
2577 4137 2714 4176 vero
2733 4106 2965 4173 Romam
2992 4113 3248 4177 veniens,
3279 4106 3519 4162 miriﬁco
3545 4118 3636 4173 ap-

1992 4225 2196 4292 paratu
2232 4217 2560 4282 susceptus,
2597 4213 2652 4263 et
2687 4210 2758 4262 ab
2787 4206 2988 4260 eodem
3020 4198 3344 4270 apostolico
3374 4194 3630 4250 Iohanne

1994 4303 2275 4377 imperiali
2312 4299 2582 4358 unctione
2614 4302 2672 4352 et
2703 4291 3105 4349 benedictione
3136 4285 3505 4349 sublimatus,
3535 4281 3634 4334 im-

1997 4400 2231 4468 perator
2262 4405 2317 4447 et
2347 4393 2628 4458 augustas
2653 4390 2738 4440 est
2783 4380 3132 4453 appellatus.
3188 4375 3499 4444 Aliquanto
3538 4385 3634 4424 au-

1997 4493 2111 4540 tem
2143 4488 2404 4550 tempore
2437 4477 2491 4530 in
2527 4473 2790 4546 partibus
2833 4469 2946 4524 illis
2995 4469 3401 4528 commoratus,
3458 4459 3632 4513 ﬁlium

2001 4589 2167 4630 suum
2196 4572 2462 4626 Ottoncm
2498 4563 2566 4620 ad
2601 4578 2659 4616 se
2685 4560 2882 4616 venire
2917 4557 3087 4619 fecit;
3121 4554 3216 4623 qui
3250 4558 3306 4607 ct
3353 4551 3406 4604 in
3459 4545 3634 4601 natali

245 4667 539 4736 viderunt,
571 4664 957 4736 obstupefacti
980 4663 1312 4732 nostrisque
1336 4661 1678 4725 intermixti,
1703 4661 1888 4715 extin—
1917 4656 1968 4714 D
2003 4660 2222 4717 Domini
2257 4668 2528 4712 coronam
2562 4649 2720 4718 regni
2756 4649 2827 4702 ab
2850 4643 3168 4716 apostolico
3191 4638 3435 4708 accepit.
3464 4635 3635 4689 Missa

246 4756 323 4812 eti
355 4761 507 4811 sunt.
542 4756 878 4809 Ceterorum
909 4767 1045 4807 vero
1075 4751 1168 4805 alii
1197 4751 1364 4821 equis
1416 4751 1674 4820 fatigatis
1725 4749 1890 4804 villas

250 4845 540 4916 proximas
569 4842 806 4910 intrant,
844 4840 1298 4909 circmnfusique
1327 4840 1587 4904 armatis,
1615 4854 1893 4894 cummae-

251 4931 421 4986 nibus
450 4929 667 5000 pariter
701 4930 1168 4996 concrcmantur,
1201 4926 1295 4982 alii
1323 4927 1530 4981 flumen
1554 4927 1892 4996 contiguum

249 5021 708 5084 transnatantes,
744 5017 876 5072 dum
912 5017 1034 5086 ripa
1068 5015 1309 5071 ulterior
1357 5015 1742 5070 ascendentes
1785 5030 1891 5073 non

254 5106 524 5176 sustinet,
559 5106 789 5161 [lumine
818 5105 1212 5160 obvolvuntur
1243 5109 1297 5158 et
1327 5109 1589 5175 pereunt.
1615 5105 1898 5160 Chuonra-

255 5195 364 5249 dus
419 5197 608 5247 autem
640 5193 754 5247 dux
787 5193 1016 5247 fortiter
1045 5207 1324 5263 pugnans,
1353 5192 1520 5246 animi
1562 5193 1788 5247 fervore
1837 5199 1892 5247 et

254 5281 397 5338 solis
426 5280 653 5349 ardore,
687 5279 781 5348 qui
809 5296 876 5334 eo
906 5280 997 5334 die
1026 5281 1234 5336 nimius
1259 5286 1404 5348 erat,
1440 5281 1728 5348 zestuavit,
1779 5281 1898 5335 vin-

254 5369 728 5440 eulisqueloricze
745 5369 974 5437 solutis,
999 5369 1129 5424 dum
1149 5369 1637 5440 auramcaptavit,
1657 5369 1896 5425 vulnere

257 5457 486 5527 sagittae
521 5458 574 5510 in
603 5456 849 5511 adverso
898 5455 1157 5526 gutturis
1197 5457 1399 5513 deﬁx-e
1445 5457 1676 5513 cecidit.
1723 5458 1899 5528 Cujus

254 5560 466 5616 corpus
500 5542 739 5614 imperio
769 5544 922 5613 regis
974 5546 1292 5601 honoriﬁce
1335 5546 1665 5615 collectum,
1715 5550 1900 5601 trans-

2004 4744 2480 4813 etiamlegatione
2514 4732 3094 4804 Constantinopolin-1,
3125 4729 3297 4783 ﬁliam
3327 4726 3636 4794 imperato-

2004 4834 2442 4905 ris'l‘heophanu
2461 4827 2686 4883 nomine
2705 4825 2834 4879 inde
2849 4821 3092 4891 accepit,
3115 4831 3303 4888 quam,
3321 4809 3636 4869 celebratis

2005 4927 2059 4981 in
2094 4899 2267 4980 ltalia-
2287 4918 2531 4990 nuptiis,
2565 4916 2751 4971 eidem
2777 4912 2894 4967 filio
2914 4925 3018 4966 suo
3042 4901 3454 4976 conjunxit(cf.
3496 4899 3633 4954 σήν.

2019 5014 2122 5081 W.,
2162 5013 2389 5067 LIUDPR.
2428 5007 2465 5061 ἰ.
2503 5006 2541 5059 l.
2566 5002 2811 5057 ——Win.
2848 5015 2927 5069 ιιι,
2963 5001 3168 5065 70-73).

2079 5102 2257 5173 (Win.
2292 5114 2371 5165 ιιι,
2405 5100 2492 5164 75,
2542 5097 2655 5163 76.)
2707 5093 2844 5173 Post
2891 5090 3010 5143 lucc
3038 5095 3344 5154 regressus
3377 5078 3444 5132 de.
3476 5075 3637 5130 [talia

2008 5191 2326 5261 imperator
2357 5185 2493 5239 Otto
2524 5196 2650 5236 cum
2686 5166 2803 5233 ﬁlio
2838 5179 3015 5234 rc're',
3053 5171 3288 5225 Galliam
3342 5167 3641 5231 ingressus

2007 5277 2256 5346 est,indc
2274 5271 2630 5329 Germaniam
2647 5268 2848 5322 transi!
2871 5284 2893 5294 ’ν
2911 5282 2969 5319 ru
2995 5270 3073 5317 μή
3093 5260 3412 5331 pmxnnum
3433 5254 3639 5324 pascha

2008 5365 2476 5433 Quitilingahurg
2508 5358 2934 5422 celebraturus,
2969 5353 3198 5405 Manens
3230 5350 3420 5401 autem
3443 5342 3518 5397 ibi
3549 5341 3646 5394 de-

2007 5471 2130 5512 cem
2157 5459 2214 5510 et
2240 5457 2460 5522 septem
2484 5449 2708 5514 diebus,
2737 5439 3035 5499 descendit
3059 5437 3212 5506 inde,
3247 5431 3643 5490 ascensionem

2010 5543 2233 5599 Domini
2267 5539 2417 5612 apud
2452 5536 2783 5604 Mareshurg
2814 5531 3243 5588 celebraturus.
3277 5523 3479 5580 Tcrcia
3509 5534 3646 5577 vero

1614 5646 1850 5701 VARUS
1891 5644 1975 5700 LE
1988 5642 2294 5703 CTIONES.

330 5711 419 5746 “'7
439 5713 778 5784 junctantes
809 5719 853 5768 1.
955 5712 1042 5747 ¹⁴²⁸
1075 5715 1518 5786 eireuentesque
1549 5721 1596 5771 1.
