3934 6430
326 379 445 446 928

328 517 472 580 feria
503 524 640 581 ante
671 523 1053 593 pentecosten
1079 522 1237 581 venit
1268 524 1339 583 ad
1372 523 1563 585 locum
1617 526 1712 600 qui
1763 527 1982 589 dicitur
2009 523 2067 586 A

326 610 651 670 Mimilewa.
679 612 949 668 Proxima
973 618 1143 670 nocte
1162 618 1480 687 transacta,
1497 617 1638 674 hora
1654 620 1977 677 constituta

327 699 483 757 letus
526 699 595 756 ad
646 715 897 757 mensam
942 704 1229 773 consedit,
1277 705 1666 777 venienteque
1714 711 1979 780 tempore

328 789 685 860 vespertinis
715 789 986 847 laudibus
1025 791 1313 863 interfuit,
1363 796 1463 850 sed
1517 802 1755 867 peracto
1805 804 1978 856 cantu

329 877 637 948 evangelii,
669 879 909 935 aastuari
944 895 1010 935 ae
1042 881 1409 954 fatigarijam
1435 885 1631 956 erepit.
1662 886 1826 951 Quod
1850 903 1978 943 cum

321 965 1981 1046 intellexissentprincipescircumstantestposuerunt

323 1070 455 1111 eum
496 1056 684 1111 sedili.
737 1056 1120 1115 Inclinantein
1170 1066 1362 1117 autem
1411 1067 1608 1134 caput,
1659 1064 1821 1134 quasi
1861 1065 1977 1135 jam

325 1143 659 1214 defecisset,
698 1146 1153 1205 refoeilaverunt
1186 1166 1336 1222 eum,
1367 1153 1749 1223 expetitoque
1789 1167 1981 1211 sacra-

324 1237 520 1289 mento
546 1233 839 1292 dominico
862 1240 916 1291 et
943 1244 1210 1309 accepto,
1230 1241 1350 1295 sine
1374 1242 1595 1309 gemitu
1619 1258 1746 1298 cum
1775 1258 1977 1313 magna

326 1322 755 1392 tranquillitate
790 1326 1059 1394 spiritum
1092 1328 1344 1384 reddidit
1374 1331 1629 1401 Domino,
1667 1334 1809 1387 Non.
1846 1333 1973 1403 Mai,

327 1414 537 1480 quarta
571 1412 712 1468 feria
742 1420 874 1469 ante
908 1423 1310 1485 pentecosten.
1356 1420 1493 1474 Inde
1536 1425 1977 1492 transportatur

325 1497 379 1552 in
404 1500 759 1572 cubiculum,
788 1508 845 1557 et
870 1505 1133 1573 cumjam
1161 1512 1319 1561 esset
1344 1522 1492 1577 sero,
1533 1511 1819 1567 transitus
1850 1512 1977 1582 ejus

292 1588 638 1644 -nunciatur
672 1592 905 1661 populo.
945 1594 1117 1662 Cujus
1148 1612 1360 1666 corpus
1384 1613 1513 1653 eum
1539 1599 1759 1667 magnis
1785 1600 1979 1671 lugen-

328 1679 449 1731 tum
484 1680 783 1748 exsequiis
818 1695 848 1735 a
880 1682 1016 1751 filio,
1054 1699 1186 1751 rege
1216 1685 1328 1751 jam
1358 1687 1598 1757 facto“,
1625 1690 1975 1747 translatum

321 1769 410 1820 est
443 1765 495 1820 in
529 1767 829 1824 civitatem
855 1785 1024 1840 quam
1054 1773 1177 1842 ipse
1201 1776 1530 1831 construxit
1558 1779 1842 1835 vocabulo
1866 1781 1977 1836 Ma-

318 1853 642 1925 gadeburg,
679 1857 873 1927 ibique
903 1860 1218 1917 honoriﬁce
1254 1864 1601 1922 tumulatum
1634 1871 1742 1923 est.

463 1945 484 1966 "
507 1945 936 2016 coimperatore
968 1951 1027 2003 Ii.
1065 1964 1120 2005 a.
1158 1956 1280 2006 972.

462 2034 510 2055 “
538 2034 572 2087 f.
612 2051 718 2091 suo
750 2035 1053 2106 aaquivoco
1084 2044 1122 2094 t.
1159 2042 1217 2095 E.
1253 2040 1291 2095 ἰ.
1326 2041 1363 2095 l.

321 2120 466 2176 Anni
499 2123 733 2179 Ottonis
760 2127 963 2193 Magni.

393 2215 442 2264 1.
478 2210 644 2279 (C’lrr.
696 2215 800 2285 IV.)
835 2218 1018 2286 Hujus
1053 2233 1202 2274 anno
1237 2219 1443 2291 primo,
1481 2222 1576 2291 qui
1608 2227 1696 2279 est
1726 2239 1755 2279 a
1787 2224 1975 2280 Domi-

321 2298 449 2354 nica
485 2299 885 2358 incarnatione
914 2311 1096 2375 937115,
1127 2309 1362 2377 Ungarii
1391 2312 1411 2333 *
1442 2312 1742 2368 Franciam
1765 2318 1822 2369 et
1848 2312 1975 2369 Ala-

327 2388 618 2444 manniam
649 2394 705 2445 et
734 2393 973 2448 Galliam
1009 2412 1190 2465 usque
1238 2413 1515 2455 oceanum
1558 2402 1974 2471 Burgundiam-

324 2490 435 2546 que
467 2477 864 2552 devastantes,
900 2499 1000 2554 per
1028 2485 1252 2542 Italiam
1283 2488 1606 2546 redierunt.
1691 2492 1975 2548 Monaste-

323 2564 408 2619 ria
441 2569 627 2623 sancti
664 2570 809 2625 Galli
856 2577 914 2626 et
966 2575 1148 2629 sancti
1200 2576 1473 2632 Bonifaeii
1521 2585 1876 2637 cremantur.
1906 2613 1974 2621 —

215 2657 221 2661 '
324 2653 647 2713 Ruodolfns
681 2674 781 2714 rex
815 2661 1160 2730 Ilurgundiaa
1190 2668 1245 2719 et
1276 2666 1549 2723 Arnolfus
1581 2669 1698 2725 dux
1740 2669 1974 2726 Norico-

322 2756 446 2798 rum
470 2746 760 2804 obierunt.

466 2837 487 2857 '
521 2836 755 2917 Ungarii
784 2870 851 2878 —-
886 2839 1184 2897 redierunt
1218 2844 1433 2917 desunt
1459 2848 1520 2899 Ῐ).
1576 2848 1661 2913 E.,
1709 2847 1814 2904 abi
1863 2850 1973 2904 Mo-

535 2913 786 2986 nasteria
822 2940 887 2948 -—
918 2919 1253 2986 cremantur
1286 2916 1427 2984 post
1468 2918 1749 2974 Rudolfus
1777 2950 1844 2959 ν-
1875 2921 1973 2976 ob-

534 2980 724 3061 ierunt
753 2980 907 3061 leg/am
924 2983 1035 3061 (in:
1052 3000 1064 3047 ;
1082 2980 1420 3053 inﬂecti-ero
1444 2989 1704 3055 addant;
1722 2991 1891 3061 Inger
1903 3024 1972 3032 —-

527 3053 725 3117 jussit.
762 3067 834 3106 cur
858 3054 1062 3123 .S'iyeb.
1095 3068 1150 3110 α.
1182 3060 1304 3112 930.

388 3139 438 3189 2.
476 3136 537 3190 A.
570 3138 633 3207 D,
667 3138 787 3197 938.
822 3142 1175 3212 IIeinrieus",
1202 3146 1383 3202 frater
1408 3148 1641 3205 Ottonis
1677 3150 1851 3222 regis,
1899 3153 1969 3208 ab

324 3222 662 3283 Eberhardo
694 3230 905 3286 comite
934 3235 1466 3304 comprehenditur.

455 3315 476 3336 *
497 3316 927 3457 D&i?.egabcizt:
964 3323 1175 3379 Contra
1210 3325 1482 3382 Ottonem
1505 3358 1572 3370 -—
1597 3328 1864 3387 redeunt.
1896 3345 1970 3389 ea;

385 3478 433 3530 3.
466 3475 527 3532 Α.
562 3478 621 3532 D.
657 3481 778 3536 939.
813 3482 949 3538 Otto
975 3485 999 3507 *
1031 3499 1154 3554 rex,
1185 3500 1313 3543 cum
1366 3488 1546 3543 fratre
1592 3489 1861 3546 Heinrico
1908 3498 1965 3548 et

313 3564 447 3664 Gisil
462 3568 626 3664 berto
642 3572 1092 3644 Eberhardoque
1110 3576 1506 3646 pugnantibus
1524 3578 1639 3633 mili
1652 3579 1807 3636 tibus
1822 3581 1962 3651 suis,

311 3658 611 3713 victoriam
648 3665 931 3731 reportat.

452 3746 475 3769 '
496 3748 556 3801 D.
669 3748 919 3807 habent:
948 3752 1322 3810 Eberhardus
1345 3758 1402 3810 et
1426 3786 1494 3796 —-
1515 3754 1693 3812 filium
1720 3757 1961 3815 Arnolfi.

523 3833 597 3873 ea?
624 3822 826 3892 Sig/6b.

384 3896 468 3951 ΑΙ)
503 3898 677 3955 inicio
709 3901 840 3955 anni
868 3903 1025 3957 4900.

383 3984 431 4037 4.
468 3985 531 4039 Α.
567 3988 627 4042 D.
663 3991 767 4043 940
799 3990 953 4057 Rege
986 3989 1042 4044 in
1072 3989 1344 4061 partibus
1380 3990 1626 4049 Alsacize
1653 3993 1961 4052 castellum

313 4071 549 4130 Brisabc
581 4077 907 4146 obsidente,
943 4078 1205 4151 episcopi
1237 4079 1493 4152 quidam,
1529 4086 1709 4139 noctu
1738 4084 1964 4142 relictis

311 4163 601 4231 tentoriis,
630 4168 1143 4224 subtraxeruntse.
1172 4170 1546 4228 Eberhardus
1572 4171 1660 4205 1‘”
1683 4177 1963 4232 comesab

310 4250 493 4306 Utone
523 4250 613 4285 “3°
639 4261 692 4309 et
728 4257 1072 4314 Chuonrado
1094 4258 1260 4329 juxta
1291 4260 1551 4317 Rhenum
1590 4263 1822 4320 occisus
1848 4271 1962 4338 est,

308 4337 671 4398 Giselbertus
697 4344 813 4399 dux
836 4345 890 4401 in
916 4361 1063 4417 aqua
1084 4347 1425 4406 suﬂ‘ocatur.
1454 4351 1477 4374 '
1498 4383 1557 4391 —
1591 4353 1965 4423 Burghardus

309 4426 800 4500 Wirciburgensis
823 4434 1135 4506 episcopus
1164 4436 1329 4493 obiit.

447 4517 469 4539 "
497 4520 940 4648 Igilgéb/iabeni:
977 4524 1114 4580 Otto
1146 4540 1242 4581 rex
1278 4525 1334 4582 in
1362 4557 1430 4566 —
1461 4543 1656 4598 regem
1692 4529 1858 4599 fugit.
1890 4546 1965 4588 ex

570 4606 663 4660 ιθθ

378 4682 429 4732 5.
461 4680 522 4734 Α.
558 4682 617 4735 Ι).
651 4685 772 4737 941.
809 4683 944 4739 Otto
973 4686 992 4707 *
1024 4698 1125 4740 rex
1157 4683 1370 4742 Gallias
1402 4686 1589 4756 petiit.

758 4771 1101 4829 Ludewicus
1147 4772 1235 4805 1‘“
1282 4788 1384 4829 rex
1417 4790 1614 4832 —eos
1661 4777 1838 4846 fugat.
1890 4794 1965 4836 ea:

571 4857 666 4898 me
711 4885 721 4896 .

571 4857 721 4911 egeo.

375 4922 425 4974 6.
462 4921 525 4975 Α.
558 4922 619 4976 D.
657 4925 777 4978 942.
829 4922 967 4978 Otto
993 4925 1015 4946 *
1052 4926 1108 4979 et
1158 4923 1502 4983 Ludewicus
1548 4941 1715 4997 reges
1764 4931 1956 5001 pacifi.

306 5015 533 5065 cantur.

377 5164 410 5215 7
446 5090 1177 5217 ‘AD.DE.‘:)i(§iselbertuset
1213 5124 1270 5134 ο·-
1300 5095 1625 5153 vulnerato.
1650 5111 1726 5155 ea:
1745 5100 1954 5171 Sigeb.

445 5243 552 5297 Ἰ).
588 5243 648 5323 ξ).
700 5242 807 5323 hoc
851 5256 1007 5300 anno
1051 5259 1183 5318 qua:
1223 5258 1409 5317 supra
1438 5262 1493 5305 a.
1531 5248 1673 5305 94οε
1704 5252 1861 5323 Rege
1889 5284 1957 5295 --

520 5314 866 5371 suffocatur.

354 5394 426 5487 .8.
463 5393 526 5449 A.
559 5394 621 5447 D.
652 5397 773 5450 944.
808 5396 1046 5466 Ungarii
1077 5399 1098 5419 ‘
1126 5411 1258 5454 cum
1293 5397 1576 5468 Bajoariis
1607 5407 1873 5472 pugnant
1895 5409 1951 5459 et

314 5485 647 5540 Vincuntur.

1487 381 1974 453 EKKEHARDI
2014 380 2576 454 URAUGIENSIS

2001 3249 2050 3313 C

1996 4613 2045 4672 Ι)

3620 384 3743 455 924

2238 526 2263 550 "
2288 527 2351 582 D.
2388 528 2447 583 E.
2478 546 2490 582 :
2525 522 2855 598 Stephanus
2877 555 2939 566 -
2971 527 3173 582 secuta
3199 525 3310 583 est.
3346 537 3421 584 ea
3444 523 3649 600 Sigeb.

2167 620 2218 674 9.
2250 617 2313 671 A.
2350 617 2413 672 D.
2448 618 2571 672 945.
2605 616 2629 639 *

2236 706 2258 727 "
2278 705 2341 761 D.
2370 705 2430 761 E.
2457 704 2715 762 addant:
2745 705 2882 760 Otto
2907 703 3258 774 subjugavit,
3288 702 3358 777 at
3380 703 3495 777 alii
3524 719 3581 761 a.
3612 707 3737 777 946,

2310 776 2874 832 resistente-annis
2951 779 3029 830 16.
3115 788 3199 846 ex,
3261 775 3735 846 Sigeb.—5—1l.

2313 848 2578 904 addunt:
2607 850 2665 903 In
2693 846 2858 902 Italia
2880 849 3105 901 cometa
3131 845 3289 901 mira;
3324 845 3741 915 magnitudinis

2309 919 2600 990 apparuit,
2629 918 2986 990 portendens
3012 918 3216 972 famem
3241 932 3369 987 qua:
3391 923 3592 975 secuta
3618 923 3733 976 est.

2305 1004 2380 1046 ea:
2407 990 2612 1062 Sigeb.

2168 1082 2249 1135 lO.
2285 1080 2347 1133 Α.
2379 1081 2440 1134 D.
2478 1083 2599 1136 946.
2631 1081 2651 1102 ⁵

2234 1166 2257 1189 "
2287 1169 2347 1221 D.
2383 1168 2441 1222 E.
2477 1164 3329 1238 addmztziﬂeinricus,frater
3381 1165 3557 1235 regis,
3607 1181 3739 1238 pro-

2300 1237 2909 1309 jeetis—exeluditur.
2959 1250 3034 1309 ex
3095 1235 3739 1309 iSA'igcb.—b'——11.‘ad—

2305 1307 2491 1366 dant:
2522 1312 2659 1365 Otto
2686 1323 2786 1363 rex
2810 1312 2991 1363 totam
3016 1307 3442 1376 Lotharingiam
3468 1309 3575 1364 sibi
3601 1309 3737 1365 sub-

2300 1381 2549 1450 jugavit.
2582 1396 2657 1435 ea:
2680 1379 2886 1449 Sigeb.

2164 1475 2247 1525 11.
2283 1472 2345 1525 Α.
2377 1471 2439 1524 D.
2471 1472 2592 1526 947.
2630 1468 2970 1525 Bertholfus
2992 1469 3014 1490 *
3036 1467 3154 1523 dux
3190 1468 3597 1539 Bajoariorum,
3628 1469 3737 1524 fra-

2089 1561 2182 1615 ter
2209 1557 2429 1615 Arnulfi
2461 1559 2645 1628 ducis,
2675 1558 2943 1627 moritur,
2970 1560 3026 1613 et
3053 1556 3322 1613 Heinrico
3370 1558 3532 1613 fratri
3580 1558 3735 1628 regis

2090 1646 2338 1704 ducatus
2365 1647 2833 1703 committitur.w
2853 1645 3024 1700 Edith
3057 1644 3146 1678 ί⁶³²
3181 1646 3376 1715 regina
3406 1646 3569 1699 obiit.

2230 1739 2252 1759 ’
2277 1738 2339 1791 E.
2371 1752 2416 1791 r.
2453 1752 2503 1791 o.
2541 1734 3092 1790 B.—conmiittitur.
3127 1735 3187 1789 1).
3220 1734 3305 1797 Ε..
3340 1735 3447 1797 qui
3478 1734 3726 1791 addant.

2307 1748 2339 1791 5.
2371 1752 2416 1791 r.
2453 1752 2503 1791 o.
2542 1748 3092 1790 B.—comnntt1tur.
3127 1748 3187 1789 υ.
3220 1748 3375 1861 ng

2307 1805 3033 1877 Berengarium-repetit.
3074 1819 3148 1861 ex
3175 1805 3324 1875 Sige
3367 1848 3379 1860 .

2003 1886 2059 1948 B
2164 1900 2248 1951 12.
2285 1900 2347 1952 A.
2384 1898 2446 1951 D.
2483 1900 2604 1952 948.
2639 1898 2662 1920 ν’

2228 1987 2251 2007 '
2280 1986 2343 2039 D.
2381 1986 2437 2040 Ε.
2474 1984 2743 2042 addant:
2777 1984 2932 2053 Rege
2960 2014 2985 2022 ο
3008 1982 3359 2053 tyrannizat.
3410 1996 3483 2039 ea:
3528 1982 3730 2054 Sigeb.

2158 2078 2243 2129 13.
2277 2077 2340 2128 Α.
2372 2077 2432 2129 D.
2464 2078 2584 2131 949.
2616 2073 3001 2129 Herimannus
3031 2070 3120 2104 1‘”
3149 2071 3266 2127 dux
3290 2071 3732 2129 Alamannorum

2087 2162 2335 2219 moritur
2362 2181 2376 2231 ;
2402 2177 2506 2234 pro
2530 2178 2643 2234 quo
2671 2160 2977 2232 Luitolfus,
3012 2160 3166 2217 ﬁlius
3180 2160 3598 2232 regisOttonis,
3618 2161 3735 2217 dux

2087 2252 2491 2308 constituitur.
2524 2252 2546 2274 *

2225 2342 2249 2365 θ
2276 2343 2337 2396 D.
2366 2344 2428 2397 E.
2459 2341 2724 2397 addant:
2753 2339 2921 2395 Taxis
2953 2372 2967 2378 -
2997 2338 3228 2411 accipit.
3257 2353 3330 2396 ea:
3356 2338 3554 2411 Sigeb.

2156 2432 2241 2485 14.
2275 2432 2338 2485 Α.
2371 2431 2432 2485 Ι).
2466 2435 2587 2486 950.
2627 2430 2764 2485 Otto
2800 2430 2821 2451 ‘
2852 2443 2956 2485 rex
3002 2428 3224 2483 Italiam
3265 2427 3450 2499 petiit,
3495 2441 3735 2497 eamque

2084 2519 2193 2574 sibi
2227 2519 2519 2588 subjecit;
2550 2520 2922 2589 rediensque,
2971 2518 3205 2589 Papiam
3253 2518 3595 2573 Chuonrado
3644 2515 3735 2587 “3,

2086 2608 2218 2664 duci
2255 2608 2660 2664 Lothariorum
2694 2607 2969 2664 tuendam
3001 2606 3309 2663 commisit.

2226 2700 2248 2721 "
2276 2700 2337 2753 D.
2372 2700 2431 2753 E.
2469 2697 2724 2754 habent:
2757 2699 2866 2752 Per
2894 2696 3235 2752 loca—facti
3262 2704 3414 2751 sunt.
3439 2692 3730 2766 ramS'z'geb.

2162 2792 2240 2843 15.
2299 2789 2360 2843 Α.
2413 2789 2476 2842 Ι).
2527 2792 2648 2843 951.
2705 2788 2999 2856 Berenger
3044 2801 3147 2841 rex
3201 2784 3729 2854 Longobardorum,

2087 2877 2433 2934 Chuonrado
2466 2878 2773 2947 suadente,
2804 2875 2957 2947 apud
2987 2878 3307 2944 Augustam
3329 2874 3599 2949 Clllll'mlO
3622 2888 3727 2930 suo

2084 2967 2403 3024 Adelberto
2453 2967 2521 3022 ad
2566 2966 2919 3022 deditionem
2982 2965 3164 3035 venit,
3205 2965 3509 3034 factusque
3559 2962 3726 3018 miles

2085 3057 2257 3127 regis,
2294 3056 2575 3111 remissus
2600 3060 2690 3111 est
2723 3055 2776 3111 in
2809 3069 3049 3124 regnum
3078 3069 3207 3111 eum
3237 3068 3395 3124 pace.
3430 3056 3452 3076 "

2223 3148 2245 3169 ‘
2274 3144 2738 3274 biﬂbaddant:
2785 3142 3453 3214 Mogontia—relaxatus
3497 3145 3604 3197 est.
3657 3154 3735 3197 ea:

2347 3230 2441 3274 me
2484 3257 2495 3269 .

2347 3230 2495 3286 meo.

2153 3312 2237 3363 16.
2271 3309 2332 3362 Α.
2375 3308 2435 3361 Ι).
2490 3311 2611 3363 952.
2663 3305 2802 3361 Otto
2851 3320 2953 3361 rex
3006 3304 3230 3360 Italiam
3278 3302 3514 3361 intravit
3555 3316 3731 3359 causa

2080 3396 2414 3452 Adelheidre
2440 3396 2677 3466 reginae,
2703 3395 2949 3467 ipsaque
2988 3398 3231 3465 accepta
3256 3407 3457 3461 uxore,
3497 3391 3730 3464 nuptias

2079 3484 2400 3541 celebravit
2426 3485 2642 3556 Papiw.

2150 3577 2234 3629 17.
2268 3576 2331 3628 A.
2366 3576 2429 3628 D.
2465 3577 2586 3629 9353.
2637 3572 2936 3630 Luitolfus
2975 3572 3091 3629 dux
3118 3574 3139 3595 *
3174 3571 3327 3643 patri
3375 3568 3614 3626 rebellat
3668 3575 3727 3624 et

2078 3662 2195 3718 dux
2228 3661 2612 3718 Chuonradus
2638 3676 2768 3717 cum
2796 3675 2886 3717 eo.

2218 3744 2239 3765 "
2271 3741 2325 3796 d.
2363 3740 2643 3796 instinctu
2675 3740 3003 3795 Chuonradi
3023 3740 3190 3795 ducis
3212 3756 3264 3808 p.
3293 3755 3338 3794 r.
3372 3739 3586 3794 Bellum
3621 3737 3729 3794 fuit

2287 3810 2692 3867 —luculenter
2719 3810 3053 3881 descripsit.
3086 3812 3145 3864 D.
3184 3813 3243 3865 E.
3280 3825 3354 3866 ea:
3379 3810 3582 3882 Sigeb.

2147 3906 2233 3959 18.
2266 3903 2326 3956 Α.
2360 3902 2419 3955 D.
2457 3902 2577 3956 954.
2613 3899 2845 3969 Ungarii
2876 3901 2899 3924 '
2928 3899 3150 3954 Italiam
3194 3903 3422 3970 petunt,
3462 3899 3725 3955 Noricam

2073 3994 2133 4047 et
2164 3989 2483 4046 Franciam.

2216 4080 2237 4102 *
2268 4080 2329 4134 Ι).
2366 4079 2425 4133 Ε.
2463 4076 2711 4134 habent:
2759 4075 3551 4131 Ratherius—Farabertum.
3600 4076 3727 4132 Liu-

2290 4150 2436 4205 tolfo
2463 4181 2531 4188 —
2556 4149 2820 4204 redeunt.
2873 4148 3183 4204 [.udewieo
3215 4178 3286 4187 —
3317 4161 3446 4201 ann.
3508 4153 3594 4203 32.
3653 4161 3730 4203 cz

2284 4220 2487 4292 Sigeb.
2515 4233 2571 4276 a.
2605 4223 2727 4276 954.
2761 4224 2884 4274 9:36.

2148 4303 2232 4357 19.
2269 4304 2331 4357 Α.
2363 4303 2426 4356 D.
2616 4298 2853 4369 Ungarii
2883 4300 2903 4322 *
2950 4303 3131 4354 totam
3186 4297 3503 4366 Bajoariam
3554 4296 3727 4368 depo-

2077 4389 2366 4462 pulantes,
2396 4390 2564 4459 juxta
2587 4391 2907 4459 Augustam
2929 4388 3279 4445 Alamannize
3306 4388 3505 4443 urbem
3534 4385 3604 4441 ab
3627 4386 3725 4441 Ot-

2078 4483 2212 4535 tone
2244 4494 2378 4548 rege
2409 4491 2600 4549 pugna
2628 4477 2788 4545 victi,
2825 4478 3101 4533 immensa
3125 4477 3267 4533 cede
3298 4480 3595 4531 necantur.

2217 4569 2327 4623 Ἰ).
2368 4568 2427 4621 Ε.
2478 4566 2732 4623 habent:
2781 4565 3467 4636 Friderico—episcopus
3510 4561 3725 4619 substi-

2287 4638 2498 4707 tuitur,
2532 4652 2607 4693 ea:
2629 4637 2833 4707 Sigeb.
2868 4651 2924 4693 a.
2960 4640 3084 4691 9:56.

2146 4722 2232 4775 20.
2271 4721 2335 4775 A.
2366 4719 2427 4773 Ι).
2460 4721 2583 4775 956.
2621 4716 2907 4773 Luitolfus
2938 4719 2958 4739 "
2997 4716 3113 4771 dux
3163 4714 3385 4771 Italiam
3433 4711 3723 4769 hostiliter

2076 4812 2337 4867 intravit.

2214 4890 2237 4913 ‘
2265 4888 2328 4944 D.
2361 4886 2459 4942 E.:
2494 4886 2551 4940 L.
2589 4884 2643 4941 d.
2678 4884 2832 4941 filius
2865 4883 3019 4953 regis
3052 4886 3091 4939 Ι.
3125 4883 3177 4939 h.
3225 4884 3401 4938 intrat
3448 4884 3506 4937 et
3558 4878 3727 4953 Adel—

2288 4960 2519 5014 bertum
2548 4956 2746 5025 vincit,
2785 4951 3025 5027 ipseque
3050 4956 3252 5027 eodem
3278 4968 3425 5009 anno
3448 4951 3719 5027 moritur.

2283 5027 2555 5098 Ungariis
2583 5022 2888 5083 itcru'm‘—
2912 5022 3209 5082 occubuit.
3248 5028 3401 5080 Brun
3431 5022 3719 5098 archiepi-

2284 5093 2500 5171 scopus
2527 5097 3259 5156 cenobium—construxit.
3289 5110 3366 5153 ea:
3411 5093 3613 5166 Sigeb.
3657 5107 3720 5149 a.

2138 5255 2224 5309 21.
2450 5255 2572 5307 957.
2608 5248 2897 5306 Luitolfus
2929 5250 2949 5271 ‘
2989 5246 3369 5303 Adelbertum
3415 5243 3616 5315 vineit,
3662 5249 3723 5300 et

2070 5342 2195 5414 ipse
2221 5341 2426 5397 eodem
2456 5352 2604 5396 anno
2635 5337 2902 5394 moritur.

2208 5424 2228 5446 '
2260 5423 2322 5476 Ι).
2356 5420 2442 5490 E.,
2474 5419 2585 5492 qui
2611 5417 2748 5492 ΔΙιιεσ
2795 5420 3027 5492 c.9156.
3076 5415 3316 5486 habent,
3364 5413 3471 5471 hoc
3514 5427 3671 5471 anno
3711 5435 3723 5470 :

2281 5488 2671 5548 Brun-Ifceit.
2707 5504 2781 5546 ea:
2808 5488 3015 5559 Siyeb.
3047 5502 3103 5545 a.
3140 5492 3264 5544 958.

1669 5578 1904 5636 VARI]?
1947 5582 2348 5639 LECTIONES.

382 5652 471 5736 "‘f
499 5656 1091 5736 Giselbertusduxet
1121 5663 1260 5736 ante
1286 5662 1656 5736 Eberhardus
1686 5679 1864 5724 erasa
1897 5675 1943 5726 1.
1984 5669 2074 5704 “3°
2100 5672 2277 5726 otone
2312 5669 2407 5723 D1.
2448 5666 2536 5701 “'1
2564 5667 2949 5726 Luodewicus
2998 5667 3095 5722 E1.
3147 5663 3364 5736 sepius
3414 5661 3502 5694 “3'
3555 5663 3617 5717 Ε.
3673 5681 3724 5721 r.

308 5736 362 5779 ο.
411 5725 625 5786 deamat
647 5732 696 5785 4.
728 5729 819 5763 ³⁸³³
845 5732 967 5790 lucc
996 5734 1209 5791 desunt
1236 5740 1285 5789 7.
1324 5733 1413 5767 “3‘
1439 5733 1697 5791 chiirado
1725 5743 1773 5792 1.
