3934 6418
205 451 334 516 929

1092 449 1528 514 CHRONICA.
1561 485 1640 496 -—-
1668 443 2145 510 CHRONICON
2191 440 2740 506 UNIVERSALE.

3519 442 3637 505 930

233 603 373 647 num
403 589 684 646 bonorum
717 587 970 645 omnium
998 587 1261 643 datorem
1295 583 1738 653 haberedelegit
1771 583 1862 636 ho-
1903 584 1950 640 Α
1989 595 2132 650 sque
2186 584 2276 633 est
2331 577 2668 645 Babenberg
2716 577 2767 630 in
2820 575 3132 647 epyscopio
3171 593 3198 632 a
3242 593 3304 633 se
3359 580 3532 650 facto,
3579 598 3631 637 1n

208 680 432 747 redem,
468 683 747 747 sextoque
782 678 944 746 regni
979 678 1066 732 sui
1101 693 1248 731 anno
1284 676 1528 745 sapienti
1563 674 1651 705 “‘6
1680 673 1869 727 cousi-

212 767 295 823 lio
324 770 724 839 episcopatum
770 769 1107 834 Babenber-,,r
1138 767 1188 819 in
1225 768 1438 819 li-iziore
1483 765 1664 819 sancti
1713 763 1868 816 Petri

210 857 518 927 sanctique
549 857 775 923 Georgii
809 856 1143 922 constituit,
1184 855 1489 922 locumque
1526 855 1709 924 ipsum
1745 867 1870 921 pre-

211 945 441 999 diorum
484 945 704 999 divitiis
734 948 793 998 ct
836 943 987 997 omni
1031 950 1270 997 ornatus
1316 942 1546 1008 decore,
1589 948 1647 994 ut
1684 941 1870 1009 inpre-

213 1033 539 1088 sentiarum
581 1033 861 1098 cernitur,
908 1031 1315 1100 copiosissime
1358 1030 1564 1084 ditavit
1601 1033 1771 1098 (237).
1811 1029 1866 1081 111

216 1121 534 1176 meridiana
578 1136 807 1190 quoque
850 1126 1016 1189 parte
1060 1120 1322 1173 civitatis
1366 1118 1777 1173 monasterium
1816 1117 1867 1169 iu

215 1208 440 1264 honore
479 1208 661 1263 sancti
707 1207 980 1277 Stephani
1027 1208 1476 1277 protomartyris
1520 1207 1628 1259 sub
1672 1205 1871 1258 ordine

218 1297 503 1353 canonico
537 1303 906 1364 construens,
945 1313 1015 1350 ex
1048 1296 1234 1350 altera
1280 1311 1447 1359 vero,
1490 1296 1594 1348 hoc
1627 1300 1704 1348 est
1746 1293 1873 1360 aqui

221 1385 435 1455 lonari,
461 1385 617 1440 aliud
657 1385 1068 1439 monasterium
1106 1385 1213 1438 sub
1249 1383 1553 1437 umuachili
1590 1382 1782 1449 regula
1821 1383 1872 1434 in

239 1475 463 1548 honore
498 1475 684 1530 sancti
717 1472 1051 1529 Michahelis
1103 1472 1430 1539 archangeli
1469 1473 1772 1540 sanctique
1803 1473 1873 1523 Bc

232 1565 451 1619 nedictl
477 1563 705 1618 abbatis
729 1561 1116 1624 constituens,
1144 1561 1252 1614 sibi
1281 1575 1515 1628 sumque
1538 1559 1758 1614 civitati
1786 1575 1877 1613 su-

230 1667 334 1722 pra
360 1655 584 1721 petram
611 1650 950 1720 apostolica)
979 1649 1271 1702 ﬁrmitatis
1299 1649 1569 1714 fundatze,
1600 1661 1876 1716 i‘uurm'jue

230 1745 287 1794 et
316 1737 770 1809 propugnaculis
804 1738 1142 1792 meritorum
1179 1736 1362 1790 sancti
1397 1735 1622 1816 Georgii
1654 1741 1878 1789 cetero-

227 1843 472 1896 rumque
506 1831 839 1881 sanctorum
873 1825 1106 1880 munita)
1132 1840 1194 1878 ac
1221 1829 1535 1890 exornatio,
1562 1830 1759 1877 contra
1799 1824 1878 1876 in-

227 1915 495 1970 centivos
544 1915 815 1968 vitiorum
863 1913 1120 1982 jactatus
1166 1912 1374 1965 turrim
1430 1911 1789 1965 fortitudinis
1820 1911 1871 1964 in
1909 1928 1958 1985 Β

225 2001 536 2071 Stephano,
575 2007 629 2055 et
667 2003 867 2055 contra
903 1999 1268 2067 refrigerant:
1297 2015 1321 2049 s
1356 2000 1526 2051 flatus
1562 1998 1738 2064 illius,
1778 1998 1872 2066 qui

230 2089 285 2143 in
311 2089 601 2158 aquilone,
630 2089 779 2143 unde
804 2087 1012 2142 malum
1034 2102 1199 2141 omne
1227 2087 1532 2156 pandetur,
1558 2088 1751 2140 scdcm
1777 2101 1878 2155 po-

227 2191 363 2232 nere
390 2176 699 2246 disposuit,
734 2176 1018 2244 refugium
1051 2179 1272 2229 certum
1299 2175 1350 2227 in
1379 2174 1637 2241 angelico
1675 2189 1875 2243 prepa-

228 2266 376 2320 ravit
411 2265 667 2336 prcsidio
701 2267 869 2335 (“238),
903 2269 1019 2319 uta
1047 2263 1271 2317 dextris
1295 2268 1351 2317 et
1375 2279 1401 2316 a
1429 2263 1679 2316 sinistris
1705 2263 1874 2330 justi-

226 2353 330 2408 cia)
355 2354 528 2410 armis
553 2353 780 2408 vallata)
807 2353 862 2407 in
889 2352 1047 2406 nullo
1072 2352 1318 2406 sutliciat
1345 2351 1649 2404 insidiator
1675 2364 1874 2418 preva-

228 2439 365 2496 lcrc.
405 2442 546 2496 Aliis
577 2456 805 2510 quoque
839 2443 1171 2494 sanctorum
1200 2439 1342 2493 locis
1368 2455 1467 2508 per
1492 2439 1648 2503 regni
1681 2437 1874 2490 latitu-

226 2529 411 2584 dinem
457 2546 564 2584 non
608 2529 814 2596 u'iinus,
865 2533 1038 2598 prout
1077 2542 1224 2598 opus
1269 2533 1414 2592 erat,
1467 2525 1873 2580 munificentize

225 2635 342 2677 suae
377 2619 692 2688 impertivit
725 2617 1078 2686 largitatem,
1129 2616 1387 2685 quzedam
1424 2614 1642 2684 dilapsa
1669 2614 1783 2683 jam
1819 2615 1870 2668 in

225 2707 433 2762 melius
470 2707 809 2774 restituens,
847 2705 1189 2775 quibusdam
1223 2722 1348 2774 q.:.c
1380 2704 1567 2758 minus
1601 2703 1875 2773 subpete-

225 2795 361 2850 bant
388 2794 690 2864 adjieicus.
719 2794 890 2860 Regis
910 2798 1101 2847 autem
1130 2793 1308 2846 frater
1332 2797 1458 2846 erat
1487 2793 1656 2859 Brun,
1686 2795 1875 2858 Augu-

222 2883 440 2938 stcnsis
469 2882 625 2936 sedis
648 2882 974 2951 episcopus,
1005 2882 1097 2949 qui
1132 2880 1395 2935 felicibus
1420 2879 1620 2934 fratris
1643 2880 1873 2934 actibus

226 2970 510 3038 invidens,
553 2970 764 3024 multas
794 2966 1299 3024 ei'adversitatum
1336 2969 1577 3037 injurias
1611 2968 1665 3021 in
1699 2982 1876 3037 quan-

228 3063 347 3114 tum
388 3058 578 3128 potuit
625 3059 929 3124 inferebat,
972 3062 1025 3111 ct
1066 3061 1082 3078 '
1119 3058 1209 3111 ubi
1245 3074 1346 3127 per
1382 3073 1439 3110 se
1475 3072 1581 3110 non
1618 3061 1872 3126 poterat,

230 3147 616 3202 inferentibus
647 3163 706 3202 sc
741 3147 1112 3215 adjungebat,
1150 3147 1238 3200 vel
1274 3146 1417 3199 alios
1447 3145 1514 3200 ad
1548 3145 1874 3200 inferendas

229 3234 613 3303 exhortando,
641 3235 910 3290 stimulos
935 3235 1016 3289 eis
1037 3235 1396 3289 incitationis
1419 3234 1744 3301 subigebat.
1775 3234 1873 3288 Cui

229 3325 410 3380 frater
461 3340 571 3378 non
623 3324 810 3379 solum
873 3323 1144 3377 talionem
1191 3339 1295 3377 no;
1351 3323 1624 3390 reddidit,
1677 3339 1872 3376 verum

225 3413 399 3468 etiam
426 3413 681 3467 fraterna
706 3415 752 3434 “
776 3412 1104 3467 instructus
1140 3411 1470 3478 dilectione,
1494 3411 1681 3464 omnia
1707 3411 1876 3465 dissi-

227 3499 499 3556 mulando
521 3506 579 3554 et
599 3501 892 3570 patienter
913 3500 1277 3568 sustinendo,
1296 3499 1454 3552 11111111
1476 3501 1622 3553 bono
1645 3500 1874 3554 vincere

224 3589 546 3657 satagebat.
595 3590 807 3643 llorum
853 3603 1136 3657 sororem,
1185 3591 1345 3643 bona:
1387 3588 1676 3642 memorite
1723 3589 1877 3642 femi-

222 3690 373 3745 nam,
399 3675 646 3730 Giselam
669 3673 774 3744 ³³⁵⁷,
798 3690 897 3730 rex
921 3676 1301 3742 lingariorum
1322 3675 1419 3744 qui
1449 3676 1516 3696 ‘“
1551 3675 1877 3744 Stephanus

225 3764 535 3820 dicebatur
569 3764 622 3818 in
656 3764 984 3832 conjugium
1028 3764 1332 3834 expetivit,
1372 3764 1472 3816 sed
1505 3777 1628 3817 eam
1661 3762 1750 3795 1““
1780 3763 1878 3818 du-

225 3869 359 3910 cere
392 3868 502 3908 non
538 3853 880 3924 promeruit,
923 3854 1103 3908 donec
1128 3869 1187 3908 se
1212 3853 1545 3908 christianm
1580 3852 1877 3919 religionis

228 3942 554 3999 rudimenta
602 3947 657 3996 et
713 3941 864 3996 sacri
919 3942 1285 4012 baptismatis
1339 3947 1699 3996 sacramenta
1747 3957 1877 3996 cum

228 4029 383 4085 omni
411 4035 583 4097 gente
608 4044 709 4084 sua
737 4034 1146 4098 suscepturum
1183 4028 1465 4097 promisit.
1503 4028 1681 4091 Quam
1715 4027 1878 4098 polli-

231 4116 568 4173 citationem
602 4115 698 4170 ubi
739 4116 913 4169 rebus
966 4115 1231 4185 perfecit,
1287 4115 1598 4182 religiosus
1649 4118 1878 4184 hecque

231 4205 479 4260 devotus
523 4207 724 4273 postea
777 4202 831 4256 in
881 4203 1256 4257 exsecutione
1309 4202 1590 4257 bonorum
1641 4217 1878 4272 operum

233 4290 582 4364 permansit;
609 4289 762 4360 quod
783 4289 971 4343 divina
995 4289 1182 4359 pictas
1203 4295 1338 4359 post
1359 4292 1602 4342 mortem
1623 4288 1746 4356 ejus
1766 4289 1882 4344 evi-

233 4381 508 4437 dentibus
548 4379 801 4448 indiciis,
835 4378 904 4434 ad
939 4377 1299 4448 sepulturam
1328 4379 1454 4447 ejus
1485 4379 1652 4433 factis
1692 4378 1882 4447 signo-

233 4485 358 4527 rum
415 4468 732 4537 miraculis,
788 4467 1230 4523 demonstravit.
1281 4499 1349 4507 —
1397 4468 1518 4522 Rex
1688 4474 1880 4523 autem

233 4559 560 4627 Heinricus,
592 4562 897 4628 postquam
933 4558 1097 4612 bonae
1131 4556 1424 4626 opinionis
1448 4555 1685 4611 odorem
1712 4555 1880 4627 longe

235 4648 465 4718 lateque
509 4647 772 4702 redolere
825 4646 1042 4700 fecerat
1092 4644 1398 4713 locumque
1445 4643 1553 4698 sibi
1603 4643 1879 4699 dilectum
1910 4633 1963 4692 D

235 4749 364 4791 cum
385 4735 608 4791 ceteris
631 4733 1000 4789 monasteriis
1020 4732 1256 4788 ditando
1280 4738 1339 4787 et
1361 4731 1619 4788 ornando
1638 4737 1695 4785 et
1715 4748 1882 4787 cxco-

235 4823 407 4881 lendo
447 4823 516 4879 ad
559 4824 879 4894 perfectum
934 4822 1278 4889 adduxerat,
1335 4821 1526 4876 divina
1579 4821 1882 4876 vocatione

237 4913 384 4969 viam
417 4912 703 4968 universae
745 4912 938 4966 carnis
981 4911 1298 4979 ingressus,
1337 4911 1451 4966 Deo
1484 4909 1739 4963 reddidit
1769 4910 1885 4964 ani—

240 5016 384 5056 mam
410 5000 677 5070 feliciter,
708 5005 768 5056 ut
793 5000 1101 5067 credimus,
1131 5002 1179 5052 3.
1209 4999 1345 5052 Idus
1366 4998 1521 5064 Julii,
1551 5012 1696 5051 anno
1723 4998 1884 5067 regni

241 5089 464 5158 5111240,
499 5088 724 5160 imperii
757 5093 950 5145 autem
993 5093 1098 5154 11υ,
1135 5088 1267 5143 vitae
1302 5103 1438 5143 vero
1471 5093 1585 5155 52°,
1625 5087 1886 5157 sepultu-

1908 3279 1955 3340 C

1986 669 2170 723 sancti
2207 667 2356 721 l‘etri
2395 667 2641 736 apostoli
2691 666 3062 720 monasterio.

2199 760 2217 777 ⁶
2252 763 2398 808 01-
2423 757 2723 820 subigebat
2760 754 2971 809 desum!
3003 757 3060 808 Ε.

2173 849 2218 866 "
2253 846 2522 897 fraterna:
2542 843 2706 895 (liii-(:1
2725 843 2942 896 iouiset
2970 843 3272 912 patiencia)
3298 845 3452 901 bono
3474 846 3634 903 illum

2267 916 2497 969 Villt'Cl't‘.
2529 913 2774 966 studuit.
2813 916 2872 966 D.
2913 915 2968 967 Ε.

2257 995 2357 1116 quit
2397 998 2594 1118 “ostrea
2637 993 2962 1062 Stephanus
3012 993 3062 1046 in
3112 974 3397 1064 baptismo
3435 997 3631 1053 dictus

2269 1080 2377 1118 es.
2435 1070 2474 1117 ).
2535 1066 2564 1116 Ι.

2269 1069 2377 1118 est.
2413 1068 2474 1118 1).
2508 1066 2564 1117 Ε.

2245 1155 2363 1206 ltex
2386 1183 2451 1191 —-
2475 1151 2825 1206 monasterio
2851 1152 3064 1208 deamat
3087 1151 3191 1208 Ιιοο
3214 1153 3333 1209 loco
3358 1155 3415 1208 E.
3447 1156 3519 1223 (υ.
3548 1155 3640 1213 in-

2258 1224 2369 1298 fra
2401 1239 2455 1278 (ι.
2495 1227 2674 1288 1024.)

2059 1319 2107 1365 ‘2.
2157 1313 2321 1379 (Chr.
2384 1312 2486 1376 lli")
2531 1314 2590 1364 A.
2631 1314 2686 1363 1).
2726 1315 2880 1364 1002.
2929 1310 3231 1366 llcinricus
3272 1325 3370 1366 rex
3414 1313 3636 1369 Heinri-

1988 1416 2113 1454 cum
2180 1399 2563 1453 marehiouem
2615 1405 2673 1452 et
2734 1399 2876 1453 alios
2938 1399 3043 1454 sibi
3103 1399 3452 1457 resistentes
3506 1417 3636 1459 cum

1989 1487 2248 1542 exercitu
2299 1486 2464 1556 petit.

2060 1582 2107 1628 3.
2147 1587 2206 1628 Α.
2246 1577 2303 1628 1).
2344 1577 2501 1630 1003.
2547 1574 2848 1629 lieinricus
2894 1590 2992 1629 rex
3037 1574 3280 1645 Italiam,
3328 1577 3634 1648 Boemiam,

1992 1663 2303 1716 Bolizlaum
2347 1663 2551 1717 ducem
2581 1677 2710 1716 cum
2743 1661 2893 1716 omni
2929 1662 3266 1718 Selavorum
3300 1668 3473 1732 gente
3507 1665 3640 1722 sub-

1983 1751 2226 1820 jugavit.

2063 1845 2111 1894 4.
2149 1843 2210 1893 Α.
2249 1842 2308 1893 Ι).
2349 1844 2499 1894 1004.
2539 1841 2736 1894 Fames
2767 1841 2786 1860 *
2821 1855 3019 1906 magna
3055 1839 3144 1871 “‘9
3177 1841 3325 1894 facta
3358 1847 3445 1896 est
3477 1844 3542 1896 “.

2131 1932 2150 1950 ⁶
2180 1931 2240 1982 Ι).
2278 1930 2338 1982 Ε.
2367 1948 2378 1981 :
2408 1930 2674 1982 Cometes
2706 1927 2876 1994 longo
2898 1934 3160 1996 tempore
3192 1935 3455 1999 apparet,
3479 1935 3543 1985 ct
3563 1931 3641 1986 fa-

2205 2014 2324 2052 mes
2355 1999 2539 2054 valida
2578 1999 2975 2067 subsequitur.
3018 1999 3320 2054 llcinricus
3351 2002 3636 2057 Valentia-

2202 2085 2305 2124 nas
2345 2104 2380 2108 --
2423 2071 2744 2143 ii‘ivaserat.
2769 2070 2873 2143 Qui
2904 2070 3146 2143 gratiam
3189 2071 3344 2143 regis
3371 2076 3425 2125 et
3455 2073 3638 2143 ipsum

2201 2141 2541 2215 castrumin
2571 2141 2912 2215 beneficium
2946 2141 3053 2194 sibi
3089 2141 3208 2194 dari
3242 2141 3488 2209 pecunia
3509 2159 3642 2215 pro-

2199 2211 2426 2266 meruit.
2460 2213 2480 2231 ¹
2511 2215 2526 2264 1
2557 2225 2630 2265 θα)
2667 2211 2871 2280 Se'geb.
2913 2226 2967 2266 ιι.
3011 2216 3160 2276 1000,
3199 2217 3353 2266 1007.

2117 2301 2162 2320 "
2196 2303 2224 2351 5
2247 2331 2307 2338 -—
2341 2304 2399 2351 11
2429 2299 2659 2372 addan
2690 2318 2713 2372 :7
2741 2301 3006 2372 Cometes
3050 2298 3222 2367 longo
3257 2299 3345 2331 “5°
3376 2307 3640 2372 tempore

2202 2370 2497 2440 apparuit.
2539 2384 2612 2423 ενι*
2640 2369 2850 2439 .S'z'yeb.

2128 2459 2214 2525 ‘1‘)
2251 2459 2341 2511 El.
2394 2458 2546 2514 (alia
2576 2466 2777 2518 manu)
2830 2457 2886 2512 et
2930 2461 2962 2511 2
3010 2457 3281 2512 all/52ml:
3319 2457 3638 2516 Gisilherus

2200 2529 2306 2580 llus
2339 2529 2555 2595 Magad.
2600 2527 3074 2598 archiepiscopus
3111 2529 3278 2583 obiit.

2057 2621 2106 2670 5.
2144 2618 2210 2670 Α.
2244 2619 2305 2670 Ι).
2361 2615 2486 2671 1003
2517 2620 2565 2670 ”.

2127 2708 2147 2726 '
2181 2707 2241 2758 Ι).
2363 2707 2603 2780 mle
2628 2725 2638 2759 :
2667 2705 3008 2776 llelpericus
3031 2737 3097 2746 —-
3119 2707 3369 2776 compoti
3397 2708 3640 2780 scripsit

2197 2791 2271 2830 ex
2294 2776 2508 2845 .S'z'yeb.

2057 2867 2107 2917 6.
2155 2865 2216 2918 Α.
2273 2866 2334 2918 1).
2387 2863 2537 2919 1006.
2575 2867 2594 2886 "
2627 2865 3010 2934 Epyscopium
3053 2865 3390 2934 Babenberg
3433 2881 3462 2920 a
3505 2881 3639 2936 rege

1990 2951 2256 3005 lleinrica
2283 2953 2684 3021 constituitur,
2720 2959 2775 3006 et
2809 2953 3181 3008 Eberhardus
3215 2953 3290 3007 ibi
3323 2954 3636 3025 episcopus

1991 3040 2310 3110 prelicitur.

2130 3129 2150 3151 ⁶
2179 3131 2239 3182 Ι).
2295 3131 2354 3182 Ε.
2389 3130 2664 3185 (ed/Iunt:
2704 3131 3071 3184 Burchardus
3121 3130 3425 3186 ordinatur
3479 3133 3638 3187 Wor-

2204 3201 2394 3255 matize
2436 3201 2768 3270 episcopus,
2812 3201 2905 3270 qui
2940 3233 3006 3240 ——
3038 3201 3401 3271 dclloratum,
3436 3217 3512 3257 ex
3540 3203 3642 3260 Si-

2195 3271 2322 3338 .r/eb.
2357 3285 2412 3325 α.
2452 3275 2606 3335 1008.

2058 3363 2108 3412 7.
2148 3362 2208 3413 Α.
2255 3360 2313 3411 D.
2360 3363 2493 3413 1007
2534 3361 2573 3410 '.

2129 3449 2148 3468 *
2191 3449 2251 3500 l).
2307 3447 2364 3499 Ε.
2419 3446 2652 3500 addit-nt
2684 3464 2694 3500 :
2730 3445 2993 3516 Eclypsis
3023 3445 3113 3478 1‘“

2198 3517 2400 3587 Sigeb.
2428 3532 2481 3572 α.
2514 3522 2667 3571 1000.

2059 3609 2108 3658 8.
2148 3607 2209 3658 Α.
2249 3607 2306 3658 Ι).
2353 3609 2500 3660 1008.
2556 3607 2728 3672 Bruu,
2783 3604 3091 3674 episcopus
3140 3619 3211 3660 ex
3267 3606 3567 3673 monacho,
3613 3621 3643 3661 a

1990 3693 2193 3749 Prucis
2228 3693 2424 3747 multis
2458 3693 2761 3763 suppliciis
2796 3694 3065 3763 alllictus,
3101 3699 3158 3749 et
3194 3695 3460 3750 manibus
3491 3695 3648 3766 pedi-

1994 3779 2215 3850 busque
2268 3781 2535 3849 abscisis,
2599 3785 2889 3849 postremo
2938 3781 3130 3851 capite
3183 3781 3404 3851 plexus,
3459 3783 3644 3838 coelos

1993 3869 2180 3940 petiit.
2206 3901 2273 3908 —-—
2298 3869 2669 3924 Eberhardus
2701 3872 2718 3889 ‘
2751 3869 3062 3940 episcopus
3092 3870 3418 3926 ordinatur.

2132 3960 2151 3978 "
2181 3960 2238 4012 E.
2273 3973 2324 4012 e.
2351 3974 2402 4013 o.
2436 3958 2648 4014 desunt
2668 3960 2729 4012 1).
2767 3959 2824 4011 E.

2062 4051 2150 4100 10.
2191 4049 2252 4100 Α.
2289 4049 2351 4099 D.
2394 4051 2527 4100 1010
2562 4049 2607 4098 ’.

2131 4135 2150 4154 ‘
2183 4135 2242 4186 Ι).
2282 4135 2340 4186 Ε.
2384 4133 2606 4206 αίῖίῖζιηι
2639 4151 2648 4184 :
2679 4132 3070 4206 Theodericus
3109 4133 3484 4206 ‘Metteusium
3529 4135 3650 4206 epi-

2208 4219 2441 4271 scopus,
2489 4204 2684 4256 dotem
2718 4208 2774 4255 et
2814 4203 3219 4272 patrimonium
3255 4205 3468 4273 reginae
3502 4203 3650 4261 (31111-

2206 4274 2499 4341 nigundis,
2547 4289 2673 4342 quLe
2718 4288 2888 4326 soror
2919 4280 3044 4326 erat
3075 4289 3197 4338 sua,
3235 4277 3514 4332 :ecclesiae
3546 4278 3647 4332 Ba-

2209 4345 2606 4417 benbergensi
2631 4359 2659 4396 a
2693 4358 2829 4412 rege
2861 4344 3141 4413 delegari,
3182 4346 3406 4417 dolens,
3441 4353 3645 4404 contra

2206 4414 2395 4485 ipsum
2430 4414 2696 4469 rebellat.

2074 4507 2149 4558 ll.
2187 4503 2249 4556 Α.
2286 4504 2346 4556 D.
2389 4507 2517 4556 1011
2565 4503 2612 4557 '.

2137 4594 2156 4614 '
2179 4593 2239 4645 Ι).
2266 4593 2321 4645 Ε.
2348 4596 2376 4643 5
2399 4621 2467 4629 -
2493 4595 2540 4644 11
2571 4588 2832 4645 addunt:
2858 4591 3163 4648 lleinricus
3189 4608 3289 4648 rex
3313 4593 3531 4648 Mettim
3562 4591 3650 4625 1⁸⁵³

2213 4665 2411 4735 urbem
2443 4662 2692 4726 obsidet,
2727 4661 2921 4735 donec,
2945 4665 3232 4719 mediante
3263 4665 3504 4733 justicia
3538 4678 3648 4735 pax

2213 4734 2364 4788 inter
2394 4750 2492 4787 eos
2528 4734 2814 4805 convenit»
2853 4734 2932 4803 cf.
2966 4735 3169 4805 Sigeb.
3205 4750 3259 4791 ίι.
3297 4741 3450 4790 1000.
3484 4734 3549 4790 D.
3583 4737 3643 4790 Ε.

2198 4806 2495 4874 perpluit:
2525 4806 2679 4857 [uter
2723 4803 2940 4859 milites
2988 4803 3235 4861 Baldrici
3281 4806 3648 4862 Leodicensis

2209 4876 2472 4945 episcopi
2514 4890 2580 4929 eo
2622 4880 2895 4944 prescnte
2937 4881 2992 4930 et
3037 4877 3401 4933 Lambertum
3435 4875 3524 4908 “‘3
3555 4893 3650 4933 co-

2212 4947 2405 5019 mitem
2450 4947 2862 5019 LUVIllllL‘llStflll
2915 4949 3066 5019 apud
3117 4949 3311 5003 villam
3362 4949 3650 5018 Hugardis

2211 5018 2422 5090 dictam
2460 5017 2660 5087 praclio
2684 5017 2987 5090 conserto,
3033 5019 3345 5090 episcOpus
3381 5017 3651 5075 -—infor-

2211 5089 2391 5157 tunio,
2425 5103 2498 5144 ea;
2523 5088 2726 5159 Siyeb.
2759 5103 2814 5144 α.
2855 5093 3009 5145 1013.

3243 3448 3516 3518 secunda,
3570 3462 3645 3505 ea:

1607 5210 1841 5266 VARLE
1875 5211 2274 5269 LECTIONES.

313 5336 402 5371 ¹⁴⁴⁶
432 5351 476 5393 s.
514 5351 653 5394 usus
683 5336 742 5392 E.
822 5335 910 5369 1‘"
940 5337 1009 5393 in
1040 5334 1313 5405 margine
1335 5341 1392 5405 ,1.
1476 5333 1565 5366 “‘9
1596 5348 1725 5389 eum
1760 5341 1807 5390 1.

241 5425 351 5482 pus
385 5413 469 5465 10.
506 5410 590 5465 11.
670 5405 758 5442 “‘1
785 5406 1070 5479 IEclypsis
1100 5408 1197 5462 Dl.

1889 5340 1939 5391 5.
1976 5349 2124 5394 corr.
2171 5350 2296 5391 eam
2331 5339 2412 5391 10.

1285 5404 1374 5440 1‘"
1405 5410 1752 5463 mettenscm
1787 5411 1837 5462 5.
1874 5412 2090 5464 metum
2120 5411 2206 5466 10.
2241 5411 2324 5465 11.

2496 5334 2586 5368 ¹⁴⁸⁰
2617 5335 2780 5392 deest
2806 5340 2890 5393 10.
2931 5340 3012 5392 11.

3097 5335 3185 5370 “‘0
3227 5336 3463 5408 longum
3501 5340 3645 5396 tem-

2406 5404 2494 5440 “53
2525 5407 2874 5479 lampertum
2903 5409 2999 5465 E1.

1833 5531 2057 5589 ΝΟΤΔΕ.

317 5654 464 5727 (237)
499 5655 578 5714 Cf.
615 5654 802 5712 Vitam
821 5653 1246 5727 ,HeinriciAVol.
1284 5655 1353 5727 1V
1386 5655 1621 5727 editam,
1659 5655 1825 5724 cujus

248 5725 452 5784 auctor
483 5727 609 5786 haec
636 5726 972 5800 exscripsit,
1010 5725 1114 5784 sed
1138 5725 1358 5785 chartis
1379 5725 1623 5801 aliisque
1648 5727 1824 5785 docu-

1971 5657 2182 5713 mentis
2225 5655 2561 5714 illustravit.

2041 5728 2191 5806 (238)
2223 5728 2260 5784 i.
2295 5744 2343 5787 e.
2381 5727 2564 5786 sancti
2594 5726 2907 5789 Michaelis.
