3934 6420
351 444 465 508 931

357 669 686 729 nedictione
725 675 1041 726 coronatur
1072 685 1100 725 a
1137 672 1451 727 Benedicto
1486 685 1631 742 papa
1663 672 1748 725 ‘2.

497 765 520 785 '
551 762 706 816 1012.
746 763 804 815 1).
841 762 924 829 E.,
958 762 1062 815 cui
1089 775 1143 815 a.
1185 765 1319 816 1013
1354 781 1364 814 :
1400 760 1735 817 Gotefridus
1766 760 1880 815 dux
1910 775 2005 816 co-

566 833 832 887 mitatum
868 832 1135 899 Ragineri
1168 832 1485 887 Montensis
1520 832 1910 902 depopulatur
1940 863 2005 873 —-—

566 904 891 973 perimitur.
954 902 1118 967 Quod
1177 904 1408 972 quidam
1471 904 1715 958 militum
1778 902 1998 973 videns,

568 974 988 1045 phylacterium
1014 989 1141 1029 cum
1168 980 1410 1043 stupore
1430 973 1713 1042 colligens
1735 974 1790 1029 in
1815 973 2000 1043 caliga

569 1044 669 1100 Sua
704 1044 1033 1113 abscondit,
1083 1045 1181 1099 sed
1228 1046 1405 1100 celari
1456 1061 1565 1099 non
1621 1045 1831 1115 putuit,
1868 1046 1999 1114 quia

567 1131 710 1172 coxa
751 1117 875 1185 ejus
905 1121 965 1171 et
992 1132 1128 1171 crus
1160 1116 1552 1171 intumescens
1593 1131 1710 1170 rem
1754 1116 2000 1185 prodere

565 1187 780 1255 coegit,
829 1191 886 1241 et
938 1188 1354 1257 phylacterium
1406 1187 1636 1243 domino
1686 1202 1793 1242 suo
1841 1187 2002 1242 Heri-

568 1273 795 1327 manno,
826 1258 989 1323 fratri
1015 1259 1196 1325 ducis,
1225 1258 1405 1325 dedit,
1432 1257 1727 1328 ezSigeb.
1756 1272 1811 1314 a.
1839 1262 1996 1313 1015.

495 1346 583 1418 '2)
613 1348 707 1402 El.
736 1346 887 1411 (alia
909 1362 1114 1405 manu)
1140 1348 1493 1403 et2addzmt
1520 1348 1703 1417 (1012)
1738 1366 1749 1401 :
1783 1346 1999 1417 Dagino

564 1420 696 1473 Illma
744 1418 961 1485 Magad.
1023 1420 1498 1488 archiepiscopus
1559 1418 1723 1473 obiit.
1788 1418 1999 1488 Eodem

564 1504 712 1545 anno
763 1490 937 1543 etiam
988 1489 1134 1545 obiit
1189 1487 1560 1545 Walthardus
1608 1490 1738 1544 IV“
1778 1487 1995 1559 Magad.

562 1560 1055 1631 archiepiscopus.

419 1653 503 1707 14.
540 1651 605 1710 Α.
635 1650 700 1705 Ι).
728 1653 886 1705 1014.
918 1650 940 1673 ⁴’
972 1650 1180 1704 Ernest
1212 1648 1329 1704 dux
1361 1648 1415 1704 in
1440 1653 1654 1705 venatu
1687 1647 1994 1704 occiditur.

491 1742 513 1765 '
544 1740 602 1794 (Ξ.
649 1739 755 1795 liae
792 1752 948 1794 anno
978 1738 1208 1807 postea,
1250 1737 1351 1793 sed
1376 1737 1575 1792 eadem
1604 1750 1788 1792 manu
1813 1737 2002 1793 inser-

565 1811 687 1867 tum
718 1809 897 1865 habet
926 1830 937 1863 ε
974 1808 1203 1877 Ernest,
1237 1809 1354 1863 dux
1385 1808 1690 1863 orientalis
1724 1808 1995 1878 Francia,

564 1882 619 1937 in
655 1885 867 1937 venatu
897 1894 926 1935 a
962 1880 1196 1950 proprio
1241 1894 1410 1935 servo
1452 1880 1681 1934 incaute
1724 1880 1997 1943 sagittam

1484 444 1966 508 EKKEHARDI
2012 440 2587 509 URAUGIENSIS.

430 583 514 636 13.
548 582 616 636 A.
650 581 712 635 D.
746 584 899 635 1013.
946 583 967 603 ‘
1000 581 1305 637 Heinricus
1347 582 1540 637 Romae
1584 579 1869 652 imperiali
1911 583 2005 637 be-
2035 587 2089 645 Α

3651 449 3776 512 982

2334 578 2681 708 garjnoazliibus
2757 579 3091 637 dominatus
3143 581 3335 637 fuerit.
3414 597 3490 639 ea;
3549 584 3765 654 Sigeb.

2188 743 2275 795 20.
2312 741 2375 794 A.
2412 742 2472 794 D.
2518 744 2668 795 1020.
2702 742 3075 797 Terremotus
3116 754 3361 811 magnus
3396 743 3587 800 factus
3615 750 3704 800 est
3738 748 3770 800 4

2115 827 2254 885 Idus
2292 828 2418 896 Mai,
2465 828 2605 884 feria
2649 829 2739 862 ¹⁴δ⁴
2781 833 2829 884 5.
2864 832 2887 852 ‘
2917 831 2996 885 Eo
3041 844 3189 885 anno
3227 830 3571 888 Heribertus
3601 833 3768 889 Colo~

2116 916 2333 973 niensis
2362 918 2839 990 archiepiscopus
2867 918 3033 974 obiit.
3063 919 3163 975 Cui
3185 919 3502 990 Piligriuus
3527 936 3766 979 succes-

2114 1005 2208 1061 sit.

2255 1098 2277 1118 ‘
2316 1096 2579 1168 Reliqua
2608 1097 2823 1153 desunt
2850 1098 2913 1152 D.
2942 1099 3024 1165 E.,
3051 1096 3154 1154 ubi
3186 1099 3443 1167 legitur:
3469 1100 3618 1156 Erbo
3647 1101 3764 1157 Mo-

2323 1168 2540 1241 gontim
2561 1168 3040 1241 archiepiscopus
3058 1170 3361 1225 ordinatur
3376 1187 3390 1237 ;
3405 1171 3764 1241 cujussuper

2326 1238 2550 1309 aliquot
2584 1239 2832 1310 psalmos
2863 1238 3153 1296 tractatus
3182 1238 3555 1297 inveniuntur
3576 1238 3682 1296 ηπ.

2117 1306 2131 1323 ’
2182 1330 2268 1381 21.
2306 1328 2367 1381 Α.
2405 1306 2467 1382 Il.
2505 1306 2661 1383 1021.
2700 1328 3015 1384 indictione
3048 1334 3097 1384 5.
3131 1332 3153 1353 "
3185 1332 3236 1384 4.
3266 1330 3406 1385 Νοη.
3452 1329 3760 1387 Novembr.

2113 1414 2257 1470 feria
2280 1420 2331 1485 5,
2357 1432 2505 1472 anno
2530 1418 2692 1486 regni
2713 1418 2957 1487 gloriosi
2993 1419 3364 1490 imperatoris
3395 1420 3642 1477 Heiurici
3674 1436 3761 1477 se-

2112 1504 2285 1561 cundi
2318 1508 2405 1560 21.
2443 1505 2667 1578 imperii
2713 1512 2905 1563 autem
2947 1523 3118 1579 nono,
3164 1508 3293 1580 ipso
3334 1508 3660 1579 presidente
3694 1525 3760 1566 ac

2111 1592 2480 1665 disponente,
2525 1596 2919 1666 Eberhardus,
2957 1597 3178 1669 primus
3221 1597 3504 1654 :ecclesiaa
3544 1599 3761 1654 Baben—

2112 1681 2419 1751 bergensis
2451 1683 2782 1755 episcopus,
2811 1684 3199 1741 ordinationis
3231 1701 3349 1743 suae
3381 1700 3527 1742 anno
3554 1690 3641 1743 13°
3663 1687 3761 1743 de-

2110 1768 2325 1825 dicavit
2351 1771 2676 1827 tecclesiam
2702 1773 2888 1829 sancti
2916 1774 3248 1831 Michahelis
3271 1775 3323 1829 in
3351 1779 3561 1845 monte,
3586 1775 3637 1830 in
3662 1777 3761 1831 ho-

2112 1872 2310 1913 norem
2345 1859 2604 1928 ejusdem
2632 1861 2817 1916 sancti
2844 1861 3172 1931 archangeli
3200 1863 3503 1933 sanctique
3526 1864 3761 1919 Benedi-

562 1952 851 2022 dirigemc
883 1948 1199 2015 occiditur;
1233 1951 1398 2018 cujus
1422 1952 1677 2019 dignitas
1699 1950 1997 2021 episcopio
2028 1959 2081 2018 Β
2111 1949 2189 2003 cti
2222 1948 2472 2004 abbatis.
2511 1950 2651 2005 Huic
2686 1950 2866 2019 igitur
2906 1951 3336 2008 consecratioui
3369 1952 3755 2009 interfuerunt

557 2024 1015 2091 Wirciburgensi
1062 2023 1129 2076 ad
1174 2028 1544 2091 augmentum
1596 2037 1761 2076 suum
1796 2022 1866 2075 ab
1898 2022 1999 2076 im-

560 2100 834 2166 peratore
885 2094 1211 2166 delegatur.
1252 2126 1317 2131 —
1365 2096 1420 2146 1).
1476 2095 1534 2166 Ιᾷ.
1591 2092 1825 2147 addam?
1856 2111 1867 2145 :
1903 2094 1999 2163 Sy-

559 2164 724 2221 meon
759 2198 822 2205 —-
859 2165 1200 2233 declaravit,
1234 2179 1309 2219 ea:
1332 2164 1534 2233 Sigea.
1568 2178 1622 2218 a.
1660 2166 1814 2218 1016.

421 2260 505 2312 15.
541 2256 605 2310 Α.
642 2255 702 2309 D.
744 2258 877 2309 1015
909 2256 955 2307 ⁶.

486 2347 508 2367 *
540 2349 570 2397 ὅ
601 2374 670 2382 —
703 2347 760 2396 11
799 2342 1032 2397 (td/limi
1063 2360 1072 2393 :
1111 2343 1313 2411 Symon
1352 2340 1669 2397 monachus
1701 2339 1769 2395 de
1803 2343 1997 2395 monte

556 2416 702 2484 Syna
736 2414 845 2469 hoc
882 2419 1141 2482 tempore
1172 2412 1403 2466 claruit.

414 2508 499 2561 16.
539 2507 602 2559 Α.
645 2505 708 2558 Ι).
755 2505 910 2557 1016.
955 2500 1264 2556 Heinricus
1296 2503 1317 2523 '
1354 2499 1845 2567 \Virciiiurgensis
1879 2499 1997 2570 epi-

349 2606 563 2663 scopus
592 2590 756 2646 obiit.

482 2682 504 2702 "
534 2681 597 2735 Ι).
633 2680 694 2733 Ε.
736 2697 747 2731 :
780 2678 842 2732 In
882 2676 1158 2732 Fresonia
1204 2676 1355 2729 inter
1396 2674 1756 2730 Gotel‘ridum
1791 2674 1995 2730 ducem

554 2756 612 2805 et
641 2749 1059 2805 Theodericum
1111 2748 1379 2801 comitem
1434 2749 1744 2801 Fresonum
1792 2745 1993 2815 praelio

553 2824 851 2888 conserto,
906 2820 1018 2875 dux
1068 2834 1197 2873 cum
1248 2817 1409 2885 gravi
1465 2817 1706 2871 militum
1758 2831 1994 2873 suorum

556 2891 807 2961 dampno
840 2891 1084 2945 inferior
1117 2889 1380 2958 recessit,
1415 2890 1494 2959 cf.
1518 2887 1724 2959 Sigei).
1750 2902 1805 2943 a.
1844 2889 1991 2943 1018.

415 2981 499 3035 1Ἷ.
537 2982 599 3035 Α.
638 2981 698 3033 Ι).
738 2981 872 3034 1017
902 2980 946 3031 '.

480 3068 504 3090 "
547 3068 608 3123 D.
652 3068 713 3121 E.
760 3066 994 3122 addunt
1037 3084 1047 3118 :
1097 3065 1506 3119 iiuodoll‘us—
1533 3066 1588 3119 Β.
1635 3079 1679 3119 8.
1724 3063 1992 3120 simulata

553 3142 815 3206 revocat,
851 3151 927 3192 ea:
954 3136 1159 3206 Sigea.
1195 3151 1250 3192 a.
1292 3141 1443 3191 1020.

416 3233 497 3286 18.
537 3231 599 3283 A.
634 3230 696 3282 Ι).
736 3229 871 3282 1018
902 3228 944 3279 ⁸.

483 3328 505 3350 ⁶
535 3327 595 3381 Ι).
633 3327 691 3380 Ε.
730 3324 997 3379 adv/mil:
1027 3323 1373 3379 Benedictus
1400 3355 1465 3363 —
1490 3322 1663 3377 venit.
1693 3336 1766 3378 ea:
1785 3321 1987 3393 Sigeb-
2026 3323 2074 3385 C

548 3411 605 3453 α.
648 3402 795 3451 1020.
834 3396 1142 3451 Heinricus
1168 3425 1232 3433 -ε
1255 3395 1419 3450 obiit.
1448 3396 1717 3465 ῖιίειιμίι
1739 3408 1794 3450 a.
1840 3398 1987 3450 1016.

412 3509 494 3561 19.
531 3506 595 3559 Α.
638 3505 697 3558 Ι).
738 3507 890 3559 1019.
941 3501 1287 3557 Benedictus
1328 3516 1475 3573 papa
1518 3502 1858 3571 Babenherg
1901 3514 1993 3557 ve-

342 3592 526 3660 niens,
552 3590 877 3646 aecclesiam
901 3590 1089 3644 sancti
1115 3590 1389 3659 Stephani
1417 3589 1769 3644 dedicavit‘.
1799 3620 1867 3628 —
1888 3589 1993 3644 Εο-

338 3679 469 3738 dem
514 3694 663 3735 anno
708 3679 1098 3734 \Verenherus
1146 3678 1478 3746 Argentinze
1511 3678 1829 3748 episcopus
1860 3691 1990 3735 cum

341 3768 672 3825 Alamannis
703 3772 909 3823 contra
944 3767 1385 3837 Burgundiones
1430 3767 1710 3838 pugnavit
1738 3772 1799 3822 et
1827 3766 1986 3823 vicit.

475 3878 497 3901 ‘
527 3878 588 3953 1).
623 3878 682 3931 Ε.
710 3877 799 3953 ita
826 3896 837 3929 :
864 3875 1169 3953 Heinricus
1203 3875 1522 3953 imperator
1552 3873 1993 3953 coloniae_nata-

549 3949 659 4004 lem
716 3949 935 4002 Domini
987 3945 1318 4009 celebrans,
1356 3946 1663 4002 lleriberto
1710 3945 1991 4014 archiepi-

550 4033 750 4094 scopi),
784 4034 957 4094 quem
990 4018 1124 4073 olim
1152 4018 1203 4071 in
1230 4017 1575 4094 diripiendis
1597 4014 1826 4094 imperii
1852 4014 1991 4094 insi-

587 4084 757 4147 nibus
780 4084 1058 4158 iiijuriose
1082 4084 1560 4157 exacerbaverat,
1597 4084 1795 4158 humili
1820 4086 1990 4141 satis-

570 4156 795 4218 ‘actione
816 4156 1029 4233 placat,
1054 4161 1223 4230 eique
1245 4158 1660 4233 reconciliatus
1679 4156 1989 4233 episcopus

547 4228 829 4304 predixit,
856 4249 917 4308 se
946 4228 1075 4289 eum
1102 4228 1485 4308 n'onamplius
1512 4229 1801 4308 visurum;
1834 4228 1985 4298 quod

544 4302 675 4375 eum
727 4304 1039 4375 veraciter,
1069 4302 1397 4375 predixissc
1452 4302 1659 4370 patuit,
1705 4302 1839 4369 quia
1873 4315 1984 4356 non

545 4373 730 4431 multo
764 4380 897 4446 post
928 4373 1986 4446 obiitetPilegrimum_successorem

546 4442 923 4518 episcopatus
976 4445 1222 4516 accepit.
1274 4458 1349 4518 ex
1390 4442 1595 4518 Sigea.
1637 4457 1695 4518 α.
1730 4446 1886 4518 1021.
1922 4443 1982 4497 Ε.

538 4513 793 4589 pergit}
837 4513 1145 4589 Durandus
1194 4515 1512 4589 episcopus
1537 4514 1628 4589 _ﬁt
1654 4513 1987 4589 ALeodicen:

454 4626 462 4635 ρ
538 4583 727 4656 sium;
779 4589 932 4659 quod
981 4588 1144 4659 quasi
1196 4583 1473 4659 fabulain
1508 4584 1741 4659 theatro
1787 4583 1983 4659 mundi

547 4655 884 4746 “Nam
915 4655 1505 4746 vr'earaerereea
1541 4655 1983 4746 attendite"
2014 4685 2067 4746 D

545 4726 779 4788 servilis
808 4726 1163 4787 conditionis
1191 4726 1403 4797 genere
1437 4726 1505 4783 ad
1536 4742 1823 4783 summum
1848 4741 1988 4798 pon-

542 4803 712 4859 tificii
734 4802 978 4873 gradum
1004 4805 1340 4872 provectus,
1374 4799 1547 4856 etiam
1578 4798 1829 4855 dominis
1859 4798 1985 4855 suis

2111 2036 2370 2106 episcopi
2393 2036 2579 2107 multi,
2609 2038 2834 2094 scilicet
2857 2040 3035 2095 Aribo
3056 2040 3434 2111 Mogontinus,
3461 2041 3551 2112 qui
3575 2040 3758 2098 altare

2110 2126 2297 2182 sancti
2321 2126 2547 2181 Martini
2573 2126 2886 2197 dedicavit,
2913 2127 3227 2197 Piligrinus
3253 2128 3632 2200 Coloniensis,
3658 2130 3755 2201 qui

2109 2214 2295 2270 altare
2338 2216 2522 2270 sancti
2567 2216 2722 2270 Petri
2765 2218 3154 2288 consecravit,
3198 2233 3327 2275 cum
3366 2217 3493 2274 aliis
3534 2219 3752 2275 multis.

2111 2304 2365 2359 Eundem
2388 2309 2579 2360 autem
2600 2304 2790 2361 locum
2811 2307 3137 2362 inhabitare
3158 2307 3334 2378 coepit
3355 2308 3573 2379 primus
3591 2314 3757 2379 pater

2108 2392 2368 2461 ejusdem
2403 2394 2740 2450 monasterii
2775 2396 2941 2466 Rato,
2977 2411 3125 2452 anno
3156 2396 3378 2451 Domini
3412 2397 3755 2453 incarnatio-

2110 2478 2199 2534 nis
2244 2483 2378 2535 1015
2424 2478 2533 2550 “5°,
2585 2481 2904 2551 eodemque
2954 2498 3103 2538 anno
3155 2482 3525 2538 fundamenta
3573 2484 3753 2553 ipsius

2110 2569 2447 2624 monasterii
2492 2568 2683 2625 locata
2726 2578 2882 2639 sunt,
2926 2575 2986 2626 et
3018 2572 3275 2628 secundo
3318 2587 3463 2627 anno
3506 2573 3751 2630 Ileinrici

2110 2657 2343 2714 abbatis
2372 2659 2613 2714 secundi
2652 2661 2928 2731 templum
2956 2660 3146 2732 ipsum
3179 2661 3506 2717 dedicatum
3538 2666 3646 2718 est.

2252 2751 2271 2769 ¹’
2311 2749 2453 2819 Haec
2491 2747 2706 2819 desunt
2726 2749 2788 2802 D.
2825 2750 2883 2803 E.
2917 2750 3024 2819 qui
3056 2750 3286 2805 tanturn
3317 2749 3534 2806 habent
3564 2770 3575 2807 :
3610 2751 3753 2807 Ecli-

2320 2818 2445 2889 psis
2474 2818 2565 2851 “‘7
2598 2820 2739 2875 solis
2768 2818 3059 2876 facta’est.
3096 2836 3170 2876 ea:
3194 2821 3399 2890 Sigea.
3434 2836 3488 2889 a,
3529 2825 3677 2878 1023.

2178 2911 2263 2961 22.
2310 2906 2477 2976 (Chr.
2528 2908 2633 2977 W.)
2676 2909 2737 2963 A.
2788 2910 2849 2962 Ι).
2900 2913 3050 2963 1022.
3097 2909 3401 2965 Heinricus
3442 2910 3753 2982 imperator

2108 2996 2320 3051 Novam
2343 2996 2567 3066 Trojam
2593 2996 2890 3053 deditione
2914 2998 3092 3069 cepit,
3117 3001 3173 3053 et
3201 2998 3525 3054 mortalitas
3550 3012 3749 3069 magna

2108 3085 2163 3141 in
2184 3086 2447 3141 exercitu
2471 3086 2615 3141 facta
2639 3092 2749 3141 est.
2776 3086 3152 3142 Gebehardus
3177 3088 3614 3159 Ratisponensis
3633 3089 3750 3159 epi-

2107 3188 2322 3244 scopus
2346 3173 2520 3239 obiit;
2556 3189 2659 3244 pro
2690 3189 2803 3245 quo
2836 3175 2972 3230 item
3008 3176 3386 3232 Gcbehardus
3416 3176 3738 3233 ordinatur.

2176 3266 2261 3319 23.
2302 3267 2364 3318 A.
2401 3264 2463 3317 Ι).
2507 3266 2652 3318 1023.
2693 3264 2771 3318 *1.

2246 3355 2326 3423 '1)
2370 3352 2463 3406 E1.
2504 3352 2657 3417 (alia
2686 3354 2891 3424 manu)
2924 3354 3029 3409 et2
3051 3354 3318 3411 addant:
3347 3355 3492 3411 Gero
3521 3354 3620 3408 ναε
3643 3354 3749 3411 Ma-

2316 3424 2447 3493 gad.
2481 3424 2958 3495 archiepiscOpus
2982 3425 3147 3480 obiit.

2175 3516 2261 3569 24.
2309 3516 2370 3570 Α.
2417 3515 2479 3569 D.
2520 3516 2672 3569 1024.
2708 3516 2726 3535 ’
2758 3514 3065 3570 Heinricus
3108 3515 3424 3587 imperator
3463 3514 3748 3571 secundus

2105 3603 2393 3673 migravit.
2443 3606 2520 3657 *2.

2243 3695 2265 3715 ¹“
2297 3694 2359 3747 D.
2393 3712 2405 3745 :
2442 3692 2744 3745 Heinricus
2788 3693 3125 3760 imperator,
3156 3692 3326 3761 cujus
3369 3693 3545 3748 vitam
3587 3690 3747 3748 Adel-

2317 3762 2737 3835 boldnsfl‘rajrc
2750 3763 3257 3835 tcnsiscpiscopus
3272 3763 3605 3835 descripsit,
3620 3777 3749 3835 con-

2316 3833 2647 3888 sulentibus
2669 3848 2729 3886 se
2754 3848 2931 3904 super
2954 3833 3377 3904 substitutione
3401 3833 3583 3904 regni,
3606 3833 3745 3890 desi-

2313 3918 2499 3972 gnans
2540 3902 2967 3969 Chuonradum,
3007 3902 3194 3958 virum
3236 3905 3381 3972 regii
3424 3902 3654 3973 generis
3689 3909 3744 3961 et

2314 3972 2895 4053 egregiiclibertat‘is,
2916 3974 3127 4053 quippe
3150 3974 3246 4045 qui
3266 3972 3483 4053 nullius
3500 3990 3742 4053 unquam

2317 4061 2377 4099 se
2431 4044 2697 4099 servituti
2754 4044 3125 4115 submiserat,
3174 4044 3450 4101 moritur.
3504 4044 3741 4103 Etcum

2315 4118 2708 4189 Cbuonogdux
2754 4122 3066 4185 prepotcns
3103 4115 3174 4189 ad
3218 4131 3458 4185 regnum
3490 4119 3741 4189 aspirare

2310 4188 2509 4255 vellet,
2564 4187 2853 4260 instinctu
2910 4188 3158 4243 Erbouis
3218 4187 3640 4260 archiepiscopi
3688 4194 3737 4244 et

2312 4260 2642 4329 aliquorum
2694 4258 2856 4327 regni
2886 4260 3223 4331 primatum
3279 4258 3637 4331 repudiatur,
3687 4262 3741 4314 et

2313 4331 2693 4386 Chuonradus
2754 4332 2821 4383 ad
2882 4330 3188 4400 imperium
3247 4330 3611 4387 sublimatur.
3672 4343 3743 4386 ea

2307 4402 2510 4474 Sigea.
2539 4433 2605 4441 -—
2630 4403 2686 4474 Ε.
2721 4418 2732 4456 :
2760 4401 3062 4474 Heinricus
3096 4403 3412 4473 imperator
3440 4405 3737 4474 postquam

2310 4472 2477 4553 bonae
2523 4473 2933 4553 opinionis_—-
2984 4472 3493 4553 monasterio.”2it
3538 4485 3733 4553 sapra.

2312 4545 2488 4613 Cujus
2518 4544 2695 4600 vitam
2730 4546 2793 4599 Α.
2828 4545 2885 4599 Τ.
2919 4559 2973 4599 e.
3006 4545 3060 4600 d.
3096 4545 3282 4600 Isdem
3320 4544 3508 4601 adhuc
3546 4545 3739 4601 vivens

2312 4614 2760 4673 consulentibus
2781 4648 2850 4655 —
2871 4616 3240 4672 sublimatur.
3272 4617 3342 4672 at
3365 4617 3427 4672 D.

2240 4706 2318 4778 *2)
2369 4708 2417 4761 4.
2461 4705 2687 4762 addit:
2725 4705 2901 4776 Cujus
2951 4720 3097 4763 uxor
3146 4704 3476 4776 Chunigunt
3525 4705 3737 4775 absque

2312 4794 2448 4851 111118
2470 4826 2538 4835 —-
2560 4794 2731 4851 obiit.
3215 4806 3221 4819 '

1568 4886 1856 4944 Luitoll‘us
1883 4887 2011 4944 dux
2034 4884 2298 4944 Saxoniae
2340 4882 2510 4956 (239).

898 4978 1054 5037 Brun
1087 4976 1224 5049 dux,
1258 4992 1291 5034 a
1323 4976 1497 5034 Danis
1526 4978 1781 5034 occisus.

1505 5068 1813 5127 Heinricus
1842 5082 1960 5125 rex.

2067 5040 2077 5050 .
2146 4975 2286 5031 Otto
2321 4974 2439 5031 dux
2465 4972 2747 5030 Saxoniae.

2716 5061 2897 5117 Baba.

892 5157 1201 5217 Heinricus
1224 5159 1344 5217 dux
1365 5158 1664 5231 Bajoariaa.
1702 5159 1842 5216 Otto
1861 5159 2101 5229 Magnus
2122 5156 2459 5229 imperator.
2495 5150 2849 5211 Adelbertus
2863 5164 3031 5221 quem
3046 5148 3392 5209 Ludewicus
3404 5129 3730 5206 decollavit‘.

889 5249 1199 5307 Heinricus
1223 5248 1343 5306 dux
1364 5250 1662 5321 Bajoarizc.

400 5342 709 5401 Heinricus
723 5338 796 5395 Ba
808 5340 914 5396 ben
924 5341 992 5397 he
1001 5342 1227 5412 rgeusis
1242 5340 1359 5397 dux
1375 5340 1673 5409 Bajoaria),

331 5436 532 5502 postea
554 5433 891 5502 imperator.
916 5431 1092 5502 Cujus
1110 5445 1258 5488 uxor
1277 5432 1570 5500 Cnmgunt
1587 5427 1675 5460 ³⁸⁵³

331 5518 553 5592 absque
572 5520 705 5576 ﬁliis
727 5517 890 5574 obiit.

404 5660 495 5695 ³⁸⁸⁸
527 5662 669 5719 feria
720 5662 783 5718 V.

335 5729 425 5767 “'7
457 5732 743 5806 Eclypsis
780 5729 881 5790 D1.
959 5732 1052 5768 ⁸⁸⁵⁸
1082 5735 1140 5790 C.
1177 5732 1521 5804 imperatrix
1549 5732 1646 5788 E1.

1808 5248 1948 5305 Otto
1974 5247 2311 5319 imperator.

1800 5338 1939 5393 Otto
1962 5338 2303 5408 imperator.

1698 5586 1933 5642 VARIE
1968 5582 2372 5640 LECTIONES.

878 5662 1051 5719 erant
1094 5665 1145 5718 4.
1198 5666 1252 5717 5.
1302 5663 1393 5719 IV.
1445 5659 1580 5717 Idus
1626 5658 1731 5715 Mai
1782 5656 1925 5712 feria
1976 5657 2040 5712 V.
2095 5656 2304 5713 demat
2342 5653 2438 5709 ΕΙ.
2518 5650 2610 5686 ¹⁴⁸⁸
2640 5649 2934 5709 invenitur
2962 5651 3061 5709 E1.
3140 5648 3231 5686 ¹⁴⁸⁶
3260 5648 3379 5708 XV.
3419 5663 3468 5705 α.
3497 5661 3647 5707 corr.
3680 5650 3729 5706 1.

411 5874 564 5953 (239)
596 5877 720 5936 Hoc
745 5878 989 5935 stemma
1029 5872 1468 5947 genealogiam
1506 5872 1783 5933 omittunt
1816 5871 1889 5928 D.
1921 5799 2239 5929 20:590.
2277 5899 2342 5911 -
2371 5872 2422 5926 δ.
2458 5866 2613 5928 circa
2644 5869 2888 5927 stemma
2917 5877 3127 5930 versus
3154 5863 3354 5937 habet,
3387 5876 3534 5937 quos
3563 5860 3732 5921 etiam
