3934 6418
196 447 316 510 933

196 583 346 640 Anni
374 582 466 618 1‘”
499 584 823 644 Chuonardi
853 587 902 644 Il
915 629 928 645 .

269 709 431 766 Anno
447 711 758 768 Dominicae
785 712 1203 771 incarnationis
1248 721 1400 784 1025,
1429 717 1499 772 ab
1527 717 1676 772 Urbe
1705 731 1840 773 con-

193 794 315 850 dita
349 800 502 866 1776,
537 799 938 861 Chuonradus.
986 816 1055 856 ex
1089 803 1247 872 regni
1285 805 1639 875 primoribus
1670 820 1834 875 unus,

190 883 297 939 sed
331 899 507 955 regno
539 892 706 944 antea
741 903 848 960 per
877 889 1312 947 rebellationem
1345 893 1650 966 adversus,
1687 895 1840 966 prin-

191 972 426 1044 cipibus
454 992 558 1048 pro
599 978 724 1047 ejus
771 977 1054 1035 electione
1103 979 1550 1054 dissidentibus,
1584 985 1838 1041 Aribone

189 1065 386 1117 autem
410 1064 736 1134 Mogontino
751 1067 1192 1140 archiepiscopo
1205 1076 1263 1125 et
1280 1071 1612 1129 Eberhardo
1631 1075 1700 1128 Ba
1711 1073 1840 1128 ben-

189 1149 460 1220 bergcnsi
488 1153 720 1223 presule
741 1155 852 1211 sibi
876 1155 1221 1226 faventibus,
1239 1160 1336 1213 85°
1352 1157 1451 1232 :“0
1473 1161 1601 1218 loco
1631 1161 1702 1217 ab
1734 1167 1840 1220 Au-

185 1245 380 1308 gusto,
416 1256 656 1311 regnum
706 1245 994 1316 suscepit,
1029 1250 1084 1302 et
1117 1249 1280 1304 annis
1316 1253 1375 1304 15
1407 1253 1697 1319 regnavit.
1739 1257 1840 1313 Su-

187 1326 465 1387 blimatus
523 1337 713 1388 autem
747 1334 802 1388 in
854 1335 1013 1404 regni
1055 1334 1214 1405 sede,
1270 1339 1518 1394 consilio
1551 1343 1840 1402 Brunonis

184 1416 448 1489 episcopi
480 1419 888 1492 Augustensis,
920 1423 1120 1480 fratris
1150 1427 1403 1482 lleinrici
1439 1429 1832 1506 imperatoris,

186 1505 284 1574 qui
309 1521 556 1579 semper,
583 1515 640 1565 ut
669 1525 842 1581 supra
867 1510 1082 1568 dictum
1106 1517 1218 1583 est,
1257 1515 1522 1572 felicibus
1547 1519 1672 1588 ejus
1697 1505 1834 1577 invi-

183 1593 360 1651 debat
385 1597 634 1667 aetibus,
661 1600 1200 1669 Babenbergensem
1225 1613 1640 1676 epysc0patum
1664 1610 1836 1665 medi-

187 1683 421 1740 tabatur
440 1685 768 1758 destruere,
787 1689 917 1758 quia
936 1689 1085 1744 idem
1113 1691 1262 1747 Brun
1287 1693 1599 1766 cpiscopus
1620 1699 1834 1767 promi-

184 1771 258 1825 sit
286 1773 500 1841 regiuze
529 1774 756 1845 Giselze,
781 1776 970 1833 omnia
993 1778 1192 1848 predia
1227 1780 1728 1853 hereditariojure
1757 1787 1827 1842 ad

183 1872 244 1914 se
275 1861 628 1931 pertinentia
655 1863 772 1920 filio
799 1866 926 1936 ejus
949 1867 1216 1924 Heinrico
1238 1871 1604 1928 contradere.
1643 1874 1828 1931 Locus

1061 453 1500 519 CHRONICA.
1538 493 1611 502 α-
1645 451 2121 518 CHRONICON
2167 461 2724 531 UNIVERSALE.

1869 588 1927 649 A
1957 593 2188 651 omnino
2211 595 2524 671 abdicavit,
2551 615 2728 672 seque
2753 601 2808 658 in
2830 605 3006 660 Deum
3036 609 3094 661 et
3127 607 3184 663 in
3216 613 3451 668 sanctos
3471 611 3601 682 ejus

3483 475 3601 540 984

1953 685 2010 736 et
2045 682 2098 737 in
2135 685 2371 742 fratrem
2430 703 2596 744 suum
2649 705 2948 763 peccasse,
2980 693 3162 751 libera
3194 697 3427 754 tandem
3457 715 3599 758 voce

1953 770 2352 840 proclamavit.
2391 777 2481 832 Sic
2511 777 2706 848 itaque
2731 780 2920 836 divina
2946 782 3135 852 pietas
3160 799 3263 856 per
3295 787 3500 844 merita
3525 790 3603 847 fa-

1951 859 2088 914 muli
2121 861 2231 928 sui,
2269 878 2338 918 ne
2391 881 2514 935 spe,
2551 881 2719 936 quam
2753 869 2808 924 in
2859 884 2920 926 se
2955 871 3167 941 posuit,
3201 873 3596 950 fraudaretur,

1949 949 2136 1003 omnia
2153 950 2310 1005 illius
2340 967 2533 1023 prava
2565 957 3018 1027 conspirationis
3038 961 3493 1020 machinamenta
3510 981 3600 1022 re-

1950 1037 2187 1108 pressit,
2209 1038 2382 1110 idque
2413 1043 2568 1112 quod
2601 1045 2670 1098 ab
2701 1059 2770 1100 eo
2801 1047 2945 1102 bene
2977 1051 3232 1119 coeptum
3265 1055 3356 1106 est
3388 1054 3599 1110 conﬁr-

1950 1127 2177 1192 mando,
2197 1143 2423 1200 semper
2450 1131 2744 1188 exindead
2778 1134 3013 1191 meliora
3057 1139 3468 1208 provexit‘.—
3499 1143 3596 1198 Se-

1948 1215 2138 1271 cundo
2163 1216 2340 1285 igitur
2370 1219 2532 1287 regni
2565 1221 2648 1275 sui
2680 1237 2828 1277 anno
2860 1223 3240 1282 Chuonradus
3268 1241 3372 1283 rex
3407 1228 3586 1287 filium

1949 1317 2116 1358 suum
2149 1304 2479 1361 Heinricum
2513 1323 2704 1378 regem
2741 1310 2894 1380 fecit,
2930 1317 2989 1366 et
3033 1313 3160 1384 ipse
3191 1315 3431 1372 Romam
3461 1331 3592 1388 per-

1948 1405 2107 1461 gens,
2135 1392 2205 1446 im
2217 1394 2490 1463 perialem
2524 1397 2989 1455 benedictionem
3014 1402 3258 1472 accepit.
3299 1405 3439 1461 Post
3466 1405 3588 1464 haec

1947 1480 2160 1550 Knuth,
2186 1483 2342 1550 regis
2361 1483 2668 1554 Danorum,
2701 1486 3142 1557 filiam,nomine
3167 1491 3588 1566 Cunigundam,

1946 1567 2065 1624 filio
2083 1584 2184 1624 suo
2205 1570 2526 1642 conjunxit,
2561 1589 2741 1644 seque
2772 1575 2843 1630 ad
2873 1576 3018 1632 bene
3050 1580 3334 1648 agendum
3366 1581 3592 1640 studio-

1944 1655 2066 1712 sius
2098 1657 2368 1712 accinxit.
2405 1661 2464 1714 ln
2498 1663 2733 1732 pr0prio
2783 1663 2996 1735 quippe
3027 1667 3276 1724 castello
3307 1669 3590 1743 Lintburg

1943 1744 2120 1814 dicto,
2147 1747 2216 1801 ad
2261 1747 2407 1802 alios
2441 1765 2580 1806 usus
2613 1752 2903 1821 quondam
2933 1754 3042 1810 sibi
3073 1761 3263 1828 grato,
3297 1764 3590 1818 monaste-

1943 1833 2090 1888 rium
2122 1837 2470 1908 coustruxit,
2515 1840 2970 1913 prediorumque
2999 1845 3162 1916 ecpia
3195 1843 3337 1902 illud
3370 1847 3581 1922 ditans,

182 1925 363 2016 igitur
377 1953 433 2005 et
462 1955 692 2022 tempus
711 1925 1022 2010 conventui
1049 1957 1352 2028 statuitur,
1379 1925 1476 2015 ubi
1644 1925 1827 2019 resad
1856 1939 1912 1999 Β
1943 1925 2892 2028 ¹τ¹ίᾞ³⁰¹¹9¹ῖυ“¹.ί³⁰¹ῗ¹ε¹ἷῗδῖἒ¹ἕί⁰,¹3θῖη
2923 1933 3276 1990 subabbatis
3303 1938 3586 2008 movum-

179 2039 403 2092 certum
438 2038 811 2109 perducatur.
847 2043 1028 2100 Nocte
1059 2059 1220 2115 vero,
1255 2061 1382 2117 qua:
1413 2047 1564 2104 diem
1599 2066 1827 2122 preces-

180 2129 341 2179 serat
372 2125 427 2180 in
451 2141 558 2196 qua
579 2128 701 2185 hac
732 2129 1064 2188 ventilanda
1091 2140 1275 2204 erant,
1303 2136 1676 2198 Eberhardus
1707 2142 1825 2213 epi-

177 2225 390 2282 scopus
422 2213 492 2270 ad
533 2217 850 2274 tentorium
879 2220 1130 2290 predicti
1157 2223 1436 2282 Brunonis
1458 2226 1606 2284 clam
1639 2243 1828 2288 acces-

178 2299 278 2367 sit,
313 2300 581 2374 lectoque
631 2305 757 2375 ejus
812 2307 1098 2379 assidens,
1133 2311 1314 2367 multa
1364 2329 1540 2386 super
1567 2317 1674 2374 hac
1709 2336 1826 2378 mo-

175 2389 386 2458 nendo,
422 2391 806 2465 obsecrando,
839 2397 1172 2454 memoriam
1205 2400 1405 2458 fratris
1435 2404 1624 2462 animo
1649 2406 1825 2466 incul-

173 2477 381 2547 cando,
433 2495 558 2535 cum
611 2481 811 2538 eodem
871 2485 1160 2544 sollicitus
1214 2489 1332 2558 egit
1413 2491 1518 2556 Qui
1554 2495 1650 2551 ubi
1704 2497 1819 2566 jam

173 2563 354 2621 multa
375 2569 565 2624 noctis
582 2569 722 2626 hora
735 2575 1034 2629 transacta
1051 2583 1394 2649 recesserat,
1411 2583 1467 2634 et
1483 2563 1820 2656 episcopum

173 2667 277 2722 pro
300 2655 516 2712 auditis
540 2657 918 2716 sollicitatum
955 2677 1193 2720 somnus
1223 2667 1627 2742 obpt'esserat,
1658 2655 1820 2732 visus

171 2746 264 2796 est
287 2743 338 2797 ei
374 2744 554 2800 frater
577 2761 719 2803 suus
739 2747 1056 2820 imperator
1079 2753 1385 2812 Heinricus
1406 2756 1560 2814 lecto
1595 2776 1700 2817 suo
1729 2777 1819 2820 as-

172 2835 352 2900 stare,
381 2831 698 2903 faciemque
737 2850 898 2891 suam
921 2837 1097 2894 barba
1117 2853 1189 2894 ex
1221 2855 1332 2898 una
1359 2848 1528 2914 parte
1560 2847 1816 2920 depilata

168 2922 464 2989 turpatam
517 2923 836 2992 objectare.
875 2926 974 2982 Cui
1033 2943 1210 3000 super
1239 2929 1345 2987 hac
1378 2947 1440 2988 re
1493 2936 1728 3008 stupido
1757 2947 1816 2997 et

169 3007 520 3076 ammiranti,
574 3026 638 3065 ac
687 3012 817 3081 quis
847 3018 964 3070 tam
1013 3019 1356 3076 temerarios
1385 3037 1562 3080 ausus
1595 3007 1651 3082 in
1685 3042 1815 3085 eum

168 3104 528 3164 presumeret
547 3100 963 3170 interroganti:
986 3105 1090 3175 Tu,
1118 3107 1218 3176 ait,
1235 3107 1358 3166 Ιιιεσ
1353 3112 1589 3183 fecisti,
1606 3115 1815 3185 quime

164 3183 465 3242 etsanctos
497 3189 629 3258 Dei,
655 3191 1032 3260 quaerebam
1068 3197 1186 3251 Deo
1209 3183 1696 3262 michiconcessis
1717 3207 1814 3262 do-

1941 2011 2506 2070 ncillucintroduxit
2542 2017 2712 2089 (240);
2758 2019 3030 2089 Spirense
3071 2037 3303 2093 quoque
3342 2037 3585 2098 epysco—

1937 2099 2095 2169 pium
2120 2103 2439 2172 provehere
2467 2110 2758 2174 statuens,
2776 2107 2878 2162 sed
2894 2109 3124 2165 vivendi
3140 2115 3292 2167 meta
3313 2126 3383 2169 eo
3400 2129 3586 2186 usque

1937 2203 2050 2245 non
2070 2191 2422 2261 pertingens,
2449 2193 2566 2248 filio
2583 2209 2686 2251 suo
2703 2196 2971 2254 Heinrico
2984 2213 3104 2254 sua
3117 2199 3438 2258 voluntatis
3451 2203 3588 2260 effe-

1937 2283 2094 2334 ctum
2109 2281 2418 2350 commisit,
2447 2297 2614 2352 quem
2641 2283 2765 2353 ipse
2780 2285 3084 2354 magniﬁce
3097 2288 3409 2360 coepit,sed
3423 2290 3581 2350 illius

1935 2367 2214 2437 ejusitem
2230 2369 2536 2426 Heinricus
2567 2372 3037 2442 magnificentius
3061 2377 3328 2446 perfecit.

2077 2477 2196 2532 ‘E.
2248 2477 2488 2549 pergit:
2548 2479 2741 2534 Primo
2797 2480 2994 2552 itaque
3053 2485 3219 2553 regni
3277 2485 3367 2543 sui
3423 2501 3579 2544 anno

2147 2565 2527 2622 Chuonradus
2557 2582 2658 2623 rex
2688 2568 2743 2624 in
2767 2571 3006 2640 proprio
3029 2572 3275 2629 castello
3299 2574 3581 2648 Lintburg

2143 2685 2209 2694 -—
2237 2655 2506 2725 perfecit.
2553 2657 2847 2713 Dissensio
2893 2673 3096 2728 magna
3149 2661 3275 2732 ipso
3315 2668 3578 2736 tempore

2143 2747 2345 2798 contra
2381 2744 2786 2802 Chuonradum
2812 2747 2866 2802 in
2898 2762 3077 2818 regno
3105 2753 3149 2804 t.
3184 2765 3229 2806 s.
3265 2751 3322 2808 d.
3357 2767 3409 2809 c.
3452 2767 3500 2809 s.

2004 2855 2049 2904 1.
2090 2849 2256 2919 (Chr.
2305 2851 2410 2921 W.)
2431 2850 2620 2908 Primo
2653 2853 2850 2924 itaque
2883 2854 3210 2913 Chuonradi
3235 2858 3393 2928 regis
3424 2872 3574 2917 anno

1931 2937 2218 2994 dissensio
2249 2954 2451 3009 magna
2499 2944 2702 2996 contra
2723 2957 2852 2998 eum
2877 2942 2930 2998 in
2956 2958 3134 3014 regno
3155 2945 3572 3019 tumultuatur,

1929 3027 2029 3084 sed
2063 3027 2346 3084 divinitus
2378 3028 2496 3084 cito
2526 3028 2786 3086 sedatur.

1997 3137 2048 3188 2.
2071 3135 2136 3189 A.
2161 3135 2222 3188 D.
2255 3137 2407 3190 1026.
2448 3134 2772 3206 lleinricus,
2827 3137 3154 3194 Chuonradi
3188 3139 3345 3210 regis
3391 3139 3566 3213 illius,

1925 3223 2324 3289 rexefllcitur;
2367 3222 2744 3280 Chuonradus
2767 3239 2900 3280 vero
2923 3226 3156 3282 Romam
3182 3227 3443 3299 tendens,
3471 3229 3572 3286 im-

164 3273 314 3382 {avi1
327 3275 1035 3382 despoliqredisposuisti.
1058 3285 1353 3356 Caoejar'
1375 3291 1812 3366 ultrriussuper
1843 3288 1893 3352 Ο
1925 3273 2132 3382 ᾖξιῖίειί
2166 3273 2572 3368 benedictione
2598 3312 2956 3382 provehitur.

161 3360 634 3452 (tectemeritate,
661 3381 734 3423 ne
767 3369 1000 3441 incepta
1032 3373 1397 3446 luasmayna
1424 3360 1805 3452 infelicitate.

160 3449 247 3504 Ad
271 3448 392 3506 haec
415 3451 514 3508 ille
544 3457 1009 3529 expergefactus,
1045 3476 1111 3516 ac
1127 3461 1198 3518 de
1229 3448 1573 3525 visionenon
1605 3485 1809 3542 parum

160 3539 534 3610 perterritus,
559 3543 945 3602 membrorum
963 3562 1193 3620 quoque
1210 3551 1456 3612 horrore
1472 3571 1538 3613 ac
1556 3539 1809 3619 tremore

158 3639 274 3683 non
293 3625 503 3684 leniter
523 3635 614 3686 est
645 3635 921 3692 attactus.
958 3637 1116 3694 Mane
1140 3645 1332 3698 autem
1361 3645 1530 3716 facto,
1555 3662 1688 3704 cum
1709 3651 1807 3710 diu

157 3721 540 3788 exspectatus
571 3721 641 3776 ad
675 3731 1023 3782 conventum
1057 3743 1362 3799 procerum
1396 3750 1508 3791 non
1559 3739 1805 3814 veniret,

159 3805 612 3878 reginaproﬁlio
640 3810 915 3885 sollicita,
949 3818 1612 3884 nunciismissisobnixe
1643 3805 1810 3902 roga?

157 3892 264 3964 vit,
291 3899 354 3950 ut
375 3896 691 3956 adveniens
705 3902 987 3971 promissa
1019 3907 1348 3976 perficeret.
1374 3911 1476 3970 Ille
1498 3931 1638 3973 vero
1661 3892 1810 3976 affir-

158 3983 374 4054 mabat,
400 3999 460 4040 se
483 3989 643 4043 tanta
677 3987 1014 4048 inﬁrmitate
1035 3998 1287 4066 gravari,
1326 4006 1387 4056 ut
1418 4017 1521 4060 nec
1553 4004 1623 4060 de
1655 4006 1809 4066 lecto

155 4085 402 4140 surgere
431 4088 534 4130 nec
564 4075 771 4145 pedem
805 4085 1004 4148 posset
1031 4096 1321 4154 quoquam
1357 4103 1608 4148 movere.
1643 4095 1808 4153 Cum-

154 4174 268 4231 que
300 4167 628 4232 rogaretur,
664 4168 728 4220 ut
757 4179 820 4220 se
851 4165 908 4222 in
939 4166 1094 4226 lecto
1127 4172 1195 4226 ad
1223 4182 1574 4236 conventum
1607 4183 1808 4255 depor—

153 4247 268 4304 tari
301 4253 624 4321 pateretur,
660 4267 772 4324 quo
803 4253 896 4310 vel
943 4256 1028 4312 sic
1056 4261 1361 4329 promissio
1395 4247 1800 4344 perficeretur,

1993 3421 2043 3475 3.
2079 3420 2140 3473 A.
2177 3419 2237 3474 D.
2276 3421 2428 3474 1027.
2495 3420 2647 3474 Brun
2703 3419 3090 3489 Augustensis
3147 3421 3460 3493 episcopus
3509 3429 3569 3480 et

1923 3505 2142 3563 Welefo
2198 3521 2390 3563 comes
2441 3507 2648 3578 predas
2701 3510 2757 3563 et
2791 3507 3056 3564 incendia
3113 3509 3267 3566 inter
3295 3525 3358 3568 se
3387 3511 3566 3569 conﬁ-

1922 3593 2106 3650 ciunt.

1993 3704 2042 3756 4.
2077 3703 2140 3757 Α.
2173 3702 2234 3756 D.
2273 3703 2426 3758 1028.
2477 3702 2683 3756 Ernest
2719 3701 2835 3758 dux
2869 3701 3315 3760 Alamannorum
3349 3708 3409 3761 et
3437 3707 3566 3762 We-

1921 3792 2036 3847 lefo
2068 3807 2264 3847 comes
2322 3790 2668 3847 Chuonrado
2723 3791 3062 3862 imperatori
3103 3792 3174 3848 ad
3208 3792 3563 3852 deditionem

1922 3881 2181 3938 veniunt.

1992 3997 2042 4047 5.
2080 3992 2143 4045 Α.
2179 3992 2240 4044 D.
2273 3991 2422 4044 1029.
2446 3988 2600 4042 Brun
2631 3988 3018 4056 Augustensis
3047 3988 3364 4062 episcopus
3383 3991 3560 4059 obiit,

1921 4079 2013 4136 cui
2048 4077 2420 4134 Eberhardus
2451 4075 2762 4132 successit.
2813 4141 2823 4148 ι

1991 4189 2042 4240 6.
2079 4187 2142 4238 Α.
2177 4183 2240 4237 Ι).
2268 4185 2422 4238 1030.
2443 4179 2824 4235 Chuonradus
2861 4179 3557 4254 imperatorStephanum

1918 4275 2229 4329 Pannonia
2253 4282 2449 4336 regem
2469 4281 2600 4324 cum
2617 4267 3072 4338 exercitu-petit.
3099 4269 3328 4327 Interea
3348 4270 3405 4327 in
3430 4272 3566 4337 Ala-

1504 4425 1740 4484 VARUE
1807 4425 2206 4486 LECTIONES.

224 4501 316 4536 1‘”
345 4503 560 4561 desunt
586 4510 634 4560 1.
668 4507 729 4562 D.
765 4507 831 4563 Ε.
917 4506 1008 4544 ¹⁴⁶⁰
1036 4511 1352 4574 LXXVII".
1388 4519 1458 4574 D-
1496 4521 1566 4579 E-

1739 4592 1973 4654 ΝΟΤΑΕ.

149 4649 182 4701 6
214 4677 284 4688 ——
311 4651 368 4702 9ο
391 4653 742 4718 receperunt
778 4668 789 4703 :

931 4749 1306 4843 {etcepit-ias
1323 4759 1581 4843 stemma;
1605 4765 1840 4836 confert
1855 4767 1945 4843 (α)
1979 4760 2362 4843 attonicafb)
2395 4771 2584 4843 reo-na
2615 4759 2718 4830 (ο),

938 4822 989 4878 Τ
983 4834 1014 4878 θ
1018 4824 1118 4904 πεί
1141 4829 1680 4904 (ἐμβαδίοις-οφιῖιυι,
1697 4822 1892 4895 'mar'e
1905 4822 2187 4904 terraque
2215 4822 2490 4892 ebrietas.

1044 4895 1318 4968 Undique
1349 4900 1604 4960 nobilior
1629 4895 2030 4967 Heinriciane
2057 4895 2245 4965 (iocor.

226 4987 287 5042 In
315 4989 430 5046 E1.
471 5005 647 5063 super
677 4999 985 5056 stemmate
1018 5001 1242 5070 primus
1274 5003 1490 5076 legitur
1519 5025 1747 5069 versus.
1784 5045 1846 5054 —
1877 5014 2034 5071 Idem
2068 5012 2166 5083 qui
2196 5014 2439 5068 stemma
2462 5005 2804 5064 Karolorum
2828 5005 3156 5078 praemittit,
3188 5007 3439 5067 tercium
3456 5009 3555 5067 ad-

158 5076 246 5132 dit
277 5075 388 5134 hoc
423 5097 436 5132 :

1508 5169 1862 5230 Coum-actus
1887 5171 2217 5246 imperator

1501 5258 1543 5329 -ι-
1570 5259 1900 5320 Heinricus
1925 5260 2253 5334 imperator

1499 5353 1830 5417 Etim-im
1855 5357 2201 5431 imperator.

620 5453 973 5516 conanda:
994 5472 1123 5518 rex.
1235 5462 1566 5526 Heinrious
1593 5483 1723 5531 me.

229 5562 378 5636 (260)
405 5563 487 5619 Cf.
521 5565 774 5639 diploma
805 5570 863 5626 in
892 5573 1057 5632 Actis
1076 5576 1254 5648 palat.
1285 5579 1377 5650 Vi,
1410 5595 1468 5654 p.
1502 5587 1635 5642 27‘.

95 5703 100 5711 ’
193 5667 317 5825 ³7αέ
341 5680 607 5764 conferat
631 5685 682 5742 8.
716 5689 799 5746 9°.
835 5702 992 5750 corr.
1030 5693 1264 5752 confert
1289 5699 1350 5752 7.
1389 5700 1472 5754 οι.

231 5750 287 5824 (ὁ
339 5755 596 5814 attentos
627 5757 682 5813 8.

231 5750 310 5824 (ὁ)
339 5753 596 5814 attonica
627 5757 682 5813 8.

1905 5475 1946 5544 -ι-
1975 5470 2257 5534 Λάϐαάέ
2277 5481 2431 5530 umor
2460 5465 2740 5540 Liupoldi
2751 5463 3140 5526 motionis.

1907 5703 1982 5775 (ο)
2013 5703 2217 5775 regina
2243 5717 2420 5774 com,
2451 5698 2774 5761 utoidotur
2803 5711 2981 5772 regna
3013 5701 3076 5758 θ’
