3934 6416
413 418 531 482 935

1574 396 2056 467 EKKEHARDI
2100 394 2657 462 URAUGIENSIS

3706 382 3834 451 936

413 553 637 611 mannia
668 552 876 606 Errcst
910 547 1025 601 dux
1052 549 1106 600 et
1142 542 1519 599 Werinherus
1550 556 1743 598 comes
1772 552 1901 596 cum
1931 536 2059 594 aliis
2088 539 2143 599 A
2246 533 2684 591 tuit.--Petrus
2704 546 2933 603 quoque
2948 528 3333 601 Ungariorum
3349 543 3448 584 rex
3470 526 3659 583 eidem
3687 524 3828 581 duci

418 643 617 700 multis
646 640 1013 705 occiduntur,
1051 638 1115 691 16
1140 632 1269 689 Kal.
1306 633 1463 703 Sept.

486 736 539 787 7.
578 734 637 784 A.
673 730 734 783 D.
774 731 936 781 1031.
996 722 1324 793 Stephanus
1379 736 1481 777 rex
1513 736 1615 793 per
1648 719 1873 789 legatos
1930 730 2060 773 cum

417 823 768 893 imperatore
799 814 1159 886 paciﬁcatur.

486 916 536 968 8.
572 912 634 964 Α.
670 909 732 962 D.
770 908 924 959 1039..
960 900 1326 957 'Ruodolfus
1384 915 1485 956 rex
1544 896 1891 967 Burgundiaa
1947 910 2064 950 mo-

417 1001 590 1067 riens,
626 995 887 1050 diadema
941 1005 1105 1047 suum
1140 988 1484 1046 Chuonrado
1516 984 1852 1057 imperatori
1886 983 2058 1039 misit.

555 1091 575 1110 ’
600 1088 662 1142 D.
692 1087 750 1140 Ii.
779 1081 1046 1140 addunt:
1078 1081 1402 1150 Rutpertus
1426 1076 1654 1131 "“-°‘et
1686 1073 2011 1131 Richardus
2032 1086 2061 1128 a

628 1172 974 1230 Norinannia
1016 1169 1287 1240 digressi,
1347 1167 1611 1238 Apuliam
1664 1168 1949 1235 expetunt
2004 1164 2061 1216 et

629 1262 916 1334 patriotas
950 1257 1180 1313 fortiter
1210 1254 1530 1311 debellant.
1557 1268 1631 1309 ea:
1657 1250 1863 1323 Sigei).

485 1358 535 1409 9.
577 1355 638 1407 A.
676 1352 736 1405 D.
764 1352 923 1405 1033.
967 1344 1375 1415 Meginhardus
1407 1343 1723 1414 episcopus
1748 1338 2065 1395 Wircibur-

414 1441 614 1513 gensis
645 1440 817 1494 obiit.
859 1435 1242 1493 Chuonradus
1272 1434 1587 1503 imperator
1618 1430 1675 1485 in
1708 1429 1893 1484 hieme
1927 1429 2065 1483 Bur-

416 1531 689 1601 gundiam
723 1527 894 1599 petit.
951 1524 1213 1595 Eclypsis
1263 1521 1406 1579 solis
1440 1523 1590 1577 facta
1623 1524 1715 1575 est
1746 1523 1776 1573 3
1810 1515 2055 1573 Kalend.

412 1618 568 1689 Julii,
600 1618 742 1673 hora
770 1616 860 1649 1‘“
883 1620 1065 1671 sexta.

488 1708 571 1763 10.
609 1709 672 1762 Α.
708 1707 771 1760 D.
807 1708 962 1760 1034.
998 1705 1321 1773 Imperator
1362 1698 1657 1755 Franciam
1682 1697 1829 1768 petit
1860 1699 2063 1752 contra

417 1798 723 1852 Outonem.
756 1796 897 1849 Item
930 1792 1019 1825 ¹⁴⁶⁶
1041 1790 1429 1860 Burgundiam
1458 1792 1670 1844 vastat.

492 1889 573 1941 11.
603 1886 666 1939 A.
701 1886 767 1938 D.
806 1888 955 1939 1035.
1010 1881 1327 1936 Wirbinam
1358 1878 1687 1941 castellum,
1727 1878 1779 1931 in
1813 1874 2064 1932 conﬁnio

417 1974 681 2031 Saxonize
707 1972 980 2045 positum,
1008 1970 1213 2041 pagani
1247 1968 1343 2038 qui
1371 1968 1575 2023 Liutici
1610 1967 1883 2023 dicuntur
1916 1965 2065 2021 obti-

418 2069 576 2132 nent,
612 2062 813 2118 multis
844 2076 915 2115 ex
944 2059 1284 2116 christianis
1324 2057 1535 2114 occisis
1566 2061 1623 2111 et
1654 2055 1864 2126 captis.
1902 2054 2065 2121 Quod

416 2153 735 2223 imperator
764 2166 893 2206 cum
927 2149 1190 2204 exercitu
1228 2147 1393 2218 petit.

485 2263 577 2316 12.
616 2261 680 2313 Α.
707 2259 768 2312 D.
804 2260 961 2326 1036,
1007 2255 1385 2311 Gcbehardus
1411 2252 1700 2308 secundus
1732 2251 2065 2321 Ratisponaa

412 2348 720 2418 episcopus
753 2345 928 2408 obiit;
963 2359 1068 2415 pro
1112 2359 1224 2413 quo
1261 2343 1397 2396 item
1434 2340 1811 2395 Gebeliardus
1846 2338 2067 2393 tercius

415 2436 813 2494 successit.-—
835 2434 1122 2503 lleinrico,
1152 2431 1523 2503 imperatoris
1550 2429 1886 2499 ﬁlio,Knuth
1914 2427 2068 2497 regis

419 2528 706 2581 Danorum
776 2522 891 2578 ﬁlia
955 2522 1355 2592 conjungitur.
1394 2518 1703 2574 —Luitici
1770 2514 2068 2573 tributarii

421 2614 555 2671 facti
605 2616 740 2669 sunt
788 2611 1147 2683 imperatori.
1179 2642 1231 2650 —
1254 2609 1569 2688 Piligrinus
1598 2606 1960 2662 Coloniensis
1984 2620 2071 2661 ar-

418 2702 827 2774 chiepiscopus
883 2701 1170 2767 moritur;
1222 2714 1326 2770 pro
1358 2712 1472 2768 quo
1507 2697 1889 2752 llerimannus
1918 2694 2069 2750 ordi-

420 2797 611 2847 natur.

492 2887 579 2936 13.
615 2882 679 2933 A.
715 2881 777 2934 D.
814 2883 971 2935 1037.
1033 2876 1414 2933 Chuonradus
1472 2878 1790 2946 imperator
1849 2873 2073 2930 Italiam

422 2985 553 3027 cum
586 2969 847 3025 exercitu
902 2969 1070 3039 petit.
1100 2974 1156 3022 et
1207 2967 1689 3023 Mcdiolanensem
1737 2965 2074 3037 episcopum

421 3059 477 3114 in
498 3059 825 3114 custodiam
848 3057 1058 3122 mittit;
1102 3057 1198 3126 qui
1226 3057 1357 3126 fuga
1387 3056 1585 3126 lapsus
1620 3054 1955 3126 imperatori
1990 3067 2077 3109 re-

422 3147 881 3203 bellat.——Outo
937 3147 1212 3217 princeps
1246 3144 1687 3215 Karolingorum
1726 3158 1755 3198 a
1790 3142 2076 3199 Gozelone

2173 631 2378 681 contra
2414 638 2610 693 regem
2643 620 2858 679 auxilia
2891 620 3077 676 misit.

2242 738 2293 788 3.
2323 734 2383 788 A.
2412 734 2667 787 Ι).1Ο42.
2718 728 2953 798 Ungarii
3004 725 3289 797 quendam
3315 724 3566 782 Ovonem
3591 723 3701 781 sibi
3739 738 3829 778 re-

2170 836 2298 891 gem
2333 822 2627 890 fecerunt,
2663 825 2718 873 et
2753 820 2988 872 Petrum
3024 829 3215 885 regem
3249 829 3416 870 suum
3444 810 3823 884 expulerunt.

2173 911 2277 977 Qui
2312 910 2596 980 profugus
2642 912 2702 962 et
2765 904 2953 975 exsul,
3016 903 3265 960 lleinrici
3311 902 3485 971 regis,
3516 901 3608 957 cui
3641 900 3825 972 priori

2172 1014 2322 1055 anno
2346 996 2673 1067 rebellavit,
2700 996 2947 1065 gratiam
2990 992 3184 1064 querit
3214 997 3273 1048 et
3302 990 3536 1047 invenit.
3562 1023 3631 1030 —
3654 989 3826 1044 llein-

2173 1090 2331 1144 ricus
2346 1103 2448 1143 rex
2482 1086 2771 1141 Boemiam
2803 1085 3122 1154 ingressus,
3146 1083 3274 1151 igne
3300 1081 3591 1152 predaque
3610 1086 3821 1135 cuncta

2174 1177 2542 1245 devastat,et
2569 1173 2843 1230 rebellem
2872 1172 3073 1228 ducem
3094 1171 3327 1227 obsides
3350 1170 3487 1225 dare
3512 1168 3823 1240 ipsumque

2175 1270 2310 1338 post
2343 1279 2406 1321 se
2437 1264 2812 1335 RatiSponam
2837 1262 2907 1318 ad
2941 1260 3294 1318 deditionem
3318 1257 3690 1315 humillimam
3726 1272 3823 1310 ve-

2175 1356 2297 1412 nire
2333 1355 2563 1425 sibique
2616 1350 2997 1423 jurejurando
3048 1349 3385 1406 ﬁdelitatem
3414 1362 3480 1403 ac
3510 1346 3822 1403 servicium

2174 1445 2517 1501 conﬁrmare
2548 1446 2796 1499 coartat.
2824 1474 2892 1481 —
2916 1442 3034 1496 Ovo
3058 1454 3160 1495 rex
3190 1438 3591 1509 Ungariorum,
3626 1436 3699 1491 ob
3731 1452 3825 1490 su-

2176 1539 2442 1607 sceptum
2472 1548 2503 1589 a
2535 1548 2671 1603 rege
2705 1532 2975 1588 Heinrico
3007 1533 3244 1586 Petrum
3273 1543 3302 1584 a
3328 1543 3390 1584 se
3412 1526 3736 1598 expulsum,
3762 1525 3823 1579 ﬁ-

2176 1640 2279 1680 nes
2310 1623 2588 1693 Bajoariaa
2620 1622 2819 1694 predis
2850 1618 3282 1691 depopulatur;
3317 1616 3416 1674 sed
3448 1631 3644 1684 magna
3682 1630 3823 1686 pars

2176 1712 2474 1769 exercitus
2491 1712 2617 1781 ejus
2639 1711 2710 1766 ab
2742 1709 3109 1765 Adelberone
3134 1706 3463 1763 marchione
3483 1704 3741 1760 deletur.

2250 1823 2306 1875 4.
2339 1822 2409 1874 Α.
2444 1820 2510 1874 D.
2546 1822 2706 1874 1043.
2749 1816 3052 1872 Heinricus
3082 1830 3185 1871 rex
3217 1812 3563 1870 Pannoniam
3604 1811 3823 1880 ingres-

2097 1912 2148 1971 B
2178 1924 2301 1978 sus,
2335 1908 2480 1964 duas
2541 1907 3024 1978 populosissimas
3058 1904 3329 1961 civitates
3358 1902 3587 1971 evertit,
3622 1899 3820 1972 plures

2179 1997 2478 2053 deditione
2508 1996 2617 2051 sibi
2678 1996 2953 2065 subjecit.
2986 2026 3052 2033 —
3087 1991 3275 2049 Gisela
3306 1989 3642 2063 impcratrix
3673 1989 3818 2045 obiit

2184 2091 2245 2141 16
2277 2086 2403 2142 Kal.
2445 2087 2613 2141 Mart.
2654 2088 2710 2139 et
2746 2083 3029 2155 sepelitur
3062 2082 3268 2154 Spirzc.

2249 2197 2306 2247 ὅ.
2338 2196 2405 2247 Α.
2440 2192 2507 2245 D.
2560 2194 2720 2247 1044.
2761 2190 3067 2245 Heinricus
3097 2203 3200 2244 rex
3234 2187 3442 2243 iterum
3474 2184 3821 2240 Pannoniam

2180 2280 2478 2349 invadens,
2514 2279 2973 2335 satisl'actionem
3007 2283 3064 2332 et
3094 2276 3329 2334 obsides
3360 2291 3426 2331 ac
3459 2288 3693 2330 munera
3731 2288 3823 2344 pa-

2180 2370 2381 2439 cisque
2413 2368 2912 2424 conﬁrmationem
2948 2381 3049 2438 per
3075 2365 3476 2436 jusjurandum
3509 2362 3819 2435 accipiens,

2183 2458 2491 2524 discessit;
2527 2457 2775 2527 indeque
2820 2471 3110 2525 reversus,
3143 2455 3363 2527 synodo
3395 2451 3821 2509 Constanticnsi

2183 2546 2369 2613 all‘uit,
2413 2546 2507 2601 ubi
2540 2546 2772 2602 cunctis
2815 2545 2869 2600 in
2904 2560 2964 2601 se
3015 2543 3489 2614 delinquentibus
3518 2541 3710 2597 debita
3742 2540 3825 2595 di-

2186 2634 2767 2705 misit,omnibusque
2800 2634 3130 2690 iuimiciciis
3145 2632 3479 2701 destructis,
3503 2645 3698 2702 pacem
3732 2630 3826 2685 lia-

2186 2729 2393 2780 etenus
2426 2724 2744 2780 inauditam
2780 2730 2893 2779 tam
2928 2724 2983 2778 in
3018 2727 3140 2778 tota
3170 2721 3375 2778 Suevia
3410 2734 3577 2791 quam
3611 2719 3664 2774 in
3699 2718 3829 2774 aliis

2187 2814 2350 2882 regni
2379 2813 2467 2869 sui
2492 2814 2814 2885 provinciis
2837 2828 2943 2883 per
2961 2811 3215 2868 edictum
3242 2811 3413 2880 regiae
3429 2804 3690 2865 censura:
3705 2823 3832 2863 con-

2189 2903 2466 2958 firmavit.
2525 2902 2663 2957 Dein
2716 2907 3017 2971 Agnetem,
3069 2898 3402 2956 Willihelmi
3452 2897 3832 2954 Pictaviensis

2188 2992 2469 3063 principis
2517 2991 2713 3061 ﬁliam,
2776 2991 2927 3061 apud
2962 2990 3311 3059 Mogontiam
3373 2988 3502 3058 ungi
3532 2987 3749 3042 faciens
3778 2987 3830 3040 in

2188 3082 2465 3149 reginam,
2523 3080 2820 3150 regalibus
2854 3080 2965 3135 sibi
3015 3079 3233 3150 nuptiis
3263 3078 3416 3149 apud
3450 3076 3831 3146 Ingelenheim

2185 3169 2516 3241 copulavit;
2541 3170 2689 3224 unde
2707 3169 2988 3225 inﬁnitam
3006 3168 3353 3225 histrionum
3370 3172 3427 3223 et
3446 3166 3833 3237 joculatorum

419 3236 821 3339 Ῑίοιδδίᾝῗυίη
854 3236 1008 3339 at???
1033 3249 1224 3306 pugna
1259 3239 1471 3305 “Otus:
1500 3235 1845 3304 “'glcnsque
1880 3246 1909 3287 ³
1939 3246 2077 3303 quo'
2108 3276 2155 3339 ρ
2189 3235 2621 3315 multitudinem
2646 3274 2754 3314 non
2783 3258 2970 3314 solum
2995 3259 3353 3326 muneribus,
3381 3235 3484 3313 sed
3507 3254 3679 3311 etiam
3704 3256 3834 3311 cibo

419 3325 548 3382 dam
582 3325 766 3382 milite
799 3324 1110 3381 occiditur.

492 3434 576 3490 14.
626 3437 688 3489 Α.
732 3434 793 3487 D.
844 3436 999 3488 1038.
1035 3431 1366 3503 Stephanus
1396 3430 1779 3500 Ungariorum
1811 3444 1910 3485 rex
1945 3429 2077 3485 reli-

418 3523 621 3593 giosus
652 3523 819 3577 obiit.

492 3634 577 3685 15.
614 3632 678 3684 Α.
714 3630 782 3683 D.
844 3631 1009 3684 1039.
1079 3627 1409 3698 Chunigunt
1466 3627 1827 3699 imperatrix,
1891 3631 2076 3683 mater

420 3734 760 3791 pauperum,
785 3716 949 3773 dives
968 3718 1115 3789 ipsa,
1138 3717 1377 3773 divitem
1403 3716 1674 3787 migravit
1696 3715 1765 3772 ad
1783 3715 2073 3772 Christum

418 3813 448 3862 ti
479 3808 617 3863 Non.
668 3807 971 3862 Martii.—
1004 3807 1389 3864 Herimaunus
1435 3805 1551 3863 dux
1598 3806 2070 3873 Alamannorum,

419 3896 573 3953 ﬁlius
620 3896 815 3952 Gisilm
865 3896 1276 3969 imperatricis,
1311 3896 1477 3953 obiit.
1560 3895 1944 3952 Chuonradus
1975 3892 2076 3948 im-

420 3990 657 4059 perator
686 3987 892 4043 0111112
923 3988 1066 4042 Non.
1100 3985 1275 4057 Junii,
1310 3991 1366 4042 et
1392 3986 1660 4058 sepultus
1682 3989 1772 4040 est
1798 3986 1998 4054 Spirw.

419 4076 818 4145 chinboldus
834 4076 1127 4147 Spirensrs
1140 4077 1452 4148 episcopus
1471 4075 1619 4131 obiit
1636 4077 1667 4127 3
1682 4072 1817 4128 ldus
1832 4070 2071 4127 Octobr.

447 4197 486 4205 -
517 4165 780 4237 Eclypsis
810 4166 948 4222 solis
978 4167 1128 4222 facta
1163 4171 1249 4222 est
1285 4168 1343 4222 11
1380 4163 1507 4221 Kal.
1549 4162 1938 4235 Septembris.

490 4272 636 4328 Anni
672 4272 742 4328 ab
775 4272 939 4328 initio
970 4276 1134 4328 5000.

417 4361 567 4419 Anni
600 4361 850 4417 lleinrici
884 4362 1080 4417 tercii.

495 4474 551 4524 1.
592 4471 755 4525 Auno
802 4468 1117 4524 Dominicze
1152 4466 1571 4524 incarnationis
1602 4465 1908 4523 millesimo
1940 4480 2078 4538 qua-

420 4556 772 4627 dragesimo,
807 4558 877 4612 ab
906 4557 1058 4613 Urbe
1082 4560 1277 4613 autem
1310 4555 1544 4611 condita
1582 4558 1737 4625 1791,
1774 4552 2077 4609 Heinricus

426 4647 665 4717 tercius,
700 4647 1030 4703 Chuonradi
1083 4646 1456 4717 imperatoris
1490 4643 1664 4714 ﬁlius,

420 4741 589 4809 patre
620 4737 854 4793 vivente
910 4749 1013 4791 rex
1047 4735 1433 4803 constitutus,
1466 4736 1562 4787 86°
1585 4731 1674 4765 1""
1705 4731 1832 4788 loco
1866 4735 1937 4789 ab
1966 4736 2081 4790 Au-

419 4830 618 4897 gusto,
656 4826 807 4898 patri
841 4825 1156 4895 successit,
1192 4828 1252 4878 et
1288 4828 1348 4878 17
1374 4823 1539 4878 annis
1573 4822 1864 4892 regnavit.
1903 4823 2080 4878 Eber-

420 4913 642 4972 hardus
667 4913 758 4947 “‘9
778 4914 1002 4987 primus
1035 4910 1536 4982 Babenbergensis
1567 4911 1882 4984 episcopus
1906 4912 2073 4969 obiit.

490 5027 541 5080 2.
597 5021 761 5093 (0hr.
817 5021 937 5093 W.)
970 5022 1033 5075 A.
1064 5021 1127 5075 D.
1164 5021 1329 5075 1041.
1385 5019 1692 5077 Heinricus
1738 5036 1838 5077 rex
1871 5020 2077 5078 ducem

421 5111 673 5170 Poemiaa
701 5110 1051 5167 Fratizlaum
1074 5108 1228 5166 bello
1255 5110 1453 5183 petiit;
1476 5110 1579 5168 sed
1603 5110 1801 5170 multis
1824 5113 2080 5185 proceri-

424 5203 608 5260 buset
631 5201 918 5258 militibus
935 5200 991 5257 in
1007 5203 1439 5273 prestructionc
1464 5202 1623 5261 silvae
1645 5204 1792 5261 citra
1810 5203 2079 5276 ultraque

417 5293 637 5351 occisis
666 5292 760 5349 vel
783 5291 995 5365 captis,
1039 5290 1119 5349 nil
1151 5293 1424 5351 memoria
1458 5294 1694 5366 dignum
1722 5294 1952 5353 etllcere
1984 5311 2081 5368 po-

2189 3353 2450 3419 potuque
2483 3363 2722 3404 vacuam
2777 3354 2837 3404 et
2870 3354 3187 3403 merentem
3242 3346 3403 3402 abire
3439 3344 3728 3417 permisit.
3768 3375 3833 3382 —

2188 3436 2535 3508 Luitpoldus
2569 3438 2849 3507 marchio,
2904 3436 3203 3492 Adelberti
3241 3435 3415 3505 ﬁlius,
3451 3433 3692 3489 maxima
3725 3433 3831 3487 L’n-

2184 3526 2480 3596 gariorum
2505 3526 2720 3596 clades,
2751 3527 3056 3583 immature
3077 3526 3242 3582 obiit.
3263 3523 3534 3581 -—Pestis
3547 3520 3832 3593 pecudum

2186 3616 2455 3686 maxima,
2488 3616 2671 3670 hiems
2704 3615 2845 3671 dura
2881 3615 2989 3671 fuit
3021 3619 3081 3669 ct
3114 3615 3337 3671 nivosa.

2254 3726 2313 3776 6.
2357 3724 2426 3776 A.
2466 3723 2537 3775 Ι).
2586 3725 2716 3775 10.15
2764 3723 2916 3776 Bruu
2974 3720 3468 3790 Wirciburgensis
3526 3718 3833 3790 episcopus

2183 3810 2383 3865 0111110
2414 3808 2536 3863 Kal.
2569 3808 2749 3864 Junii.
2790 3811 2903 3863 Pro
2935 3824 3048 3877 quo
3082 3808 3374 3864 Adelbero
3402 3808 3729 3865 ordinatur.
3766 3837 3831 3845 —

2183 3897 2489 3953 Heinricus
2522 3913 2627 3951 rex
2659 3897 2845 3952 tercio
2880 3896 3233 3952 Pannoniam
3266 3897 3589 3967 ingressus,
3618 3896 3829 3965 Deique

2186 3988 2415 4041 favente
2469 3985 2778 4041 clementia
2834 3985 3025 4042 victor
3079 3986 3342 4053 effectus,
3397 3986 3653 4042 Ovonem
3703 4000 3827 4041 cum

2186 4091 2369 4132 uxore
2404 4080 2461 4131 ct
2514 4075 2649 4131 ﬁliis
2680 4091 2746 4131 ac
2791 4075 3073 4146 cognatis,
3134 4075 3349 4146 quibus
3381 4073 3547 4132 locus
3581 4074 3827 4145 fugiendi

2184 4171 2332 4237 erat,
2366 4166 2681 4235 effugabat,
2709 4167 2944 4221 Petrum
2971 4165 3237 4221 restituit
3266 4164 3322 4219 in
3346 4180 3607 4236 regnum,
3643 4164 3827 4221 subdi-

2187 4261 2363 4327 toque
2396 4256 2508 4311 sibi
2545 4256 2927 4325 Ungariorum
2961 4270 3162 4326 regno,
3197 4271 3327 4312 cum
3358 4256 3575 4312 honore
3614 4269 3827 4311 summo

2188 4344 2534 4401 revertitur.
2562 4377 2633 4384 —
2654 4344 2991 4400 Gotefridus
3011 4345 3125 4401 dux
3142 4345 3544 4402 Lothariorum
3569 4343 3826 4399 Heinrico

2189 4433 2311 4503 regi
2346 4432 2655 4503 rebellans,
2717 4432 2787 4489 ad
2820 4433 3175 4489 deditionem
3210 4438 3472 4503 coactus,
3508 4433 3562 4488 in
3592 4432 3825 4488 castello

2189 4522 2623 4579 Gibichenstein
2657 4537 2840 4594 usque
2890 4522 2959 4578 ad
2995 4523 3224 4594 dignam
3259 4522 3707 4581 satisfactionem
3735 4537 3826 4577 cu-

1710 4612 1826 4713 j’am
1858 4642 2073 4699 dudum
2107 4643 2158 4702 Ι)
2192 4612 2399 4668 stodize
2428 4612 2823 4684 mancipatur.
2865 4616 2917 4668 '1

2331 4721 2383 4775 ‘1
2424 4724 2514 4775 10.
2557 4722 2649 4776 11.
2691 4720 2966 4778 addunt:
3004 4720 3142 4777 Otto
3173 4720 3293 4778 dux
3320 4722 3632 4777 Suevorum
3660 4717 3824 4775 elﬁci-

2400 4813 2525 4865 tur.
2564 4822 2639 4866 ex
2664 4810 2989 4867 Bernoldo.

2259 4941 2317 4992 7.
2359 4939 2429 4992 Α.
2466 4937 2527 4992 Ι).
2574 4938 2740 4992 1046.
2775 4935 3082 4993 Heinricus
3126 4951 3228 4993 rex
3257 4934 3482 4993 Italiam
3515 4920 3817 5004 ingressus,

2190 5040 2219 5082 a
2243 5025 2517 5082 Romanis
2542 5025 2780 5097 paciﬁce
2804 5025 3159 5097 suscipitur;
3188 5040 3370 5097 papas
3388 5029 3510 5080 tres
3532 5022 3819 5093 nondigne

2190 5116 2549 5173 constitutos
2566 5113 2925 5185 synodaliter
2940 5114 3233 5186 deposuit,
3250 5114 3711 5184 etSuidegerum,
3731 5113 3821 5168 Ba-

2192 5206 2300 5263 ben
2313 5203 2616 5275 bergensis
2630 5202 2897 5260 ecclesiae
2913 5203 3232 5263 secundum
3257 5204 3613 5277 episcopum,
3631 5215 3819 5274 papam

2190 5295 2533 5363 constituit;
2568 5308 2597 5350 a
2658 5308 2773 5366 quo
2805 5294 2928 5368 ipse
2983 5300 3041 5354 et
3101 5294 3354 5369 coniunx
3408 5294 3535 5367 ejus
3566 5295 3745 5365 Agnes
3773 5292 3821 5348 in

1789 5472 2030 5529 VARUE
2070 5471 2470 5532 LECTIONES.

486 5638 645 5727 “°_‘-“
674 5634 1016 5727 Radbertus
1036 5643 1097 5699 E.
1179 5641 1269 5727 1f“
1296 5643 1359 5727 b.
1387 5658 1443 5727 _s.
1474 5642 1691 5727 desunt
1713 5648 1765 5700 7.
1845 5639 1935 5675 1‘“
1961 5644 2370 5701 Item—vastat
2410 5642 2658 5704 dessum
2680 5646 2906 5703 4-11.
2952 5643 3043 5680 ³⁸⁸⁷
3072 5644 3279 5705 LXXX.
3318 5645 3380 5701 D.
3413 5644 3474 5703 E.
3552 5642 3645 5683 ¹⁶⁸³
3670 5642 3822 5727 Rhet:

417 5709 636 5773 bardus
655 5745 726 5756 —
747 5709 894 5769 obiit
915 5713 985 5771 in
1008 5715 1286 5789 ana/mine
1307 5720 1331 5773 1
1363 5714 1581 5778 desunt
1600 5718 1662 5774 4.
