3948 6452
140 347 237 401 201

770 343 1151 402 EXPOSITIO
1191 344 1265 400 IN
1302 342 1680 401 EPISTOLAS
1718 344 1942 400 PAULI.
1986 375 2056 387 —
2094 346 2168 402 IN
2204 345 2424 404 EPIST.
2468 348 2490 403 Ι
2526 348 2622 404 ΑΙ)
2662 348 2822 404 COR.

3347 351 3453 406 202

149 469 450 525 indiscrete
481 485 579 526 eos
606 470 714 527 vult
745 470 896 542 loqui
924 471 1127 543 linguis
1151 514 1164 537 ,
1215 487 1284 527 ne
1321 470 1632 540 judicentur
1660 470 1748 524 in-
1779 474 1832 532 Α
1852 470 1976 527 dico
2005 471 2161 528 vobis
2182 490 2194 526 :
2213 474 2363 529 sicut
2393 489 2498 545 ego
2529 473 2673 528 idem
2692 474 2855 530 doceo
2878 475 2939 529 in
2969 473 3226 529 omnibus
3255 474 3450 528 Eccle-

154 558 308 626 sani;
344 575 447 615 nec
481 559 677 614 iterum
724 560 836 615 vult
879 575 973 615 eos
1019 561 1233 631 penitus
1278 561 1508 630 rejicere
1551 559 1755 615 donum

150 648 266 716 Dei,
301 649 528 714 scilicet,
581 648 727 720 loqui
756 648 976 720 linguis,
1009 649 1331 704 determinat
1361 649 1632 720 quomodo
1664 655 1754 702 ut-

154 745 312 791 antur
341 738 447 794 hoc
478 738 750 808 praecipue
779 745 833 793 et
879 738 998 792 aliis
1041 738 1198 794 donis
1234 753 1245 792 :
1279 738 1464 794 omnia
1508 737 1755 792 faciendo

157 827 227 880 ad
258 826 548 882 utilitatem
579 826 832 898 proximi.
867 827 1060 882 Littera
1082 827 1160 883 sic
1183 827 1432 900 jungitur
1457 845 1468 881 :
1505 825 1757 895 Quando-

155 915 376 987 quidem
415 915 618 988 linguis
656 916 1041 971 tumultuantes
1091 915 1268 971 insani
1314 915 1564 972 dicimur.
1615 915 1754 970 Pro-

150 1005 434 1075 phetantes
463 1020 596 1060 vero
627 1006 797 1060 Deum
830 1005 885 1059 in
915 1005 1073 1060 nobis
1093 1005 1297 1060 habere
1320 1004 1574 1060 dicimur.
1615 1004 1754 1073 Quid

153 1109 280 1164 ergo
309 1092 621 1149 faciendum
651 1097 756 1160 est,
781 1096 995 1166 fratres
1019 1098 1042 1150 ?
1073 1092 1470 1164 Pr0phetabitis
1511 1108 1751 1163 semper,

153 1181 422 1253 neglectis
452 1182 667 1253 penitus
706 1182 952 1255 linguis?
991 1182 1208 1238 Minime
1242 1198 1254 1236 :
1281 1183 1379 1238 sed
1400 1199 1530 1238 cum
1550 1197 1754 1239 conve-

152 1272 317 1336 nitis,
350 1272 733 1344 unusquisque
757 1272 924 1327 habet
951 1272 1156 1328 donum
1188 1288 1368 1327 suum.
1403 1271 1554 1326 Alius
1591 1271 1756 1326 habet

151 1361 462 1431 psalmum,
512 1369 569 1414 ut
611 1368 812 1426 cantet,
863 1361 950 1415 vel
985 1361 1370 1432 interpretetur
1408 1359 1650 1431 psalmos
1700 1359 1756 1412 in

152 1449 422 1504 Ecclesia.
449 1449 602 1503 Alius
624 1450 786 1506 habet
807 1450 1150 1517 doctrinam,
1173 1458 1230 1504 ut
1250 1450 1386 1506 sciat
1404 1449 1671 1504 instruere
1687 1447 1755 1502 de

155 1537 422 1593 moribus.
446 1537 598 1592 Alius
629 1537 791 1594 habet
821 1540 1235 1611 Apocalypsim,
1257 1539 1312 1593 id
1361 1547 1444 1593 est
1463 1537 1755 1594 revelatio-

155 1642 284 1682 nem
313 1627 670 1683 occultorum.
718 1629 846 1683 Haec
889 1628 991 1682 tria
1037 1628 1219 1698 posuit
1258 1627 1434 1683 solum
1463 1627 1530 1681 ad
1561 1626 1756 1680 simili-

157 1716 399 1770 tudinem
435 1735 448 1782 ;
482 1716 590 1772 duo
622 1733 743 1786 qua:
769 1724 1092 1788 sequuntur,
1118 1717 1188 1771 ad
1208 1716 1583 1772 intentionem.
1605 1714 1756 1769 Alius

155 1804 319 1860 habet
350 1805 605 1876 linguam
639 1805 995 1878 incognitam.
1023 1805 1177 1860 Alius
1198 1806 1362 1861 habet
1382 1806 1754 1876 .interpreta-
1774 1832 1826 1891 Β

158 1895 375 1948 tionem
424 1893 843 1964 Scripturarum,
892 1893 949 1948 id
996 1901 1077 1948 est
1114 1893 1452 1965 prophetiam
1488 1907 1500 1946 :
1532 1900 1585 1948 et
1630 1907 1755 1949 cum

152 1981 269 2038 haec
299 1981 484 2036 omnia
513 1982 756 2037 habeatis
789 1999 802 2035 :
836 1983 1028 2037 omnia
1059 1980 1190 2036 fiant
1218 1983 1273 2036 in
1319 1982 1476 2037 vobis
1503 1981 1576 2036 ad
1616 1983 1750 2036 cedi-

155 2071 485 2138 ﬁcationem
502 2071 782 2126 Ecclesiae.
808 2070 932 2126 Sive
961 2070 1095 2124 illud
1128 2069 1351 2137 faciatis,
1374 2070 1488 2125 sive
1520 2069 1752 2125 143

157 2158 303 2212 aliud
355 2173 367 2212 :
414 2160 530 2213 sive
597 2160 802 2230 aliquis
881 2161 1131 2231 loquitur
1189 2160 1386 2230 lingua
1441 2157 1753 2230 incognita,

156 2247 258 2302 hoc
290 2246 383 2301 fiat
411 2247 727 2302 secundum
759 2247 914 2312 duos,
966 2247 1020 2302 id
1064 2255 1145 2302 est
1183 2247 1398 2302 duobus
1428 2255 1639 2302 tantum
1679 2245 1760 2300 sic

154 2335 304 2406 loqui
332 2335 588 2407 permitto
624 2351 635 2390 :
669 2340 770 2390 aut
806 2335 1100 2391 secundum
1135 2341 1268 2400 tres,
1292 2340 1358 2392 ut
1387 2337 1638 2391 multum
1668 2335 1757 2388 di-

153 2439 271 2479 cam
307 2440 320 2478 :
360 2440 469 2478 non
521 2426 664 2479 enim
685 2424 809 2495 plus
839 2441 1002 2496 quam
1034 2424 1208 2479 tribus
1240 2425 1344 2480 hoc
1365 2423 1529 2480 licere
1559 2438 1758 2479 conce-

153 2512 222 2567 do
253 2530 266 2566 :
301 2528 404 2568 nec
435 2512 524 2568 hic
553 2513 661 2567 duo
691 2512 778 2568 vel
808 2521 915 2568 tres
946 2513 999 2566 in
1031 2512 1220 2568 eadem
1242 2520 1396 2584 parte
1415 2511 1601 2582 templi
1621 2527 1758 2566 con-

153 2600 386 2656 clament
419 2619 434 2666 ;
469 2601 566 2656 sed
594 2618 696 2673 per
722 2606 938 2672 partes,
973 2609 1032 2655 ut
1078 2601 1124 2655 si
1167 2601 1258 2656 ille
1289 2602 1342 2654 in
1365 2600 1562 2671 capite,
1598 2600 1686 2655 hic
1703 2599 1757 2652 in

153 2687 258 2744 fine
290 2688 561 2745 ecclesiae.
597 2688 694 2744 Vel
721 2706 820 2760 per
848 2697 1036 2760 partes
1067 2689 1195 2758 diei,
1229 2697 1287 2743 ut
1316 2689 1403 2744 hic
1419 2690 1552 2743 hora
1575 2689 1754 2758 tertia,

155 2776 244 2832 ille
275 2785 452 2832 sexta.
480 2778 595 2832 Nec
624 2777 679 2830 hi
708 2777 1002 2848 loquantur
1031 2777 1148 2832 sine
1178 2779 1460 2848 propheta,
1492 2777 1588 2832 sed
1613 2793 1758 2832 sem-

150 2882 250 2936 per
277 2883 432 2922 unus
461 2873 662 2936 praesto
693 2865 760 2920 sit
795 2884 808 2920 :
843 2874 899 2920 ut
931 2866 1076 2938 quod
1124 2865 1380 2921 inusitato
1423 2866 1588 2920 modo
1617 2865 1758 2920 dici-

151 2954 533 3025 tur,'populari
554 2954 738 3026 lingua
758 2955 1185 3026 interpretetur.
1211 2956 1270 3012 Si
1286 2959 1478 3009 autem
1500 2953 1755 3023 objicitis,

149 3043 292 3114 quod
325 3043 654 3115 quandoque
683 3060 798 3099 non
827 3044 1006 3114 fuerit
1034 3051 1238 3114 praesto
1274 3045 1582 3115 interpres,
1611 3042 1758 3098 malo

151 3140 206 3184 ut
235 3131 470 3203 loquens
499 3132 683 3204 lingua
712 3134 776 3187 in
807 3133 1046 3187 ecclesia
1082 3136 1290 3197 taceat,
1326 3147 1488 3202 quam
1519 3131 1636 3185 sine
1668 3131 1757 3184 in-

1852 563 1972 626 siis,
2034 562 2340 618 doctrinam
2412 579 2573 634 quam
2641 563 2924 618 imitamini
2959 581 2972 616 :
3007 563 3136 634 quia
3189 561 3453 617 Ecclesiis

1854 655 2200 707 sanctorum.
2226 652 2324 707 Vel
2353 651 2487 707 illud
2508 652 2652 706 idem
2674 652 2919 724 sequenti
2951 651 3142 707 littera:
3165 651 3450 722 jungitur:

1855 739 2061 795 Omnes
2090 740 2306 811 quidem
2339 740 2438 794 viri
2468 742 2796 811 prophetare
2837 749 3085 812 possunt,
3111 739 3208 795 sed
3251 739 3451 794 mulie-

1855 845 1945 884 res
1975 845 2254 900 nunquam
2288 844 2300 882 :
2335 837 2388 884 et
2416 830 2521 885 hoc
2551 829 2674 885 dico
2718 830 2853 885 sicut
2887 830 2941 883 in
2970 829 3224 885 omnibus
3252 827 3452 884 Eccle-

1856 918 1950 973 siis
1981 919 2154 974 doceo
2186 933 2198 972 :
2231 917 2341 973 imo
2373 922 2604 975 taceant
2632 920 2902 974 mulieres
2925 919 2988 973 in
3023 918 3274 974 ecclesiis
3296 937 3313 972 :
3335 933 3452 974 non

1855 1009 2008 1062 enim
2037 1023 2070 1062 a
2097 1023 2186 1062 me
2215 1007 2300 1062 vel
2330 1007 2436 1063 alio
2465 1008 2691 1062 doctore
2715 1009 3074 1080 permittitur
3093 1006 3252 1078 eis‘in
3281 1005 3456 1062 eccle-

1856 1095 1933 1149 sia
1966 1097 2154 1168 loqui:
2181 1097 2277 1152 sed
2306 1095 2565 1168 praecipio
2593 1111 2688 1151 eas
2718 1096 2919 1166 ubique
2949 1096 3201 1151 subditas
3230 1111 3348 1151 esse
3372 1095 3453 1151 vi-

1855 1185 1957 1254 ris,
1991 1184 2190 1256 quibus
2215 1201 2274 1240 se
2307 1183 2672 1255 pariﬁcarent,
2707 1184 2752 1238 si
2782 1184 2840 1238 in
2870 1183 3102 1240 ecclesia
3129 1183 3278 1255 loqui
3307 1199 3453 1254 prae-

1857 1281 2153 1328 sumerent.
2186 1273 2256 1327 Et
2286 1273 2389 1329 hoc
2420 1274 2487 1328 de
2523 1272 2844 1327 mulieribus
2893 1272 3038 1338 dico,
3073 1271 3219 1343 quod
3259 1271 3454 1325 subdi-

1857 1369 1925 1416 tae
1952 1361 2076 1427 sint,
2111 1362 2260 1418 sicut
2292 1363 2466 1417 etiam
2492 1363 2588 1418 lea:
2611 1363 2750 1417 dicit
2779 1362 2835 1416 in
2867 1361 3071 1416 Genesi
3106 1378 3118 1415 :
3155 1383 3176 1408 ιι
3215 1360 3324 1416 Sub
3354 1359 3454 1415 viri

1857 1457 2126 1521 potestate
2143 1450 2272 1518 eris,
2300 1450 2481 1521 etipse
2503 1449 2874 1505 dominabitur
2894 1450 2970 1504 tui
2992 1450 3152 1521 (Gen.
3177 1465 3258 1519 ιιι,
3286 1448 3394 1518 16).
3423 1469 3446 1497 ι

1855 1539 2113 1594 Dicerent
2142 1539 2248 1593 illae
2279 1557 2292 1592 :
2326 1539 2594 1594 Nolumus
2641 1539 2790 1610 loqui
2827 1538 2925 1594 sed
2973 1545 3181 1592 tantum
3211 1537 3451 1592 interro-

1858 1644 2008 1700 gare.
2035 1629 2158 1684 Non
2190 1628 2270 1684 sic
2301 1628 2502 1699 utique.
2527 1628 2632 1683 Sed
2660 1629 2709 1683 si
2730 1629 2861 1700 quid
2882 1628 3082 1684 volunt
3101 1628 3335 1693 discere,
3355 1626 3454 1680 in-

1859 1721 2144 1788 terrOgent
2173 1718 2318 1772 viros
2348 1733 2494 1783 suos,
2528 1731 2638 1771 non
2668 1716 2724 1770 in
2755 1716 3007 1781 ecclesia,
3055 1715 3153 1770 sed
3182 1715 3334 1770 domi
3357 1733 3373 1769 :
3395 1713 3452 1768 in

1857 1805 2093 1861 ecclesia
2123 1820 2422 1876 nunquam.
2456 1806 2600 1860 Nam
2621 1806 2770 1877 loqui
2801 1807 2863 1860 in
2895 1805 3154 1870 ecclesia,
3182 1807 3347 1874 turpe
3369 1805 3455 1858 est

1857 1895 2108 1963 mulieri,
2142 1893 2198 1949 id
2230 1901 2314 1949 est
2344 1901 2559 1964 turpem
2583 1901 2635 1948 et
2682 1893 3052 1964 impudentem
3092 1891 3284 1963 probat
3326 1907 3454 1945 mu-

1859 1982 2067 2038 lierem.
2103 1983 2230 2038 Haec
2260 1983 2329 2037 de
2357 1981 2639 2052 prophetis
2670 1989 2722 2036 et
2753 1981 3090 2047 mulieribus,
3124 1988 3177 2035 et
3196 1994 3457 2051 quaecun-

1860 2089 1965 2144 que
1997 2087 2160 2142 supra
2202 2070 2383 2136 docui,
2430 2071 2596 2125 nolite
2643 2070 3010 2140 superbiendo
3061 2068 3347 2140 repellere,
3399 2075 3457 2122 ut

1859 2160 2124 2217 novitates
2155 2167 2367 2214 vestras
2390 2158 2658 2215 inducatis
2684 2176 2695 2214 :
2715 2159 2837 2229 quia
2854 2176 2932 2214 an
2959 2176 2995 2213 a
3018 2159 3162 2214 vobis
3181 2156 3456 2229 processit

1860 2249 2087 2306 verbum
2113 2249 2212 2304 Dei
2233 2248 2302 2302 ad
2332 2247 2463 2302 alias
2490 2247 2790 2314 Ecclesias,
2817 2255 2874 2301 ut
2903 2247 3067 2302 modo
3097 2261 3268 2302 novas
3297 2245 3458 2299 indu-

1860 2337 1995 2393 catis
2026 2335 2310 2409 [inferatis]
2340 2336 2621 2392 doctrinas
2641 2335 2670 2389 ‘?
2698 2338 2812 2391 Aut
2853 2334 3160 2408 gloriamini
3190 2333 3347 2406 quasi
3391 2334 3456 2388 in

1859 2443 1951 2483 vos
1978 2427 2120 2481 solos
2150 2428 2471 2494 pervenerit
2517 2424 2742 2480 verbum
2773 2424 2889 2490 Dei,
2925 2431 2977 2479 et
3021 2440 3122 2480 vos
3150 2423 3251 2478 soli
3283 2424 3457 2477 Deum

1860 2515 2101 2571 credatis
2123 2516 2151 2570 ?
2179 2516 2354 2570 Nemo
2377 2522 2618 2569 vestrum
2650 2513 3032 2584 prasumendo
3063 2512 3220 2584 quasi
3237 2511 3456 2582 sapiens

1860 2605 1930 2658 sit
1959 2603 2201 2676 negligat
2229 2611 2504 2673 praecepta
2524 2618 2649 2657 mea
2683 2617 2694 2655 :
2729 2603 2827 2658 sed
2848 2604 2895 2657 si
2913 2604 3036 2675 quis
3057 2602 3280 2657 videtur
3299 2601 3458 2655 inter

1859 2710 1952 2749 vos
1981 2709 2098 2748 esse
2122 2691 2416 2764 propheta,
2451 2691 2506 2745 id
2535 2699 2617 2746 est
2648 2691 2956 2762 Scripturas
2977 2689 3288 2762 intelligens
3314 2706 3327 2743 :
3350 2691 3457 2744 aut

1861 2782 2021 2836 etiam
2053 2781 2391 2852 spiritualis,
2426 2779 2482 2834 id
2533 2788 2615 2834 est
2644 2779 2975 2851 spiritualem
3027 2779 3192 2834 vitam
3220 2778 3449 2842 ducens,

1861 2869 2172 2941 quicunque
2204 2869 2291 2934 sit,
2343 2873 2640 2940 cognoscat
2679 2885 2742 2923 ea
2798 2885 2920 2941 qua:
2955 2868 3132 2925 scribo
3189 2868 3353 2932 vobis,
3403 2871 3457 2921 et

1860 2967 2072 3030 oportet
2107 2973 2119 3011 :
2151 2959 2284 3031 quia
2312 2958 2430 3012 haec
2460 2958 2735 3012 mandata
2760 2972 2871 3012 non
2899 2972 3018 3011 mea
3041 2960 3196 3023 sunt,
3224 2955 3321 3011 sed
3352 2956 3456 3011 Do-

1858 3049 2023 3102 mini.
2059 3046 2116 3102 Si
2145 3046 2265 3117 quis
2293 3053 2472 3100 autem
2503 3045 2894 3100 contumeliose
2925 3061 2984 3100 se
3023 3043 3259 3100 eti‘erens
3289 3043 3455 3114 igno-

1859 3143 1964 3204 rat,
1997 3134 2301 3207 dedignans
2330 3134 2610 3188 attendere
2655 3135 2772 3189 haec
2810 3133 3080 3197 mandata,
3129 3133 3252 3188 dico
3297 3132 3456 3187 vobis

151 3190 396 3290 terprete
427 3190 726 3275 barbarum
777 3219 1014 3275 frendat.
1065 3190 1359 3276 Ecclesiae-
1379 3235 1506 3285 non,
1540 3219 1636 3275 sed
1677 3221 1757 3275 lo-
1791 3190 1838 3250 Ο
1859 3224 1927 3279 de
1950 3190 2073 3290 illo,
2106 3190 2250 3294 quuod
2280 3239 2380 3293 pro
2410 3231 2558 3279 certo
2603 3221 2947 3294 ignorabitur
2974 3238 3005 3276 a
3034 3190 3169 3276 Deo.
3204 3220 3461 3289 Quando-

152 3313 408 3379 quantur
435 3311 544 3365 sibi
569 3313 626 3364 et
659 3310 786 3377 Deo,
819 3309 874 3364 id
907 3317 987 3364 est
1017 3308 1359 3364 instructioni
1384 3309 1537 3363 suiet
1559 3307 1756 3362 divina
1857 3311 2076 3384 quidem
2105 3315 2375 3383 ignorans
2403 3311 2519 3366 hinc
2549 3311 2822 3378 mandata,
2855 3326 2888 3365 a
2917 3312 3032 3366 Deo
3063 3310 3449 3380 ignorabitur.

154 3394 327 3452 laudi.
378 3398 529 3453 Sicut
575 3398 860 3469 loquentes
890 3397 1114 3469 linguis,
1167 3397 1245 3453 sic
1275 3397 1439 3452 etiam
1466 3397 1757 3469 propheta:
1856 3401 2070 3472 Itaque,
2101 3402 2316 3470 fratres
2345 3401 2478 3466 mei,
2526 3399 2902 3466 aemulamini,
2947 3399 3002 3453 id
3033 3406 3117 3453 est
3145 3397 3456 3453 desiderate

161 3486 266 3542 duo
297 3490 403 3542 aut
449 3490 564 3542 tres
595 3486 774 3542 dicant
802 3486 857 3540 in
888 3486 1140 3551 ecclesia,
1176 3493 1227 3540 et
1255 3501 1355 3556 per
1383 3493 1570 3556 partes
1599 3484 1754 3539 simi-

154 3569 295 3625 liter.
347 3570 606 3626 Dicerent
676 3569 814 3624 alii:
863 3571 978 3625 Nos
1017 3569 1108 3642 qui
1151 3569 1483 3624 tantumdem
1530 3568 1752 3637 scirrus,

154 3675 338 3714 nonne
351 3658 805 3730 prophetabimus
828 3658 855 3712 ‘l
871 3659 1092 3713 Minime
1109 3676 1122 3723 ;
1141 3658 1239 3712 sed
1260 3658 1755 3729 cceteriprophelce

151 3748 474 3818 dijudicent
511 3762 578 3801 ea
608 3762 728 3817 quae
756 3746 1022 3802 docentur
1065 3746 1136 3801 ab
1173 3746 1280 3800 illis
1310 3745 1588 3812 fratribus,
1620 3753 1678 3799 ut
1708 3745 1755 3799 si

147 3837 275 3907 quid
321 3835 471 3890 male
503 3835 752 3901 doceant,
800 3834 985 3891 caeteri
1031 3834 1306 3906 corrigant
1353 3834 1498 3890 illos.
1550 3835 1754 3889 Iterum

147 3923 288 3978 aliud
319 3924 390 3978 de
423 3923 719 3994 prophetis.
755 3924 813 3979 Si
831 3939 955 3979 vero
975 3930 1200 3992 repente
1229 3923 1412 3993 fuerit
1438 3922 1754 3977 revelatum

149 4013 280 4084 quid
308 4029 340 4066 a
372 4011 570 4084 spiritu
599 4013 703 4067 alii
731 4011 970 4081 sedenti,
1019 4019 1211 4083 surgat
1259 4018 1310 4066 et
1338 4010 1590 4082 loquatur
1638 4009 1750 4076 ille,

149 4108 199 4155 et
229 4101 319 4173 qui
345 4103 513 4173 prior
559 4100 898 4172 loquebatur,
947 4101 1112 4154 modo
1143 4107 1340 4154 taceat.
1393 4099 1755 4170 Contingebat

149 4189 290 4244 enim
339 4190 669 4260 plerumque
731 4196 790 4243 ut
837 4188 1057 4260 spiritus
1097 4188 1275 4243 subito
1327 4187 1599 4259 arriperet
1647 4187 1753 4241 ali-

148 4295 305 4348 quem
340 4297 354 4332 :
389 4287 445 4333 et
486 4278 556 4332 de
595 4279 700 4333 hoc
755 4277 999 4348 praecipit
1054 4276 1370 4347 Apostolus,
1432 4285 1489 4330 ut
1535 4276 1753 4348 quando

146 4367 245 4422 hoc
273 4365 592 4439 contigerit,
623 4365 713 4421 hic
757 4365 881 4420 talis
924 4366 1269 4436 permittatur
1312 4364 1479 4436 loqui.
1532 4365 1751 4436 Loqua-

147 4462 228 4510 tur
255 4455 348 4527 qui
379 4455 539 4526 prius
569 4454 815 4521 sedebat,
849 4461 904 4509 et
947 4454 1083 4509 alter
1113 4461 1312 4510 taceat.
1357 4454 1426 4507 Et
1468 4453 1574 4507 hoc
1619 4453 1746 4508 ideo

1853 3488 2215 3561 prophetare,
2249 3488 2388 3543 sicut
2417 3487 2696 3558 praecipio,
2757 3497 2807 3542 et
2839 3495 3020 3542 tamen
3052 3488 3201 3559 loqui
3246 3487 3456 3558 linguis

1856 3579 2035 3634 nolite
2083 3578 2395 3649 prohibere,
2446 3576 2585 3632 sicut
2632 3591 2801 3648 supra
2847 3575 3226 3631 determinavi.
3274 3574 3454 3629 Nolite

1856 3665 2168 3736 prohibere,
2202 3665 2299 3720 sed
2329 3666 2521 3721 omnia
2546 3665 2692 3733 ﬁant
2725 3665 2788 3719 in
2820 3665 2968 3720 vobis
2998 3665 3250 3730 honeste,
3283 3662 3338 3717 id
3370 3671 3455 3718 est

1855 3754 1925 3808 ad
1954 3753 2374 3810 aedificationem
2429 3754 2690 3810 Ecclesia
2724 3771 2737 3806 :
2778 3761 2831 3808 et
2870 3751 3108 3809 144
3139 3752 3452 3808 secundum

1855 3843 2133 3910 ordinem,
2167 3859 2328 3915 quem
2383 3859 2542 3914 supra
2587 3841 2850 3913 disposui,
2885 3849 2944 3896 ut
2970 3841 3134 3913 pauci
3164 3841 3458 3914 10quantur

1855 3931 1943 3987 vel
1971 3931 2320 4004 prophetent,
2353 3937 2408 3987 et
2435 3947 2536 4003 per
2558 3939 2762 4003 partes.

2461 4125 2686 4182 CAPUT
2712 4126 2840 4182 XV.

1930 4297 1953 4326 ι
1989 4275 2190 4330 Notum
2219 4283 2401 4331 autem
2430 4276 2587 4332 vobis
2639 4275 2802 4346 facio,
2835 4275 3061 4342 fratres,
3088 4273 3450 4349 Evangelium

1859 4386 1881 4414 α
1918 4364 2065 4436 quod
2091 4364 2382 4435 praedicavi
2411 4364 2588 4432 vobis,
2646 4365 2791 4436 quod
2835 4372 2888 4420 et
2917 4364 3220 4436 accepistis,
3254 4365 3311 4419 in
3344 4379 3452 4436 quo

1859 4475 1880 4501 α
1918 4461 1970 4508 et
1999 4452 2169 4507 statis.
2204 4453 2308 4506 Per
2336 4452 2482 4524 quod
2511 4460 2564 4507 et
2593 4452 2878 4507 salvamini
2902 4467 2916 4506 :
2949 4467 3057 4524 qua
3078 4452 3284 4508 ratione
3303 4469 3453 4522 prae-

150 4543 287 4611 dico,
321 4544 452 4616 quia
471 4559 571 4598 vos
591 4558 782 4598 omnes
800 4543 1039 4614 potestis
1058 4541 1396 4614 prophetare
1419 4560 1437 4595 :
1455 4541 1633 4596 eundo
1654 4556 1752 4612 per
1778 4549 1832 4608 1)
1857 4564 1879 4588 α
1911 4541 2209 4596 dicaverim
2229 4541 2405 4608 vobis,
2439 4541 2484 4595 si
2525 4541 2741 4608 tenetis,
2761 4541 2865 4595 nisi
2894 4540 3100 4596 frustra
3119 4541 3445 4598 credidistis.

153 4631 395 4705 singulos
430 4648 443 4686 :
481 4631 825 4687 solummodo
856 4630 1128 4696 videatur,
1163 4634 1232 4685 ut
1261 4645 1454 4686 omnes
1499 4630 1745 4696 discant,

149 4719 199 4776 id
240 4728 322 4776 est
373 4721 717 4775 instruantur
776 4735 876 4791 per
920 4721 1358 4790 prophetautem.
1423 4718 1749 4790 Plerumque

151 4809 288 4863 enim
316 4808 668 4880 contingitut
714 4808 806 4880 qui
845 4808 1150 4879 sapientem
1200 4823 1259 4862 se
1307 4806 1547 4878 putabat,
1593 4806 1749 4861 addi-

155 4906 323 4954 sceret
372 4897 527 4970 quod
573 4896 830 4961 nesciret,
861 4912 964 4967 per
993 4896 1143 4951 illum
1189 4895 1369 4950 subito
1399 4895 1743 4966 inspiratam.

155 4985 367 5042 Discant
395 4986 546 5052 dico,
579 4993 633 5040 et
663 4985 742 5040 sic
762 5002 956 5041 omnes
986 4985 1370 5041 exhortentur
1390 4985 1461 5039 ad
1487 4983 1742 5039 meliora:

156 5073 268 5130 ideo
297 5074 562 5147 praecipio
592 5081 650 5128 ut
676 5073 826 5144 prior
853 5081 1047 5129 taceat.
1079 5075 1220 5128 Nam
1247 5074 1483 5145 spiritus
1508 5071 1746 5144 prophe-

157 5167 337 5220 tarum
364 5164 652 5233 subjectus
681 5166 768 5217 est
801 5163 1109 5235 prophetis,
1145 5162 1198 5215 id
1230 5170 1313 5216 est
1344 5161 1578 5232 Spiritus
1605 5162 1745 5216 San-

154 5258 262 5306 ctus
290 5268 397 5308 non
429 5249 711 5321 compellit
740 5266 835 5306 eos
860 5251 1028 5322 loqui,
1061 5250 1228 5306 velint
1249 5249 1438 5317 nolint,
1472 5249 1594 5321 quia
1620 5265 1746 5305 cum

156 5342 361 5410 spiritus
389 5341 458 5395 sit
476 5341 647 5405 Deus,
671 5355 784 5395 non
806 5344 892 5395 est
917 5341 1060 5395 Deus
1079 5338 1466 5407 dissensionis,
1486 5354 1607 5410 quae
1633 5338 1745 5392 uti-

155 5446 249 5500 que
277 5428 552 5485 dissensio
580 5427 754 5494 fieret,
801 5429 844 5482 si
875 5428 1270 5484 conclamando
1301 5427 1596 5498 litigarent.
1639 5427 1745 5483 Sed

157 5527 231 5572 est
256 5521 399 5574 Deus
425 5517 590 5590 pacis
639 5523 692 5570 et
729 5517 1038 5572 concordia:
1072 5533 1084 5572 :
1119 5533 1239 5588 quae
1281 5531 1388 5588 pax
1418 5522 1670 5570 servatur
1699 5515 1745 5569 si

158 5621 211 5661 se
237 5606 541 5663 alternatim
571 5606 1036 5676 supportaverint.
1070 5607 1186 5661 Hoc
1231 5612 1412 5660 autem
1441 5605 1510 5658 de
1539 5603 1745 5674 linguis

162 5704 207 5751 et
256 5696 545 5768 prophetia
595 5701 650 5748 et
694 5693 988 5764 charitate,
1037 5701 1092 5751 et
1137 5693 1393 5751 omnibus
1447 5691 1744 5764 praemissis

282 5820 525 5878 ΡΑτιιοι.
568 5817 752 5875 CLIII.

1858 4651 1879 4680 ι
1912 4628 2132 4684 Tradidi
2189 4629 2330 4683 enim
2379 4629 2534 4684 vobis
2580 4628 2845 4700 imprimis
2901 4629 3045 4700 quod
3104 4637 3158 4684 et
3213 4629 3446 4700 accepi:

1859 4739 1881 4769 α
1915 4717 2175 4788 quoniam
2223 4717 2470 4772 Christus
2517 4725 2764 4772 mortuus
2811 4725 2894 4773 est
2936 4733 3036 4788 pro
3075 4717 3314 4788 peccatis
3343 4733 3450 4773 no-

1856 4828 1878 4855 α
1914 4806 2042 4860 stris
2072 4807 2372 4863 secundum
2399 4806 2707 4878 Scripturas
2740 4824 2754 4861 :
2788 4814 2842 4862 et
2883 4806 3008 4879 quia
3051 4806 3298 4877 sepultus
3340 4814 3443 4874 est,

1855 4917 1877 4942 «
1915 4903 1968 4951 et
1997 4895 2125 4967 quia
2156 4895 2446 4951 resurrexit
2475 4896 2632 4951 tertia
2661 4895 2750 4951 die
2773 4895 3070 4952 secundum
3095 4895 3446 4966 Scripturas;

1855 5004 1879 5035 ι
1914 4991 1967 5038 et
1997 4983 2122 5055 quia
2150 4984 2299 5039 visus
2344 4992 2428 5040 est
2472 4984 2688 5055 Cephae,
2740 4992 2823 5039 est
2865 4985 3125 5055 posthaec
3153 4984 3435 5040 undecim.

1855 5093 1878 5121 α
1914 5072 2124 5128 Deinde
2167 5073 2319 5128 visus
2376 5081 2460 5128 est
2495 5072 2779 5145 plusquam
2829 5072 3142 5146 quingentis
3187 5071 3448 5128 fratribus

1852 5182 1876 5206 υ
1912 5159 2092 5228 simul,
2149 5176 2214 5216 ex
2272 5162 2470 5233 quibus
2525 5161 2676 5216 multi
2730 5171 2949 5217 manent
3004 5177 3178 5234 usque
3247 5163 3445 5229 adhuc,

1853 5273 1876 5303 «
1911 5250 2132 5321 quidam
2159 5258 2340 5304 autem
2370 5249 2728 5305 dormierunt.
2781 5249 2989 5306 Deinde
3036 5249 3187 5305 visus
3236 5257 3320 5306 est
3347 5251 3446 5305 Ja-

1851 5363 1874 5388 α
1911 5339 2070 5405 cobo,
2120 5337 2318 5392 deinde
2361 5338 2620 5409 apostolis
2663 5338 2964 5393 omnibus:
3006 5338 3303 5394 novissime
3350 5355 3446 5394 au-

1851 5449 1874 5478 «
1910 5435 2019 5482 tem
2049 5426 2288 5482 omnium
2321 5433 2579 5498 tanquam
2605 5426 2870 5492 abortivo,
2904 5425 3054 5480 visus
3079 5435 3160 5481 est
3192 5435 3245 5482 et
3272 5426 3430 5481 mihi.

1851 5537 1874 5567 ι
1907 5516 2028 5586 Ego
2077 5514 2222 5569 enim
2279 5531 2398 5569 sum
2446 5515 2702 5569 minimus
2743 5513 3140 5584 apostolorum,
3189 5516 3282 5587 qui
3333 5530 3442 5570 non

1849 5626 1872 5650 ιι
1908 5619 2028 5657 sum
2056 5603 2258 5674 dignus
2284 5603 2472 5659 vocari
2500 5601 2800 5673 apostolus,
2835 5602 3090 5673 quoniam
3119 5610 3444 5673 persecutus

1849 5711 1874 5742 α
1909 5707 2032 5747 sum
2064 5689 2364 5748 Ecclesium
2423 5691 2544 5746 Dei.
2603 5690 2793 5746 Gratia
2843 5697 3024 5746 autem
3078 5690 3183 5746 Dei
3229 5706 3351 5746 sum
3389 5689 3445 5743 id

3245 5814 3281 5865 '7
