3934 6414
225 356 345 414 937

1097 355 1537 418 CHRONICA.
1575 391 1653 402 --
1681 353 2159 418 CHRONICON
2203 354 2746 416 UNIVERSALE.

3510 360 3626 416 9:78

223 492 432 545 sancto
476 487 748 544 dominia
781 489 996 544 natalis
1029 490 1122 544 die
1157 489 1559 546 benedictione
1591 488 1869 560 imperiali
1905 502 1950 558 Α
1990 488 2647 568 imperatoris,.vastata
2674 501 2876 568 magna
2913 495 3076 568 parte
3114 490 3458 568 provinciae,
3487 492 3627 568 mul:

221 577 633 634 sublimantur.
655 578 1004 647 Imperatrix
1026 593 1164 632 vero
1191 578 1529 646 Agncsinde
1572 583 1875 633 revertens

223 665 380 736 apud
406 667 734 720 Ravennam
760 670 957 735 genuit
979 666 1151 719 filiam
1181 684 1193 731 ;
1221 667 1745 736 imperatorautem
1772 682 1874 736 per

223 753 490 824 Apuliam
511 754 842 822 multasque
865 755 1193 824 provincias
1217 755 1465 810 feliciter
1479 755 1876 811 ducensexer-

219 843 424 912 citum,
457 857 586 897 cum
621 842 840 897 honore
866 858 1070 911 magno
1124 845 1461 898 revertitur.
1525 844 1875 912 Suidegerus

220 929 313 962 1‘09
341 946 488 1001 papa
525 931 670 984 obiit
696 934 726 982 7
765 931 896 985 ldus
939 932 1176 986 Octobr.
1217 950 1229 996 ;
1261 948 1364 1000 pro
1390 948 1501 1002 quo
1528 935 1745 1002 P0ppo,
1781 946 1875 1002 pa-

221 1019 483 1074 triarcha
516 1019 932 1088 Aquileiensis,
973 1019 1306 1074 ordinatur.

294 1109 352 1164 8.
395 1109 457 1160 A.
483 1109 544 1160 D.
599 1110 748 1162 1047.
784 1109 994 1162 Petrus
1022 1109 1400 1175 L'ugariorum
1440 1123 1538 1162 rex
1563 1123 1590 1162 a
1630 1107 1874 1177 quodam

224 1201 474 1265 tyranno
500 1195 834 1250 Pannonico
860 1202 1066 1265 captus
1098 1201 1150 1249 et
1177 1202 1438 1251 emeatus
1462 1200 1586 1260 est;
1613 1195 1708 1249 ille
1740 1209 1877 1250 vero

225 1283 471 1352 quicum
501 1281 807 1354 expulerat
844 1298 1086 1351 regnare
1123 1285 1319 1353 eoepit.

298 1378 347 1428 9.
377 1374 448 1425 Α.
480 1373 540 1425 Ι).
594 1372 748 1424 1048.
777 1372 976 1440 Poppo
1012 1384 1156 1441 papa
1203 1372 1404 1440 'obiit,
1445 1372 1687 1426 necdum
1728 1385 1882 1426 com-

232 1461 390 1532 pleto
426 1474 573 1515 anno
597 1473 664 1513 ex
683 1474 796 1528 quo
820 1459 1179 1515 constitutus
1214 1465 1324 1525 est;
1353 1476 1456 1530 pro
1489 1476 1600 1530 quo
1626 1462 1775 1516 Brun
1800 1463 1878 1528 "2,

233 1549 328 1619 qui
364 1554 422 1604 et
451 1550 556 1602 Leo
589 1553 793 1618 postea
828 1548 1022 1602 dictus
1053 1549 1874 1619 est,Tu|lensiumepiscopus,

231 1638 542 1692 ordinatur
592 1650 758 1706 papa.
812 1639 855 1658 "
890 1636 1026 1690 Otto
1058 1636 1169 1691 dux
1209 1639 1530 1692 Suevorum
1572 1637 1746 1700 obiit;
1775 1652 1877 1706 pro

233 1740 346 1795 quo
396 1723 486 1756 “7°
516 1723 652 1777 item
681 1723 818 1777 Otto
845 1737 1042 1778 comes
1067 1726 1134 1778 de
1161 1726 1476 1780 Swinfurte
1512 1726 1789 1781 surrexit.
1822 1727 1875 1779 ‘3

372 1808 392 1825 ‘
428 1819 482 1873 p.
517 1802 611 1870 qui
647 1808 704 1857 et
738 1803 1019 1856 Damasus
1046 1805 1104 1857 D.
1140 1807 1197 1858 E.

372 1877 430 1929 ‘2
459 1878 510 1927 0.
544 1874 609 1927 in
648 1875 922 1941 margine
954 1873 1161 1928 habet:
1195 1875 1299 1939 Qui
1328 1875 1516 1929 Bruon
1552 1875 1660 1928 sub
1707 1875 1875 1929 beato

446 1943 773 2006 Albewino,
834 1943 1124 1998 scolarum
1161 1946 1212 1998 in
1278 1946 1526 2000 llcrsfelt
1570 1945 1872 2011 magistro,

446 2018 641 2084 postea
687 2028 825 2068 vero
856 2017 1376 2083 Nienburgensium
1413 2017 1465 2070 in
1503 2016 1746 2070 Saxouia
1780 2017 1876 2070 ab-

444 2087 596 2152 bate,
633 2085 1328 2151 disciplinisliberalibus
1351 2087 1788 2141 instituebatur.

370 2159 415 2179 “
448 2158 505 2209 C.
545 2157 604 2209 D.
643 2157 701 2210 E.
737 2156 1007 2210 addunt:
1047 2158 1150 2211 llic
1181 2158 1470 2211 Cbuuradi
1503 2157 1875 2227 imperatoris

455 2227 842 2281 consobrinus
873 2243 1001 2281 cum
1051 2228 1119 2281 ad
1163 2260 1229 2266 —-
1263 2229 1612 2295 aﬂlictionis,
1652 2227 1878 2282 invoca-

447 2298 586 2351 bitis
619 2303 785 2350 meet
835 2313 942 2366 ego
995 2300 1298 2353 exaudiam
1332 2315 1436 2354 vos
1485 2305 1540 2353 et
1603 2299 1874 2353 reducam

442 2368 845 2437 captivitatem
879 2373 1132 2422 vestram
1152 2369 1220 2423 de
1263 2371 1493 2424 cunctis
1524 2370 1695 2424 locis.
1741 2393 1764 2416 «ι
1799 2371 1875 2424 De

444 2439 553 2493 hoc
585 2438 736 2492 inlcr
758 2445 968 2494 caetera
991 2439 1224 2508 legitur,
1244 2441 1375 2509 quia
1409 2455 1536 2494 eum
1565 2455 1875 2509 pauperem

439 2540 506 2547 —
539 2510 869 2580 obstupuit.
915 2510 1014 2563 ilic
1063 2511 1458 2580 undecumque
1503 2510 1878 2566 doctissimus

441 2584 650 2650 cantus
677 2581 827 2633 dulci
857 2585 912 2633 et
938 2582 1188 2649 regulari
1221 2581 1616 2635 modulatione
1644 2597 1876 2650 compo-

439 2651 555 2705 suit
589 2649 657 2704 dc
691 2650 984 2719 aliquibus
1034 2653 1268 2717 sanctis,
1311 2653 1590 2715 Gregorio
1648 2649 1876 2707 scilicet

440 2734 604 2790 papa,
641 2721 864 2774 Ciriaco
901 2726 1170 2789 martyre,
1200 2723 1487 2789 Gorgonio
1523 2731 1773 2790 martyre
1816 2729 1873 2777 et

440 2791 572 2844 aliis
610 2791 836 2845 fecitet
889 2792 1124 2861 scripsit
1178 2794 1356 2848 multa
1421 2793 1528 2847 alia
1593 2793 1875 2849 {ecclesiae

441 2861 625 2916 utilia.
666 2862 765 2915 llic
799 2862 971 2916 etiam
1004 2863 1054 2916 in
1089 2863 1267 2918 Gallia
1301 2895 1369 2902 —
1395 2865 1764 2918 meliorabat.
1804 2879 1879 2919 ex

437 2931 643 3001 Sigeb.
680 2948 734 2987 (ι.
765 2935 921 2998 10411,
965 2936 1111 2986 1049.

369 3004 390 3024 "
421 3007 470 3056 3.
507 3007 598 3056 10.
643 3008 724 3057 11.
760 3004 988 3058 (uid/ml
1021 3023 1031 3055 :
1078 3004 1320 3071 Sanguis
1376 3004 1593 3058 Domini
1631 3005 1874 3062 Mantua)

483 3088 584 3143 per
615 3088 834 3128 00001111]
868 3075 1292 3130 manifestatur.
1330 3090 1406 3130 ea;
1435 3077 1746 3129 ﬁrmo/(lo.

302 3155 387 3207 10.
419 3155 481 3207 A.
521 3155 588 3207 D.
631 3155 1114 3209 1049.1]einricus
1145 3154 1875 3224 imperatorannoimperii

1986 559 2065 613 tis
2110 559 2348 628 insuper
2398 559 2537 630 inibi
2579 559 2814 623 occisis,
2851 559 3273 626 pacil'icc,licet
3317 562 3526 630 inacte,
3555 563 3624 618 ad

1988 630 2219 699 propria
2246 645 2375 685 cum
2404 629 2759 698 imperatore
2785 630 3107 683 redierunt.
3141 633 3249 684 “'4

2129 739 2147 757 ‘
2179 737 2239 790 D.
2276 737 2334 790 E.
2399 735 2670 790 addunt:
2701 733 2754 788 in
2809 734 3162 789 monasterio
3206 735 3473 792 Fuldensi
3535 739 3625 793 sui

2202 805 2537 879 monachica
2576 805 2935 879 professione
2967 805 3224 879 nutritus
3250 805 3496 879 indeque
3522 823 3626 879 pro

2201 881 2332 930 vitae
2366 876 2572 948 merito
2596 876 2664 948 ad
2697 875 3086 948 pontificalem
3132 875 3472 948 dignitatem
3499 875 3629 948 pro-

2201 952 2423 1015 vectus,
2460 947 2776 1001 virtutibus
2805 947 2997 1000 clarus
3022 946 3073 1000 in
3121 947 3351 1002 Christo
3383 946 3624 1016 quievit.

2131 1056 2175 1076 “
2197 1056 2254 1108 D.
2281 1055 2340 1107 E.
2365 1053 2618 1124 addunt:
2638 1052 2836 1105 Grecis
2856 1053 3190 1107 in—Grecis
3215 1062 3446 1124 recepta
3465 1065 3624 1114 811111.

2237 1138 2312 1179 ex
2337 1123 2542 1193 Sigea.
2578 1138 2632 1178 α.
2676 1128 2804 1176 1053
2831 1123 2886 1177 et
2913 1126 3065 1177 1051.

2131 1223 2238 1275 "‘4
2261 1223 2355 1275 EI.
2393 1220 2546 1290 (alia
2577 1233 2758 1274 manu
2777 1220 2882 1273 et?
2906 1220 3490 1279 adrlzmtzllunfridus
3533 1227 3622 1282 Vl.

2238 1291 2456 1360 Magad.
2485 1291 2963 1360 archiepiscopus
2997 1291 3160 1345 obiit.

2063 1393 2146 1444 13.
2181 1392 2242 1443 A.
2275 1391 2332 1442 D.
2369 1393 2522 1443 10:5'2.
2563 1389 2883 1458 Imperator
2915 1389 3123 1443 iterum
3147 1391 3498 1449 Pannoniam
3533 1410 3629 1465 pe-

1991 1479 2082 1547 tit,
2117 1481 2172 1532 et
2208 1478 2400 1532 inacte
2425 1478 2597 1545 redit,
2624 1477 2841 1532 habens
2872 1492 3063 1532 secum
3098 1478 3150 1532 in
3183 1481 3465 1537 comitatu
3491 1485 3631 1541 Bru-

1992 1583 2195 1622 nouem
2231 1566 2568 1636 apostolicae
2595 1565 2750 1620 sedis
2776 1566 3199 1634 presulem.Qui
3224 1583 3366 1637 papa
3392 1571 3629 1630 veniens

1989 1656 2381 1726 Ratisponam,
2418 1654 2695 1724 reliquias
2755 1655 2906 1708 beati
2940 1653 3176 1709 Diouisii
3235 1659 3523 1727 martyris,
3559 1661 3629 1717 de

1991 1745 2203 1814 quibus
2238 1744 2332 1798 diu
2366 1744 2694 1798 dubitatum
2744 1748 2831 1797 est
2867 1758 2935 1797 an
2976 1743 3051 1797 ibi
3093 1745 3469 1816 haberentur,
3505 1765 3630 1818 pre-

1906 1862 1958 1920 B
1990 1834 2254 1888 sentibus
2287 1833 2638 1886 Parisiorum
2675 1832 2902 1899 legatis,
2933 1834 3232 1902 perspexit
3265 1834 3630 1903 ibiquetenc-

1990 1922 2036 1974 ri
2074 1921 2363 1991 probavit;
2388 1925 2648 1974 sanctum
2674 1934 2904 1989 quoque
2931 1918 3628 1991 \\’olfkangum,ejusdem

1988 2010 2151 2065 urbis
2195 2010 2556 2079 episcopum,
2586 2008 2655 2063 dc
2688 2007 2912 2062 tumulo
2946 2007 3157 2062 levavit
3191 2027 3204 2074 ;
3240 2010 3486 2080 indeque
3531 2013 3631 2068 Ba-

1989 2098 2244 2166 benberg
2268 2113 2396 2152 cum
2433 2097 2784 2166 imperatore
2812 2096 3122 2165 transiens,
3151 2098 3453 2168 privilegia
3477 2100 3632 2170 ejus-

1987 2183 2113 2237 dem
2152 2183 2261 2238 loci
2285 2199 2312 2237 a
2339 2182 2692 2238 cancellario
2718 2198 2823 2236 suo
2841 2181 3261 2252 Friderico,qui
3295 2186 3401 2239 sibi
3426 2191 3628 2256 postea

1986 2272 2292 2339 successit,
2322 2270 2568 2341 perspici
2604 2275 2660 2325 et
2694 2286 2885 2325 coram
2922 2271 3272 2341 imperatore
3298 2274 3630 2345 populoque

1986 2359 2358 2429 pronunciari
2387 2359 2700 2427 mandavit,
2728 2373 2946 2428 suaque
2981 2361 3331 2417 auctoritate
3377 2361 3474 2418 illa
3497 2379 3630 2418 con-

1987 2449 2235 2502 firmavit
2269 2447 2439 2516 1241.)
2467 2449 2601 2502 111110
2633 2451 2653 2470 ‘
2696 2452 2726 2500 5
2761 2448 2932 2503 simul
2965 2449 3276 2504 tendentes
3311 2450 3364 2505 in
3427 2458 3626 2522 partes

1985 2538 2182 2591 Rheno
2213 2536 2541 2604 contiguas,
2578 2537 2902 2606 proximum
2953 2536 3144 2592 natale
3194 2539 3417 2594 Domini
3470 2542 3630 2597 Woro

1987 2626 2182 2681 maciae
2215 2625 2610 2680 celebrabant.

2127 2723 2183 2775 ’5
2211 2721 2546 2790 Sequentia
2569 2721 2780 2776 (Iesu-nt
2813 2725 2890 2776 10.
2923 2725 3005 2776 11.
3033 2721 3138 2789 qui
3181 2722 3438 2778 addunt:
3476 2724 3627 2780 Reli-

2212 2793 2357 2860 quia)
2393 2793 2576 2845 sancti
2611 2793 2852 2846 Zenonis
2894 2807 2924 2846 a
2978 2792 3256 2847 Waltario
3304 2795 3628 2851 Veronense

2213 2863 2489 2932 episcopo
2525 2864 2739 2918 Ulmam
2765 2869 2899 2917 sunt
2936 2864 3162 2920 delata).
3199 2878 3274 2920 ελ)
3311 2867 3624 2922 ﬁer/valda.

2057 2962 2141 3014 14.
2180 2962 2242 3015 Α.
2276 2961 2336 3013 Ι).
2378 2963 2530 3014 1053.
2572 2960 2903 3029 Apostolico
2935 2965 2992 3014 et
3042 2961 3392 3031 imperatore
3437 2965 3629 3020 natale

1987 3048 2336 3104 dominicum
2371 3049 2565 3103 divino
2589 3055 2647 3103 et
2672 3049 3009 3117 regiocultu
3039 3052 3374 3106 Worniacize
3410 3055 3630 3121 agenti-

1988 3139 2115 3205 bus,
2145 3138 2451 3192 missarum
2483 3139 2880 3192 celebratione
2902 3139 2953 3192 in
2988 3146 3185 3194 sancta
3207 3140 3298 3194 die
3315 3148 3549 3210 peracta
3569 3149 3625 3197 ut

218 3240 311 3295 sui
347 3247 557 3310 quarm
593 3242 870 3312 quasdam
924 3242 1121 3297 Gallia)
1157 3214 1355 3312 μῶρε
1413 3243 1621 3297 invasit
1673 3214 1874 3298 eam”,
1907 3214 1956 3277 C
1987 3228 2248 3297 oportuit
2282 3228 2351 3281 ab
2384 3227 2723 3295 apostolico,
2770 3227 3096 3296 insequenti
3133 3228 3223 3282 die
3261 3230 3627 3300 Luitpoldum

222 3328 588 3384 Gotefridum
620 3338 679 3386 et
707 3331 1104 3385 Baldewiuum
1141 3332 1342 3395 duces;
1368 3331 1582 3400 quibus
1615 3333 1681 3385 ad
1721 3331 1877 3402 dedi_

219 3417 434 3472 tionem
463 3420 710 3482 coactis,
749 3424 808 3474 et
845 3434 1022 3487 regno
1045 3419 1134 3474 his
1159 3419 1213 3474 in
1241 3419 1509 3489 partibus
1537 3419 1869 3501 paciﬁcate,

210 3506 405 3560 victor
455 3521 584 3563 cum
626 3509 844 3562 honore
882 3509 1220 3564 revertitur.
1259 3507 1524 3578 Synodus
1565 3509 1872 3578 Mogontiae

213 3594 466 3650 habetur
494 3613 507 3659 ;
533 3595 624 3651 cui
652 3595 1045 3653 interfuerunt
1072 3599 1223 3653 Brun
1250 3596 1618 3668 apostolicus
1634 3604 1689 3651 et
1708 3597 1874 3652 Hein-

215 3683 377 3739 ricus
413 3685 750 3755 imperator.

292 3777 376 3827 11.
413 3774 474 3828 Α.
510 3775 580 3828 D.
625 3777 776 3829 10:50.
817 3776 1054 3842 ngarii
1107 3776 1242 3830 item
1305 3773 1610 3829 rebellant.
1641 3773 1870 3839 'Quibus

220 3851 600 3908 Gebehardus
633 3855 1081 3923 Ratispouensis
1113 3855 1448 3925 episcopus,
1486 3855 1579 3923 qui
1629 3861 1754 3908 erat
1781 3855 1875 3920 1111,

222 3941 510 4010 peratoris
547 3947 811 4010 patruus,
847 3943 1074 3996 obviam
1104 3943 1342 3998 veniens
1376 3943 1500 3996 vice
1534 3942 1722 4012 ipsius
1775 3943 1873 4000 im-

222 4029 607 4098 peratoris,in
644 4031 831 4097 fugam
863 4045 1180 4085 conversos
1214 4045 1323 4084 non
1361 4030 1708 4084 minimaeos
1734 4031 1873 4085 cede

219 4116 444 4181 afﬂixit;
480 4117 720 4186 insuper
754 4119 955 4172 urbem
993 4118 1471 4184 lleimenburg,in
1509 4119 1743 4172 maroha
1780 4133 1874 4187 po-

221 4203 696 4272 sitai'u,:ediflciis
722 4206 1078 4259 restauravit
1107 4209 1164 4259 et
1197 4204 1436 4258 militari
1464 4205 1732 4260 custodia
1757 4221 1876 4260 mu—

222 4291 331 4346 niri
360 4292 518 4360 fecit,
549 4292 786 4362 ipseque
827 4309 1046 4348 summa
1083 4309 1210 4349 cum
1245 4307 1387 4362 pace
1423 4307 1735 4361 regressus
1761 4298 1867 4348 est-

288 4385 372 4436 12.
411 4384 477 4436 Α.
503 4383 563 4436 D.
601 4382 936 4437 1051.Barto
960 4382 1441 4451 archiepiscOpus
1479 4367 1872 4450 Mogontiuus'

220 4471 274 4525 in
305 4484 446 4541 pace
467 4471 709 4540 quievit;
741 4471 834 4525 cui
864 4469 1872 4541 LuitpoldusBabenbergensispre-

1987 3317 2330 3384 Mogontina)
2390 3315 2547 3369 sedis
2597 3316 3120 3386 archiepiseOpuui,
3170 3322 3370 3386 utpote
3424 3319 3476 3372 in
3525 3335 3627 3375 sua

1985 3404 2200 3459 diocesi
2230 3404 2588 3473 precipuum,
2626 3404 2756 3458 huic
2792 3405 3130 3472 subrogavit
3154 3405 3476 3471 oﬂieio.Qui
3505 3423 3631 3478 pcr-

1984 3499 2111 3547 acta
2148 3492 2543 3563 processione,
2577 3496 2631 3546 et
2665 3491 2759 3546 ubi
2814 3492 2882 3546 ad
2913 3493 3017 3546 hoc
3069 3499 3298 3548 ventum
3342 3499 3426 3548 est
3471 3495 3626 3550 dicta

1985 3581 2264 3648 oratione,
2291 3585 2593 3654 postg‘luam
2631 3596 2691 3635 se
2719 3581 2769 3634 in
2815 3597 2918 3634 suo
2952 3580 3085 3636 sede
3122 3581 3355 3650 locavit,
3394 3583 3624 3652 quidam

1983 3684 2054 3724 ex
2087 3669 2426 3724 diaconibus
2450 3669 2588 3737 suis,
2617 3671 2968 3724 ilumbertus
3000 3671 3249 3739 nomine,
3289 3671 3442 3726 sicut
3464 3674 3627 3728 multi

1983 3759 2057 3812 ob
2092 3757 2248 3812 illius
2282 3758 2413 3811 festi
2436 3758 3067 3812 venerationemsolent
3089 3759 3394 3815 lectionem
3423 3762 3629 3816 decan-

1984 3847 2150 3902 tavit.
2181 3845 2341 3911 Quod
2374 3847 2603 3916 quidam
2627 3863 2699 3900 ex
2731 3847 3004 3902 Romanis
3034 3864 3195 3918 papze
3212 3851 3624 3907 assistentibus

1984 3937 2407 4005 vituperantes,
2443 3941 2500 3989 et
2522 3939 2725 3990 contra
2758 3951 2979 4006 papam,
3006 3939 3135 4006 quia
3165 3939 3416 3993 lloiuauo
3468 3955 3623 3995 more

1985 4040 2092 4078 non
2119 4030 2414 4092 ageretur,
2449 4025 2850 4093 objurgautcs,
2889 4035 3309 4095 persuaserunt
3341 4030 3416 4098 ei,
3452 4035 3510 4085 ut
3553 4030 3622 4085 ad

1983 4113 2230 4165 eundem
2256 4111 2556 4166 diaconum
2593 4114 2851 4166 mitteret
2877 4121 2929 4167 et
2966 4115 3428 4170 dceantationem
3449 4119 3624 4174 inter-

1985 4199 2226 4254 diceret.
2249 4199 2410 4262 Quod
2447 4215 2571 4252 cum
2607 4199 2702 4252 ille
2727 4199 3001 4267 juvenum
3063 4218 3219 4258 more
3250 4210 3623 4278 contempne-

1985 4292 2096 4350 ret;
2122 4286 2330 4340 iterum
2358 4287 2637 4341 mittendo
2670 4303 2812 4357 papa
2866 4289 3190 4360 interdixit,
3220 4293 3313 4361 qui
3365 4310 3501 4352 mox
3531 4311 3621 4351 ea-

1985 4374 2110 4430 dem
2141 4374 2300 4430 vocis
2334 4375 2654 4429 sonoritate
2687 4391 2795 4445 qua
2853 4377 3016 4445 prius
3063 4382 3339 4452 cantavit,
3377 4381 3620 4452 legendo

1985 4463 2259 4518 decenter
2294 4463 2598 4518 lectionem
2645 4479 2828 4533 usque
2861 4465 2930 4519 ad
2973 4466 3140 4521 ﬁnem
3175 4470 3469 4538 perduxit.
3500 4473 3620 4538 Qua

217 4559 452 4632 positus
475 4560 777 4614 successit.
817 4561 861 4581 “
889 4591 955 4598 ——
980 4560 1285 4614 Ileiurieus
1311 4559 1626 4629 imperator
1659 4557 1867 4614 iterum
1899 4561 1953 4623 D
1987 4552 2162 4621 ﬁnita,
2192 4566 2338 4622 papa
2373 4552 2530 4606 illum
2565 4552 2632 4607 ad
2667 4568 2727 4608 se
2754 4554 2978 4608 vocavit
3003 4560 3058 4609 et
3086 4557 3249 4625 quasi
3275 4574 3379 4627 pro
3409 4560 3621 4617 11101110-

217 4648 605 4704 Pannonniam
624 4648 846 4717 adiens,
881 4648 1066 4704 divisa
1101 4648 1154 4702 in
1191 4647 1334 4703 duas
1373 4653 1571 4718 partes
1609 4646 1869 4702 multitu-

214 4738 350 4793 dine
387 4738 651 4806 militum,
688 4739 978 4808 utrimque
1011 4738 1308 4806 regioncm
1360 4737 1542 4807 ipsam
1589 4737 1752 4792 silvis
1808 4742 1866 4791 et

217 4827 461 4882 maxime
491 4841 768 4898 aquarum
799 4827 1254 4883 collectionibus
1285 4826 1742 4896 circumseptam
1774 4840 1868 4880 oc-

212 4928 454 4984 cupans,
487 4916 768 4980 intravit;
806 4915 905 4972 sed
941 4931 1081 4984 gens
1117 4915 1212 4969 illa
1249 4915 1451 4970 durior
1482 4915 1700 4970 ceteris
1734 4929 1864 4969 cum

219 5017 355 5072 rege
387 5019 492 5060 suo
516 5003 715 5060 dolose
735 5019 913 5074 agens
934 5019 1154 5074 suaque
1171 5004 1392 5074 pariter
1422 5018 1549 5059 cum
1584 5003 1865 5059 aliisdiri-

221 5091 402 5163 piens,
441 5091 587 5148 fame
619 5094 793 5149 etsiti
828 5094 1138 5162 multisque
1155 5093 1422 5148 cladibus
1457 5092 1732 5148 lassatum
1764 5092 1864 5147 im-

219 5180 512 5252 peratoris
544 5182 865 5239 exercitum
901 5183 1144 5252 fugiens,
1171 5183 1378 5237 evasit.
1406 5181 1613 5236 Milites
1669 5186 1860 5237 autem

1983 4640 2215 4696 dientia)
2241 4642 2602 4696 contumacia
2629 4641 2996 4710 degradavit.
3030 4640 3619 4717 ArchiepiseopUsve-

1983 4746 2045 4785 ro
2067 4731 2223 4784 misit
2245 4730 2311 4784 ad
2347 4730 2524 4799 illum,
2555 4737 2797 4785 utsuum
2822 4731 2932 4785 sibi
2967 4732 3237 4786 redderet
3267 4735 3612 4792 ministrum.

1979 4819 2141 4885 Quod
2203 4820 2297 4874 ubi
2334 4833 2476 4889 papa
2521 4821 2743 4888 abnuit,
2777 4821 3056 4890 pontifex,
3095 4826 3155 4875 ut
3189 4829 3310 4876 erat
3363 4824 3617 4894 antiquae

1979 4907 2318 4977 disciplinae,
2354 4907 2488 4961 licet
2524 4922 2658 4975 egre
2703 4908 2995 4978 patienter
3035 4913 3227 4964 tamen
3261 4911 3493 4967 interim
3536 4917 3618 4968 ta-

1975 4995 2158 5054 cendo
2190 4997 2490 5051 sustinuit.
2509 4997 2775 5051 Perlecto
2799 5001 2990 5051 autem
3010 4999 3309 5065 evangelio
3324 5006 3382 5053 et
3405 5000 3492 5056 de!
3531 5016 3617 5057 111-

1973 5091 2098 5142 tato
2131 5085 2430 5141 offertorio
2467 5087 2559 5141 ubi
2583 5086 2767 5140 sancti
2801 5087 3320 5158 sacriticiitempus
3352 5089 3472 5151 advi
3529 5091 3614 5161 iit,

1976 5179 2236 5249 pontifex
2269 5177 2324 5232 in
2357 5178 2492 5233 sede
2537 5190 2640 5233 sua
2671 5175 2914 5246 resedit,
2949 5190 3085 5232 vere
3117 5183 3476 5250 contestans,
3513 5194 3614 5236 nec

1583 5279 1818 5335 VARle
1864 5278 2258 5337 LECTIONES.

293 5379 384 5416 “'9
409 5362 758 5451 suidegerus
787 5410 856 5420 —-
879 5378 1185 5436 ordinatur
1214 5379 1440 5437 desunt
1462 5381 1513 5434 4.
1551 5376 1641 5412 ¹⁴⁷⁰
1680 5377 1844 5436 deest
1869 5383 1917 5432 1.
1955 5385 2003 5434 δ.

1811 5475 2034 5532 NOTIE.

294 5566 444 5639 (2M)
473 5565 538 5624 V.
571 5565 777 5623 Leonis
805 5566 1081 5625 Chartam
1100 5565 1205 5625 hac
1235 5566 1306 5625 de
1339 5579 1403 5624 re
1431 5565 1626 5625 datam
1657 5579 1756 5638 ap.
1823 5567 2171 5626 Ussermann
2224 5564 2566 5638 episcopum
2617 5560 2811 5619 Bamb.
2868 5562 3077 5634 probb.
3138 5577 3193 5634 p.
3230 5567 3312 5628 31,

224 5638 324 5711 SS,
348 5638 428 5712 Iv,
470 5655 507 5713 p
521 5681 535 5697 .
573 5641 696 5696 802.

540 5737 800 5798 1⁵1111³101..
851 5736 1058 5798 CLIV.

3372 5566 3428 5618 et
3489 5561 3613 5619 Mon

3307 5731 3383 5794 30
