3934 6420
386 443 505 507 943

1560 428 2045 501 EKKEHARDI
2088 428 2621 498 URAUGENSIS

3676 414 3799 491 944

599 578 731 636 silio
775 590 1094 648 primorum
1146 575 1329 648 regni,
1364 573 1529 644 quasi
1581 572 1815 648 indigne
1848 572 2034 628 feren-
2061 579 2117 633 A
2147 569 2449 641 cujusdam
2482 568 2669 625 Italici
2699 573 2758 624 et
2792 564 3126 624 Adelbeidze
3157 564 3353 637 tiliam,
3387 566 3619 638 accepit
3655 579 3799 623 uxo-

595 652 740 705 tium
775 645 883 719 per
924 647 1350 719 imperatrieem
1379 650 1583 719 utpote
1618 645 1883 719 feminam
1918 657 2031 699 non

596 715 848 775 viriliter
903 715 1021 772 rem
1082 717 1368 787 publicam
1438 715 1774 786 gubernari,
1839 729 2031 787 regem

599 804 839 862 puerum
892 785 1185 862 violenter
1213 793 1270 842 et
1305 785 1596 862 industrie
1654 791 1890 862 captum
1924 785 2033 839 sub

594 858 781 917 tutela
812 875 916 916 sua
943 859 1187 927 redegit,
1222 864 1280 914 et
1314 858 1540 929 imperii
1567 858 1823 926 regimen
1858 870 1888 910 a
1921 870 2035 909 ma-

598 932 844 1006 tregejus
877 931 1143 1006 removit,
1177 934 1236 1006 et
1268 929 1339 1006 de
1362 928 1468 1006 hac
1499 942 1559 1006 re
1584 943 1779 1006 coram
1801 928 2035 1006 cunctis

593 1000 820 1059 ratione
868 1000 1117 1068 reddita,
1171 1000 1385 1055 domini
1436 1000 1524 1057 sui
1577 1000 1731 1067 regis
1786 1000 2033 1065 gratiam

593 1072 836 1142 recepit,
864 1077 923 1127 et
942 1085 1072 1196 dper
1097 1069 1282 1141 ipsum
1334 1069 1513 1126 illium
1546 1068 1615 1124 ad
1644 1068 1891 1138 gratiam
1922 1080 2036 1121 ma-

593 1144 703 1196 tris
725 1142 851 1196 eius
876 1156 937 1196 re
984 1142 1066 1196 iit.
1098 1142 1288 1196 Agnes
1314 1156 1452 1196 vero
1478 1138 1821 1196 imoeratrix
1843 1152 2034 1193 neces-

592 1144 703 1199 tris
725 1138 851 1212 ejus
876 1138 1066 1197 rediit.
1098 1138 1288 1212 Agnes
1314 1156 1452 1196 vero
1478 1138 1821 1211 imperatrix
1843 1152 2034 1193 neces-

592 1211 827 1270 sitatem
851 1216 1088 1269 vertens
1121 1212 1172 1266 in
1202 1211 1579 1280 voluntatem,
1609 1216 1669 1265 ut
1693 1212 2031 1265 obstrueret

591 1300 660 1340 os
706 1283 1069 1353 loquentium
1103 1282 1317 1351 iniqua,
1354 1297 1464 1337 non
1499 1281 1682 1353 multo
1738 1286 1873 1351 post
1920 1293 2033 1353 non

591 1349 1027 1411 solum-honore
1077 1349 1260 1423 regni,
1297 1353 1399 1409 sed
1431 1352 1604 1408 etiam
1639 1349 1816 1423 onere
1850 1349 2031 1423 seculi

590 1425 830 1495 rejecto,
879 1426 1073 1481 Romae
1106 1420 1174 1479 ad
1208 1420 1405 1495 limina
1439 1422 1841 1495 apostolorum
1872 1420 2035 1495 prin-

589 1492 740 1566 cipis
768 1492 920 1551 Petri
946 1510 1005 1550 se
1036 1494 1306 1566 contulit,
1335 1492 1531 1565 ibique
1555 1508 1742 1563 usque
1766 1492 1834 1547 ad
1863 1492 2032 1566 ﬁnem

590 1562 725 1622 vitae
758 1582 879 1623 suae
910 1565 1063 1620 omni
1125 1566 1408 1621 virtutum
1439 1562 1700 1633 genere,
1760 1562 2033 1633 omnibus

594 1637 763 1693 bonis
791 1636 1058 1706 exemplo
1080 1641 1141 1692 et
1173 1635 1453 1692 miraculo
1476 1632 1624 1691 ’fuit.
1656 1649 1731 1690 ea:
1753 1632 1959 1704 Sigeb.

628 1726 701 1782 D.
743 1728 906 1781 1063.
942 1727 964 1747 ¹

590 1817 656 1870 C.
695 1816 756 1869 D.
794 1815 855 1869 E.
890 1813 1164 1870 addunt:
1199 1812 1513 1884 Nicholaus
1542 1826 1686 1884 papa
1720 1811 1904 1884 obiit;
1940 1803 2037 1868 cui

590 1885 920 1955 Alexander
947 1884 1219 1940 Lucensis
1242 1883 1559 1955 episcopus
1576 1883 1878 1950 successit,
1898 1898 2036 1952 quo-

589 1954 720 2010 dam
750 1960 943 2010 tamen
974 1954 1283 2010 Parmensi
1304 1956 1578 2025 episcopo
1615 1961 1888 2025 papatum
1911 1957 2034 2025 tur-

591 2026 742 2097 piter
764 2026 1057 2097 ambiente
1081 2030 1137 2097 et
1162 2022 1355 2097 usque
1386 2027 1456 2081 ad
1482 2022 1781 2097 sanguinis
1804 2022 2031 2097 effusio-

589 2095 720 2168 nem
744 2096 957 2168 Christi
982 2096 1307 2168 {ecclesiam
1338 2095 1774 2153 scandalizante
1797 2095 1901 2168 (cf.
1930 2095 2033 2151 Si-

580 2166 773 2238 yeb.);
808 2166 910 2238 sed
942 2166 1124 2222 multo
1170 2171 1300 2237 post
1333 2182 1383 2237 p.
1409 2182 1437 2222 r
1487 2169 1782 2221 Annonem
1811 2165 2034 2238 episco-

587 2236 726 2308 pum
749 2236 1757 2307 Coloniensem,’ultramontanarum
1780 2236 2032 2307 partium

588 2314 725 2379 tunc
761 2308 1050 2379 legatione
1083 2309 1437 2379 fungentem,
1485 2324 1551 2364 ac
1585 2309 1891 2379 universos
1922 2308 2033 2362 Ita-

587 2378 679 2435 lia;
711 2377 997 2451 prm’sules
1029 2377 1234 2451 eadem
1266 2384 1354 2435 est
1386 2377 1791 2451 centroversia
1825 2377 2034 2451 direm-

586 2447 725 2521 pta;
742 2450 1074 2521 Parmensis
1105 2450 1431 2520 abdicatus,
1460 2449 1808 2519 Alexander,
1845 2452 1907 2505 ut
1935 2447 2032 2519 jus

584 2520 734 2591 erat,
768 2520 1167 2577 conﬁrmatus.
1202 2523 1263 2576 '1

416 2640 421 2649 ~
512 2610 593 2681 ‘1)
616 2611 711 2665 E1.
747 2610 903 2680 (alia
930 2610 1137 2681 manu)
1172 2610 1306 2681 et2.
1336 2607 2031 2681 adduntngggilhardus

585 2679 989 2749 Vllu'Magad.
1028 2679 1505 2750 archiepiscopus
1538 2679 1703 2735 obiit.

442 2771 494 2824 8.
531 2770 594 2825 A.
629 2770 700 2824 D.
744 2756 906 2824 1064.
946 2768 1254 2837 Sigit‘ridus
1273 2769 1584 2838 episcopus
1606 2766 2033 2837 Mogontiacen-

373 2857 458 2913 sis
489 2862 547 2913 et
608 2857 943 2913 Guntherus
998 2856 1501 2927 Babenbergensis
1547 2860 1602 2912 et
1638 2854 2033 2911 Willihelmus

370 2945 761 3015 Trejectensis
803 2945 1020 3015 aliique
1084 2959 1253 3015 quam
1288 2944 1488 3016 plures
1521 2943 1790 3016 presules
1821 2942 1914 3000 vel
1937 2957 2037 2999 no-

373 3034 522 3091 biles
547 3033 728 3089 multo
749 3033 1032 3090 comitatu
1058 3034 1503 3090 Hierosolimam
1530 3032 1863 3098 tendentes,
1891 3032 2035 3088 mul-

369 3126 465 3179 tas
495 3122 904 3179 infestationes
938 3139 967 3178 a
1003 3123 1270 3179 barbaris
1293 3122 1556 3194 perpessi
1589 3126 1744 3191 sunt,
1774 3121 2036 3177 tandem-

372 3227 483 3284 que
515 3211 901 3284 perventione
936 3212 1196 3267 fruentes
1228 3216 1449 3283 optata,
1486 3225 1726 3267 numero
1764 3213 1821 3265 et
1857 3210 2034 3267 rebus

373 3300 679 3358 admodum
713 3301 1029 3369 attenuari,
1062 3300 1393 3357 redierunt.

515 3392 536 3413 ‘
558 3395 617 3445 et
646 3392 729 3446 W.
762 3391 825 3444 T.
867 3388 1082 3446 desunt
1108 3391 1173 3446 C.

443 3480 494 3533 9.
533 3481 595 3535 A.
631 3479 700 3533 D.
744 3481 905 3533 1065.
960 3478 1290 3534 Guntherus
1335 3477 1650 3547 episcopus
1704 3477 2032 3533 Babenber-

372 3566 570 3635 gensis
584 3566 657 3622 ab
672 3565 1057 3622 Hierosolima
1072 3565 1328 3634 rediens,
1357 3564 1410 3620 in
1442 3565 1732 3621 Pannonia
1760 3565 2026 3636 moritur,

375 3653 755 3725 perlatu'sque
812 3655 1173 3725 Babenberg,
1210 3654 1287 3709 ibi
1318 3653 1644 3724 sepelitur;
1690 3658 1823 3725 post
1857 3668 2026 3725 quem

373 3743 758 3800 Herimannus
788 3743 1114 3799 ordinatur.
1140 3743 1542 3799 —Gozwinus
1572 3757 1771 3799 comes
1806 3742 1859 3797 in
1893 3757 2029 3813 epy-

372 3832 573 3903 scopio
596 3832 1056 3902 Wirciburgensi
1084 3831 1446 3903 tyrannidem
1461 3845 1763 3902 exercens,
1790 3846 1820 3886 a
1855 3831 2029 3887 comi-

376 3920 533 3977 tibus
557 3920 940 3978 Adelberonis
973 3921 1231 3992 presulis
1263 3920 1495 3977 occisus
1526 3926 1637 3977 est.

449 4022 540 4075 10.
583 4020 651 4074 A.
692 4021 764 4074 Ι).
826 4023 989 4075 1066.
1036 4022 1303 4076 Cometes
1337 4034 1440 4090 per
1474 4024 1658 4074 totum
1692 4018 1892 4073 orbem
1927 4015 2025 4072 diu

376 4108 668 4179 apparuit.
706 4110 727 4131 ‘
747 4140 817 4148 —
840 4110 1051 4164 Eodem
1082 4124 1229 4165 anno
1259 4108 1465 4178 Anglia
1490 4123 1591 4179 per
1613 4104 2024 4162 Willihelmum

374 4196 845 4253 Nortmannicum
874 4196 1290 4253 miserabiliter
1314 4197 1522 4253 amicta
1549 4193 1898 4262 tandemque
1931 4206 2027 4249 su-

377 4284 570 4350 bacta,
603 4285 727 4356 ipse
781 4300 883 4341 rex
915 4285 1041 4355 ejus
1088 4286 1333 4342 eil‘ectus
1361 4289 1478 4341 est.
1519 4283 1627 4350 Qui
1660 4297 1792 4337 mox
1822 4296 2023 4338 omnes

373 4387 520 4444 pene
566 4374 729 4444 regni
781 4373 1042 4444 ejusdem
1096 4374 1361 4447 presules
1388 4372 1589 4441 exilio,
1622 4371 1851 4428 nobiles
1881 4385 2023 4428 vero

374 4461 548 4517 morti
572 4461 908 4533 destinavit,
950 4464 1277 4520 mediocres
1299 4467 1494 4517 autem
1518 4461 1640 4516 suis
1662 4459 1947 4517 militibus
1967 4460 2020 4516 in

372 4551 739 4621 servitutem,
797 4567 1008 4608 uxores
1057 4552 1457 4621 indigenarum
1490 4548 1892 4606 universorum
1926 4548 2013 4605 ad-

370 4638 536 4695 venis
568 4639 623 4695 in
659 4640 1088 4697 matrimonium
1122 4636 1474 4709 subjugavit.
1510 4639 1576 4692 ‘2
1858 4642 1863 4646 '

510 4738 612 4791 'C.
647 4736 856 4793 addit:
892 4734 1428 4808 Harwich—annis
1456 4739 1545 4808 21.
1573 4750 1648 4792 θλ)
1665 4735 1894 4808 Sigeb.,
1930 4749 2021 4795 re-

587 4808 760 4879 liqua
778 4823 914 4864 vero
946 4809 1054 4877 lmj
1061 4822 1128 4864 us
1150 4808 1299 4863 anni
1329 4806 1558 4863 desunt.

509 4906 598 4975 2')
634 4910 717 4960 10.
756 4910 839 4960 11.
888 4904 1123 4960 addunt
1152 4922 1176 4976 :_
1199 4902 1538 4976 Cuonradus
1570 4905 1643 4961 de
1672 4903 2014 4976 Phullingen

581 4974 749 5031 Ortus
772 4976 925 5045 apud
948 4974 1237 5045 Treverim
1262 4975 1506 5044 electus,
1534 4991 1563 5032 a
1589 4978 1803 5033 comite
1827 4974 2018 5033 Dicte-

581 5043 979 5173 ricloiopassus,
1014 5043 1253 5115 Dolegio
1294 5051 1385 5102 est
1444 5048 1727 5119 sepultus.
1767 5062 1843 5105 ea:
1869 5049 2013 5105 Ber-

578 5132 652 5173 no
760 5161 771 5172 .

438 5210 522 5264 11.
560 5209 623 5263 A.
657 5208 720 5262 D.
759 5206 913 5263 1067.
940 5205 1291 5265 *Heinricus
1333 5221 1436 5263 rex
1460 5207 1752 5279 Berhtam,
1781 5207 2012 5266 Ottonis

2146 673 2288 728 rem,
2324 658 2558 729 nuptias
2587 657 2895 713 celebrans
2925 655 3234 712 Triburiaa.

2287 750 2308 770 ‘
2340 748 2398 801 C.
2434 749 2496 801 Ι).
2531 748 2591 801 Ε.
2626 744 2860 801 addunt
2888 763 2900 797 :
2933 743 3273 799 Cuonradus
3296 742 3661 814 primicerius
3680 756 3795 814 acc-

2357 817 2549 873 clesize
2584 814 2965 883 (loloniensis,
3019 813 3359 883 des'gnatus
3387 829 3416 869 a
3457 828 3590 883 rege
3625 813 3795 867 Hein-

2358 888 2479 942 rico
2501 886 2766 943 Treveris
2811 886 3147 955 episcopus,
3183 884 3254 939 ab
3288 885 3471 954 ipsius
3504 884 3667 940 urbis
3698 899 3794 955 co-

2359 958 2504 1029 mite,
2517 954 2872 1029 Theoderico
2896 956 3147 1029 capitur,
3163 962 3265 1029 eta
3286 955 3643 1029 satellitibus
3664 954 3793 1029 ejus

2359 1030 2413 1083 in
2438 1027 2642 1084 silvam
2677 1027 2908 1095 ductus,
2944 1025 3013 1081 de
3039 1026 3253 1081 montis
3277 1026 3575 1082 cacumine
3607 1026 3791 1081 tercio

2357 1100 2768 1170 precipitatur,
2802 1104 3008 1154 etcum
3029 1098 3220 1170 adhuc
3240 1095 3443 1170 illesus
3463 1102 3641 1167 esset,
3668 1095 3791 1166 gla-

2358 1166 2454 1225 dio
2483 1166 3018 1225 transverberatur.
3045 1182 3120 1224 ea:
3146 1166 3358 1239 Sigeb.

2219 1262 2310 1313 12.
2335 1260 2405 1312 A.
2433 1259 2502 1313 D.
2536 1262 2699 1313 1068.
2728 1256 3078 1312 Heinricus‘
3095 1270 3198 1311 rex
3221 1254 3633 1312 adolescentiae
3649 1269 3791 1311 usus

2146 1344 2441 1417 libertate,
2478 1346 2784 1401 Saxouiam
2837 1344 3017 1401 solam
3048 1358 3119 1399 ex
3150 1345 3303 1399 omni
3332 1345 3585 1401 Romano
3615 1344 3790 1416 impe-

2146 1433 2232 1489 rio
2262 1436 2442 1505 coepit
2462 1434 2737 1504 incolere,
2763 1433 3056 1505 principes
3094 1433 3413 1504 despicere,
3440 1432 3663 1489 nobiles
3690 1432 3790 1488 ob-

2148 1522 2423 1593 primere,
2450 1522 2759 1579 inferiores
2774 1521 3112 1592 sustollere,
3136 1521 3390 1592 venatui,
3407 1519 3793 1577 lusibuscete—

2147 1611 2348 1681 risque
2379 1611 2712 1682 bujusmodi
2744 1609 3044 1666 exercitiis
3079 1609 3208 1681 plus
3236 1624 3405 1680 quam
3432 1609 3686 1679 justiciis
3712 1612 3790 1666 fa-

2146 1699 2388 1771 ciendis,
2414 1706 2474 1756 ut
2500 1700 2805 1755 incusatus
2828 1704 2939 1769 est,
2975 1713 3211 1770 operam
3259 1699 3419 1769 dare,
3456 1697 3601 1755 ﬁlias
3630 1698 3789 1756 illus-

2149 1787 2324 1843 trium
2352 1786 2712 1858 quibuslibet
2735 1788 2988 1843 obst-ure
3023 1787 3177 1843 uatis
3206 1785 3538 1856 conjugare,
3567 1787 3787 1859 privata

2150 1875 2419 1945 presidia,
2442 1875 2710 1930 nimirum
2739 1874 3074 1946 potentibus
3092 1874 3255 1945 regni
3276 1890 3389 1931 non
3421 1875 3566 1931 satis
3583 1874 3785 1945 fidens,

2062 1935 2117 1994 B
2147 1962 2487 2018 instituere.
2531 1963 2629 2019 His
2680 1962 2988 2020 discordiae
3022 1963 3353 2019 seminariis
3385 1963 3624 2033 contigit
3667 1963 3786 2033 regi

2146 2065 2315 2122 quam
2366 2052 2649 2121 plurimos
2702 2051 3079 2107 insidiatores
3114 2056 3228 2107 tam
3260 2053 3396 2108 vitae
3428 2067 3595 2123 quam
3629 2052 3786 2122 regni

2146 2154 2547 2196 succrescere.
2593 2140 2699 2207 Qui
2750 2145 2944 2196 tamen
2976 2155 3105 2196 cum
3158 2140 3515 2196 maturitatis
3546 2139 3787 2198 necdum

2146 2225 2312 2297 plene
2370 2227 2664 2298 attigisset
2724 2243 2928 2298 annos,
2962 2233 3126 2284 erant
3158 2228 3253 2299 qui
3288 2243 3396 2284 non
3455 2234 3569 2284 tam
3600 2229 3787 2300 ipsum

2146 2329 2315 2385 quam
2348 2315 2727 2373 Adelbertum
2760 2315 2850 2349 ¹⁴⁸⁴
2884 2317 3251 2373 Premensem
3286 2316 3788 2389 archiepiscopum

2142 2402 2495 2475 culpandum
2520 2405 2875 2477 judicarent,
2912 2405 3065 2476 quod
3098 2420 3225 2475 ejus
3247 2404 3496 2462 consilio
3528 2406 3649 2463 hmc
3671 2421 3791 2464 om-

2143 2491 2235 2548 nia
2268 2497 2486 2563 ageret,

2284 2582 2307 2605 *
2336 2582 2395 2637 C.
2433 2582 2749 2655 lzocamw;
2786 2583 3569 2655 Fluminibus—prosternit
3593 2588 3649 2639 et
3672 2586 3790 2655 ter-

2357 2667 2478 2707 ram
2504 2653 2678 2708 nimia
2709 2653 3166 2726 depopulatione
3180 2653 3493 2710 atterit.ez
3514 2653 3717 2725 Sigeb.

2218 2744 2303 2795 13.
2335 2743 2405 2795 A.
2444 2743 2504 2796 D.
2543 2746 2707 2805 1062.
2741 2741 2832 2775 1⁸⁸⁸
2863 2746 3053 2813 Agnes
3097 2743 3457 2813 imperatrix,
3492 2746 3674 2800 mater
3706 2758 3793 2800 re-

2142 2828 2232 2897 gis
2254 2829 2529 2899 Heinrici,
2560 2830 2715 2887 tedio
2743 2831 2970 2898 affecta,
2994 2829 3087 2887 vel
3120 2831 3317 2903 potius
3339 2831 3616 2888 divinitus
3637 2846 3795 2889 com-

2146 2921 2381 2987 puncta,
2406 2917 2678 2974 ducatum
2704 2918 2982 2988 Bajoariae
3008 2919 3299 2991 deposuit,
3325 2924 3381 2976 et
3402 2919 3559 2990 regni
3581 2920 3793 2991 guber-

2144 3005 2349 3061 nacula
2395 3006 2662 3076 penitens
2707 3005 2797 3039 “3‘
2820 3012 3242 3079 contempnens
3273 3024 3377 3080 pro
3401 3008 3648 3079 Christo,
3683 3011 3793 3064 Ro-

2148 3108 2293 3149 mam
2321 3109 2384 3149 se
2403 3095 2673 3165 contulit,
2698 3095 2894 3167 ibique
2920 3095 3109 3167 dignis
3130 3097 3488 3169 paenitentiae
3504 3098 3794 3156 fructibus

2146 3184 2289 3239 mira
2323 3183 2648 3241 inservnens
2700 3185 3051 3257 humilitate,
3087 3192 3222 3257 post
3268 3187 3489 3258 aliquot
3524 3201 3702 3244 annos
3734 3188 3791 3243 in

2065 3292 2114 3354 ο
2146 3272 2387 3328 Domino
2418 3278 2749 3344 presentem
2781 3274 2959 3331 vitam
2992 3275 3208 3332 finivit.

2284 3362 2307 3383 "
2337 3362 2403 3416 C.
2442 3362 2655 3419 addit:
2681 3363 2916 3433 Ungarii
2939 3395 3009 3404 —
3030 3364 3402 3421 refrenantur
3422 3378 3497 3421 σω
3512 3363 3712 3435 «ς’ἰθθῡ.

2216 3453 2307 3505 14.
2349 3452 2419 3506 A.
2462 3452 2530 3506 D.
2566 3456 2728 3508 1070.
2759 3450 2868 3508 “‘7.
2895 3453 3017 3509 Teti
3052 3454 3311 3510 marchio
3335 3467 3447 3510 non
3466 3452 3587 3509 sine
3616 3453 3791 3508 Saxo-

2142 3538 2252 3595 niae
2272 3540 2599 3611 principum
2624 3541 2869 3598 consilio
2885 3542 3249 3612 tyrannidem
3282 3543 3337 3599 in
3370 3547 3565 3615 partes
3592 3542 3786 3612 regias

2140 3628 2391 3697 orditur,
2428 3644 2555 3699 quas
2607 3635 2797 3685 tamen
2833 3645 2967 3687 mox
3011 3630 3232 3687 caelesti
3265 3630 3433 3689 simul
3466 3636 3525 3686 et
3557 3634 3787 3687 terrena

2142 3716 2446 3786 majestate
2471 3718 2887 3788 compescitur,
2910 3719 3139 3775 scilicet
3161 3720 3428 3777 castellis
3452 3719 3574 3778 suis
3600 3720 3783 3776 Bichi-

2141 3801 2337 3874 lingon
2369 3811 2429 3859 et
2476 3805 2827 3874 Schidingon
2869 3806 3017 3876 (243)
3051 3822 3080 3863 a
3113 3822 3251 3877 rege
3294 3809 3635 3879 destructis,
3670 3807 3786 3864 filio

2139 3907 2263 3961 suo,
2290 3906 2453 3963 aeque
2479 3893 2712 3947 militari
2737 3894 2882 3963 viro,
2905 3909 2934 3950 a
2961 3895 3199 3966 proprio
3224 3911 3395 3952 servo
3416 3897 3781 3968 interempto,

2138 3980 2382 4052 ipsoque
2414 3982 2701 4037 communi
2737 3989 2922 4039 morte
2952 3983 3007 4038 in
3042 3983 3203 4039 brevi
3237 3984 3420 4040 finito.
3457 3986 3509 4041 *1

2277 4070 2358 4139 ‘1)
2392 4074 2480 4125 10.
2514 4074 2606 4126 11.
2637 4071 2902 4147 addunt:
2930 4073 3297 4147 _Constanci:e
3322 4072 3643 4131 Rumoldus
3663 4073 3780 4147 epi-

2349 4155 2569 4213 scopus
2600 4141 2773 4198 obiit.
2811 4157 2887 4199 ea:
2913 4144 3246 4201 Bernoldo.

2209 4230 2401 4284 15..A.
2429 4231 2499 4285 D.
2544 4233 2704 4286 1071.
2736 4231 2876 4289 Otto
2902 4231 3020 4289 dux
3043 4232 3322 4303 Bajoarize
3350 4234 3622 4291 ducatum
3646 4232 3783 4289 ami-

2134 4316 2232 4373 sit.
2277 4318 2379 4374 Hic
2408 4318 2604 4389 itaque
2638 4320 2789 4376 Saxo
2828 4334 3063 4393 genere,
3103 4322 3192 4377 vir
3221 4322 3593 4394 amplissimae
3620 4321 3784 4377 nobi-

2135 4404 2338 4478 litatis,
2376 4408 2687 4479 prudentia
2737 4410 3029 4481 rebusque
3060 4410 3286 4467 bellicis
3315 4410 3621 4483 perpaucis
3649 4413 3779 4466 erat.

2134 4496 2570 4568 comparabilis,
2605 4502 2664 4554 et
2692 4497 2747 4554 in
2798 4504 2957 4555 tanta
2985 4499 3139 4570 apud
3170 4500 3476 4555 universos
3506 4498 3780 4571 primates

2134 4585 2485 4643 excellentia
2516 4586 2775 4658 habitus,
2807 4592 2869 4645 ut
2901 4602 3026 4659 rex,
3059 4588 3155 4660 qui
3174 4588 3291 4660 jam
3315 4587 3636 4645 Saxonibus
3663 4602 3782 4645 om-

2051 4646 2105 4708 D
2134 4674 2736 4748 nlno“”susspectus
2768 4682 2827 4733 et
2852 4677 3231 4748 iuvisuserat,
3260 4678 3451 4750 ipsum
3482 4680 3682 4734 contra
3713 4689 3777 4733 se

2133 4765 2190 4821 in
2214 4764 2379 4835 regni
2402 4764 2698 4835 fastigium
2725 4764 2941 4823 elevari
2982 4780 3154 4838 posse
3184 4766 3546 4834 formidaret,
3569 4764 3617 4821 si
3637 4766 3659 4789 ‘
3682 4778 3776 4820 res

2130 4866 2234 4911 sua
2265 4868 2435 4911 secus
2461 4854 2726 4911 cederet.
2760 4855 2903 4925 Hine
2934 4855 3341 4925 perversitatis
3369 4852 3665 4911 materiam
3688 4867 3777 4909 ar-

2130 4941 2349 5014 ripiens
2394 4942 2626 5013 quidam
2663 4938 3178 5015 Egino,-‘"mediocri
3212 4942 3340 5000 loco
3371 4945 3561 5011 natus,
3598 4941 3772 5000 rebus

2127 5030 2437 5088 admodum
2462 5031 2672 5102 tenuis,
2714 5031 2956 5089 audacia
2980 5036 3208 5089 tantum
3229 5037 3287 5089 et
3333 5030 3592 5102 nequitia
3626 5029 3773 5086 satis

2127 5120 2479 5191 diffamatus,
2507 5119 3014 5192 patrocinantibus
3036 5122 3145 5178 sibi
3171 5121 3519 5193 quibusdam
3542 5118 3699 5191 regis
3720 5118 3776 5175 il-

2126 5207 2376 5281 delibus,
2401 5209 2622 5267 curiam
2655 5209 2913 5284 irrepsit,
2940 5214 2998 5268 et
3047 5225 3315 5283 magnum
3347 5209 3511 5269 illum
3541 5208 3771 5266 heroem

1727 5331 1966 5388 VARUE
2004 5332 2406 5390 LECTIONES.

435 5442 525 5484 ¹⁸⁶⁴
550 5447 962 5529 adsiliet-ouem
982 5451 1049 5505 A.
1112 5445 1222 5529 _“‘{
1241 5448 1588 5529 μνῆ-1069.
1615 5448 1876 5529 stataria
1904 5450 1973 5529 in
1998 5451 2052 5529 4.
2075 5449 2300 5529 pos-ta.
2336 5454 2491 5529 1070.
2522 5450 2768 5529 legitur.
2846 5450 3115 5529 “'f_i_ta_1
3152 5451 3389 5529 penitus
3423 5451 3493 5511 E.
3575 5447 3669 5488 “'7
3695 5418 3775 5512 Ϊίι

360 5522 637 5594 margine
664 5519 868 5578 thalia
890 5534 1077 5579 manu
1104 5518 1329 5592 legitur
1356 5540 1369 5577 :
1405 5521 1550 5577 Nota
1582 5521 1655 5577 ab
1686 5519 1800 5577 ista
1832 5526 1997 5577 parte
2031 5518 2238 5595 in"cipit
2268 5520 2502 5581 cronica
2535 5518 2839 5582 nioderna.
2924 5523 3016 5559 ³⁸⁸⁸
3040 5518 3209 5584 deest
3232 5529 3305 5582 Α.

1942 5643 2147 5703 ΝΟΤιΕ
2161 5685 2176 5703 .

436 5714 699 5788 (243)(21.
740 5727 914 5788 supra
945 5713 1315 5771 Lambertum
1348 5728 1407 5773 a.
1446 5718 1616 5775 1069.
