3934 6406
327 451 440 518 951

1494 438 1783 506 ΕΚΚΕΗ
1793 436 1982 505 ARDI
2031 433 2584 504 URAUGIENSIS

3632 441 3754 508 952

540 595 590 650 δ.
644 587 860 650 addit:
889 589 1008 648 Hoc
1056 587 1230 645 etiam
1282 598 1431 644 anno
1478 581 1690 642 civitas
1733 579 1980 652 Erphes-
2008 573 2066 637 A
2093 575 2254 648 quod
2271 577 2343 633 de
2366 575 2639 634 Cornelio
2657 573 2902 649 scripsit
2921 570 3126 634 beatus
3154 573 3518 650 Cyprianus,
3535 575 3751 652 factus

543 665 662 720 ωτι
710 667 915 720 exusta
959 667 1054 718 est
1084 661 1156 717 ab
1187 657 1452 716 exercitu
1501 652 1752 733 Heinrici
1801 651 1976 733 regis.

538 733 910 808 Multitudine
951 733 1152 808 igitur,
1188 736 1248 808 ut
1283 745 1408 786 mos
1443 733 1554 808 est,
1591 723 1980 808 intecclelsias

541 805 934 881 confugiente,
970 793 1272 881 vmcclésiaa
1299 793 1632 881 sanctorum
1663 793 1982 881 incendun-

535 881 654 944 tur,
693 867 848 932 inter
876 867 1020 946 quas
1057 868 1707 946 monasterium__sanct_i
1757 867 1976 932 Severi,

2093 667 2185 726 est
2201 667 2503 738 episcopus
2523 666 2595 723 de
2613 665 2726 723 Dei
2744 667 2801 723 et
2820 665 3050 724 Ubristi
3075 668 3204 738 ejus
3215 667 3474 739 judicio,
3493 668 3564 726 de
3581 671 3751 730 cleri-

2091 770 2290 816 corum
2316 769 2462 828 pene
2489 756 2771 826 omnium,
2805 756 2864 812 et
2904 755 2976 812 ut
2998 756 3202 814 verius
3247 757 3462 828 dicam,
3513 759 3749 818 omnino

2089 847 2352 902 omnium
2384 844 2738 916 testimonio,
2765 845 2835 901 de
2849 844 3050 916 plebis
3073 860 3205 916 quae
3234 846 3372 904 tunc
3392 847 3611 905 aderat
3623 849 3750 924 suf-

539 933 696 1019 q’uo’d
747 933 941 1019 Altum
992 945 1414 1019 monasterium
1464 942 1792 1019 dicebatur,
1846 950 1977 1019 cum
2072 933 2308 1009 fragio,
2332 934 2402 991 de
2419 934 2793 993 sacerdotum
2813 935 3215 1019 antiquorum
3233 937 3293 992 et
3307 935 3583 994 bonorum
3597 939 3750 995 viro-

537 1008 912 1075 multitudine
955 1016 1154 1088 populi
1185 1019 1478 1088 exustum,
1505 1017 1715 1088 postea
1750 1008 1982 1088 destru-

418 1148 421 1150 _
537 1093 696 1160 ctum
716 1093 830 1158 est,
855 1093 913 1144 et
939 1077 1097 1144 aliud
1122 1087 1310 1143 minus
1335 1085 1389 1141 in
1413 1077 1616 1160 eodem
1642 1083 1770 1160 loco
1796 1077 1980 1160 roecdi-

539 1159 796 1218 ﬁcatum.
817 1152 892 1215 'In
925 1163 1118 1215 monte
1164 1171 1396 1228 quoque
1425 1154 1685 1228 ejusdem
1719 1152 1843 1228 loci
1864 1162 1981 1204 mo-

538 1231 862 1288 nasterium
905 1230 1094 1287 sancti
1137 1223 1318 1288 Petri;
1359 1223 1513 1298 quOd
1555 1223 1774 1280 dudum
1803 1223 1982 1298 {ago-

538 1302 744 1359 bertus
791 1316 892 1358 rcx
939 1303 1290 1357 Francorum
1337 1290 1755 1354 construxerat
1804 1290 1954 1361 (258)

541 1333 744 1359 υσιιιυθ
791 1333 892 1358 sua
940 1333 1290 1357 ιἰαιιυυιιιιιι
1337 1333 1755 1354 υυιιουιυ.ιυιαυ
1805 1333 1954 1361 ν-νυι

541 1374 845 1430 incensum
885 1377 998 1442 est,
1043 1372 1194 1442 quod
1226 1368 1437 1442 exinde
1470 1368 1766 1442 vetustate
1808 1333 1981 1442 simul

1309 1439 1661 1521 destruitur,
1713 1440 1774 1490 et
1823 1430 1981 1488 aliud

541 1515 778 1585 majoris
819 1514 1129 1572 ediﬁcatur
1159 1514 1374 1584 operis.

397 1604 485 1659 24.
539 1605 602 1660 Α.
654 1605 714 1660 D.
773 1607 927 1660 1030.
983 1605 1120 1658 Cum
1173 1600 1326 1673 apud
1381 1597 1668 1655 Brixinam
1719 1591 1984 1650 Noricam

326 1691 569 1761 triginta
599 1693 1015 1764 episcoporum
1050 1693 1374 1747 conventus
1404 1701 1623 1744 necnon
1655 1689 1716 1740 et
1743 1681 1990 1752 optima-

329 1786 452 1838 tum
479 1781 801 1849 exercitus,
831 1796 940 1837 non
973 1781 1158 1837 solum
1190 1777 1394 1846 Italiae,
1429 1775 1530 1833 sed
1555 1779 1612 1830 ct
1642 1770 1984 1851 Germaniae,

327 1871 496 1942 jussu
521 1870 678 1940 regis
701 1869 954 1926 Heinrici
983 1871 1446 1940 congregaretur
1470 1865 1632 1934 (Jun.
1659 1867 1772 1938 25),
1799 1865 1988 1920 factus

330 1963 425 2017 est
450 1959 703 2016 omnium
737 1972 1061 2016 consensus
1101 1956 1386 2012 adversus
1425 1953 1855 2010 Hiltibrandum
1890 1966 1978 2024 pa-

332 2063 482 2120 pam,
527 2047 998 2118 cognominatum
1054 2045 1393 2116 Gregorium
1434 2042 1768 2114 septimum,
1813 2055 1982 2112 quem

329 2137 902 2210 pseudomonachum
979 2134 1277 2204 totiusque
1335 2131 1586 2188 vesaniae
1644 2129 1985 2202 pestiferum

334 2227 654 2298 principem
683 2233 738 2282 et
772 2224 1052 2297 prccipue
1085 2226 1304 2280 sancta
1337 2222 1610 2276 Romanae
1640 2219 1799 2276 sedis
1830 2218 1986 2276 inva-

333 2330 524 2372 sorem
545 2314 917 2382 afﬁrmantes,
943 2313 1016 2370 ab
1039 2310 1366 2384 apostolica
1391 2308 1528 2366 sedc
1551 2306 1982 2380 depellendum,

334 2403 596 2474 quamvis
619 2403 940 2471 absentem,
967 2400 1390 2471 dijudicabant,
1416 2402 1474 2454 et
1497 2397 1858 2469 Wigpertum
1880 2396 1988 2452 Ra-

331 2505 684 2549 vennensem
717 2491 1223 2561 archiepiscopum
1261 2487 1374 2558 ipsi
1419 2487 1856 2556 subrogandum
1887 2484 1986 2542 cli-

331 2582 566 2652 gebant.
609 2580 791 2650 Hujus
829 2578 1052 2635 decreti
1095 2578 1118 2602 *
1159 2578 1306 2649 (259)
1352 2575 1652 2635 conclusio
1691 2574 1814 2632 haec
1855 2578 1986 2630 est:

339 2669 512 2739 Quia,
533 2667 825 2739 inquiunt,
841 2667 1018 2725 illum
1035 2669 1269 2726 constat
1281 2682 1397 2726 non
1412 2681 1452 2725 a
1467 2669 1584 2723 Deo
1604 2663 1869 2733 electum,
1888 2661 1994 2720 sed

333 2772 372 2816 a
383 2771 446 2816 se
457 2757 584 2828 ipso
596 2760 663 2816 in
666 2757 902 2827 fraude
918 2771 990 2815 ac
998 2759 1256 2826 pecunia
1273 2755 1823 2830 imprudentissime
1839 2750 1994 2824 obje-

335 2846 508 2915 ctum,
554 2844 662 2916 qui
701 2844 1186 2902 ecclesiasticum
1221 2844 1518 2902 subvertit
1551 2842 1840 2909 ordinem,
1887 2839 1996 2910 qui

331 2933 661 2991 christiani
676 2933 917 3004 imperii
934 2933 1594 3004 perturbaritregnum,
1617 2931 1724 3002 qui
1741 2929 1874 3000 regi
1893 2927 1999 2984 ka-

337 3021 556 3079 t/tolico
576 3035 648 3079 ac
667 3021 922 3092 paciﬁca
951 3022 1214 3093 corporis
1234 3021 1291 3077 et
1310 3023 1528 3078 animle
1556 3016 1821 3076 intentat
1846 3029 1998 3073 mor-

335 3115 465 3178 tem,
486 3111 595 3180 qui
603 3107 742 3180 perj
747 3122 922 3166 urum
939 3109 1213 3181 defendit
1227 3122 1441 3180 regem,
1465 3108 1573 3177 qui
1592 3106 1749 3162 inter
1768 3117 2000 3162 concor-

337 3197 436 3255 des
452 3196 776 3255 seminarit
788 3197 1172 3268 discordiam,
1189 3197 1348 3254 inter
1355 3196 1645 3268 paci/Icos
1668 3195 1820 3264 lites,
1839 3194 2002 3251 inter

319 3286 562 3358 fratres
591 3285 906 3354 scandala,
940 3285 1099 3342 inter
1128 3287 1410 3356 conjuges
1435 3283 1716 3352 divortia,
1749 3283 1808 3338 et
1834 3285 2001 3353 quic-
2030 3286 2080 3350 C

334 3374 484 3446 quid
523 3373 717 3446 quieti
753 3375 906 3430 inter
941 3375 1044 3445 pie
1078 3373 1340 3431 viventes
1369 3376 1533 3431 stare
1563 3371 1654 3406 ⁸⁸³⁸
1682 3371 2002 3429 videbatur

334 3463 659 3522 concussit:
683 3477 788 3521 nos
821 3463 1062 3520 auctore
1083 3465 1201 3521 Deo
1223 3463 1573 3534 congregati
1595 3463 1661 3519 in
1681 3475 1886 3530 unum,
1921 3461 2000 3518 le-

331 3552 499 3622 gatis
528 3564 600 3609 ac
632 3551 854 3608 litteris
870 3549 1032 3622 freti
1060 3551 1253 3608 decem
1283 3552 1340 3608 et
1365 3565 1570 3608 norem
1597 3551 2000 3622 episcocorum

337 3637 434 3694 die
451 3637 654 3696 sancto
667 3636 951 3707 preteriti
963 3637 1327 3708 pentecostes
1348 3635 1662 3709 Mogontice
1681 3650 1999 3709 congrega-

339 3727 547 3793 torum,
599 3726 805 3783 contra
849 3724 1096 3782 eundem
1140 3725 1600 3784 Hiltibrandum
1635 3725 2000 3797 procacissi-

337 3827 515 3884 mum,
543 3814 873 3885 sacrilegia
893 3827 965 3872 ac
984 3812 1074 3848 ‘m
1097 3813 1380 3872 incendia
1397 3814 1837 3888 predicantem,
1861 3827 2000 3884 per-

321 3903 360 3972 j
369 3901 508 3958 uria
524 3902 583 3958 et
597 3901 926 3959 homicidia
948 3901 1374 3977 defendentem,
1402 3903 1771 3962 latholicam
1791 3901 1852 3959 et
1863 3915 1998 3973 apo-

336 3989 810 4060 stolicam/idem
832 3991 902 4047 de
923 4004 1161 4064 corpore
1175 3992 1543 4064 etsanguine
1561 3991 1806 4051 Domini
1823 3988 1912 4024 ³⁸⁸⁷
1931 3989 1998 4046 in

335 4079 700 4151 questionem
735 4079 1070 4150 ponentem,
1133 4081 1382 4140 heretici
1426 4078 1791 4152 Berengarii
1839 4077 2000 4136 anti-

335 4181 519 4239 quum
539 4167 920 4239 discipulum,
945 4167 1389 4226 divinationum
1407 4184 1477 4228 ac
1490 4169 1854 4228 somniorum
1877 4167 1999 4226 cul-

338 4255 538 4324 torem,
569 4257 962 4312 manifestum
987 4257 1500 4328 nicromanticum,
1521 4257 1848 4328 pag/ionico
1878 4255 1999 4328 spi-

334 4343 466 4399 ritu
485 4341 866 4412 laborantem,
889 4344 947 4401 et
961 4345 1178 4402 idcirco
1192 4361 1230 4404 a
1242 4347 1520 4419 cera/ide
1537 4344 1998 4423 euorbitantem,

323 4430 676 4500 judicamus
719 4434 998 4491 canonice
1044 4433 1446 4507 deponendum
1474 4436 1529 4492 et
1556 4432 1996 4506 expellendum,

337 4518 398 4574 et
410 4518 534 4577 nisi
556 4519 630 4576 ab
651 4522 787 4592 ipsa
813 4521 949 4578 sede
974 4522 1072 4581 his
1101 4524 1332 4581 auditis
1363 4521 1750 4591 descenderit,
1777 4522 1846 4580 in
1862 4535 1996 4592 per-

332 4607 575 4678 petuum
603 4609 1163 4680 condempnandum.
1197 4611 1385 4669 Facta
1403 4611 1545 4667 sunt
1563 4610 1760 4666 autem
1789 4609 1913 4667 liceo
1932 4613 1987 4679 7,

2020 4654 2074 4717 D

2085 1039 2224 1082 rum
2253 1025 2520 1096 collegio,
2563 1037 2695 1080 cum
2730 1037 2896 1080 nemo
2925 1025 3064 1080 ante
3093 1017 3156 1080 se
3169 1023 3388 1096 factus
3417 1027 3584 1097 esset,
3618 1041 3752 1085 cum

2087 1113 2428 1172 Alexandri
2459 1111 2636 1181 loc-us,
2672 1111 2740 1168 id
2764 1113 2853 1170 est
2878 1126 3008 1169 cum
3043 1113 3203 1170 locus
3232 1114 3404 1172 Petri
3435 1115 3496 1170 et
3516 1115 3752 1186 gradus

2088 1201 2484 1261 sacerdotalis
2521 1201 2830 1259 bathedrte
2869 1201 3130 1258 vacaret.
3191 1202 3312 1269 Quo
3357 1205 3653 1276 occupato,
3696 1206 3758 1263 et

2093 1291 2164 1349 de
2192 1291 2282 1325 ³⁵η
2307 1293 2421 1350 Dei
2457 1289 2767 1347 uoluntate
2802 1289 2984 1360 atque
3021 1291 3286 1348 omnium
3322 1292 3590 1350 nostrum
3623 1307 3753 1352 con-

2089 1395 2270 1439 sensu
2311 1381 2609 1449 ordinato,
2663 1378 2946 1449 quisquis
2973 1381 3112 1451 jam
3147 1381 3452 1452 episcopus
3496 1381 3757 1439 coluerit

2138 1470 2246 1538 eri,
2274 1469 2460 1542 foras
2477 1467 2606 1540 ﬁat
2633 1481 2864 1525 necesse
2893 1467 2998 1538 est,
3039 1481 3145 1524 nec
3174 1467 3352 1525 habet
3377 1469 3750 1528 eeoclesiasti-

2091 1571 2223 1615 eam
2239 1557 2698 1627 ordinationem,
2721 1557 2827 1629 qui
2846 1557 3123 1613 oecclesiee
3139 1571 3254 1614 non
3271 1558 3429 1614 tenet
3439 1558 3750 1616 unitatem.

2099 1646 2386 1717 Qu.squis
2404 1643 2509 1702 ille
2516 1645 2744 1716 fuerit,
2770 1645 3174 1713 licetmultum
3194 1646 3264 1702 de
3277 1660 3340 1702 se
3349 1647 3616 1718 jactans,
3635 1646 3756 1708 sibi

2091 1735 2422 1807 plurimum
2459 1733 2804 1803 oendicans,
2835 1734 3188 1806 propkanus
3226 1735 3330 1804 est,
3377 1736 3616 1794 alienus
3646 1737 3750 1794 est,

2080 1825 2250 1898 foris
2288 1823 2405 1891 est;
2429 1824 2488 1880 et
2519 1837 2648 1880 cum
2677 1823 2822 1894 post
2841 1823 3110 1894 primum
3147 1823 3441 1881 secundus
3482 1837 3605 1882 esse
3641 1838 3758 1882 non

2014 1933 2068 1993 Β
2087 1912 2300 1986 possit,
2335 1913 2618 1985 quisquis
2649 1913 2785 1983 post
2817 1926 3021 1976 unum,
3055 1913 3163 1984 qui
3199 1913 3362 1970 solus
3405 1911 3572 1969 debet
3610 1926 3753 1985 esse,

2081 2002 2296 2076 factus
2318 2001 2422 2070 est,
2455 2002 2594 2072 jam
2630 2014 2749 2057 non
2785 2000 3078 2058 secundus
3117 1999 3226 2057 ille
3261 2000 3368 2058 sed
3401 2001 3608 2060 nullus
3647 2002 3751 2060 est.

2097 2091 2229 2147 Haec
2259 2089 2441 2162 priori
2483 2089 2791 2146 sntentize
2833 2087 3002 2146 valde
3049 2089 3347 2146 contraria
3379 2090 3619 2162 scripsit
3649 2093 3758 2147 An-

2096 2177 2354 2236 shelmus
2377 2177 2716 2249 episcopus,
2743 2178 2832 2232 vir
2852 2177 3045 2234 literis
3069 2177 3332 2249 apprime
3361 2177 3650 2250 eruditus,
3675 2179 3758 2235 in-

2095 2266 2266 2338 genio
2319 2265 2724 2335 acutissimus,
2777 2265 3042 2322 facundia
3103 2266 3440 2338 precipuus,
3491 2271 3550 2322 et
3603 2265 3758 2338 quod

2097 2355 2368 2412 omnibus
2390 2354 2576 2425 majus
2595 2359 2704 2419 est,
2729 2354 2783 2410 in
2803 2354 2900 2410 Dci
2921 2353 3130 2410 timore
3150 2358 3211 2410 et
3229 2359 3428 2411 sancta
3451 2369 3761 2412 conversa-

2098 2443 2254 2500 tione
2281 2442 2803 2511 nominatissimus,
2825 2442 2970 2498 adeo
2993 2447 3057 2499 ut
3078 2446 3194 2499 tam
3214 2442 3268 2498 in
3287 2443 3408 2499 vita
3433 2457 3600 2515 quam
3627 2448 3756 2516 post

2099 2536 2347 2588 mortem
2373 2531 2667 2586 referatur
2689 2530 2988 2587 miraculis
3006 2531 3222 2588 clarus.
3245 2563 3314 2572 —
3334 2532 3434 2588 His
3455 2531 3528 2588 ita
3549 2532 3754 2603 gestis,

2103 2633 2312 2678 rursus
2336 2619 2489 2675 inter
2513 2619 2846 2676 Hcinricum
2876 2635 3070 2690 regem
3095 2619 3187 2652 “1°
3209 2624 3265 2676 et
3292 2619 3633 2678 Buodolium
3664 2635 3762 2692 ge-

2105 2710 2256 2766 ritur
2299 2707 2514 2765 bellum
2551 2709 2718 2780 juxta
2761 2707 2996 2765 ﬂuvium
3041 2707 3352 2766 Ellestram
3397 2709 3542 2778 (Oct.
3569 2710 3656 2781 15)
3701 2709 3758 2766 in

2106 2811 2220 2869 quo
2262 2795 2410 2852 idem
2452 2795 2775 2853 Buodoli‘us
2812 2796 3046 2866 cecidit,
3083 2796 3184 2853 sed
3219 2812 3248 2852 a
3282 2797 3406 2854 suis
3439 2797 3761 2868 Mersiburg

2105 2885 2274 2942 vivus
2303 2883 2394 2920 “’°
2423 2883 2677 2954 delatus,
2711 2889 2768 2940 et
2801 2884 2854 2940 in
2885 2885 3046 2941 brevi
3079 2884 3408 2956 defunctus,
3442 2883 3760 2942 honorifice

2108 2973 2322 3031 ibidem
2355 2977 2446 3030 est
2479 2971 2752 3029 humatus
2792 2970 2960 3046 (260).
3003 2974 3210 3029 Fertur
3234 2974 3308 2999 “‘
3333 2976 3548 3044 tamen,
3581 2973 3634 3029 in
3665 2987 3762 3030 ex-

2107 3061 2312 3118 tremis
2361 3060 2587 3132 positus
2620 3065 2679 3115 ct
2711 3059 2996 3116 abscisam
3048 3060 3319 3116 dextram
3370 3061 3636 3132 intuitus,
3689 3062 3759 3118 ad

2107 3149 2419 3222 episc0pos
2457 3147 2555 3220 qui
2597 3148 2748 3204 forte
2781 3149 3024 3205 aderant
3054 3148 3316 3218 graviter
3341 3149 3645 3221 suspirans
3679 3148 3762 3204 d1-

2108 3237 2266 3294 xisse
2293 3258 2304 3293 :
2331 3238 2482 3296 Ecce
2505 3235 2626 3294 huc
2647 3238 2736 3294 est
2753 3251 2987 3304 manus,
3010 3250 3134 3310 qua
3164 3237 3398 3294 domino
3423 3252 3549 3294 meo
3579 3239 3763 3295 Hein-

2105 3327 2232 3386 rieo
2250 3325 2423 3394 [idem
2439 3338 2746 3384 sacramen
2756 3325 2810 3381 to
2821 3327 3105 3396 ﬁrmavi;
3125 3338 3248 3383 ecce
3264 3339 3366 3395 ego
3372 3327 3508 3397 jam
3526 3325 3654 3396 ejus
3671 3322 3760 3360 ⁸⁵³⁸

2105 3429 2355 3486 regnum
2377 3415 2434 3471 et
2451 3415 2636 3472 vitam
2661 3414 3008 3487 derelinquo
3024 3414 3394 3487 presentem;
3417 3413 3626 3485 videte,
3653 3416 3763 3486 qui

2104 3516 2198 3560 me
2215 3502 2432 3562 solium
2454 3504 2583 3575 ejus
2603 3503 3258 3574 conscenderefecistis,
3279 3503 3352 3560 ut
3366 3501 3528 3560 recta
3548 3504 3652 3560 cia
3669 3516 3762 3560 me

2105 3592 2309 3651 castra
2335 3591 2561 3649 monita
2595 3591 2934 3662 sequentem
2963 3591 3312 3650 duxissetis.
3345 3622 3415 3632 —
3439 3592 3556 3648 Hoc
3584 3591 3758 3648 etiam

2108 3678 2312 3753 prmlio
2335 3694 2406 3736 ex
2431 3683 2599 3751 parte
2621 3677 2778 3748 regis
2801 3679 3053 3735 Heinrici
3085 3681 3337 3752 Batpoto
3366 3695 3561 3740 comes
3583 3679 3755 3754 (261),

2107 3767 2228 3838 regi
2263 3767 2413 3824 satis
2445 3765 2616 3832 ﬁdus,
2659 3765 2901 3825 interiit.

2247 3873 2271 3896 "
2299 3871 2480 3942 Hujus
2508 3870 2730 3927 decreti
2751 3902 2820 3912 —
2843 3870 3143 3928 miraculis
3169 3870 3364 3929 clarus
3389 3869 3606 3930 desunt
3624 3874 3683 3930 C.

2245 3959 2294 3983 **
2325 3957 2657 4015 Predictum
2687 3959 2748 4014 D.
2785 3959 2845 4014 E.

2245 4055 2318 4080 “"
2346 4056 2554 4112 Fertur
2571 4085 2641 4096 —
2663 4054 2988 4112 duxissetis
3013 4055 3229 4116 desunt
3253 4057 3312 4115 C.
3346 4057 3409 4114 D.
3441 4058 3506 4114 E.

2175 4165 2262 4218 25.
2316 4163 2382 4218 A.
2435 4163 2497 4218 D.
2553 4165 2708 4219 1081.
2759 4164 2781 4184 '
2830 4163 2950 4218 Rex
2997 4163 3306 4221 lleinricus
3349 4164 3575 4223 Italiam
3624 4181 3754 4223 cum

2105 4249 2368 4307 exercitu
2421 4249 2588 4322 petit,
2641 4251 2996 4322 Romamque
3057 4252 3404 4324 perveniens
3455 4253 3510 4310 in
3558 4253 3754 4323 vigilia

2107 4341 2482 4412 pentecostes
2523 4337 2677 4406 (Mai
2717 4341 2830 4410 22),
2873 4339 3192 4397 resistente
3235 4340 3348 4397 sibi
3388 4340 3753 4398 Hiltibrando

2106 4440 2254 4500 papa
2302 4441 2433 4484 cum
2483 4426 2772 4497 Romanis,
2821 4433 2954 4484 ante
2999 4429 3309 4488 castellum
3361 4429 3548 4487 sancti
3595 4430 3751 4487 Petri

2105 4517 2298 4572 castra
2339 4515 2564 4588 posuit;
2604 4515 2699 4573 ubi
2741 4515 2914 4573 etiam
2957 4517 3186 4574 crebris
3218 4532 3320 4590 per
3349 4517 3639 4576 biennium
3671 4518 3752 4575 in-

2104 4603 2376 4661 cursibus
2406 4604 2760 4662 urbanorum
2794 4605 3129 4676 infestatus,
3166 4620 3341 4678 parva
3375 4621 3544 4664 manu
3572 4606 3748 4664 multa

336 4695 489 4752 Kal.
525 4695 706 4764 Julii,
721 4697 901 4768 feria
929 4702 961 4754 ὕ
991 4697 1200 4756 indict.
1237 4698 1442 4756 tercia.
1476 4728 1547 4738 -—
1577 4695 1825 4769 Scripsit
1855 4701 1987 4769 post
2020 4689 2074 4717 υ
2102 4689 2354 4748 viriliter
2385 4692 2630 4764 peregit.
2665 4693 2712 4716 "
2738 4723 2808 4732 —
2835 4693 3245 4750 Monasterium
3273 4694 3751 4764 Babenbergense

341 4781 464 4839 haec
503 4783 851 4841 Anshelmus
891 4785 1170 4842 Lucensis
1211 4785 1524 4856 episcopus
1563 4784 1874 4857 epistolam
1916 4785 1989 4842 ad

339 4869 585 4927 eundem
607 4872 656 4896 "
675 4872 1058 4943 Wigpertum,
1083 4873 1140 4928 in
1163 4887 1272 4944 qua
1301 4872 1463 4928 illum
1493 4873 1986 4944 prevaricatorem

339 4970 406 5012 ac
433 4959 748 5029 superbum
778 4959 1168 5030 cognominat,
1213 4959 1366 5017 inter
1416 4961 1526 5018 alia
1571 4961 1940 5020 subinferens
1971 4978 1983 5014 :

344 5045 422 5102 Ut
457 5057 595 5116 ergo
645 5046 715 5103 de
761 5046 926 5103 beato
971 5043 1258 5117 Gregorio
1297 5049 1477 5121 patre
1520 5052 1719 5109 nostro
1766 5050 1983 5120 dicam,

2102 4783 2399 4838 crematur
2430 4780 2486 4836 in
2517 4780 2732 4850 vigiliis
2765 4781 2992 4853 paschae
3025 4782 3186 4854 (Apr.
3213 4782 3287 4854 3).
3315 4813 3387 4824 —
3414 4784 3671 4840 Saxones
3691 4788 3751 4839 et

2101 4868 2400 4926 Alamanni
2443 4867 2512 4926 ad
2555 4868 2909 4941 colloquium
2961 4871 3262 4928 venientes
3311 4870 3368 4928 in
3409 4869 3748 4928 orientalem

2101 4955 2419 5028 Franciam,
2445 4970 2556 5014 non
2582 4955 2707 5014 sine
2733 4969 2936 5027 magna
2959 4954 3126 5014 clade
3147 4957 3408 5029 ejusdem
3437 4957 3748 5032 provincias

2099 5044 2424 5103 redierunt.
2472 5076 2542 5088 —
2592 5043 2813 5102 Bellum
2861 5045 2918 5102 in
2963 5046 3236 5104 orientali
3288 5047 3550 5119 Bajoaria
3597 5047 3749 5104 inter

1698 5139 1936 5197 VARLE
1981 5134 2381 5193 LECTIONES.

413 5201 501 5236 "1'
532 5209 808 5261 constare
857 5205 920 5259 Α.
1001 5202 1091 5238 ¹⁵¹⁶
1121 5211 1180 5264 et
1231 5209 1292 5264 Α.
1374 5207 1468 5242 ⁸⁵³⁷
1500 5209 1660 5270 deest
1709 5213 1774 5268 A.
1857 5208 1945 5242 ¹⁸¹⁸
1991 5205 2155 5265 deest
2197 5206 2260 5261 Α.
2343 5203 2434 5239 ιω
2483 5203 2646 5262 deest
2690 5206 2754 5260 Α.
2838 5202 2929 5236 ¹³²⁰
2975 5204 3143 5262 cunis
3191 5205 3268 5262 ib.
3348 5204 3434 5239 1'“
3477 5220 3523 5262 r.
3576 5218 3627 5262 θ.
3681 5207 3744 5261 Α.

1924 5292 2126 5352 NOTAE
2139 5332 2158 5351 .

411 5378 561 5450 (258)
605 5379 701 5450 01.
730 5377 921 5437 locum
950 5381 1007 5440 in
1034 5383 1237 5442 eodem
1275 5384 1405 5443 cod.
1446 5385 1670 5445 editum
1701 5387 1846 5444 Mon.
1891 5385 1986 5443 SS.

341 5448 434 5522 Ill,
471 5448 655 5522 p.33,
692 5449 728 5504 ι.
764 5465 954 5508 xnvm.

411 5491 996 5661 {sibg’iité'giﬁiﬁi'k
1032 5526 1178 5607 Man.
1213 5526 1383 5607 Legg.
1418 5528 1485 5598 11,
1520 5543 1574 5599 p.
1609 5533 1704 5584 51.

435 5594 541 5646 260
593 5592 668 5646 De
697 5593 967 5661 sepulcro
994 5610 1121 5661 ejus
1148 5598 1225 5652 lbi
1254 5603 1524 5654 exstante
1547 5614 1598 5653 v.
1627 5599 1704 5654 De

435 5592 562 5672 2110)
593 5592 668 5646 De
697 5593 1121 5672 sepulc-ro‘ejus
1148 5596 1225 5652 ibi
1254 5592 1598 5672 cnstante'v.
1627 5599 1864 5656 Dethier
1885 5613 1976 5672 ap.

342 5658 727 5744 forste'mann.
767 5658 1208 5744 blittheilungen
1254 5669 1296 5737 1,
1343 5672 1398 5740 2,
1443 5684 1495 5740 p.
1545 5672 1614 5726 22
1646 5684 1775 5744 sqq.
1825 5658 1982 5729 Hanc

342 5727 516 5804 habet
551 5731 988 5804 inscriptionem
1017 5755 1030 5788 :

412 5800 546 5858 Rea:
565 5799 674 5858 hoc
691 5799 1062 5878 Eodulpbus,
1081 5806 1327 5878 patrum
1335 5822 1452 5882 pro
1484 5811 1608 5882 lege
1628 5815 1986 5889 peremptus.

2172 5378 2529 5452 morandus
2542 5380 2774 5452 merito,
2805 5380 3082 5452 conditur
3110 5379 3180 5438 in
3207 5380 3452 5450 tinnula,

2099 5451 2231 5524 Reg:
2255 5449 2633 5524 illisimilis,
2652 5453 2721 5524 si
2749 5449 2959 5522 regnet
2979 5449 3239 5524 tempore
3265 5449 3464 5524 pacis,

2173 5519 2456 5596 Consilio,
2481 5519 2717 5596 gladio,
2741 5519 2862 5596 non
2876 5523 3020 5596 fuit
3044 5519 3367 5596 a‘Karo’lo.

2103 5591 2448 5664 Quaoicere
2470 5591 2588 5660 sui,
2617 5591 2753 5650 ruit
2775 5591 2894 5663 hic;
2925 5607 3097 5652 sacra
3124 5593 3372 5652 victima
3399 5591 3575 5664 belli;

2167 5662 2332 5722 Mors
2357 5661 2478 5722 sibi
2504 5665 2632 5722 vita
2645 5666 2803 5738 fuit,
2839 5661 3096 5724 eCclesice
3124 5664 3364 5723 cecidit.

2097 5749 2320 5894 Ρ.
2353 5751 2434 5809 Cf.
2471 5751 2675 5811 Moritz
2706 5755 2770 5810 N.
2801 5754 2948 5812 Hist.
2981 5752 3165 5812 Abhh.
3196 5751 3251 5812 d.
3283 5752 3433 5812 Bair.
3467 5752 3646 5813 Acad.
3677 5751 3739 5808 ν.
