3948 6476
485 340 590 396 203

984 335 1039 391 S.
1101 334 1454 391 BRUNONIS
1514 333 2155 390 CARTHUSIANORUM
2213 333 2700 389 INSTITUTORIS
2758 333 2908 388 OPP.
2969 332 3143 388 PARS
3202 333 3270 386 II.

3674 335 3777 389 2M

495 482 518 512 α
555 460 700 532 quod
734 466 853 514 sum
888 477 900 513 :
933 468 985 514 et
1013 460 1186 532 gratia
1239 461 1354 529 ejus
1403 460 1456 513 in
1505 476 1592 513 me
1623 474 1796 515 vacua
1823 474 1930 514 non
1965 457 2079 525 fuit,
2102 460 2157 518 Α
2192 479 2212 508 α
2248 466 2427 513 autem
2459 459 2812 513 terrestrium.
2846 458 2961 512 Alia
2993 457 3212 512 claritas
3241 456 3390 524 solis,
3422 456 3527 510 alia
3557 456 3775 511 claritas

494 569 516 598 ι
551 549 649 603 sed
696 549 1059 603 abundantius
1092 549 1200 602 illis
1249 548 1497 603 omnibus
1529 548 1792 603 laboravi.
1825 549 1948 602 Non
1977 563 2081 617 ego

489 658 512 688 ε
548 645 747 702 autem,
783 637 878 691 sed
901 637 1072 707 gratia
1103 636 1202 690 Dei
1232 652 1464 692 mecum.
1498 637 1622 690 Sive
1653 636 1796 690 enim
1817 651 1940 708 ego,
1966 637 2081 690 sive

495 748 518 772 α
553 725 650 794 illi,
699 725 777 781 sic
820 725 1255 795 praadicavimus,
1299 733 1353 779 et
1403 725 1483 780 sic
1531 725 1859 779 credidistis.
1893 724 1948 778 Si
1977 740 2077 778 au-

490 836 512 859 α
549 821 657 868 tem
687 812 933 868 Christus
961 813 1306 884 prmdicatur,
1358 813 1501 884 quod
1542 812 1835 868 resurrexit
1863 828 1896 866 a
1924 829 2077 866 mor-

487 924 509 948 a
547 901 670 966 tuis,
703 901 974 973 quomodo
1022 901 1243 972 quidam
1292 901 1479 957 dicunt
1524 899 1580 954 in
1621 901 1778 956 vobis
1825 901 2076 972 quoniam

487 1012 509 1036 «ι
549 990 877 1045 resurrectio
905 998 1245 1044 mortuorum
1298 1005 1406 1044 non
1455 996 1555 1054 est,
1605 1005 1781 1060 neque
1831 989 2076 1044 Christus

489 1098 512 1128 ι
549 1078 862 1133 resurrexit.
951 1077 1006 1132 Si
1060 1086 1240 1133 autem
1297 1077 1538 1132 Christus
1596 1094 1703 1132 non
1754 1077 2071 1141 resurrexit,

487 1188 508 1211 α
546 1165 724 1221 inanis
779 1175 861 1221 est
915 1166 1229 1236 praedicatio
1285 1175 1492 1230 nostra,
1540 1166 1715 1220 inanis
1746 1175 1828 1220 est
1859 1174 1911 1220 et
1941 1165 2074 1219 ﬁdes

486 1279 509 1303 ε
543 1262 742 1309 vestra.
803 1255 1111 1310 Invenimur
1137 1263 1317 1309 autem
1349 1263 1400 1309 et
1431 1254 1552 1309 falsi
1602 1263 1766 1308 testes
1796 1254 1914 1319 Dei,
1942 1269 2074 1324 quo-

488 1365 510 1390 α
544 1343 688 1397 niam
735 1342 1098 1397 testimonium
1146 1343 1377 1396 diximus
1407 1343 1670 1397 adversus
1699 1344 1892 1409 Deum,
1929 1342 2072 1412 quod

488 1451 510 1482 ι
547 1431 891 1486 suscitaverit
931 1431 1221 1496 Christum,
1272 1447 1433 1501 quem
1484 1448 1592 1485 non
1644 1430 1969 1497 suscitavit,
2027 1429 2073 1484 si

483 1542 505 1566 «
540 1519 740 1574 mortui
772 1535 879 1574 non
913 1527 1225 1588 resurgunt.
1260 1520 1399 1573 Nam
1434 1518 1481 1573 si
1510 1519 1705 1573 mortui
1735 1535 1844 1573 non
1882 1534 2071 1572 resur-

482 1627 505 1657 ι
541 1614 694 1678 gunt,
729 1623 907 1678 neque
939 1607 1187 1661 Christus
1216 1607 1534 1661 resurrexit.
1583 1606 1718 1675 Quia
1751 1606 1796 1660 si
1824 1606 2070 1660 Christus

482 1718 503 1743 ιι
542 1711 652 1749 non
680 1694 994 1760 resurrexit,
1031 1711 1163 1750 vana
1195 1703 1276 1749 est
1306 1694 1442 1749 ﬁdes
1473 1703 1672 1750 vestra.
1707 1694 1896 1749 Adhuc
1924 1695 2068 1748 enim

479 1806 502 1830 α
541 1783 671 1837 estis
701 1783 756 1836 in
785 1783 1024 1853 peccatis
1055 1783 1272 1838 vestris.
1305 1783 1456 1855 Ergo
1500 1793 1551 1838 et
1603 1783 1694 1855 qui
1732 1783 2068 1837 dormierunt

481 1891 504 1921 ι
538 1870 592 1924 in
626 1870 862 1937 Christo,
916 1871 1213 1940 perierunt.
1266 1871 1322 1925 Si
1363 1870 1418 1924 in
1465 1871 1567 1926 hac
1606 1871 1711 1926 vita
1759 1878 1966 1924 tantum
2013 1870 2068 1924 in

480 1981 502 2006 α
539 1958 754 2014 Christo
805 1966 1087 2028 sperantes
1143 1975 1349 2025 sumus,
1411 1959 1835 2014 miserabiliores
1883 1975 2069 2013 sumus

478 2070 500 2094 ιι
537 2046 788 2102 omnibus
817 2047 1143 2101 hominibus.
1193 2048 1348 2102 Nunc
1394 2055 1573 2101 autem
1603 2047 1848 2101 Christus
1880 2063 2066 2101 resur-

478 2158 500 2182 ιι
540 2134 680 2190 rexit
708 2151 738 2188 a
789 2135 1014 2189 mortuis
1061 2135 1312 2205 primitiae
1358 2135 1762 2200 dormientium,
1814 2135 2066 2205 quoniam

484 2240 505 2272 ι
534 2223 754 2294 quidem
784 2239 884 2294 per
912 2223 1187 2278 hominem
1217 2239 1387 2289 mors,
1440 2232 1493 2278 et
1519 2240 1619 2294 per
1670 2223 1942 2278 hominem
1975 2239 2065 2278 re-

477 2331 500 2361 ι
537 2312 800 2367 surrectio
844 2319 1198 2367 mortuorum.
1246 2313 1313 2366 Et
1381 2311 1517 2366 sicut
1554 2312 1610 2365 in
1657 2311 1829 2365 Adam
1876 2327 2066 2366 omnes

476 2419 500 2449 α
532 2399 854 2465 moriuntur,
906 2399 982 2454 ita
1022 2399 1078 2454 in
1119 2399 1334 2455 Christo
1392 2415 1582 2454 omnes
1628 2399 2064 2455 viviﬁcabuntur.

475 2508 497 2537 α
532 2487 915 2558 Unusquisque
989 2496 1171 2542 autem
1225 2488 1278 2541 in
1355 2502 1451 2542 suo
1508 2487 1720 2555 ordine,
1811 2487 2065 2558 primitize

476 2597 498 2622 α
532 2575 776 2630 Christus
811 2591 822 2629 :
857 2575 1054 2631 deinde
1085 2576 1140 2629 bi
1171 2575 1262 2647 qui
1293 2584 1418 2630 sunt
1447 2575 1665 2641 Christi,
1706 2575 1798 2647 qui
1856 2576 1909 2629 in
1965 2575 2062 2630 ad—

471 2683 494 2713 α
530 2671 693 2719 ventu
725 2664 841 2732 ejus
870 2664 1238 2720 crediderunt.
1274 2663 1481 2719 Deinde
1527 2662 1669 2733 finis,
1717 2679 1842 2718 cum
1889 2663 2060 2718 tradi-

469 2775 490 2800 ιι
527 2751 663 2806 derit
693 2768 921 2823 regnum
948 2753 1063 2806 Deo
1093 2760 1145 2806 et
1178 2752 1338 2817 Patri,
1395 2767 1519 2808 cum
1549 2751 1890 2808 evacuaverit
1937 2767 2060 2805 om-

466 2860 490 2890 ι
525 2855 651 2894 nem
707 2839 1091 2910 principatum,
1143 2847 1196 2895 et
1253 2848 1597 2910 potestatem,
1660 2847 1712 2894 et
1768 2839 2049 2894 virtutem.

469 2949 492 2975 ιι
527 2926 753 2997 Oportet
781 2936 960 2982 autem
990 2928 1141 2982 illum
1171 2944 1427 3000 regnare,
1469 2928 1644 2983 donec
1675 2933 1842 2998 ponat
1869 2943 2059 2982 omnes

467 3036 490 3065 α
524 3015 772 3070 inimicos
804 3016 903 3069 sub
934 3015 1164 3085 pedibus
1221 3016 1340 3084 ejus
1371 3017 1547 3084 (Psal.
1581 3030 1694 3082 Ctx,
1748 3017 1822 3084 1).
1854 3015 2057 3070 Novis-

469 3123 492 3152 ι
527 3102 663 3156 sime
692 3109 872 3157 autem
901 3102 1119 3159 inimica
1147 3103 1454 3158 destruetur
1482 3118 1652 3158 mors.
1687 3102 1880 3158 Omnia
1910 3102 2053 3158 enim

469 3213 492 3238 α
529 3189 757 3258 subjecit
783 3190 883 3244 sub
913 3191 1144 3260 pedibus
1181 3192 1297 3260 ejus
1328 3192 1503 3262 (Psal.
1537 3207 1652 3255 vni,
1686 3190 1760 3260 8).
1793 3192 1927 3245 Cum
1957 3206 2052 3246 au-

471 3300 492 3327 α
531 3286 639 3333 tem
695 3277 881 3333 dicat:
944 3278 1142 3333 Omnia
1199 3279 1437 3348 subjecta
1465 3286 1588 3334 sunt
1610 3279 1678 3346 ei,
1728 3278 1844 3333 sine
1890 3279 2053 3334 dubio

468 3387 491 3418 α
525 3373 728 3437 praeter
769 3381 893 3420 eum
938 3367 1030 3438 qui
1069 3366 1299 3436 subjecit
1346 3367 1396 3422 ei
1441 3367 1641 3422 omnia.
1692 3369 1825 3422 Cum
1871 3375 2051 3422 autem

465 3474 488 3505 ι
523 3454 684 3526 [Nam
714 3453 856 3517 cum]
886 3454 1131 3523 subjecta
1186 3454 1385 3510 fuerint
1411 3455 1487 3508 illi
1516 3455 1717 3520 omnia,
1777 3463 1905 3511 tunc
1933 3455 2051 3526 ipse

467 3564 489 3592 ι
524 3541 665 3597 ﬁlius
696 3542 971 3611 subjectus
1019 3543 1120 3597 erit
1174 3543 1252 3596 illi
1289 3543 1381 3614 qui
1433 3542 1660 3613 subjecit
1707 3542 1810 3597 sibi
1847 3543 2046 3610 omnia,

465 3652 488 3682 ut
524 3639 582 3685 ut
610 3630 679 3684 sit
705 3630 852 3686 Deus
883 3631 1064 3685 omnia
1094 3631 1148 3684 in
1200 3631 1472 3686 omnibus.
1521 3631 1777 3702 Alioquin
1807 3631 1936 3702 quid
1968 3631 2050 3686 fa-

462 3739 486 3770 ι
520 3718 680 3786 cient,
715 3719 806 3790 qui
854 3719 1193 3788 baptizantur
1247 3735 1346 3790 pro
1403 3719 1681 3774 mortuis?
1739 3719 1795 3776 Si
1824 3719 2047 3775 omnino

465 3830 486 3854 ιι
521 3806 720 3862 mortui
773 3822 882 3862 non
939 3815 1248 3879 resurgunt,
1308 3815 1364 3862 ut
1419 3807 1548 3878 quid
1606 3816 1660 3862 et
1709 3808 2049 3878 baptizantur

463 3914 486 3946 α
519 3909 621 3965 pro
649 3893 802 3948 illis?
831 3895 898 3949 Ut
922 3895 1052 3965 quid
1082 3903 1134 3949 et
1163 3911 1263 3950 nos
1293 3895 1668 3966 periclitamur
1689 3897 1836 3952 omni
1865 3897 2047 3951 hora?

463 3981 774 4050 «Quotidie
829 3981 1033 4037 morior
1087 3991 1313 4053 propter
1374 3991 1608 4038 vestram
1659 3984 1888 4055 gloriam
1928 3984 2046 4056 [pro

459 4091 483 4119 ι
517 4077 702 4125 vestra
731 4069 950 4142 gloria],
983 4069 1198 4137 fratres,
1231 4087 1391 4141 quam
1426 4072 1601 4126 habeo
1633 4072 1688 4126 in
1709 4072 1920 4127 Christo
1949 4073 2045 4127 Je-

462 4180 483 4205 ιι
520 4174 583 4211 su
613 4157 845 4212 Domino
873 4166 1077 4212 nostro.
1115 4159 1169 4213 Si
1200 4160 1495 4214 secundum
1525 4160 1800 4215 hominem
1831 4160 1901 4214 ad
1943 4160 2044 4215 be-

460 4266 483 4296 (
519 4246 652 4300 stias
680 4246 920 4316 pugnavi
950 4247 1171 4316 Ephesi,
1202 4247 1330 4317 quid
1360 4248 1490 4302 mihi
1520 4249 1745 4318 prodest
1774 4249 1820 4302 si
1849 4248 2044 4302 mortui

461 4355 483 4381 «
519 4349 628 4388 non
657 4342 954 4406 resurgunt
983 4335 1011 4388 ?
1047 4335 1437 4391 Manducemus
1493 4345 1545 4391 et
1603 4337 1871 4400 bibamus,
1921 4351 2044 4392 cras

457 4442 481 4472 α
517 4422 662 4477 enim
690 4423 986 4477 moriemur
1014 4424 1164 4495 (Sap.
1199 4439 1258 4491 Il,
1291 4427 1357 4492 6;
1392 4425 1494 4479 [δα.
1535 4439 1674 4489 xxii,
1719 4427 1828 4494 13).
1864 4423 2043 4478 Nolite

2184 569 2206 593 α
2242 547 2402 611 lunae,
2439 555 2491 602 et
2511 547 2618 602 alia
2634 547 2854 602 claritas
2878 547 3178 601 stellarum.
3203 545 3365 600 Stella
3389 545 3530 600 enim
3559 563 3588 598 a
3621 544 3777 598 stella

2185 656 2207 686 α
2241 635 2419 690 differt
2449 636 2503 689 in
2532 635 2778 692 claritate
2813 650 2824 688 :
2859 636 2938 690 sic
2969 642 3021 690 et
3052 635 3382 689 resurrectio
3412 642 3769 689 mortuorum.

2185 744 2207 773 ι
2245 724 2555 778 Seminatur
2611 725 2667 778 in
2710 724 3071 794 corruptione,
3106 731 3294 795 surget
3323 722 3379 777 in
3407 723 3772 792 incorruptio-

2183 834 2203 858 ιι
2240 828 2326 867 ne.
2363 813 2667 867 Seminatur
2704 813 2758 866 in
2806 812 3164 884 ignobilitate,
3225 819 3414 884 surget
3461 811 3517 864 in
3562 811 3763 883 gloria.

2184 919 2202 951 ι
2241 900 2549 955 Seminatur
2579 901 2633 954 in
2665 900 2995 966 inﬁrmitate,
3032 908 3220 972 surget
3267 899 3321 954 in
3355 900 3565 954 virtute.
3600 898 3774 953 Semi-

2181 1009 2204 1038 α
2240 997 2400 1042 natur
2439 988 2670 1045 145
2704 1005 2901 1060 corpus
2930 989 3183 1055 animale,
3216 995 3403 1060 surget
3421 1003 3621 1057 corpus
3653 987 3769 1056 spi-

2181 1099 2201 1123 ιι
2237 1076 2452 1131 rituale.
2493 1077 2548 1131 Si
2581 1085 2662 1132 est
2690 1093 2884 1148 corpus
2935 1077 3191 1145 animale,
3243 1086 3325 1131 est
3371 1085 3423 1131 et
3466 1075 3767 1146 spirituale,

2181 1187 2202 1215 ι
2240 1165 2377 1220 sicut
2415 1165 2675 1236 scriptum
2715 1175 2794 1220 est
2828 1183 2840 1222 :
2886 1167 3122 1221 «Factus
3170 1166 3374 1236 primus
3398 1166 3559 1219 homo
3592 1165 3766 1218 Adam

2180 1275 2201 1302 ι
2235 1253 2288 1306 in
2345 1255 2578 1308 animam
2628 1254 2899 1309 viventem
2948 1255 3167 1323 (Ge-nes.
3198 1269 3256 1318 ιι,
3291 1256 3345 1322 ’7)
3385 1277 3406 1301 »
3440 1253 3767 1308 novissimus

2179 1362 2201 1390 α
2239 1342 2413 1396 Adam
2461 1342 2514 1396 in
2561 1342 2807 1412 spiritum
2841 1342 3223 1398 viviﬁcantem.
3270 1341 3376 1395 Sed
3433 1357 3541 1396 non
3609 1341 3763 1410 prius

2179 1451 2200 1480 α
2240 1430 2385 1501 quod
2416 1431 2696 1500 spirituale
2728 1439 2828 1495 est,
2864 1432 2959 1484 sed
2991 1432 3135 1502 quod
3167 1429 3400 1484 animale
3431 1438 3532 1493 est,
3565 1429 3765 1484 deinde

2177 1541 2197 1564 α
2236 1519 2381 1589 quod
2411 1519 2692 1589 spirituale
2723 1528 2822 1574 est.
2857 1519 3068 1573 Primus
3120 1520 3284 1577 homo
3314 1519 3383 1573 de
3414 1527 3554 1572 terra
3585 1526 3764 1572 terre-

2178 1628 2198 1654 α
2234 1623 2380 1661 nus:
2439 1607 2710 1661 secundus
2740 1608 2903 1661 homo
2959 1607 3028 1661 de
3085 1607 3226 1662 cmlo
3276 1607 3533 1662 cmlestis.
3569 1605 3759 1673 Qualis

2173 1718 2195 1742 α
2231 1703 2499 1761 terrenus,
2536 1696 2670 1750 tales
2701 1704 2752 1750 et
2812 1695 3014 1750 terreni
3049 1714 3063 1761 ;
3097 1704 3150 1749 et
3179 1695 3350 1766 qualis
3394 1695 3653 1762 ccelestis,
3685 1702 3765 1747 ta-

2088 1811 2140 1871 B
2174 1804 2196 1833 ι
2231 1782 2312 1837 les
2343 1792 2393 1837 et
2425 1783 2696 1838 caelestes.
2730 1783 2898 1854 Igitur
2929 1784 3065 1838 sicut
3088 1783 3425 1853 portavimus
3465 1782 3760 1854 imaginem

2176 1892 2198 1921 α
2234 1871 2458 1936 terreni,
2493 1880 2775 1942 portemus
2818 1880 2868 1926 et
2898 1871 3190 1942 imaginem
3225 1871 3481 1926 caelestis.
3517 1871 3631 1925 Hoc
3661 1886 3762 1924 au-

2174 1981 2195 2009 ι
2230 1968 2339 2014 tem
2369 1959 2512 2025 dico,
2546 1959 2755 2025 fratres,
2792 1959 3048 2030 quoniam
3066 1975 3196 2014 caro
3218 1968 3267 2014 et
3286 1959 3508 2029 sanguis
3531 1974 3759 2028 regnum

2171 2068 2194 2097 α
2232 2047 2329 2101 Dei
2358 2047 2643 2118 possidere
2674 2064 2784 2102 non
2839 2055 3083 2117 possunt,
3143 2063 3320 2118 neque
3361 2047 3639 2116 corruptio
3671 2045 3759 2099 in-

2171 2157 2192 2186 α
2231 2135 2598 2206 corruptelam
2647 2135 2964 2206 possidebit.
3034 2137 3176 2191 Ecce
3234 2135 3552 2206 mysterium
3603 2134 3760 2190 vobis

2171 2243 2193 2273 ι
2228 2223 2350 2278 dico
2384 2238 2396 2276 :
2433 2223 2637 2278 Omnes
2669 2223 2892 2294 quidem
2916 2240 3291 2296 resurgemus,
3316 2224 3414 2278 sed
3434 2238 3542 2278 non
3565 2238 3758 2278 omnes

2173 2331 2192 2358 α
2230 2310 2656 2365 immutabimur.
2689 2312 2748 2364 In
2796 2320 3092 2379 momento,
3125 2311 3180 2365 in
3210 2311 3317 2366 ictu
3367 2310 3532 2375 oculi,
3566 2310 3620 2364 in
3650 2325 3756 2364 no-

2170 2422 2191 2445 α
2227 2398 2447 2453 vissima
2480 2399 2644 2454 tuba:
2679 2407 2834 2455 canet
2864 2400 3008 2453 enim
3056 2399 3201 2465 tuba,
3251 2407 3303 2454 et
3341 2399 3535 2454 mortui
3567 2415 3755 2452 resur-

2169 2508 2190 2537 α
2227 2495 2356 2559 gent
2412 2487 2732 2557 incorrupti,
2789 2495 2842 2543 et
2899 2503 3000 2542 nos
3056 2487 3483 2542 immutabimur.
3529 2486 3756 2557 Oportet

2168 2593 2189 2617 ‹‹
2226 2569 2368 2624 enim
2425 2571 2775 2640 corruptibile
2822 2571 2926 2626 hoc
2984 2571 3206 2625 induere
3264 2569 3752 2640 incorruptionem,

2166 2677 2193 2709 α
2223 2665 2274 2714 et
2301 2659 2527 2713 mortale
2555 2660 2659 2714 hoc
2687 2659 2909 2714 induere
2955 2659 3431 2713 immortalitatem.
3485 2659 3620 2712 Cum
3650 2673 3753 2713 au-

2166 2769 2187 2793 ι·
2225 2753 2333 2801 tem
2375 2747 2604 2802 mortale
2655 2748 2756 2802 hoc
2795 2747 3032 2802 induerit
3078 2746 3559 2812 immortalitatem,
3623 2755 3753 2802 tunc

2167 2856 2187 2883 α
2224 2834 2314 2889 fiet
2346 2851 2524 2890 sermo
2555 2835 2644 2906 qui
2676 2835 2912 2905 scriptus
2960 2843 3089 2915 est_:
3128 2857 3148 2886 ι
3185 2836 3458 2906 Absorpta
3489 2843 3571 2889 est
3600 2851 3753 2890 mors

2165 2944 2186 2974 ι
2222 2923 2278 2976 in
2303 2923 2527 2978 victoria
2549 2923 2693 2991 (Ose.
2727 2938 2850 2990 xm,
2888 2924 2996 2994 14).
3030 2945 3056 2976 ι
3089 2923 3192 2979 Ubi
3211 2932 3312 2988 est,
3333 2939 3500 2989 mors,
3524 2923 3751 2979 victoria

2164 3031 2187 3062 ι
2221 3018 2310 3064 tua
2333 3010 2360 3064 ?
2389 3011 2490 3066 Ubi
2522 3019 2623 3077 est,
2656 3026 2828 3076 mors,
2863 3010 3112 3065 stimulus
3142 3019 3265 3065 tuus
3285 3011 3312 3065 ‘P
3344 3011 3604 3067 Stimulus
3648 3027 3750 3066 au-

2165 3121 2188 3147 ιι
2222 3107 2327 3152 tem
2359 3099 2546 3154 mortis
2576 3107 2854 3169 peccatum
2887 3106 2986 3166 est,
3021 3098 3187 3154 virtus
3218 3116 3350 3154 vero
3379 3100 3586 3170 peccati
3625 3099 3740 3154 lex.

2159 3210 2180 3234 α
2216 3188 2330 3241 Deo
2361 3196 2540 3241 autem
2573 3186 2792 3259 gratias,
2826 3187 2917 3257 qui
2948 3187 3096 3241 dedit
3126 3188 3283 3242 nobis
3312 3188 3613 3255 victoriam,
3646 3205 3751 3259 per

2158 3297 2179 3322 α
2214 3275 2505 3330 Dominum
2535 3283 2778 3330 nostrum
2807 3277 2990 3330 Jesum
3021 3276 3290 3330 Christum
3321 3277 3372 3345 (I
3395 3279 3555 3332 Joan.
3583 3291 3639 3346 v,
3665 3276 3744 3346 5).

2157 3383 2179 3413 α
2214 3363 2420 3434 Itaque,
2451 3363 2645 3418 fratres
2694 3363 2801 3418 mei
2830 3363 3032 3429 dilecti,
3067 3363 3286 3419 stabiles
3333 3371 3504 3419 estote
3561 3372 3612 3418 et
3643 3363 3748 3418 im-

2157 3471 2179 3501 α
2213 3451 2441 3506 mobiles
2474 3469 2486 3505 :
2520 3452 2856 3507 abundantes
2887 3451 2943 3505 in
2973 3452 3120 3506 omni
3149 3468 3314 3522 opere
3339 3451 3571 3518 Domini,
3597 3468 3748 3506 sem-

2157 3562 2179 3586 -
2210 3555 2311 3610 per
2339 3540 2573 3595 scientes
2604 3540 2750 3612 quod
2804 3540 2962 3595 labor
3004 3547 3188 3596 vester
3231 3555 3339 3595 non
3371 3549 3453 3596 est
3480 3540 3656 3595 inanis
3686 3541 3743 3596 in

2155 3650 2175 3674 ιι
2211 3628 2465 3684 Domino.
2501 3653 2525 3676 ι

2792 3836 3104 3880 ΕΧΡΟΒῙΤῙΟ.

2219 3988 2508 4059 Postquam
2541 3988 2724 4044 docuit
2754 4005 2848 4045 eos
2878 3990 2946 4046 de
2977 3991 3265 4061 baptismo,
3317 3991 3384 4046 de
3413 4007 3645 4064 corpore
3683 4004 3740 4051 et

2146 4077 2412 4148 sanguine
2459 4077 2674 4131 Domini
2719 4086 2770 4132 et
2826 4079 2893 4133 de
2937 4079 3096 4133 donis
3146 4079 3376 4149 Spiritus
3419 4083 3612 4150 sancti,
3667 4084 3740 4139 ad

2145 4163 2390 4217 ultimum
2422 4164 2636 4219 instruit
2668 4181 2765 4220 eos
2803 4167 2872 4221 de
2924 4168 3320 4223 resurrectione
3376 4179 3735 4242 mortuorum,

2145 4267 2309 4322 quam
2338 4252 2532 4322 partim
2577 4253 2892 4320 credebant,
2942 4255 3137 4325 partim
3186 4257 3475 4328 negabant.
3525 4259 3738 4315 Crede-

2145 4338 2274 4392 bant
2303 4340 2449 4394 enim
2479 4340 2744 4395 Christum
2787 4359 2912 4397 vere
2940 4343 3241 4398 surrexisse
3270 4360 3303 4398 a
3331 4346 3559 4400 mortuis
3591 4365 3605 4413 ;
3639 4363 3740 4403 eos

2144 4426 2307 4480 etiam
2335 4427 2426 4498 qui
2455 4427 2509 4482 in
2539 4429 2833 4483 novissima
2875 4431 3004 4485 tuba
3038 4440 3403 4501 morerentur,
3437 4442 3490 4488 et
3516 4434 3740 4506 integra

461 4530 483 4561 α
520 4510 724 4566 seduci.
760 4511 1123 4581 Corrumpunt
1161 4528 1344 4567 mores
1374 4513 1546 4568 bonos
1573 4512 1848 4583 colloquia
1875 4510 2036 4566 mala.
2067 4505 2305 4569 Dcarne
2333 4515 2510 4569 statim
2545 4517 2950 4586 reviviscerent,
3004 4519 3105 4574 hos
3133 4519 3270 4574 tales
3317 4521 3618 4576 credebant
3641 4505 3740 4579 ire-

457 4620 478 4645 α
517 4597 785 4670 Evigilate
833 4599 982 4668 justi,
1043 4607 1095 4654 et
1148 4600 1314 4655 nolite
1368 4615 1602 4671 peccare
1637 4617 1649 4653 :
1683 4599 2041 4672 ignorantiam

457 4707 481 4737 ι
515 4687 660 4742 enim
717 4685 817 4741 Dei
874 4687 1092 4758 quidam
1149 4688 1366 4743 habent.
1426 4687 1510 4742 Ad
1555 4687 1917 4743 reverentiam
1948 4702 2041 4742 vo-

458 4795 480 4825 ι
517 4775 600 4828 bis
627 4775 840 4846 loquor.
876 4775 984 4829 Sed
1014 4775 1158 4831 dicet
1187 4775 1383 4846 aliquis
1409 4795 1420 4828 :
1447 4773 1733 4842 Quomodo
1752 4782 2043 4847 resurgent

456 4885 478 4909 ιι
514 4862 758 4917 mortui?
786 4861 942 4929 Quali
992 4870 1173 4916 autem
1204 4879 1436 4933 corpore
1467 4862 1721 4918 venient?
1750 4862 2036 4932 Insipiens,

457 4967 478 5001 ι
514 4958 570 5003 tu
601 4949 745 5019 quod
796 4949 1029 5003 seminas
1084 4966 1191 5003 non
1248 4949 1565 5017 viviﬁcatur,
1603 4949 1705 5004 nisi
1734 4949 1883 5020 prius
1923 4967 2040 5006 mo-

457 5059 480 5084 u
516 5037 704 5090 riatur.
737 5037 803 5090 Et
833 5037 979 5106 quod
1009 5036 1265 5102 seminas,
1319 5052 1426 5092 non
1483 5053 1680 5107 corpus
1719 5038 1862 5108 quod
1889 5037 2038 5092 futu-

457 5148 479 5173 ι
513 5140 632 5177 rum
677 5131 762 5178 est
812 5123 1069 5190 seminas,
1115 5125 1212 5179 sed
1260 5125 1463 5179 nudum
1513 5142 1761 5196 granum,
1812 5134 1870 5180 ut
1908 5134 2039 5197 puta

460 5231 481 5262 ι
513 5211 694 5277 tritici,
750 5219 841 5266 aut
888 5211 1117 5281 alicujus
1176 5221 1519 5267 caeterorum.
1559 5215 1707 5268 Deus
1737 5222 1915 5288 autem
1944 5215 2038 5270 dat

455 5321 478 5350 ι
509 5299 586 5353 illi
644 5315 842 5370 corpus
872 5300 1013 5355 sicut
1042 5300 1171 5366 vult,
1205 5308 1257 5355 et
1287 5300 1579 5372 unicuique
1607 5303 1876 5357 seminum
1908 5319 2036 5373 pro-

454 5412 475 5437 ιι
511 5388 689 5458 prium
719 5404 937 5459 corpus.
972 5390 1096 5443 Non
1125 5389 1300 5443 omnis
1329 5404 1455 5446 caro
1513 5391 1701 5446 eadem
1730 5408 1856 5447 caro
1891 5410 1904 5447 :
1937 5393 2035 5448 sed

452 5499 475 5524 α
513 5476 617 5531 alia
646 5476 944 5543 hominum,
974 5476 1076 5532 alia
1132 5493 1408 5548 pecorum,
1443 5479 1549 5534 alia
1590 5480 1894 5548 volucrum,
1930 5480 2035 5536 alia

451 5584 476 5615 α
511 5572 692 5619 autem
723 5565 972 5636 piscium.
1005 5567 1073 5620 Et
1099 5581 1330 5637 corpora
1386 5568 1644 5635 coelestia,
1698 5575 1750 5623 et
1798 5584 2035 5639 corpora

455 5670 478 5707 ι
515 5653 796 5711 terrestria
829 5671 842 5709 :
868 5653 966 5710 sed
995 5653 1100 5710 alia
1120 5654 1340 5727 quidem
1371 5656 1673 5715 caelestium
1701 5656 1899 5729 gloria,
1931 5657 2034 5712 alia

2142 4611 2502 4658 surrecturos.
2557 4605 2665 4660 Sed
2715 4621 2810 4660 eos
2854 4622 3085 4677 quorum
3131 4623 3364 4678 corpora
3408 4609 3462 4662 in
3517 4610 3734 4667 cineres

2139 4689 2588 4758 dissolverentur,
2620 4692 2871 4748 dicebant
2898 4694 3049 4749 nulla
3088 4695 3299 4751 ratione
3342 4712 3504 4766 posse
3533 4714 3733 4753 resur-

2139 4794 2290 4848 gere.
2322 4779 2673 4835 Naturalibus
2703 4797 2871 4852 supra
2924 4783 3147 4838 modum
3186 4784 3528 4840 adhaerentes
3557 4803 3732 4858 argu-

2138 4867 2356 4921 mentis.
2388 4867 2585 4923 Littera
2611 4869 2693 4925 sic
2718 4870 2994 4941 jungitur:
3028 4873 3108 4926 De
3136 4871 3338 4944 linguis
3369 4881 3420 4928 et
3447 4876 3733 4945 prophetia

2138 4953 2218 5010 sic
2247 4971 2344 5011 vos
2373 4956 2564 5012 doceo.
2596 4959 2672 5013 De
2693 4961 3104 5015 resurrectione
3125 4965 3319 5016 autem
3349 4967 3727 5035 mortuorum,

2136 5048 2335 5099 notum
2369 5046 2518 5115 facio
2564 5047 2725 5113 vobis,
2760 5049 3012 5117 fratres:
3044 5051 3261 5114 notum,
3295 5049 3536 5122 inquam,
3586 5049 3730 5108 facio

2135 5133 2520 5204 Evangelium,
2580 5133 2636 5188 id
2681 5143 2782 5200 est,
2829 5136 3285 5191 resurrectionem
3333 5146 3674 5195 mortuorum
3709 5157 3725 5205 ;

2136 5219 2282 5289 quod
2312 5221 2542 5275 maxima
2597 5238 2722 5291 pars
2777 5230 2859 5277 est
2904 5239 3040 5279 mete
3097 5225 3496 5294 praedicationis
3530 5245 3546 5293 ;
3579 5228 3726 5295 quod

2136 5308 2492 5378 Evangelium
2521 5309 2590 5364 de
2620 5311 3020 5366 resurrectione
3050 5327 3154 5382 ego
3198 5314 3503 5384 pradican
3553 5317 3725 5382 vobis,

2133 5411 2202 5449 ne
2232 5396 2537 5452 obtendatis
2584 5414 2681 5452 vos
2729 5399 2884 5470 quasi
2924 5399 3240 5470 ignoranter
3269 5417 3544 5471 peccare;
3580 5405 3727 5475 quod

2134 5484 2308 5538 etiam
2358 5487 2676 5557 accepistis,
2711 5494 2764 5541 et
2804 5494 2961 5558 turpe
3005 5504 3126 5543 esse
3173 5489 3336 5544 debet
3367 5491 3513 5560 quod
3550 5492 3730 5548 semel

2133 5570 2272 5626 bene
2293 5573 2595 5628 credidistis
2619 5591 2632 5627 :
2656 5573 2848 5629 iterum
2870 5591 3094 5648 negare,
3119 5578 3181 5632 in
3202 5594 3306 5650 quo
3329 5581 3504 5634 etiam
3519 5583 3728 5650 statis;

2132 5658 2237 5716 nisi
2265 5659 2411 5716 enim
2453 5661 2902 5720 resurrectionem
2953 5665 3207 5733 credatis,
3253 5665 3457 5722 frustra
3498 5668 3555 5724 in
3611 5669 3727 5727 ﬁde
