3934 6402
190 426 298 489 961

1078 422 1520 523 ρΗΗοΝιαΑ.
1553 460 1632 475 -
1662 424 2134 494 CHRONICON
2180 418 2735 492 UNIVERSALE.
3488 430 3606 497 962

395 561 595 637 etiam
615 563 688 621 in
716 568 773 637 1,
813 561 1115 636 leguntur,
1152 560 1258 620 sed
1292 560 1619 621 abductae
1645 563 1856 637 postea
1884 563 1941 624 A

400 631 611 691 deleta
624 634 785 693 sunt.

382 708 407 730 θ
442 707 510 776 Δ,
537 706 637 762 ita
652 706 849 776 pergit
868 702 1396 776 :Gotefridust278)
1420 704 1535 759 dux
1554 705 1855 774 ceterique

399 776 461 831 in
486 773 714 831 itinere
732 773 791 831 e't
814 774 1011 831 studio
1024 773 1364 843 supradicto
1379 773 1854 842 consociati,cum

403 847 587 901 Nicea
637 852 811 917 capta
842 844 1261 917 discederent,
1285 845 1413 917 plus
1448 860 1617 917 quam
1650 850 1859 901 300000

402 916 778 972 armatorum
840 916 1160 970 habebant.
1223 916 1290 968 Et
1351 916 1484 970 licet
1518 916 1641 971 haec
1693 921 1856 970 tanta

399 986 735 1043 multitudo
768 986 1098 1042 universam
1156 985 1488 1040 Romaniam
1546 1000 1854 1057 occupare,

404 1057 658 1112 ﬂumina
721 1062 985 1127 epotare,
1058 1062 1292 1123 segetes
1333 1071 1547 1127 omnes,
1593 1070 1703 1127 una
1745 1057 1857 1127 die

403 1126 1019 1197 depascere’posset,
1056 1130 1214 1197 tanta
1275 1131 1464 1181 tamen
1498 1126 1858 1197 plenitudine

403 1196 705 1254 conduxit
742 1197 878 1253 vitm
897 1196 1229 1251 necessaria
1259 1197 1429 1263 Deus,
1461 1202 1524 1252 ut
1574 1198 1644 1251 de
1676 1196 1859 1251 ariete

404 1282 716 1335 nummus,
753 1267 825 1323 de
874 1268 1018 1321 bove
1058 1266 1151 1321 vix
1190 1266 1497 1321 duodecim
1528 1266 1860 1336 acciperen-

401 1344 529 1394 tur.
586 1340 869 1393 Preterea
898 1341 956 1391 et
982 1336 1030 1393 si
1063 1336 1350 1407 principes
1394 1341 1451 1391 et
1477 1351 1643 1405 reges
1664 1337 1860 1391 Sarra-

402 1423 698 1465 cenorum
722 1413 926 1464 contra
958 1421 1060 1462 eos
1099 1412 1504 1474 surrexerunt,
1524 1408 1637 1461 Deo
1665 1410 1858 1461 tamen

404 1479 657 1535 volente
678 1477 846 1533 facile
870 1476 1009 1533 victi
1031 1480 1087 1532 et
1112 1477 1609 1532 conculcatisunt.
1628 1477 1712 1532 0b
1736 1476 1857 1532 haec

407 1550 619 1619 itaque
672 1548 927 1605 feliciter
960 1552 1097 1619 acta
1129 1547 1258 1617 quia
1292 1547 1523 1619 quidam
1573 1547 1858 1619 intumue-

408 1618 575 1688 runt,
608 1619 882 1690 opposuit
917 1618 1005 1674 eis
1036 1619 1187 1690 Deus
1237 1618 1619 1690 Antiochiam,
1644 1618 1855 1690 urbem

407 1688 703 1746 humanis
745 1689 973 1745 viribus
1032 1688 1559 1759 inexpugnabilem,
1599 1688 1695 1743 ubi
1744 1702 1857 1759 per

412 1774 631 1816 novem
688 1774 918 1815 menses
962 1757 1247 1814 dedentes
1283 1758 1337 1813 in
1370 1758 1671 1814 obsidione
1702 1757 1855 1825 ejus-

412 1830 552 1885 dem
586 1830 667 1885 ita
699 1845 803 1885 eos
855 1828 1202 1896 humiliavit,
1239 1833 1300 1883 ut
1349 1830 1536 1883 omnis
1565 1829 1852 1898 superbiae

413 1898 658 1957 illorum
685 1905 877 1957 tumor
897 1899 1214 1954 desideret.
1240 1899 1426 1967 Igitur
1447 1900 1531 1954 sic
1553 1900 1639 1954 eis
1672 1898 1853 1954 bumi-
1883 1906 1937 1967 Β

414 1970 622 2035 liatus,
657 1976 718 2026 ut
767 1970 824 2025 in
857 1974 980 2026 toto
1012 1970 1275 2024 exercitu
1310 1970 1406 2023 vix
1448 1974 1684 2023 centum
1718 1969 1852 2024 boni

413 2041 562 2111 equi
590 2040 1012 2111 reperirentur,
1030 2040 1267 2111 aperuit
1294 2041 1448 2111 Deus
1479 2039 1701 2111 copiam
1731 2054 1852 2111 sua;

415 2108 855 2167 benedictionis
884 2115 941 2165 et
968 2108 1404 2177 misericordize,
1440 2108 1656 2179 eosque
1690 2109 1744 2163 in
1777 2109 1855 2164 ci-

414 2182 665 2237 vitatem
695 2180 945 2250 induxit,
1007 2183 1184 2250 atque
1219 2181 1492 2250 _Thurcos
1545 2185 1605 2234 et
1653 2193 1852 2234 eorum

415 2252 617 2308 omnia
665 2248 946 2319 potestati
974 2248 1180 2305 horum
1212 2248 1302 2282 ¹⁶⁰⁴
1334 2250 1562 2305 tribuit.
1598 2250 1853 2319 Cumque

416 2326 476 2377 et
515 2318 752 2378 ιιωοιιοι
782 2322 946 2392 quasi
980 2320 1204 2392 viribus
1235 2318 1674 2392 sui_s_aequisita
1706 2318 1856 2392 obti-

418 2397 655 2460 nerent,
701 2389 1025 2460 nec’Deum,
1074 2391 1170 2461 qui
1199 2390 1286 2446 eis
1317 2389 1407 2421 ¹⁶⁰⁶
1438 2390 1560 2446 haec
1596 2390 1855 2445 contule-

420 2468 541 2531 rat,
556 2462 727 2531 digne
744 2461 1200 2531 magnificarent,
1216 2464 1380 2531 tanta
1404 2461 1852 2516 Sarracenorum

420 2505 729 2589 ἱιῖιὶἲῇὶῖιῖιῖ
736 2505 1387 2601 .33“:i3§.;'s'a‘s“.;;;t,'ara;
1404 2505 1643 2586 ἓῖἑίίἓῐὲ
1651 2505 1752 2586 ἷιῖιί
1761 2505 1854 2587 id;

418 2617 497 2658 ex
558 2607 718 2660 tanta
752 2604 923 2659 turba
971 2602 1169 2671 egredi
1227 2601 1509 2657 auderet.
1577 2604 1853 2656 Preterea

340 2732 351 2745 ,
422 2673 610 2745 fames
641 2675 696 2729 in
723 2673 964 2745 civitate
1020 2674 1100 2727 ita
1127 2674 1529 2745 convaluerat,
1563 2676 1624 2727 ut
1658 2672 1753 2745 vix
1781 2673 1853 2727 ab

421 2743 695 2800 humanis
727 2744 976 2815 dapibus
996 2758 1059 2800 se
1089 2742 1266 2815 aliqui
1296 2742 1683 2815 continerent.
1716 2742 1853 2815 Lon-

421 2827 562 2884 gum
592 2819 677 2871 est
704 2812 979 2869 enarrare
1034 2814 1300 2869 miserias
1331 2827 1459 2883 quae
1504 2812 1559 2867 in
1615 2812 1853 2884 civitate

425 2882 612 2941 fuere.
646 2884 985 2956 Respiciens
1019 2890 1211 2956 autem
1240 2882 1513 2956 Dominus
1556 2882 1850 2954 pepulum,

422 2969 599 3026 quem
629 2961 747 3011 tam
764 2953 876 3011 diu
906 2953 1321 3026 flagellaverat,
1375 2953 1830 3026 benigne'conso

424 3024 609 3098 tatur,
640 3040 707 3098 ac
735 3026 919 3098 primo
952 3025 1115 3096 quasi
1160 3039 1265 3096 pro
1317 3025 1720 3098 satisfactione
1755 3024 1856 3098 tri-

423 3094 750 3174 bulationis
775 3094 1033 3174 lanceam
1068 3094 1252 3165 suam,
1285 3108 1394 3174 qua
1441 3095 1495 3150 in
1526 3109 1701 3174 cruce
1733 3094 1854 3150 vul-

423 3172 672 3223 neratus
702 3172 823 3238 est,
860 3180 1068 3238 munus
1101 3181 1212 3238 non
1258 3170 1531 3238 visumua
1589 3170 1853 3238 tempore

421 3234 849 3307 apostolorum,
892 3236 1100 3307 pignus
1148 3236 1411 3291 victoriae
1444 3235 1561 3307 illis
1594 3234 1850 3307 obtulit;

424 3306 637 3364 deinde
696 3309 872 3364 corda
894 3306 1196 3363 hominum
1247 3309 1390 3361 adeo
1443 3306 1735 3374 animavit,
1791 3312 1856 3362 ut

424 3376 566 3449 illis,
599 3378 814 3449 quibus
841 3378 1113 3448 egritudo
1145 3377 1235 3433 vel
1288 3377 1483 3449 fames
1520 3376 1853 3449 ambulandi

425 3448 586 3504 vires
616 3446 1029 3517 denegaverat,
1064 3461 1219 3502 arma
1246 3446 1488 3503 sumend
1517 3451 1577 3501 et
1604 3446 1855 3517 viriliter

427 3523 631 3575 contra
657 3516 857 3575 hostes
877 3517 1189 3573 dimicandi
1205 3518 1478 3573 virtutem
1498 3516 1852 3573 infunderet.

424 3589 654 3659 Deinde
684 3604 815 3646 cum
874 3588 1247 3659 triumphatis
1294 3588 1560 3659 hostibus
1616 3588 1763 3659 fame
1795 3592 1853 3643 et

428 3658 589 3715 tedio
615 3661 917 3716 exercitus
940 3658 1214 3714 deﬁceret
1239 3658 1579 3727 Antiochiae,
1608 3658 1855 3715 maxime

429 3735 671 3800 propter
737 3729 1060 3786 discordias
1117 3729 1459 3800 principum,
1526 3728 1854 3800 in_Syriam

428 3798 698 3870 profecti,
725 3801 957 3857 Barram
986 3807 1046 3855 et
1077 3798 1339 3869 Marram,
1385 3799 1561 3870 urbes
1592 3798 1857 3854 Sarrace-

426 3868 654 3940 norum,
682 3868 1191 3941 ‘expugnaverunt,
1226 3875 1285 3925 et
1324 3868 1855 3941 Castellaeregionis

425 3938 831 3997 obtinuerunt.
854 3938 1140 4011 ‘Cumque
1170 3939 1245 3994 ibi
1305 3953 1521 4011 moram
1553 3938 1857 4010 disposue-

426 4017 585 4078 runt,
604 4017 766 4068 tanta
796 4012 976 4067 fames
997 4010 1055 4066 in'
1076 4011 1340 4067 exercitu
1368 4010 1494 4079 fuit,
1522 4016 1585 4065 ut
1608 4024 1855 4080 corpora

313 4130 324 4134 _
424 4082 880 4160 Sarracenorum
900 4083 1015 4160 jam
1034 4082 1347 4160 fetentium
1381 4094 1412 4135 a
1463 4080 1678 4160 populo
1706 4080 1857 4160 chri-

424 4152 616 4209 stiano
648 4151 913 4209 comesta’
931 4153 1067 4208 sint.
1095 4152 1310 4207 Deinde
1333 4166 1464 4207 cum
1495 4151 1691 4207 diviuo
1711 4156 1855 4208 nutu

425 4222 482 4303 in
528 4224 811 4303 interiora
863 4223 1163 4303 Hyspaniae
1196 4222 1708 4303 progrederentur,
1745 4222 1858 4301 lar-

420 4293 717 4363 gissimam
749 4293 925 4363 atque
954 4293 1388 4350 misericordem
1411 4297 1470 4347 et
1502 4293 1857 4348 victoriosis-

421 4364 623 4435 simam
659 4378 887 4420 manum
944 4364 1361 4435 omnipotentis
1406 4363 1855 4435 Patrisesecum

422 4432 771 4490 habuerunt.
796 4435 1021 4490 Etenim
1053 4432 1211 4491 cives
1242 4439 1300 4489 et
1330 4433 1636 4489 castellani
1670 4434 1856 4502 regio-

423 4503 703 4586 nis_i_l_lius
727 4519 1019 4586 perquam
1054 4505 1469 4586 procedebant,
1491 4503 1567 4586 ad
1598 4518 1701 4586 eos
1723 4518 1853 4586 cum

424 4574 627 4631 multis
652 4574 911 4631 donariis
933 4574 1160 4645 legatos
1191 4575 1437 4645 praemitt
1453 4575 1648 4641 ebant,
1667 4574 1852 4645 parati

427 4592 627 4631 munus
652 4592 911 4631 donariis
937 4592 1160 4645 legatos
1232 4592 1437 4632 raamm
1453 4592 1648 4641 ebant,
1667 4592 1852 4645 parati

427 4645 650 4717 servire
674 4647 957 4717 etoppida
981 4661 1083 4702 sua
1109 4592 1375 4701 regderc.
1404 4646 1511 4700 Sed
1539 4646 1671 4717 quia
1690 4660 1855 4701 exer-

424 4716 581 4772 citus
608 4731 718 4773 non
745 4715 961 4773 multus
983 4720 1110 4773 erat
1145 4722 1205 4772 et
1235 4716 1291 4771 in
1324 4715 1684 4771 Hierusalem
1718 4730 1855 4771 una-

421 4786 658 4858 nimiter
694 4787 1068 4857 festinabant,
1118 4786 1377 4858 acceptis
1410 4786 1847 4858 securitatibus,

417 4857 768 4913 tributarios
791 4871 891 4914 eos
917 4856 1199 4927 fecerunt,
1230 4856 1443 4927 quippe
1465 4872 1595 4913 cum
1628 4870 1739 4927 una
1780 4856 1851 4912 de

417 4927 778 4999 civitatibus,
802 4942 931 4999 qua:
948 4929 1005 4983 in
1020 4926 1327 4984 maritimis
1347 4926 1462 4999 illis
1482 4926 1852 4999 sunt,plures

418 4997 684 5069 homines
700 4997 967 5064 haberet,
989 5014 1159 5069 quam
1180 4999 1235 5053 in
1249 4998 1510 5054 exercitu
1529 4997 1850 5069 christiano

420 5068 687 5140 fuissent.
713 5070 968 5140 Cumque
992 5067 1253 5127 auditum
1274 5075 1434 5126 esset
1457 5067 1777 5140 Antiochiae
1791 5073 1847 5124 et

419 5138 703 5197 Laodicia
731 5145 791 5197 et
814 5138 1027 5210 Rohas,
1054 5141 1185 5211 quia
1212 5155 1414 5211 manus
1436 5138 1726 5211 Dominies
1756 5143 1847 5211 set

416 5224 548 5283 eum
580 5224 667 5281 eis
693 5211 791 5283 qui
816 5209 1102 5282 abierant,
1142 5211 1338 5283 plures
1368 5210 1440 5267 de
1457 5209 1721 5283 exereitu
1751 5210 1848 5280 qui

417 5280 497 5353 ibi
521 5280 802 5353 remansit
830 5280 1130 5340 consecuti
1142 5280 1292 5339 sunt
1314 5295 1416 5339 eos
1438 5281 1590 5353 apud
1614 5281 1844 5351 Tyrum.

413 5351 505 5409 Sic
560 5351 761 5424 itaque
809 5355 927 5412 Deo
978 5353 1316 5413 conviatore
1373 5357 1435 5410 et
1465 5351 1849 5425 cooperatore

1885 3254 1933 3318 (‘-

1884 4614 1935 4679 C

2178 579 2362 639 usque
2385 563 2473 639 ad
2504 562 2862 639 Hierusalem
2885 570 3316 639 pervenerunt.
3352 569 3607 639 Cumque

2182 635 2238 690 in
2270 632 2571 690 obsidione
2597 635 2754 689 illius
2785 632 3027 690 multum
3053 634 3347 693 laboraret
3386 632 3610 697 exerci-

2182 710 2294 774 tus,
2330 707 2581 777 maxime
2605 710 2843 777 propter
2869 720 3034 777 aquae
3067 706 3315 777 inopiam
3343 727 3355 763 :
3405 710 3607 767 habito

2180 776 2447 842 concilio,
2493 776 2753 845 episcopi
2786 780 2842 829 et
2875 776 3177 846 principes
3210 778 3605 838 circiuandam

2179 862 2311 922 esse
2324 846 2633 922 _eivita_tem
2659 846 3101 922 nudispedibus
3129 849 3601 922 predicaverunt,

2180 921 2243 971 ut
2277 916 2394 983 ille,
2431 917 2527 986 qui
2574 931 2675 986 pro
2700 916 3026 986 hominibus
3049 916 3172 971 eam
3198 918 3251 972 in
3276 916 3606 978 humilitate

2180 985 2487 1061 ingressus
2504 985 2625 1061 est,
2660 1001 2761 1061 per
2805 985 3188 1061 humilitatem
3223 989 3463 1061 istorum
3497 1008 3603 1061 pro

2182 1070 2245 1111 se
2278 1056 2347 1110 ad
2389 1057 2671 1125 judicium
2701 1057 2770 1111 de
2799 1057 2923 1111 suis
2953 1056 3219 1113 hostibus
3276 1056 3602 1118 faciendum

2183 1126 2303 1197 illis
2332 1141 2455 1181 eam
2481 1126 2753 1197 aperiret.
2783 1126 3055 1181 Placatus
3080 1128 3274 1197 itaque
3298 1130 3402 1185 hac
3422 1131 3605 1187 humi-

2182 1196 2424 1267 liatione
2446 1196 2736 1263 Dominus,
2759 1202 2967 1252 octavo
2990 1202 3118 1267 post
3144 1196 3601 1258 humiliationem

2182 1266 2401 1337 illorun
2427 1267 2930 1323 diecivitatemeis
2951 1266 3211 1337 tradidit,
3238 1284 3307 1325 eo
3332 1270 3604 1329 videlicet

2182 1336 2275 1391 die
2307 1337 3023 1413 quoprimit_iva_z_eccles_ia
3054 1336 3434 1413 inde’abjecta
3469 1343 3598 1413 fuit,

2181 1421 2311 1479 cum
2341 1407 2581 1479 festum
2616 1408 2687 1462 de
2720 1407 3083 1479 diepersione
3142 1407 3538 1479 apostolorum
3572 1407 3603 1468 a

2182 1477 2384 1533 multis
2410 1478 2681 1534 fidelibus
2701 1478 3056 1534 celebratur.
3081 1480 3158 1533 De
3175 1477 3440 1537 hostibus
3466 1498 3603 1541 vero

2182 1547 2261 1601 ibi
2293 1549 2543 1620 repertis
2589 1548 2757 1620 quid
2787 1553 2980 1620 aetum
3035 1548 3132 1617 sit,
3169 1550 3215 1605 si
3273 1552 3403 1620 quis
3432 1568 3603 1609 nosse

2180 1618 2396 1689 querit,
2420 1619 2567 1675 sciat
2588 1619 2720 1688 quia
2742 1618 2801 1689 in
2828 1618 3053 1688 porticu
3074 1618 3605 1689 qumdiciturSalo-

2180 1688 2366 1762 monis
2405 1696 2469 1762 et
2493 1690 2547 1744 in
2579 1688 2796 1762 templo
2824 1690 2951 1759 ejus
2979 1689 3232 1745 victores
3259 1693 3599 1762 equitabant

2178 1758 2235 1813 in
2268 1760 2548 1827 sanguine
2594 1758 3050 1832 Sarracenorum
3105 1776 3286 1831 usque
3315 1758 3387 1817 ad
3415 1778 3599 1832 genua

2177 1843 2478 1905 equorum.
2505 1829 2722 1905 Deinde
2764 1846 2893 1905 eum
2926 1829 3256 1905 ordinatum
3289 1829 3469 1905 esset,
3505 1836 3601 1905 qui

2179 1900 2478 1955 civitatem
2521 1900 2773 1956 retinere
2798 1900 3152 1969 debuissent,
3188 1907 3247 1957 et
3276 1902 3373 1957 alii
3407 1900 3603 1961 amore

2180 1970 2384 2041 patriae
2416 1975 2475 2025 et
2532 1970 2746 2041 pietate
2782 1977 3082 2040 parentum
3140 1987 3377 2028 suorum
3409 1975 3603 2031 redire

2176 2039 2544 2111 voluissent.‘
2575 2039 2908 2095 nunciatum
2931 2047 3015 2095 est.
3043 2040 3149 2109 eis,
3176 2044 3329 2111 quod
3370 2058 3472 2099 rex
3506 2047 3603 2101 Ba-

2180 2110 2529 2167 biloniorum
2557 2111 2895 2166 Ascalonem
2912 2110 3167 2166 venisset
3191 2110 3320 2168 eum
3346 2113 3602 2172 innume-

2179 2181 2347 2236 rabili
2417 2180 2790 2237 multitudine
2866 2196 3242 2251 paganorum,
3313 2183 3601 2243 ducturus

2178 2251 2429 2306 Francos
2453 2251 2549 2320 qui
2597 2251 3187 2324 Hierosolimiserant
3214 2253 3268 2307 in
3301 2256 3602 2324 captivita-

2178 2326 2293 2396 tem
2317 2328 2376 2376 et
2414 2327 2855 2396 expugnaturus
2870 2322 3275 2396 Antiochiam,
3294 2322 3447 2396 sicut
3474 2327 3599 2396 ipse

2177 2390 2437 2455 dixerat;
2462 2390 2635 2447 aliter
2655 2397 2843 2447 autem
2869 2392 3142 2447 Dominus
3165 2390 3354 2450 dehis
3384 2390 3601 2453 statue-

2178 2468 2285 2516 rat.
2305 2464 2506 2564 Itaq‘uqe
2529 2478 2658 2517 cum
2684 2462 3070 2564 iuueritgte’bli
3088 2464 3599 2564 quiJheroeolimis

2177 2539 2345 2602 erant
2394 2531 2501 2602 3”,
2535 2533 2857 2587 exercitum
2902 2531 3333 2590 Babilohiorum
3368 2537 3600 2594 Ascalo-

2172 2601 2282 2658 nia:
2309 2617 2459 2674 esse,
2493 2604 2921 2674 contenderunt
2944 2604 3170 2659 obviam
3197 2604 3337 2674 illis,
3376 2608 3601 2664 relictis

2175 2673 2420 2728 sarcinis
2452 2678 2508 2728 et
2543 2673 2784 2726 inﬁrmis
2818 2673 2938 2728 suis
2989 2673 3044 2727 in
3077 2673 3437 2731 Hierusalem
3467 2693 3597 2734 cum

2177 2743 2451 2812 presidio.
2472 2745 2726 2811 Cumque
2740 2743 3033 2799 exercitus
3046 2744 3245 2799 horum
3262 2753 3321 2800 et
3344 2749 3596 2804 hostium

2177 2827 2240 2884 se
2255 2814 2831 2884 circumspexissent,
2853 2814 3154 2870 christiani
3171 2818 3417 2884 genibus
3434 2818 3600 2876 ﬂexis

2174 2880 2349 2940 Deum
2384 2880 2748 2953 invocarunt,
2791 2880 2851 2939 ut
2885 2885 2983 2954 qui
3007 2886 3060 2940 in
3084 2880 3212 2941 aliis
3235 2889 3596 2945 necessitati-

2177 2954 2284 3031 bus
2309 2954 2432 3010 suis
2456 2954 3105 3031 legemehristianorum
3127 2958 3592 3031 confirmaverat,

2178 3024 2234 3079 in
2269 3027 2543 3099 presenti
2569 3025 2738 3099 bello,
2762 3026 3078 3082 confractis
3102 3028 3325 3099 viribus
3352 3024 3601 3099 pagano?

2178 3094 2301 3151 rum
2331 3101 2389 3151 et
2432 3094 2667 3164 diaboli,
2703 3110 2944 3164 regnum
2993 3097 3289 3154 Cnristiet
3318 3094 3600 3157 zecclesize

2176 3166 2377 3238 amari
2401 3180 2582 3236 usque
2599 3139 2667 3220 ad
2684 3139 2841 3223 mai'e
2857 3182 2961 3236 usq
2972 3139 3592 3238 nequaqu‘e'd‘ilaiarela

2176 3235 2291 3291 Nec
2324 3251 2511 3301 mora;
2556 3235 2957 3291 clamantibus
2981 3235 3077 3292 ad’
3111 3235 3351 3296 seDeus
3411 3242 3595 3307 affuit,

2176 3313 2352 3386 atque
2384 3312 2580 3386 tantas
2620 3307 2878 3386 audaciae
2922 3307 3076 3363 vires
3125 3310 3494 3386 ministravit,
3533 3319 3595 3369 ut

2179 3378 2274 3446 qui
2307 3391 2409 3432 eos
2442 3378 2497 3432 in
2536 3378 2762 3449 hostem
2791 3392 3031 3433 currere
3083 3379 3330 3449 videret,
3379 3378 3596 3439 fontem

2176 3461 2340 3517 aquae
2364 3449 2509 3522 viva
2532 3448 2823 3522 sitientem
2858 3463 3092 3522 cervum
3118 3448 3351 3522 segnem
3376 3453 3598 3522 adjudi-

2177 3522 2369 3589 caret;
2404 3520 2550 3574 miro
2580 3518 2854 3574 videlicet
2882 3520 3067 3589 modo,
3102 3535 3229 3576 eum
3255 3520 3309 3575 in
3334 3518 3596 3581 exercitu

2178 3588 2496 3661 christiano
2556 3604 2665 3644 non
2718 3589 2847 3659 plus
2904 3588 3073 3659 quam
3130 3591 3384 3661 quinque
3442 3593 3598 3650 milia

2178 3659 2439 3728 equitum
2496 3663 2552 3714 et
2600 3664 2772 3715 15000
2830 3661 3092 3730 peditum
3150 3659 3421 3731 fuissent,
3455 3670 3511 3718 et
3543 3665 3601 3720 in

2179 3731 2444 3787 exercitu
2497 3731 2750 3785 hostium
2784 3737 3026 3802 centum
3068 3732 3221 3787 milia
3250 3734 3510 3802 equitum
3540 3740 3599 3791 et

2178 3803 2390 3872 400000
2422 3801 2681 3871 peditum
2709 3816 2835 3857 esse
2868 3801 3221 3872 potuissent.
3246 3801 3401 3860 Tunc
3432 3805 3602 3862 mira-

2181 3871 2314 3927 bilis
2336 3872 2392 3927 in
2416 3872 2603 3944 servis
2624 3872 2748 3927 suis
2772 3871 2924 3928 Deus
2939 3874 3228 3943 apparuit,
3255 3889 3407 3944 cum,
3443 3881 3601 3932 ante-

2181 3956 2349 4016 quam
2396 3943 2797 4016 coulligerent,
2833 3958 2937 4016 pro
2969 3943 3094 4016 solo
3151 3948 3367 4016 impetu
3396 3943 3602 4003 eorum

2178 4011 2326 4086 hanc
2376 4011 2806 4067 multitudinem
2834 4011 2947 4086 ‘i_n_
2978 4014 3169 4086 fugam
3199 4011 3507 4086 convertit,
3543 4022 3601 4072 et

2176 4082 2365 4153 omnia
2407 4097 2607 4153 eorum
2649 4097 2806 4137 arma
2837 4083 3115 4153 diripuit,
3138 4086 3217 4141 ita
3251 4092 3332 4153 ut,
3365 4086 3410 4141 si
3443 4082 3603 4142 dein-

2176 4099 2365 4136 omnia
2407 4099 2607 4138 eorum
2649 4099 2806 4137 arma
2837 4099 2949 4138 (lll'l
2996 4099 3217 4153 multa
3251 4099 3309 4141 ut
3365 4102 3410 4141 sn
3443 4099 3600 4142 aem-

2175 4166 2316 4221 ceps
2349 4151 2479 4231 istis
2524 4166 2848 4231 repugnare
2882 4099 3127 4231 vertent,
3175 4170 3287 4210 non
3316 4128 3600 4231 haberent

2178 4236 2334 4277 arma
2377 4223 2430 4297 in
2466 4223 2677 4291 quibus
2709 4228 3035 4297 sperarent.
3094 4226 3174 4281 De
3226 4227 3430 4297 spoliis
3460 4241 3602 4284 vero

2176 4296 2434 4370 nonest
2464 4294 2873 4370 qu_zerendu_m_
2901 4300 3180 4370 quantum
3240 4294 3471 4370 captum
3504 4298 3600 4370 sit,

2175 4362 2730 4439 ubithesauriregis
2777 4362 3091 4420 Babiloniaz
3120 4362 3391 4439 occupati
3426 4362 3591 4425 sunt.

2178 4433 2526 4503 Ceciderunt
2559 4433 2634 4487 ibi
2674 4433 2802 4503 plus
2838 4448 3007 4503 quam
3037 4433 3286 4492 centum'
3304 4439 3459 4494 milia
3491 4441 3603 4496 Ma-

2177 4518 2371 4576 gorum
2388 4502 2484 4576 ζθοε
2536 4502 2763 4576 gladio;
2795 4502 2973 4576 timor
3002 4512 3197 4561 autem
3252 4508 3369 4564 illis
3398 4514 3600 4567 tantus

2170 4572 2443 4647 :mtera't,
2479 4572 2635 4647 utin
2655 4579 2820 4644 porta
2854 4575 3111 4632 civitatis
3133 4576 3204 4631 ad
3254 4582 3394 4634 2000
3424 4580 3601 4637 suﬁ‘o-

2174 4644 2291 4701 cati
2315 4644 2466 4726 sint;
2489 4646 2560 4701 de
2584 4644 2674 4700 his
2706 4660 2843 4701 vero
2866 4647 2959 4726 qui
2988 4646 3045 4726 in
3080 4647 3221 4726 mari
3248 4648 3601 4726 interierunt

2173 4730 2287 4792 non
2317 4721 2410 4772 est
2446 4730 2731 4792 numerus
2756 4733 2775 4792 ;
2826 4718 3057 4792 spineta
3114 4718 3288 4774 etiam
3319 4734 3391 4775 ex
3427 4720 3595 4792 ipsis

2175 4786 2390 4843 multos
2404 4787 2805 4843 obtinuerunt.
2824 4789 3018 4856 Pu'gna
3030 4788 3127 4843 bat
3137 4793 3297 4845 certe
3312 4786 3600 4847 orbis‘ter-

2175 4872 2371 4931 rarum
2404 4874 2508 4931 pro
2542 4857 3001 4931 christ_iauis._Et
3017 4859 3124 4931 nisi
3158 4859 3339 4931 spolia
3372 4867 3596 4918 castro-

2174 4942 2300 5003 rum
2334 4927 2417 4983 de'
2437 4930 2578 5003 ipsis
2611 4927 2842 5003 inultos
2881 4927 3292 5003 detinuissént,
3325 4932 3493 5003 pauci
3526 4933 3599 5003 de

2173 5002 2336 5054 tanta
2352 4998 2992 5071 multitudinehostium
3016 5006 3213 5055 essent
3231 4998 3340 5071 qui
3353 5002 3423 5059 de
3440 5002 3595 5059 bello

2176 5070 2521 5144 renunciare
2567 5070 2922 5144 potuissen_t._
2970 5071 3164 5144 Pridie
3196 5070 3389 5129 autem
3423 5088 3596 5144 quam

2173 5138 2388 5194 bellum
2404 5138 2592 5209 fieret,
2610 5141 2789 5196 multa
2806 5141 2961 5196 milia
2975 5140 3327 5199 camelorum
3342 5150 3401 5199 et
3420 5138 3595 5201 boum

2172 5214 2232 5285 et
2254 5210 2447 5267 ovium
2466 5210 2623 5285 cepit
2645 5211 2963 5285 exercitus.
2983 5213 3412 5285 Cumquejussu
3442 5215 3596 5285 prin-

2170 5279 2363 5352 cipum
2409 5279 2674 5357 populus
2714 5283 2835 5357 haec
2892 5279 3315 5357 dimisissetad
3346 5279 3597 5357 pugnam

2170 5352 2576 5423 progrediens,
2602 5352 2869 5411 mirabile
2891 5353 3081 5411 dictu!
3118 5352 3599 5417 multas'et'mul-

1558 5441 1794 5497 νΑΡιΙΑζ
1832 5440 2232 5499 LECTIONES.

236 5528 362 5611 _“°‘
380 5543 581 5611 eorum
613 5534 677 5611 A_.
755 5530 984 5611 “'fnhec
1004 5533 1069 5611 ᾼ.
1101 5544 1349 5611 semp".
1432 5529 1527 5611 ηεξ
1554 5528 1661 5611 hac
1707 5529 1825 5611 (cca
1838 5528 2211 5611 Ῑαῃρηιᾳᾳξζαξ
2232 5528 2545 5611 αῃῇᾳαὶογ
2595 5502 2821 5589 desinit
2842 5532 2909 5589 in
2940 5535 2986 5586 1.
3067 5529 3157 5566 ¹⁶⁰⁷
3189 5532 3353 5592 deest
3369 5549 3601 5609 compe«

203 5599 421 5659 riuent
445 5615 511 5659 ο.
542 5602 739 5677 infra.
817 5601 910 5637 ³⁸⁸⁸
933 5602 1029 5661 vel
1057 5598 1415 5661 armatorum
1444 5599 1776 5683 adscripsit
1800 5598 1854 5661 οἱ
1926 5599 2018 5636 im
2046 5599 2166 5659 illis
2195 5604 2238 5657 t.
2274 5598 2395 5657 illis
2424 5614 2475 5657 e.
2507 5614 2555 5661 ο.

1792 5688 2016 5748 ΝΟῚῈ.

1952 5774 2262 5875 ξιιιὶῃιξὴδὶ
2271 5777 2549 5875 Ρὲεξὶδ-οᾶὶ
2565 5779 2735 5856 (quos
2750 5778 2925 5865 vulgq
2934 5780 3274 5875 Dudechino
3284 5776 3587 5865 tribuunt)

276 5775 424 5852 (278)
453 5779 590 5852 Haec
617 5779 816 5852 brevis
844 5778 981 5839 belli
1010 5780 1161 5841 sacri
1184 5780 1459 5852 narratio
1490 5778 1723 5852 sumpta
1752 5780 1845 5852 est

1956 5863 2018 5910 ι.
2080 5849 2219 5913 1100
2245 5846 2494 5928 legitur.

204 5860 280 5910 ex
305 5848 556 5927 epistola
584 5850 916 5931 principum
936 5852 1010 5917 ad
1028 5851 1369 5917 Paschal“
1389 5850 1461 5925 Il,
1491 5848 1712 5925 qua'in
1732 5850 1846 5912 An-
