3934 6416
188 409 304 477 965

1106 420 1551 487 CHRONICA.
1582 456 1655 469 -
1684 414 2163 485 CHRUNICON
2214 414 2761 483 UNIVERSALE.

3526 417 3644 478 966

202 552 287 609 vel
311 566 449 611 cum
480 554 847 615 Baldewino
875 556 1068 615 Rohas
1099 557 1380 627 abierant,
1408 557 1686 615 Laodicia;
1712 559 1884 629 Tyro—
1914 560 1969 620 A
2000 558 2440 627 universamque
2462 552 2843 612 circumcirca
2863 550 3145 608 aacclesiae
3166 565 3271 623 per
3286 552 3475 608 omnia
3497 551 3647 609 ludi-

213 657 318 716 que
342 651 792 717 remanserant,
817 662 920 718 per
938 646 1201 703 diversas
1223 647 1676 717 circumquaque
1704 647 1885 716 regio-

218 749 316 790 nes
334 733 595 805 dispersi
620 739 816 790 erant.

433 823 580 887 Quae
593 824 879 895 sequitur
894 822 1152 880 historia
1175 821 1313 879 belli
1332 824 1625 881 Hierosol.
1645 825 1752 881 hoc
1768 826 1886 879 loco

434 895 602 951 deest
630 896 692 949 D.
732 896 829 964 E.,
864 896 971 964 qui
1000 895 1372 963 singularem
1408 896 1640 952 addunt
1671 910 1887 951 παννα-

438 966 659 1021 tionem
680 965 739 1020 et
762 965 869 1021 hoc
897 966 1016 1021 loco
1047 979 1177 1021 cum
1210 966 1267 1019 C.
1305 965 1426 1021 [nec
1458 967 1690 1021 tantum
1720 966 1887 1020 exiti-

444 1036 578 1091 bent
623 1057 642 1092 :
687 1036 905 1090 Eodem
955 1049 1101 1090 anno
1152 1034 1421 1089 dominus
1470 1042 1671 1092 noster
1718 1038 1887 1091 Jesns

442 1107 714 1160 Christus
755 1106 1055 1161 civitatem
1101 1105 1319 1173 requiei
1361 1120 1482 1161 sum
1527 1107 1885 1162 Hierusalem

445 1176 720 1247 fidelibus
758 1176 883 1231 suis
924 1175 1169 1247 aperuit,
1200 1180 1257 1230 et
1286 1175 1601 1233 eliminatis
1636 1193 1737 1247 per
1774 1192 1888 1231 ma-

442 1246 808 1319 gnitudinem
833 1246 1112 1319 potentire
1136 1260 1254 1319 suae
1281 1246 1645 1319 paganorum
1664 1246 1889 1319 spurci-

446 1318 577 1385 ciis,
639 1316 886 1372 liberum
943 1316 1277 1372 christianze
1330 1318 1660 1373 devotionis
1700 1316 1886 1373 ritum

445 1387 913 1444 misericorditer
946 1387 1082 1442 inibi
1117 1390 1491 1443 restauravit.

299 1475 405 1529 Hic
447 1474 517 1529 de
559 1473 782 1532 militiae
820 1474 912 1530 vel
953 1474 1345 1545 expeditionis
1383 1473 1644 1543 ejusdem
1690 1489 1889 1550 causa,

227 1578 346 1617 non
384 1567 500 1618 tam
534 1562 873 1619 humanitus
912 1577 1081 1631 quam
1124 1561 1405 1617 divinitus
1447 1561 1736 1630 ordinata,
1782 1563 1890 1617 fert

226 1650 463 1706 animus
487 1657 743 1705 aestuans
761 1648 954 1720 aliqua
977 1649 1322 1720 prescriptis
1347 1649 1623 1718 adjicere,
1646 1650 1891 1705 maxime

222 1739 305 1793 ob
341 1738 822 1810 imprudentium,
864 1736 1036 1792 immo
1078 1737 1499 1807 impudentiam
1531 1737 1890 1807 quorundam

223 1826 730 1896 redargutionem,
754 1826 853 1897 qui
875 1830 1110 1882 vetusto
1132 1839 1361 1896 semper
1379 1840 1583 1881 errore
1604 1826 1886 1893 contenti,

224 1915 553 1971 novitatem
584 1914 753 1984 banc,
778 1914 895 1984 jam
924 1914 1254 1970 senescenti
1275 1920 1335 1969 et
1360 1929 1541 1986 prope
1569 1915 1891 1987 intereunti
1918 1909 1974 1972 Β

224 2003 450 2058 mundo
488 2002 1007 2073 pernecessariam,
1046 2016 1149 2058 ore
1185 2002 1501 2057 temerario
1549 2008 1891 2073 presumunt

222 2090 686 2163 reprehendere,
712 2090 824 2161 ipsi
844 2089 1118 2161 epicureo
1144 2104 1301 2145 more
1324 2089 1683 2161 voluptatum
1714 2090 1888 2145 latam

220 2179 321 2214 ¹⁸ί⁸
347 2194 521 2251 quam
552 2185 740 2235 artam
774 2179 983 2235 divina:
1020 2178 1326 2234 servitutis
1356 2178 1505 2234 viain
1540 2178 1892 2249 amplecten-

148 2330 151 2331 ν
224 2272 341 2337 tes,
366 2268 692 2339 appetitum
714 2268 909 2323 mundi
932 2267 1321 2338 prudentiam,
1343 2272 1740 2337 contemptum
1763 2267 1891 2336 ejus

223 2355 580 2425 stulticiam,
612 2357 721 2411 hoc
743 2360 837 2411 est
861 2370 1160 2411 carcerem
1193 2354 1465 2426 patriam,
1499 2356 1775 2410 tenebras
1810 2354 1892 2410 lu-

221 2459 377 2514 cem,
423 2444 636 2500 malum
682 2446 919 2513 bonum,
962 2448 1206 2499 mortem
1249 2442 1449 2511 vitam,
1496 2443 1639 2513 proh
1674 2442 1887 2513 pudor!

182 2594 197 2607 θ
222 2533 412 2589 corde
445 2532 756 2589 cecissimo
788 2532 1229 2588 considerantes
1254 2530 1365 2585 ¹⁶¹⁸.
1392 2532 1777 2587 Lenocinatur
1806 2531 1890 2586 eis

226 2622 287 2677 in
322 2622 436 2678 hoc
463 2625 521 2678 et
549 2620 851 2677 audaciam
884 2620 1213 2690 hujusmodi
1248 2620 1651 2676 subministrat
1688 2620 1893 2690 depra-

223 2715 367 2766 vata
385 2709 506 2779 jam
531 2709 809 2779 undique,
840 2708 938 2764 sed
970 2708 1215 2763 maxime
1243 2708 1514 2779 partibus
1534 2707 1589 2763 in
1616 2708 1771 2777 istis,
1804 2722 1892 2763 rc-

224 2813 360 2855 rum
392 2797 642 2866 vertigo,
673 2797 770 2853 ubi
795 2796 1083 2868 sapientia
1120 2811 1220 2867 pre
1254 2796 1524 2852 omnibus
1547 2796 1754 2865 invisa,
1782 2796 1895 2850 vir-

226 2891 332 2942 tus
372 2885 560 2941 omnis
590 2889 680 2940 est
714 2884 938 2953 odiosa,
975 2883 1179 2953 religio
1213 2884 1559 2955 despicitur,
1593 2883 1892 2939 humilitas

227 2972 647 3044 conculcatur,
671 2972 884 3029 astutia
907 2972 1218 3043 primatum
1241 2976 1490 3044 prestat,
1510 2972 1720 3028 vicium
1740 2988 1894 3029 amo-

229 3078 358 3118 rem
386 3061 688 3133 conciliat,
721 3061 1045 3117 crudelitas
1067 3058 1464 3131 ‘Mtimorem,
1497 3063 1772 3132 superbia
1794 3061 1895 3117 im-

231 3156 407 3222 perat
429 3151 730 3207 honorem.
764 3150 881 3205 Nos
907 3154 1101 3204 autem
1126 3147 1183 3204 in
1208 3149 1447 3205 Domino
1473 3154 1695 3205 tantum
1718 3149 1894 3206 confi-

232 3238 464 3308 dentes,
505 3253 613 3295 nec
654 3237 1033 3309 presentibus
1068 3236 1172 3293 sed
1216 3238 1429 3295 futuris
1476 3238 1786 3308 inhiantes,
1826 3253 1893 3294 ac

231 3326 377 3384 licet
434 3332 801 3399 spectatores
844 3324 1017 3397 pigri,
1067 3325 1327 3381 fautores
1377 3335 1565 3381 tamen
1618 3326 1889 3396 benivoli,

239 3414 549 3472 laudemus
576 3414 815 3471 eosdem
842 3412 933 3446 ³⁸η
963 3413 1148 3469 nostri
1180 3415 1463 3484 temporis
1494 3415 1651 3469 viros
1681 3414 1895 3483 glorio-

233 3519 355 3573 sos,
384 3504 482 3574 qui
503 3502 773 3559 vicerunt
805 3514 984 3572 regna
1016 3502 1235 3570 mundi,
1268 3502 1366 3572 qui
1400 3502 1624 3557 relictis
1657 3508 1897 3573 prOpter

235 3592 399 3662 pium
431 3591 559 3648 ovis
596 3588 929 3646 centesimae
963 3589 1317 3659 quesitorem
1350 3590 1699 3659 conjugibus
1732 3604 1797 3644 ac
1832 3590 1896 3644 li-

237 3679 423 3749 beris,
467 3678 661 3749 regnis
692 3682 751 3734 et
784 3676 1024 3746 divitiis,
1065 3681 1388 3749 posuerunt
1419 3678 1640 3733 animas
1670 3692 1806 3733 suas
1839 3678 1893 3733 in

236 3768 511 3824 manibus
539 3768 677 3837 suis,
710 3767 838 3822 zelo
867 3766 1124 3821 zelantes
1150 3781 1254 3837 pro
1279 3766 1512 3822 domino
1536 3769 1651 3822 Deo
1674 3766 1897 3822 excrci-

234 3860 427 3925 tuum,
474 3861 725 3926 utraque
763 3854 1048 3923 condigne
1090 3854 1296 3909 armati
1341 3853 1705 3922 fortitudine,
1742 3853 1894 3923 regis

236 3945 327 4002 sui
361 3944 616 4000 caelestis
648 3944 916 4000 ineuntes
948 3942 1247 3999 servitium
1281 3940 1399 3998 “‘9.

309 4035 593 4104 Tempore
621 4032 877 4089 Heinrici
906 4032 1004 4087 IIII
1034 4031 1293 4101 Romani,
1322 4036 1382 4087 et
1410 4030 1598 4087 Alexii
1622 4033 1897 4088 Constan-

241 4121 616 4194 tinopolitani
640 4120 1123 4193 principis,juxta
1145 4119 1476 4192 presagium
1495 4120 1894 4191 evangelicum

238 4210 499 4269 surrexit
529 4211 786 4281 undique
808 4223 959 4279 gens
974 4214 1176 4265 contra
1200 4214 1430 4278 gentem
1456 4213 1512 4264 et
1538 4225 1778 4278 regnum
1802 4210 1899 4266 ad-

239 4314 451 4355 versus
472 4314 739 4367 regnum,
761 4302 815 4353 et
846 4301 1213 4353 terrmmotus
1232 4298 1418 4367 magni
1439 4304 1606 4352 erant
1626 4313 1728 4368 per
1747 4298 1893 4371 loca,

239 4392 297 4443 et
326 4387 684 4458 pestilentia:
707 4392 767 4442 et
793 4385 971 4441 fames
992 4391 1366 4456 terroresque
1392 4385 1462 4441 de
1484 4385 1628 4442 caelo
1652 4387 1896 4461 etsigna

242 4488 481 4546 magna;
507 4479 563 4530 et
589 4474 722 4545 quia
741 4472 859 4543 jam
881 4474 935 4529 in
958 4488 1156 4530 omnes
1174 4480 1379 4543 gentes
1398 4474 1731 4544 evangelica
1756 4475 1895 4532 tuba

236 4563 383 4633 justi
401 4563 621 4634 judicis
641 4561 951 4619 adventum
976 4564 1426 4633 preconabatur,
1453 4578 1589 4619 ecce
1611 4563 1788 4619 etiam
1812 4566 1898 4618 to-

245 4658 365 4709 tum
399 4652 859 4721 circumquaque
886 4651 1159 4707 mundum
1191 4650 1354 4724 signa
1386 4650 1733 4723 pr0phetata
1767 4668 1897 4725 por-
1925 4640 1980 4702 D

245 4740 583 4797 tendentem
617 4738 967 4796 universalis
997 4740 1263 4800 teociesia
1292 4739 1742 4813 contemplatur.
1774 4742 1896 4796 Jam

246 4826 630 4884 Hierosolima
679 4827 1017 4885 Sarracenis
1057 4829 1283 4887 civibus
1322 4845 1609 4902 possessa,
1660 4826 1899 4899 Babylo.

246 4917 356 4973 nire
380 4918 551 4988 (281),
579 4928 711 4986 qua;
731 4931 884 4975 nunc
906 4917 1074 4975 sedes
1090 4922 1177 4975 est
1204 4918 1365 4988 regni
1390 4917 1659 4988 ASgyptii,
1686 4915 1900 4973 servie-

246 5005 369 5075 bat,
391 5006 505 5077 jam
532 5005 727 5066 tenuis
746 5005 802 5062 in
826 5021 891 5064 ea
915 5008 1253 5065 christiana;
1278 5006 1664 5079 professionis
1694 5004 1899 5073 religio

250 5094 548 5154 cotidiano
576 5110 638 5153 se
666 5096 892 5154 tributo
922 5097 1265 5155 redimebat.
1302 5095 1656 5165 Bethlehem,
1691 5094 1898 5150 domus

253 5184 415 5256 panis
445 5187 814 5257 angelorum,
846 5186 1142 5244 stabulum
1175 5186 1325 5244 facta
1358 5188 1449 5241 est
1480 5186 1895 5254 armentorum,

2001 646 2142 701 briis
2164 659 2475 701 numeroso
2495 656 2772 699 annorum
2792 640 3043 695 circuitu
3064 639 3446 709 subjacebant
3474 657 3579 712 pag
3592 656 3647 697 a-

1998 749 2218 789 uorum.
2272 734 2413 788 Orto
2458 733 2682 785 interea
2731 729 2882 784 bello
2924 733 3084 783 sorte
3133 729 3450 784 miserabili
3494 730 3649 786 inter

1996 822 2348 877 christianos
2386 817 2725 886 orientales,
2760 816 2816 871 id
2842 821 2933 872 est
2966 817 3180 872 Grecos
3218 820 3277 871 et
3318 819 3644 888 Armenios,

1997 909 2277 977 Armenii,
2305 913 2510 978 utpote
2537 906 2729 975 regnis
2749 908 2802 959 et
2830 919 3068 960 numero
3094 906 3421 974 pauciores,
3448 906 3647 962 affines

1996 999 2292 1052 asciscunt
2331 996 2438 1051 sibi
2480 996 2551 1050 de
2592 994 2786 1048 Persia
2831 992 3144 1048 bellatores
3185 992 3417 1063 inclytae
3458 995 3640 1065 famae,

1995 1085 2284 1149 Thurcos;
2342 1097 2587 1153 quorum
2643 1080 2855 1136 auxilio
2904 1080 3107 1136 sedata
3150 1080 3314 1149 juxta
3361 1080 3641 1151 placitum

1998 1185 2164 1226 suum
2209 1171 2514 1238 seditione,
2561 1169 2908 1223 dimiserunt
2941 1182 3041 1223 eos
3070 1168 3140 1223 ad
3173 1168 3426 1238 propria,
3472 1168 3643 1224 nimis

2002 1258 2246 1314 allectos
2274 1263 2559 1313 terrarum
2592 1257 2848 1327 ipsarum
2877 1256 3040 1327 copia
3073 1259 3131 1310 et
3166 1256 3487 1311 fertilitate.
3522 1256 3644 1322 Qua

2001 1347 2072 1400 de
2104 1360 2165 1401 re
2199 1346 2339 1400 inito
2373 1350 2499 1415 post
2525 1358 2704 1399 annos
2737 1342 2957 1412 aliquot
2986 1343 3254 1408 consilio,
3283 1346 3645 1399 emerserunt

2002 1434 2073 1489 ab
2097 1432 2413 1503 aquilonali
2458 1431 2623 1503 plaga
2661 1431 2732 1486 de
2773 1435 2929 1486 terra
2970 1430 3305 1500 Gorrizana,
3349 1446 3476 1500 quae
3516 1430 3648 1501 plus

2003 1523 2294 1578 hominum
2326 1537 2495 1593 quam
2529 1522 2782 1577 victuum
2818 1520 3029 1575 fertilis
3064 1534 3190 1576 esse
3221 1525 3494 1576 narratur
3521 1534 3650 1591 pre-

2004 1611 2356 1681 scriptorum
2390 1624 2742 1681 paganorum
2771 1608 2954 1679 copia)
2987 1608 3206 1677 multae,
3232 1624 3359 1679 quae
3383 1610 3491 1663 sub
3515 1623 3651 1678 qua-

2006 1705 2137 1755 tuor
2160 1699 2407 1755 sultanis
2426 1698 2625 1754 divisae
2648 1729 2715 1736 ——-
2738 1696 2822 1753 sic
2845 1696 2995 1752 enim
3020 1701 3285 1766 satrapas
3310 1710 3449 1752 suos
3473 1696 3651 1750 nomi-

2005 1801 2143 1842 nare
2176 1786 2368 1842 solent
2390 1817 2458 1825 —-
2481 1785 2577 1841 uni
2610 1789 2831 1840 tantum
2864 1784 3100 1839 Persico
3134 1784 3471 1855 imperatori
3507 1798 3649 1854 pene

2006 1874 2183 1929 divini
2206 1873 2404 1930 cultus
2430 1888 2587 1929 more
2612 1873 2877 1943 subjecti,
2904 1888 3004 1943 per
3029 1874 3375 1943 Armeniam,
3402 1874 3650 1943 indeque

2006 1962 2387 2030 Capadociam
2421 1966 2715 2030 totamque
2746 1960 3075 2015 Romaniam
3105 1967 3280 2030 atque
3312 1961 3515 2016 Siriam
3546 1960 3652 2016 dif-

2006 2051 2115 2106 fusi
2138 2057 2292 2107 sunt.
2320 2050 2510 2105 Primo
2529 2050 2742 2119 quippe
2764 2050 3014 2118 Niccam,
3036 2048 3340 2105 catholica:
3361 2051 3649 2119 quondam

2004 2138 2140 2193 ﬁdei
2171 2138 2376 2195 turrim
2412 2138 2822 2205 ﬁrmissimam,
2857 2144 3212 2208 expugnant,
3246 2138 3560 2195 trucidatis
3593 2139 3648 2193 in

2002 2240 2068 2281 ea
2092 2226 2430 2281 christianis
2459 2241 2605 2295 quos
2633 2228 2930 2295 ceperant,
2965 2224 3332 2280 Solomanuin
3366 2227 3651 2295 quendam

2003 2314 2075 2368 de
2100 2315 2223 2369 suis
2256 2318 2561 2383 tyrannum
2601 2329 2729 2367 cum
2773 2312 3046 2383 presidiis
3088 2313 3301 2382 locant,
3351 2314 3652 2369 universas

2001 2402 2457 2472 circumquaque
2503 2402 2771 2470 regiones
2808 2416 2993 2471 usque
3024 2401 3095 2455 ad
3130 2400 3395 2471 paludem
3426 2401 3547 2457 sive
3579 2403 3653 2457 si-

2004 2505 2136 2545 nuin
2163 2489 2339 2544 maris
2364 2489 2459 2558 qui
2487 2488 2786 2544 brachium
2820 2488 3007 2543 sancti
3037 2488 3264 2557 Georgii
3290 2488 3506 2545 dicitur
3529 2491 3652 2545 fun-

2004 2578 2165 2633 ditus
2210 2578 2608 2645 devastantes,
2659 2575 2800 2632 nulli
2850 2577 3050 2633 animae
3098 2577 3457 2647 christiana),
3508 2577 3649 2634 nulli

2003 2664 2289 2721 mcclesiae
2312 2664 2403 2720 vel
2428 2664 2800 2734 monasterio,
2823 2664 2992 2719 immo
3018 2680 3121 2720 nec
3150 2666 3294 2736 ipsis
3313 2671 3649 2722 sanctorum

2005 2754 2351 2822 imaginibus
2380 2758 2705 2823 parcentes.
2730 2785 2798 2792 ——
2821 2752 3080 2807 Vidimus
3105 2755 3255 2807 enim
3280 2758 3335 2807 et
3360 2753 3547 2810 adhuc
3571 2754 3652 2809 vi-

2005 2842 2141 2897 dere
2170 2842 2499 2897 miserabile
2524 2842 2918 2911 spectaculum
2941 2847 3031 2896 est
3059 2842 3112 2896 in
3137 2842 3499 2898 semidirutis
3526 2857 3654 2913 par-

2002 2932 2147 2986 tium
2179 2930 2403 2985 illarum
2436 2930 2714 2985 oratoriis
2746 2930 2930 3000 ipsam
2963 2929 3281 2986 Salvatoris
3322 2931 3505 2987 nostri
3534 2930 3656 3000 eju-

2004 3035 2147 3090 sque
2176 3018 2612 3088 gloriosissima)
2640 3018 2945 3086 genitricis
2978 3034 3083 3074 seu
3113 3018 3509 3088 quorumlibet
3541 3018 3656 3075 ele-

2002 3113 2230 3163 ctorum
2283 3108 2564 3177 picturas,
2619 3107 2906 3162 truncatis
2957 3108 3197 3163 naribus
3254 3107 3342 3162 vel
3390 3108 3651 3178 auribus,

2005 3195 2270 3251 manibus
2288 3194 2380 3249 vel
2402 3194 2665 3265 pedibus,
2683 3194 3075 3250 desolatarum
3097 3194 3494 3251 :ecclesiarum
3516 3211 3655 3266 quo-

1924 3288 1974 3351 C
2004 3282 2309 3338 dammodo
2343 3283 2561 3338 luctum
2597 3282 2911 3337 visibiliter
2943 3283 3312 3353 prctendere,
3356 3283 3653 3353 divinique

1998 3370 2202 3441 judicii
2227 3384 2402 3441 super
2421 3385 2483 3425 se
2502 3370 2835 3439 vigilantem
2858 3371 3076 3440 virgam
3104 3371 3289 3441 plagis
3314 3371 3478 3439 quasi
3508 3386 3654 3426 sem-

2006 3474 2108 3531 per
2141 3460 2473 3514 recentibus
2505 3463 2823 3513 ostentare.
2861 3458 2959 3513 His
2991 3464 3048 3513 te
3079 3457 3311 3527 gladiis,
3346 3473 3378 3514 0
3411 3458 3652 3515 nobilis-

2007 3549 2149 3602 sima
2170 3546 2705 3616 Constantinopolis
2729 3561 2833 3601 nec
2860 3547 3011 3615 regis
3036 3547 3118 3602 tui
3144 3548 3357 3601 tutavit
3381 3546 3652 3601 millefor-

2005 3636 2113 3691 mis
2143 3634 2377 3704 astutia,
2404 3648 2509 3690 ncc
2539 3634 2751 3690 civium
2783 3635 3144 3706 populositas
3175 3635 3503 3701 innumera;
3539 3649 3652 3691 non

2006 3729 2064 3779 te
2090 3723 2413 3794 frequentia
2439 3723 2823 3778 nundinarum
2845 3723 2932 3778 vel
2955 3723 3173 3778 infinita
3198 3724 3502 3793 congeries
3525 3722 3652 3780 auri

2006 3813 2288 3877 redemit;
2329 3826 2442 3867 non
2484 3817 2538 3866 te
2578 3812 3001 3881 Waringorum,
3040 3827 3149 3866 non
3183 3816 3236 3867 te
3266 3812 3654 3883 Thurcopolo-

2006 3913 2133 3956 rum
2152 3906 2385 3956 tuorum
2406 3900 2493 3955 vel
2516 3900 2949 3956 Pincinatorum
2971 3900 3317 3956 classiumve
3340 3899 3651 3957 multitudo

2007 3987 2299 4053 defendit;
2345 3987 2529 4043 solum
2576 3988 2679 4042 tibi
2719 3988 2908 4056 stagni
2959 3989 3208 4058 predicti
3261 3988 3651 4045 intersticium

2009 4077 2261 4149 presidio
2286 4078 2413 4145 fuit,
2441 4078 2612 4132 immo
2636 4078 2758 4132 sola
2787 4083 2841 4131 te
2868 4078 3163 4134 Creatoris
3184 4079 3448 4147 operatio
3472 4077 3656 4133 muni-

2007 4166 2113 4222 vit.
2163 4165 2457 4234 Subjacuit
2509 4165 2806 4220 furoribus
2838 4165 2970 4220 istis
3001 4169 3314 4236 prepotens
3362 4167 3653 4235 quondam

2007 4251 2334 4321 Antiochia,
2378 4257 2435 4307 ct
2474 4267 2545 4307 ne
2585 4252 2782 4307 multis
2823 4267 3033 4322 morer,
3081 4254 3323 4309 dextras
3362 4254 3653 4311 dederunt

2008 4350 2129 4401 tota
2160 4340 2330 4401 simul
2366 4341 2510 4399 Siria
2542 4346 2719 4411 atque
2745 4339 3057 4397 Palestina.
3078 4343 3346 4413 ~lgitur
3381 4349 3531 4399 terra
3564 4356 3652 4399 re-

2009 4432 2407 4506 promissionis
2447 4432 2712 4500 subacta,
2747 4433 2933 4484 mater
2974 4435 3187 4485 nostra;
3228 4431 3652 4503 redemptionis

2009 4538 2075 4580 ac
2100 4522 2232 4578 fidei
2252 4520 2611 4577 Hierusalem
2641 4517 2858 4590 duplici
2892 4518 3254 4588 captivitatis
3280 4520 3422 4589 jugo
3449 4533 3653 4589 grava-

2011 4617 2134 4678 tur;
2170 4608 2424 4666 solamen
2447 4613 2637 4665 tamen
2661 4611 2785 4663 erat
2810 4607 3011 4679 utique
3035 4606 3466 4679 perparvulum,
3500 4608 3652 4677 quod

2009 4697 2459 4771 opprimentium
2484 4711 2547 4753 se
2571 4697 3021 4752 Sarracenorum
3048 4694 3290 4752 Thurcis
3319 4695 3501 4752 multo
3533 4700 3653 4752 tur-

2010 4789 2137 4860 pior
2162 4786 2327 4859 plebs
2342 4800 2506 4857 mqua
2525 4788 2683 4842 sorte
2701 4784 3002 4841 multatur.
3029 4784 3226 4840 Posito
3250 4783 3391 4839 inibi
3416 4782 3649 4840 sultano

2009 4885 2411 4955 militibusque
2441 4885 2786 4953 numerosis,
2822 4883 2894 4939 ad
2926 4882 3368 4939 instaurandum
3391 4886 3653 4937 antemu-

2009 4984 2130 5041 rale
2161 4982 2270 5052 ¹⁸²⁰,
2305 4981 2459 5053 quod
2490 4982 2773 5038 hactenus
2804 4981 3085 5049 cernitur,
3140 4979 3323 5035 aliave
3373 4977 3649 5048 quaslibet

2008 5079 2275 5150 aedificia,
2300 5078 2686 5134 destruuntur
2706 5076 2804 5132 illa
2824 5091 2952 5148 quas
2972 5082 3137 5134 extra
3159 5075 3459 5132 civitatem
3480 5080 3651 5132 erant

2009 5176 2358 5236 monasteria
2379 5192 2394 5244 ;
2412 5174 2633 5232 Domini
2657 5188 2797 5233 vero
2820 5174 3192 5247 sepulchrum
3216 5177 3463 5244 questus
3487 5174 3649 5231 dum-

1608 5297 1844 5354 νΑΒιτΕ
1885 5295 2180 5354 LECTION
2185 5293 2283 5349 ES.

317 5417 407 5453 ““
432 5416 637 5491 potius
664 5414 844 5473 latam
891 5415 1076 5476 scribi
1102 5414 1361 5496 voluisse
1404 5412 1680 5472 videtur:
1730 5416 1850 5469 tam
1880 5412 2058 5469 latam
2088 5409 2250 5492 false
2285 5404 2477 5537 supgt.
2514 5413 2565 5465 5.
2643 5403 2733 5438 ¹⁶¹⁸
2770 5420 2891 5462 cec.
2926 5420 3104 5487 prave
3137 5406 3542 5488 discernentes
3570 5406 3641 5465 Ii.

317 5490 330 5524 τ
356 5490 675 5537 nmmnet
705 5485 885 5537 addit
910 5488 973 5537 ﬂ.
1058 5484 1151 5520 ιω
1181 5485 1225 5537 l.
1266 5485 1409 5537 alios
1441 5485 1721 5537 quosdam
1752 5484 1820 5537 Η.
1897 5481 1989 5517 ³⁸⁸⁸
2017 5486 2069 5537 ὅ.
2102 5480 2285 5537 addit
2303 5494 2382 5537 ru
2452 5494 2588 5537 am:
2614 5478 2695 5533 De
2720 5478 3079 5537 Drofectione
3119 5476 3638 5537 hierosolimitana.

251 5482 330 5525 ’⁸³⁷
356 5482 675 5560 extorquet
705 5485 885 5545 addit
908 5488 973 5544 Η.

250 5562 331 5598 ι⁶²⁰
358 5556 592 5622 murale
618 5568 771 5618 corr.
809 5556 1169 5617 antemurale
1206 5564 1253 5614 1.

1058 5484 1151 5557 ιω
1181 5485 1225 5543 l.
1266 5485 1409 5544 alios
1441 5485 1721 5557 quosdam
1752 5484 1820 5540 Η.
1897 5481 1989 5517 ¹⁶ί⁹
2017 5486 2069 5538 ὅ.
2102 5480 2285 5541 addit
2303 5494 2382 5538 να

2452 5494 2588 5540 am:
2614 5478 2695 5533 De
2720 5476 3079 5550 profectione
3119 5476 3638 5537 hierosolimitana.

1835 5621 2060 5681 ΝΟΤΛΕ.

302 5707 456 5782 (281)
489 5705 533 5764 Ι.
570 5715 625 5760 e.
661 5696 849 5757 Cairo.
