3934 6426
329 392 445 454 967

1494 388 1976 454 EKKEHARDI
2018 389 2572 453 URAUGIENSIS

3633 392 3757 451 868

331 560 490 611 taxat
512 546 700 623 gratia
726 550 1134 611 intemeratum
1161 546 1547 625 relinquitur;
1575 552 1851 626 templum
1875 553 1983 610 Do-
2013 561 2065 621 Α
2100 564 2160 609 se
2192 552 2707 623 triumphaturum.
2730 551 2867 607 Mira
2898 556 3092 608 autem
3117 555 3178 608 et
3204 550 3578 608 inestimabili
3607 551 3757 607 divi-

334 644 465 698 mini
516 643 963 699 famosissimum
1008 647 1065 697 ct
1108 643 1275 711 nulli,
1318 647 1380 699 ut
1423 642 1702 707 arbitror,
1749 642 1983 699 humani

332 730 877 803 operis'structurae
909 730 1363 802 comparandum
1399 731 1702 800 sacrilegae
1737 745 1987 802 pagano-

333 836 456 876 rum
507 819 773 887 religioni
807 823 1169 883 reservatur,
1205 824 1502 889 tantaeque
1554 834 1786 890 semper
1832 819 1984 890 apud

332 908 467 963 illos
497 908 824 963 habebatur
861 907 1246 976 venerationi,
1282 914 1344 963 ut
1374 922 1664 977 nunquam
1700 907 1844 963 illud
1877 907 1985 963 nisi

332 997 501 1056 nudis
519 999 576 1051 et
597 995 735 1051 lotis
757 995 1002 1066 pedibus
1022 995 1331 1061 intrarent,
1350 995 1568 1051 nullum
1590 1010 1728 1050 vero
1749 998 1820 1050 dc
1838 995 1989 1050 chri-

332 1085 557 1153 stianis,
584 1098 731 1154 quos
754 1083 958 1154 utique
992 1084 1237 1139 maxime
1272 1083 1596 1139 immundos
1620 1083 1984 1167 judicabant,

326 1190 431 1248 per
453 1176 544 1228 tot
570 1186 852 1228 annorum
876 1170 1171 1228 curricula
1195 1175 1312 1226 tam
1339 1174 1792 1227 Sarracenorum
1817 1185 1986 1241 quam

322 1263 679 1319 Thurcorum
699 1264 965 1331 tempore
987 1260 1077 1315 vel
1098 1260 1249 1315 intra
1270 1259 1484 1315 atrium
1507 1258 1731 1329 ingredi
1753 1258 1991 1329 permit-

322 1354 539 1407 terent.

398 1442 535 1495 Cum
577 1451 717 1506 ergo
758 1435 1019 1491 victores
1052 1436 1205 1492 idem
1246 1450 1399 1493 nunc
1430 1436 1627 1505 armis,
1664 1440 1727 1491 ut
1762 1450 1859 1490 res
1894 1449 1989 1505 po-

327 1528 548 1595 scebat,
582 1525 948 1595 insudarent,
981 1539 1132 1581 nunc
1156 1524 1385 1581 lusibus
1412 1539 1476 1580 ac
1504 1523 1751 1593 deliciis,
1787 1526 1989 1594 utpote

324 1632 352 1672 a
377 1616 573 1686 glarea
591 1614 789 1684 jejuna
815 1613 871 1668 in
896 1619 1111 1668 terram
1140 1613 1386 1669 maxime
1410 1613 1777 1668 fructiferam
1804 1616 1992 1667 trans-

324 1703 595 1776 plantati,
649 1701 882 1758 sibimet
940 1700 1333 1769 indulgerent,
1372 1701 1427 1756 in
1461 1700 1693 1755 illorum
1746 1698 1991 1755 servitio

327 1808 454 1863 qua:
482 1794 797 1859 tormenta,
836 1804 979 1859 quas
1008 1804 1237 1859 cruces,
1274 1803 1492 1860 quasve
1530 1803 1633 1859 per
1665 1788 1853 1844 omnia
1891 1787 1993 1841 mi-

2098 640 2300 696 uitatis
2337 640 2775 711 dispensatione
2817 644 2899 696 tot
2940 640 3155 696 Christi
3196 641 3473 709 membra,
3515 639 3748 710 linguis,

2098 728 2371 784 tribubus
2402 733 2462 784 et
2494 729 2830 785 nationibus
2862 727 3211 799 differentia,
3255 728 3452 785 subito
3484 728 3541 783 in
3573 743 3750 785 unum

2097 815 2306 872 Christi
2333 817 2582 872 caritate
2605 816 2991 887 conglutinati
3015 818 3361 873 coaluerunt
3380 806 3613 888 corpus,
3638 833 3751 873 uno

2096 919 2297 960 omnes
2348 906 2580 961 Christo
2620 920 2775 975 rege,
2823 904 2924 960 sed
2971 905 3220 975 singulis
3260 904 3505 975 singulae
3546 910 3753 975 gentes

2099 998 2426 1064 procurataa
2484 993 2751 1064 ducibus,
2811 994 3110 1049 Gotefrido
3167 994 3396 1050 scilicet
3452 993 3753 1049 Lotharin-

2094 1080 2284 1150 giensi
2330 1082 2569 1152 suisque
2627 1081 2910 1137 fratribus
2963 1080 3301 1137 Baldewino
3350 1086 3407 1137 et
3462 1081 3747 1151 Eustatio,

2096 1168 2395 1240 Ruoperto
2432 1169 2791 1239 Flandrcnsi,
2836 1169 2973 1225 item
3016 1170 3313 1239 Ruoperto
3344 1168 3750 1238 Normannico,

2097 1255 2460 1325 Regimundo
2490 1257 2700 1313 comite
2724 1257 2794 1312 de
2819 1258 3031 1313 Sancto
3057 1256 3283 1327 Egidio,
3310 1257 3548 1326 Hugone
3572 1256 3751 1313 fratre

2097 1344 2351 1416 Philippi
2403 1346 2559 1415 regis
2608 1345 2828 1416 Galliae,
2874 1346 3224 1416 caeterisque
3276 1344 3538 1414 ejusdem
3589 1345 3754 1402 indu-

2099 1434 2280 1503 striae,
2334 1433 2661 1490 nobilitatis
2705 1439 2879 1505 atque
2932 1433 3294 1491 fortitudinis
3344 1433 3748 1490 bellatoribus.

2099 1521 2321 1587 Quibus
2344 1523 2613 1580 omnibus
2640 1524 2987 1581 venerandae
3019 1523 3352 1580 sanctitatis
3374 1530 3432 1579 et
3454 1522 3751 1594 sapientiae

2100 1610 2308 1682 virum,
2343 1612 2728 1668 Hademarum
2751 1613 3091 1684 episcopum
3120 1612 3290 1682 (284),
3315 1611 3593 1682 praefatus
3618 1626 3754 1682 apo-

2101 1699 2351 1755 stolicus
2382 1701 2666 1770 prefecit;
2700 1701 2795 1757 cui
2830 1706 2886 1756 et
2922 1700 3138 1770 ligandi
3185 1699 3562 1770 solvendique
3593 1703 3755 1771 pote-

2100 1792 2378 1858 statem,a
2402 1790 2573 1844 beato
2595 1792 2769 1845 Petro
2791 1791 3060 1845 Romanze
3084 1788 3209 1845 sedi
3232 1788 3753 1858 hereditatem,sua

326 1880 511 1937 serias
541 1879 893 1950 superstites
933 1877 1291 1934 christicolae
1340 1881 1707 1949 paterentur,
1742 1878 1838 1933 vix
1874 1876 1993 1932 cui-
2022 1910 2075 1972 Β
2106 1878 2233 1934 vice
2266 1893 2496 1950 semper
2535 1880 2921 1935 exercendam
2951 1879 3268 1949 concessit,
3301 1878 3754 1949 insignitumque

326 1968 473 2024 libet
504 1968 810 2038 inexperto
839 1966 1121 2022 credibile
1151 1970 1273 2031 est;
1307 1981 1408 2037 per
1431 1965 1766 2036 legationes
1797 1969 1991 2020 tamen

327 2055 833 2127 frequentissimas
852 2054 942 2087 ¹⁶²¹
960 2059 1019 2110 et
1038 2054 1342 2125 epistolas,
1367 2055 1545 2111 etiam
1569 2068 1598 2109 a
1618 2053 1786 2110 nobis
1814 2053 1989 2110 visas.

325 2144 715 2202 universalem
756 2142 1082 2199 aecclesiam
1125 2143 1408 2199 aecclesiae
1454 2141 1992 2198 Hierosolimitanas

324 2234 381 2289 in
410 2231 730 2304 presidium
758 2231 1089 2301 lugubriter
1118 2230 1521 2301 inclamantes,
1554 2230 1785 2286 adverti
1822 2229 1992 2286 facile

324 2326 537 2393 potest.
564 2318 875 2375 Predictus
896 2319 1071 2374 etiam
1098 2319 1339 2375 Alexius
1364 2320 1686 2390 imperator
1714 2321 1996 2375 Constan'

324 2407 748 2480 tinopolitanus
794 2420 972 2478 super
1013 2408 1235 2463 eisdem
1280 2407 1548 2463 barbaris
1594 2407 1964 2478 predonibus

323 2512 427 2569 per
451 2496 725 2567 majorem
746 2496 862 2565 jam
887 2496 1049 2565 regni
1072 2496 1159 2551 sui
1183 2500 1405 2566 partem
1433 2495 1683 2564 diffusis,
1713 2510 1826 2550 non
1855 2490 1994 2565 paul

321 2600 420 2642 cas
441 2585 723 2657 epistolas
754 2585 986 2641 Urbano
1010 2598 1175 2655 papae
1200 2584 1433 2654 direxit,
1476 2584 1689 2655 quibus
1717 2584 1774 2638 in
1798 2583 1993 2639 defen-

322 2674 547 2731 sionem
598 2672 973 2729 orientalium
1024 2672 1425 2729 aecclesiarum
1459 2688 1519 2728 se
1553 2687 1668 2729 non
1723 2671 1992 2728 sufﬁcere

324 2761 650 2834 deploravit
693 2762 1023 2830 obtestans,
1071 2764 1280 2831 totum,
1317 2760 1361 2816 si
1398 2759 1519 2816 fieri
1566 2766 1789 2831 posset,
1840 2758 1992 2816 occi-

323 2850 577 2918 dentem,
614 2848 711 2919 qui
738 2848 854 2919 jam
887 2863 958 2903 ex
994 2848 1222 2918 integro
1264 2849 1583 2904 christiana
1621 2848 1990 2920 professione

323 2941 689 3007 censeretur,
716 2936 827 2993 sibi
849 2937 904 2991 in
926 2935 1278 3005 adjutorium
1308 2937 1607 3007 advocari,
1639 2937 1991 3009 promittens

321 3041 427 3099 per
451 3041 513 3081 se
537 3030 752 3081 cuncta
786 3025 1124 3080 necessaria
1158 3025 1517 3095 praeliaturis
1542 3030 1704 3083 terra
1729 3026 1990 3097 marique

322 3112 663 3170 ministrari.

393 3202 531 3259 lndc
577 3205 916 3258 commotus
974 3201 1334 3272 apostolicus
1378 3208 1436 3257 et
1485 3202 1670 3259 omnis
1724 3202 1989 3259 zecclesia

320 3291 574 3349 Romana
607 3289 716 3361 ιω,
751 3289 1028 3359 generale
1071 3291 1385 3347 concilium
1430 3291 1485 3346 in
1528 3291 1819 3363 Hispaniae
1857 3306 1993 3367 con_

321 3380 459 3436 flnio
491 3378 639 3451 (282)
672 3378 760 3434 vel
801 3377 912 3448 1°”,
959 3382 1023 3435 ut
1063 3380 1296 3449 quidam
1342 3378 1563 3446 dicunt,
1610 3380 1821 3435 Parisii
1856 3395 1993 3438 con-

318 3468 550 3540 gregari
585 3468 723 3523 fecit
765 3468 886 3537 (an.
924 3470 1119 3538 1095);
1163 3482 1277 3537 quo
1319 3470 1494 3522 etiam
1528 3468 1655 3540 ipse
1690 3468 1989 3524 laborioso

320 3558 491 3613 nimis
516 3557 725 3612 itinere
750 3556 1115 3627 perveniens,
1140 3556 1465 3614 innumeris
1486 3557 1585 3628 qui
1610 3557 1827 3613 ibidem
1855 3572 1991 3613 con-

319 3650 603 3703 venerant
636 3644 866 3716 populis
897 3644 1389 3715 diversorumque
1421 3660 1739 3715 regnorum
1772 3646 1987 3715 legatis

323 3733 597 3790 universa
625 3747 752 3802 quas
777 3732 1109 3803 prescripta
1135 3738 1273 3788 sunt
1290 3738 1347 3788 et
1371 3734 1554 3790 multo
1578 3734 1860 3806 ampliora
1886 3748 1989 3791 ore

321 3821 734 3879 facundissime
775 3820 1142 3877 declamavit.
1168 3852 1239 3861 —
1262 3822 1391 3878 Mox
1420 3826 1507 3879 tot
1542 3822 1781 3879 milibus
1819 3824 1875 3878 in
1909 3822 1989 3893 la;

321 3911 536 3968 crimas
561 3908 862 3980 resolutis,
891 3910 1181 3966 variarum
1210 3925 1441 3982 quoque
1467 3912 1796 3981 linguarum
1826 3911 1985 3983 plan.

318 4001 515 4057 ctibus
549 3999 603 4053 in
634 3998 814 4054 altum
849 3998 1077 4072 levatis,
1117 3999 1172 4053 in
1206 3999 1315 4056 hoc
1347 4000 1433 4057 eis
1464 4000 1675 4057 doctor
1705 4001 1982 4070 egregius

319 4088 721 4145 remissionem
754 4087 1009 4143 omnium
1044 4087 1335 4144 condonat
1374 4094 1776 4159 peccatorum,
1803 4089 1870 4159 si,
1898 4103 1985 4145 re-

317 4163 621 4235 nunciatis
653 4176 921 4232 omnibus
953 4192 1081 4246 quae
1113 4177 1518 4247 possidebant,
1567 4193 1802 4234 crucem
1847 4176 1983 4249 post

321 4266 611 4323 Christum
632 4264 982 4321 unanimiter
1002 4268 1331 4335 portantes,
1350 4266 1826 4336 periclitantibus
1846 4280 1984 4325 con-

318 4354 660 4412 christianis
683 4354 903 4409 ferrent
925 4353 1225 4409 auxilium.
1251 4354 1372 4419 Qua
1393 4355 1705 4425 sponsione
1730 4358 1980 4413 arrectis

318 4443 524 4500 animis
561 4442 838 4511 omnium,
882 4442 1184 4512 designata
1230 4447 1365 4499 sunt
1400 4444 1470 4499 ad
1507 4459 1751 4514 presens
1782 4446 1839 4499 in
1871 4447 1980 4502 D0-

315 4533 454 4590 mini
478 4531 749 4588 miliciam
771 4531 1013 4588 circiter
1037 4535 1249 4587 100000
1268 4531 1550 4603 virorum,
1571 4546 1644 4588 ex
1666 4533 1977 4604 Aquitania

2105 1965 2358 2022 Caelestis
2391 1966 2614 2023 militia}
2647 1968 2922 2037 stigmate
2953 1968 3275 2024 exercitum
3308 1965 3630 2038 apostolica
3660 1965 3755 2021 be-

2106 2054 2434 2110 nedictione
2474 2057 2844 2126 consignans,
2890 2056 3164 2113 condicto
3195 2050 3266 2112 ab
3300 2054 3588 2112 universis
3616 2059 3756 2110 tem-

2105 2157 2246 2213 pore
2289 2144 2694 2215 profectionis,
2745 2147 2870 2216 ipse
2908 2160 3039 2201 cum
3081 2160 3192 2201 non
3234 2144 3458 2201 modica
3498 2141 3753 2214 ejusdem

2044 2252 2053 2259 -
2103 2231 2495 2303 expeditionis
2525 2237 2719 2289 turma
2743 2233 2966 2289 Italiam
2991 2234 3183 2291 rediit.

2175 2365 2406 2434 Legatis
2436 2364 2688 2436 denique
2718 2365 2964 2435 singulis
2988 2366 3058 2422 ad
3084 2365 3319 2438 propria
3352 2363 3606 2421 reversis
3629 2376 3755 2435 per-

2102 2457 2306 2521 vagata
2341 2452 2425 2508 cis
2454 2453 2720 2524 citraque
2752 2469 2886 2509 mox
2916 2455 3119 2510 orbem
3151 2458 3425 2510 cunctum
3459 2453 3581 2509 hzec
3609 2451 3753 2507 fama

2102 2541 2445 2607 commovit;
2480 2541 2742 2612 insuper,
2777 2541 2933 2613 quod
2958 2541 3117 2599 dictu
3142 2541 3407 2597 mirabile
3430 2546 3539 2608 est,
3567 2539 3755 2610 ipsum

2102 2630 2304 2685 oceani
2356 2629 2598 2686 limitem
2654 2630 2968 2687 velocitate
3015 2634 3295 2686 consueta
3347 2627 3752 2700 supervolans,

2104 2716 2502 2773 insulanarum
2533 2718 2708 2775 etiam
2739 2719 3032 2774 classibus
3063 2719 3239 2774 maria
3272 2717 3397 2789 ipsa
3424 2717 3479 2771 in
3504 2713 3757 2773 caelestis

2103 2807 2260 2875 regis
2295 2806 2569 2863 miliciam
2604 2806 2933 2864 redundare
2967 2807 3123 2863 fecit.
3166 2808 3327 2875 Nam,
3363 2808 3424 2861 ut
3458 2802 3756 2861 verissime

2101 2895 2515 2965 comperimus,
2546 2899 2664 2951 tam
2696 2895 2929 2964 ignotos
2960 2894 3166 2951 eﬂ‘udit
3196 2907 3453 2950 oceanus
3485 2889 3748 2962 populos,

2102 2983 2272 3053 cujus
2300 2998 2412 3039 non
2448 2984 2637 3040 dicam
2669 2999 2864 3040 mores
2887 2988 2944 3040 et
2970 2984 3224 3053 habitus,
3250 2982 3350 3039 sed
3374 2996 3443 3037 ne
3466 2978 3752 3050 loquelam

2103 3072 2410 3142 quisquam
2441 3072 2612 3142 hujus
2642 3073 2830 3129 litoris
2862 3073 3161 3128 habitator
3192 3071 3282 3127 vel
3314 3071 3383 3125 de
3414 3069 3556 3141 ipsis
3587 3065 3756 3123 mari-

2102 3160 2284 3216 nariis
2323 3166 2699 3229 agnosceret;
2756 3174 3108 3231 rursumque
3148 3159 3316 3229 alios,
3359 3157 3568 3229 quibus
3610 3153 3753 3210 nihil

2022 3265 2070 3328 ρ
2105 3252 2303 3318 preter
2334 3263 2538 3318 panem
2571 3254 2628 3303 et
2662 3262 2868 3319 aquam
2902 3247 2957 3304 in
2995 3262 3103 3305 usu
3134 3248 3328 3303 victus
3369 3250 3554 3312 esset;
3587 3243 3748 3299 item-

2105 3351 2215 3407 que
2244 3338 2546 3407 quosdam,
2582 3337 2795 3408 quibus
2825 3342 3129 3407 argentum
3162 3352 3269 3407 pro
3303 3337 3456 3392 ferro
3488 3334 3544 3389 in
3572 3331 3749 3389 omni-

2105 3426 2213 3481 bus
2262 3425 2381 3482 suis
2430 3426 2782 3482 utensilibus
2824 3430 2998 3482 esset.
3054 3426 3197 3481 Hinc
3244 3429 3303 3480 et
3351 3424 3749 3492 undecumque

2103 3514 2427 3582 augebatur
2470 3515 2690 3570 cotidie
2740 3515 3123 3571 circumcirca
3164 3515 3523 3583 signatorum
3561 3523 3752 3567 nume-

2102 3617 2221 3671 rus,
2247 3608 2307 3658 et
2330 3607 2391 3659 ut
2417 3603 2858 3674 prelibavimus,
2887 3603 2941 3658 in
2967 3603 3300 3673 hujusmodi
3325 3600 3749 3674 expeditionem

2100 3694 2264 3747 totus
2308 3692 2513 3760 fervet,
2554 3697 2717 3747 totus
2753 3692 3091 3748 concutitur
3122 3691 3218 3750 vel
3244 3691 3442 3765 potius
3476 3689 3748 3746 transfor-

2102 3779 2246 3834 mari
2280 3778 2592 3834 videbatur
2621 3779 2892 3835 mundus.

2170 3909 2540 3978 Francigenis
2556 3909 3024 3967 occidentalibus
3041 3908 3210 3966 facile
3228 3910 3571 3981 persuaderi
3593 3916 3750 3983 pote-

2098 4003 2188 4055 rat
2214 4013 2317 4056 sua
2339 4014 2474 4055 rura
2498 3998 2862 4068 relinquere;
2897 4015 3025 4056 nam
3057 3998 3273 4056 Gallias
3301 4015 3407 4071 per
3434 4014 3618 4056 annos
3648 3999 3741 4055 ali-

2097 4092 2241 4158 quot
2270 4101 2422 4144 nunc
2450 4087 2663 4143 seditio
2692 4087 2901 4155 civilis,
2934 4103 3085 4144 nunc
3118 4090 3321 4160 fames,
3353 4103 3503 4146 nunc
3536 4094 3745 4145 morta-

2097 4175 2234 4233 litas
2256 4178 2430 4235 nimis
2451 4175 2755 4248 aﬁlixerat,
2784 4182 3082 4249 postremo
3104 4178 3269 4250 plaga
3296 4178 3414 4245 illa,
3441 4192 3569 4248 qua:
3590 4177 3741 4233 circa

2094 4265 2461 4323 Nivalensem
2491 4270 2710 4323 sanctae
2744 4267 3064 4324 Gerdrudis
3095 4267 3421 4325 tecclesiam
3447 4268 3593 4339 (285)
3616 4272 3741 4322 orta

2094 4360 2204 4426 est,
2251 4371 2436 4426 usque
2465 4357 2537 4412 ad
2568 4357 2703 4413 vitm
2743 4357 3214 4426 desperationem
3256 4361 3566 4413 terruerat.
3612 4357 3747 4411 Erat

2094 4448 2287 4500 autem
2318 4444 2669 4515 hujusmodi.
2704 4447 2917 4503 Tactus
2948 4447 3252 4517 quisquam
3286 4446 3414 4516 igne
3446 4442 3742 4514 invisibili,

2096 4548 2461 4605 quacumque
2490 4535 2760 4607 corporis
2781 4541 2968 4606 parte,
3000 4540 3113 4591 tam
3137 4536 3235 4592 diu
3260 4533 3549 4605 sensibili,
3573 4534 3744 4590 immo

318 4622 545 4680 scilicet
585 4625 760 4691 atque
790 4620 1156 4689 Normannia,
1194 4619 1418 4689 Anglia,
1456 4620 1648 4677 Scotia
1681 4626 1741 4677 et
1773 4622 1979 4678 Hiber-
2009 4625 2062 4686 D
2095 4622 2535 4694 incomparabili
2570 4629 2862 4680 tormento
2898 4625 3073 4680 etiam
3105 4622 3630 4679 inremediabiliter
3659 4635 3747 4678 ar-

321 4711 438 4783 nia,
474 4710 792 4781 Britannia,
828 4709 1045 4766 Galicia
1068 4708 1179 4775 ιω,
1208 4708 1538 4778 Wasconia,
1574 4709 1777 4779 Gallia,
1814 4710 1979 4787 Flan_

322 4799 471 4870 dria,
506 4798 897 4869 Lotharingia,
929 4797 1276 4867 caeterisque
1309 4797 1584 4887 gentibus
1614 4799 1973 4887 christianis,

322 4902 567 4960 quarum
604 4902 755 4944 nunc
794 4886 1025 4942 minime
1062 4889 1379 4942 occurrunt
1419 4886 1722 4944 vocabula.
1773 4886 1979 4945 Crucis

322 4976 685 5048 signaculum
707 4977 764 5032 in
785 4975 1048 5033 vestibus
1072 4975 1221 5029 idem
1246 4988 1381 5030 vere
1405 4975 1658 5030 crucifer
1681 4979 1980 5037 exercitus

321 5070 399 5128 ob
429 5067 902 5127 mortiﬁcationis
934 5064 1269 5139 preferebat
1300 5066 1831 5135 commonitorium,
1855 5084 1979 5127 cre-

326 5161 472 5218 dens
515 5160 571 5216 in
603 5160 732 5230 hoc,
764 5158 930 5229 juxta
961 5155 1240 5212 visionem
1273 5156 1473 5225 Magno
1507 5159 1796 5228 quondam
1837 5160 1980 5215 Con-

322 5248 582 5305 stantino
613 5246 930 5304 revelatam
957 5244 1128 5316 (283),
1155 5244 1225 5299 ab
1250 5242 1501 5302 inimicis
1533 5246 1728 5304 crucis
1761 5241 1975 5303 Christi

2095 4714 2289 4783 debat,
2320 4728 2627 4786 quousque
2650 4712 2743 4770 vel
2767 4714 3040 4787 spiritum
3062 4726 3192 4770 cum
3213 4713 3480 4770 cruciatu
3507 4711 3596 4768 vel
3619 4726 3747 4768 cru-

2092 4802 2309 4859 ciatum
2329 4819 2457 4860 cum
2478 4804 2607 4875 ipso
2629 4807 2789 4861 tacto
2808 4805 3069 4859 membro
3089 4801 3406 4860 amitteret.
3433 4803 3746 4857 Testantur

2093 4891 2203 4950 hoc
2234 4893 2520 4949 hactenus
2569 4893 2853 4964 nonnulli,
2906 4893 3174 4950 manibus
3226 4889 3312 4948 vel
3361 4890 3608 4964 pedibus
3638 4889 3744 4949 hac

2092 4996 2239 5055 pena
2266 4981 2541 5038 truncati.
2568 4981 2944 5052 Reliquarum
2964 4982 3262 5040 nationum
3285 4981 3489 5053 plebes
3508 4978 3599 5035 vel
3618 4991 3747 5051 per-

2093 5086 2249 5129 sona}
2280 5071 2431 5142 aliae,
2474 5076 2674 5142 preter
2711 5070 3104 5141 apostolicum
3145 5072 3401 5129 edictum
3444 5069 3745 5144 prophetis

2095 5160 2445 5232 quibusdam
2479 5160 2634 5216 inter
2664 5173 2723 5216 se
2760 5175 2943 5233 nuper
2975 5162 3200 5219 exortis
3231 5176 3335 5220 seu
3372 5162 3555 5233 signis
3582 5160 3747 5221 cale-

2094 5250 2286 5307 stibus
2319 5264 2387 5307 ac
2420 5249 2876 5307 revelationibus
2905 5253 2975 5307 ad
3002 5257 3217 5309 terram
3241 5265 3305 5309 se
3326 5250 3415 5284 1⁸³⁵
3438 5250 3751 5325 repromis-

1706 5343 1942 5400 VARI/E
1985 5346 2383 5403 LECTIONES.

396 5441 488 5513 ξω
516 5447 561 5499 t.
598 5440 870 5513 assiduas
922 5442 987 5513 et
1039 5453 1129 5511 ep.
1167 5439 1675 5513 frequentissimas
1706 5446 1760 5497 δ.

1194 5440 1762 5521 requentissimasb1
1830 5440 2233 5521 _“”_aeccles_i_a
2254 5443 2772 5521 juno‘dominicw
2803 5446 3045 5521 incarn.
3081 5444 3221 5504 mill.
3257 5446 3396 5506 XC°.
3429 5446 3548 5505 VI°.
3579 5462 3638 5521 g.
3670 5448 3736 5505 Η.

353 5510 425 5549 ⁸¹⁹
452 5529 510 5575 v.
538 5528 596 5573 ιι.
631 5527 687 5585 q.
724 5510 779 5570 d.
813 5513 879 5568 P.
907 5512 976 5570 in
999 5510 1355 5585 mamma].
1395 5512 1802 5585 superscripta
1829 5512 1892 5569 D.
1926 5513 2142 5571 desunt
2164 5514 2226 5572 ιδ
2254 5515 2319 5571 Η.
2399 5512 2488 5549 ¹⁶²⁴
2511 5516 2736 5587 galacia
2769 5518 2849 5575 1b.

2938 5516 3031 5553 ιη’
3058 5532 3353 5593 superscr.
3384 5524 3437 5577 1.

1930 5611 2154 5670 NOTrE.

414 5685 544 5743 282)
578 5683 749 5741 Claro
781 5686 998 5741 monte.

392 5682 545 5829 ἓξὲξ)
575 5683 875 5827 esse:

2162 5685 2315 5831 ea;
2344 5685 2712 5817 sarm-
