3934 6440
210 388 323 446 £969

1137 387 1564 449 (IHRONICA.
1601 421 1678 432 —-
1711 371 2191 447 CHRONICON
2241 376 2783 450 UNIVERSALE.

3529 379 3645 452 u‘io

210 519 388 577 sionis
419 525 701 591 vocatas,
743 521 880 578 alia:
903 537 963 578 se
990 522 1293 592 quibusvis
1317 520 1891 578 inconimoditatibus
1921 543 1974 599 Α
2009 536 2129 573 rum
2160 521 2420 590 pastibus
2445 522 3058 591 vigilal‘iant,civitatis
3082 541 3143 579 se
3169 526 3419 595 speciem
3443 541 3642 583 maere

214 609 280 663 ad
317 609 456 664 talia
490 617 637 664 vota
673 612 1020 682 compulsos
1057 611 1387 665 fatebantur
1415 629 1427 677 ;
1456 625 1653 679 magna
1680 609 1888 679 quippe

219 712 350 768 pars
386 713 598 753 eorum
633 715 774 754 cum
812 699 1161 767 conjugibus
1191 714 1256 754 ac
1286 699 1448 769 prole
1477 704 1709 766 totaque
1736 711 1793 749 re
1817 697 1894 748 fa-

220 785 428 840 miliari
459 789 668 842 onusti
699 787 1670 858 proficiscebantur.Orientalibus
1701 789 1889 839 autem

226 875 486 943 Francis,
529 876 874 931 Saxonibus
904 882 961 930 et
1009 876 1332 944 Thuringis,
1369 875 1646 943 Bajoariis
1677 878 1732 927 ct
1769 872 1895 927 Ala-

230 964 452 1018 mannis
481 964 615 1019 bzec
650 965 868 1019 bucina
901 964 1129 1017 minime
1174 963 1444 1030 insonuit,
1484 967 1720 1033 propter
1752 959 1892 1015 illud

234 1052 478 1107 maxime
514 1052 738 1108 scisma
776 1053 928 1122 quod
965 1053 1114 1106 inter
1147 1067 1385 1119 regnum
1418 1057 1471 1104 et
1501 1049 1891 1105 sacerdotium

233 1157 259 1196 a
292 1154 560 1212 tempore
586 1140 904 1196 Alexandri
932 1155 1090 1211 papa:
1128 1154 1309 1208 usque
1334 1140 1502 1193 hodie
1525 1147 1636 1192 tam
1664 1154 1766 1192 nos
1789 1138 1895 1191 Ro-

240 1231 419 1286 manis
451 1244 628 1298 quam
663 1231 954 1283 Romanos
978 1229 1144 1282 nobis
1172 1229 1386 1282 invisos
1410 1231 1464 1280 et
1494 1226 1889 1293 iufestosjam,

243 1319 347 1373 heu
378 1320 389 1371 !
417 1317 821 1373 confirmavit.
849 1318 982 1370 Inde
1006 1322 1089 1371 est
1118 1318 1266 1385 quod
1288 1312 1894 1385 omnispenepOpulus

239 1407 640 1461 Theutonicus
676 1407 726 1458 in
758 1405 1042 1475 principio
1069 1404 1446 1474 profectionis
1468 1403 1637 1472 hujus
1660 1417 1891 1456 causam

237 1495 604 1565 ignorantes,
646 1509 748 1564 per
781 1500 994 1548 terram
1022 1509 1181 1547 suam
1220 1496 1696 1546 transenntcstot
1721 1491 1893 1557 legio-

237 1598 336 1638 nes
371 1583 666 1652 equitum,
704 1587 789 1635 tot
822 1587 1045 1636 turmas
1083 1583 1338 1651 peditum
1376 1586 1573 1649 totque
1623 1585 1891 1634 catervas

240 1670 657 1738 ruricolarum,
695 1670 1033 1725 feminarum
1070 1686 1134 1723 ac
1169 1669 1560 1738 parvulorum,
1599 1667 1763 1736 quasi
1814 1668 1894 1721 in-

238 1759 434 1815 audita
465 1759 730 1813 stulticia
757 1758 1039 1812 delirantc
1064 1777 1067 1781 λ
1097 1759 1550 1818 subsannabant,
1573 1761 1772 1826 utpote
1795 1772 1890 1827 qui

244 1865 348 1918 pro
375 1848 560 1902 certis
582 1848 804 1901 incerta
834 1853 1158 1915 captantes,
1181 1853 1390 1900 terram
1409 1845 1733 1899 nativitatis
1749 1860 1890 1898 vane

241 1938 671 2005 relinquerent,
701 1941 914 1989 terram
945 1935 1412 2004 repromissionis
1434 1935 1707 1988 incertam
1728 1939 1888 1986 certo
1921 1914 1974 1972 B

239 2025 583 2079 discrimine
635 2029 1000 2093 appeterent,
1057 2024 1462 2077 renunciarent
1518 2022 1892 2076 l'acultatilms

239 2112 526 2184 propriis,
548 2113 839 2165 inhiarent
863 2111 1086 2165 alienis.
1116 2111 1222 2165 Sed
1249 2111 1510 2180 quamvis
1537 2116 1734 2164 nostra
1752 2125 1894 2178 gens

241 2201 482 2256 cii-teris
519 2200 701 2253 multo
727 2201 801 2252 sit
828 2199 1186 2268 insolentior,
1217 2205 1488 2270 respectu
1518 2205 1702 2252 tamen
1730 2198 1895 2251 mise-

242 2289 493 2344 rationis
528 2287 738 2341 divinie
773 2287 1085 2341 inclinatur
1118 2288 1348 2342 tandem
1399 2288 1468 2341 ad
1518 2286 1604 2318 ¹⁶²⁶
1657 2286 1895 2340 verbum

239 2379 514 2447 ejusdem
552 2376 1009 2431 renunciationis
1055 2377 1216 2432 furor
1244 2377 1650 2440 Theutonieus,
1683 2390 1710 2429 a
1745 2391 1898 2430 com-

249 2467 564 2522 meantium
601 2464 832 2519 scilicet
866 2466 1192 2520 turbisrem
1221 2466 1288 2519 ad
1320 2466 1604 2533 integrum
1629 2466 1894 2524 edoctus.

308 2558 605 2611 Praeterea
678 2554 905 2622 signum
975 2554 1026 2608 in
1101 2554 1224 2608 sole
1287 2555 1440 2624 quod
1509 2554 1894 2624 prescriptum

238 2651 328 2701 est
367 2646 514 2714 (286)
548 2644 734 2699 visum
773 2643 888 2712 (an.
930 2644 1109 2713 1090‘),
1153 2643 1449 2714 multaque
1503 2660 1629 2713 qua:
1681 2651 1794 2698 tam
1840 2646 1895 2700 in

235 2749 375 2789 aere
400 2748 567 2802 quam
591 2731 645 2785 in
673 2732 854 2786 terris
878 2737 1154 2803 portenta
1178 2739 1595 2804 apparuerunt,
1615 2734 1683 2788 ad
1706 2734 1898 2802 hujus‘

239 2822 394 2877 modi
428 2821 718 2876 cxercicia
749 2835 858 2875 non
887 2835 1101 2890 paucos
1128 2826 1296 2875 antea
1323 2823 1587 2892 torpidos
1607 2817 1899 2878 cxcitavc'

239 2916 398 2967 runt.
434 2912 474 2964 Ε
499 2910 720 2979 quibus
739 2908 930 2978 aliqua
955 2909 1044 2964 hic
1069 2909 1338 2965 interseri
1366 2911 1636 2966 duximus
1657 2911 1900 2973 utilissi_

242 3015 420 3067 mum,
454 3003 664 3053 cuncta
703 3012 842 3050 vero
877 2996 1295 3064 longissimum.
1335 3001 1468 3053 Nam
1504 3003 1558 3053 et
1586 3015 1688 3055 nos
1710 3016 1900 3053 come-

245 3095 364 3142 tem
395 3087 450 3141 in
487 3087 653 3156 plaga
689 3086 1004 3140 meridiana
1041 3092 1290 3141 stantem
1319 3104 1604 3158 suumque
1629 3090 1898 3159 splenth-

248 3191 366 3230 rcm
398 3176 452 3230 in
485 3175 791 3244 obliquum
819 3175 994 3242 gladii
1051 3192 1208 3230 more
1261 3178 1702 3246 protendentem
1761 3184 1892 3232 tunc

2007 609 2246 677 vidisse,
2281 611 2543 668 diversas
2574 614 2747 668 etiam
2775 615 2976 669 turbas
3001 613 3250 669 diversis
3274 616 3340 670 ad
3365 629 3488 669 eam
3516 631 3643 685 par-

2007 697 2162 749 tibus
2195 703 2306 751 tam
2338 700 2594 767 equestri
2622 715 2789 770 quam
2816 700 3070 771 pedestri
3099 702 3304 756 itinere
3329 718 3643 773 properan-

2008 789 2094 838 tes
2125 787 2515 855 perspexisse.
2551 788 2816 843 Nonnulli
2852 789 3024 844 etiam
3059 790 3251 845 crucis
3282 792 3641 859 signaculum

2007 875 2236 928 sibimet
2275 877 2324 929 in
2364 878 2649 932 frontibus
2681 878 2768 932 vel
2804 880 3056 934 restibus
3105 880 3225 934 sive
3276 880 3328 934 in
3382 881 3641 950 quolibet

2007 965 2270 1032 corporis
2287 964 2412 1019 loco
2431 965 2710 1020 divinitus
2727 966 3067 1036 impressum
3083 967 3646 1039 ostendebant,ipso-

2008 1068 2118 1120 que
2151 1068 2210 1106 se
2242 1055 2512 1122 stigmate
2546 1054 2615 1108 ad
2647 1056 2886 1110 eandem
2937 1055 3154 1109 Domini
3205 1055 3466 1110 militiam
3519 1074 3643 1126 pre-

2007 1142 2264 1211 scriptos
2299 1143 2857 1198 credebant.-—ltem
2892 1143 3018 1198 aliis
3050 1145 3242 1198 subita
3283 1145 3491 1200 mentis
3526 1162 3646 1200 mu-

2006 1231 2225 1283 tatione
2256 1233 2618 1300 compunctis
2652 1233 2740 1286 vel
2789 1233 3012 1288 visione
3059 1241 3339 1287 nocturna
3392 1235 3639 1301 edoctis,

2009 1319 2204 1386 pri-dia
2231 1334 2440 1388 resque
2468 1320 2781 1375 familiares
2797 1322 3124 1376 distrahere
3141 1320 3479 1392 signumque
3496 1337 3645 1378 mor-

2006 1407 2341 1461 tificationis
2365 1409 2623 1464 vestibus
2647 1425 2886 1464 assuere
2914 1410 3130 1479 placuit
3160 1426 3173 1474 ;
3197 1416 3254 1466 et
3279 1411 3332 1464 in
3352 1412 3439 1466 his
3463 1413 3642 1466 omni-

2008 1497 2113 1550 bus
2139 1496 2288 1550 ultra
2311 1512 2477 1566 quam
2503 1497 2659 1551 credi
2683 1503 2874 1567 potest
2900 1502 3242 1554 catervatim
3268 1501 3642 1556 currentibus

2005 1584 2070 1636 ad
2091 1583 2387 1638 ;eeclesias
2414 1585 2658 1654 populis,
2689 1602 2833 1641 novo
2860 1587 2974 1640 ritu
2999 1587 3222 1656 gladios
3240 1605 3367 1643 cum
3392 1589 3637 1645 fustibus

2005 1673 3093 1741 etcapscllissacerdotalisbenedictio
3119 1676 3468 1747 dispertivit.
3491 1679 3636 1744 Quid

2007 1762 2270 1828 referam,
2307 1763 2676 1831 temporibus
2700 1763 2840 1833 ipsis
2875 1764 3170 1819 mulierem
3196 1765 3479 1835 quandam
3507 1767 3643 1823 duo-

2007 1851 2112 1903 bus
2136 1851 2300 1904 annis
2325 1851 2620 1906 continuis
2644 1853 3079 1922 impregnatam,
3110 1855 3457 1924 tandemque
3488 1855 3643 1912 diru-

2007 1945 2104 2008 pto
2131 1945 2314 2006 utero,
2341 1940 2516 1993 filium
2543 1940 2871 2008 loquentem
2900 1942 3156 2011 fudisse;
3185 1944 3436 2012 itemque
3462 1944 3642 1999 infan-

2005 2027 2187 2081 tulum
2225 2044 2327 2096 per
2357 2030 2542 2083 omnia
2578 2030 2970 2100 bimembrem,
3007 2034 3250 2091 alterum
3283 2054 3420 2095 vero
3453 2043 3642 2112 capite

2007 2116 2159 2184 bino,
2197 2116 2457 2183 agnellos
2490 2133 2715 2188 quoque
2734 2119 2956 2188 aliquos
2989 2123 3137 2180 binis
3160 2127 3451 2196 capitibus
3475 2144 3641 2186 exor-

2007 2213 2098 2260 tos
2133 2206 2342 2266 fuisse;
2377 2206 2567 2275 pullos
2598 2208 2769 2262 etiam
2821 2225 3097 2278 equarum
3133 2214 3338 2272 dentes
3370 2220 3637 2293 majores,

2009 2310 2151 2363 quos
2198 2295 2440 2363 equinos
2470 2295 2641 2364 vulgo
2692 2297 3050 2366 appellamus
3101 2317 3362 2374 quosque
3411 2312 3638 2366 nonnisi

2005 2382 2194 2436 trimis
2229 2382 2472 2438 caballis
2504 2388 2708 2438 natura
2741 2388 3025 2457 concedit,
3061 2389 3116 2444 in
3151 2391 3278 2460 ipso
3311 2400 3478 2463 partu
3513 2412 3641 2468 pro-

2012 2472 2254 2526 tulisse?

2081 2560 2176 2614 llis
2207 2565 2265 2615 et
2298 2561 2628 2630 hujusmodi
2662 2563 2843 2630 signis
2872 2569 2996 2620 tota
3027 2573 3294 2625 creatura
3329 2572 3380 2626 in
3408 2575 3640 2632 Creato-

2008 2651 2087 2705 ris
2108 2664 2169 2704 se
2197 2648 2456 2703 militiam
2481 2650 2846 2719 cohortante,
2873 2653 2951 2707 nil
2969 2659 3636 2734 moraturinimicusille,

2008 2739 2239 2794 earteris
2273 2739 2445 2792 etiam
2479 2739 2901 2796 dormientibus
2937 2758 3164 2815 semper
3197 2751 3462 2820 pervigil,
3491 2754 3638 2810 bono

2009 2827 2089 2882 illi
2125 2827 2324 2880 semini
2356 2827 2575 2880 zizania
2625 2843 2726 2883 sua
2761 2834 3247 2903 superseminare,
3285 2840 3642 2911 pseudopro-

2011 2916 2213 2985 phetas
2230 2915 3415 2982 suscitare,Dominicisexercitibusfalsos
3435 2929 3644 2986 fratres

2008 3008 2063 3058 et
2097 3003 2434 3057 inhonestas
2479 3003 2701 3058 feminei
2753 3021 2926 3062 sexus
2974 3024 3251 3079 personas
3297 3016 3403 3070 sub
3449 3021 3640 3089 specie

2012 3091 2310 3159 religionis
2344 3091 2745 3147 intermiscere
2774 3112 2788 3159 ;
2823 3095 3024 3164 sicque
3059 3114 3162 3168 per
3189 3100 3434 3159 aliorum
3471 3107 3647 3177 hypo-

2007 3179 2186 3233 crisin
2213 3185 2385 3248 atque
2404 3180 2716 3248 mendacia,
2738 3183 3644 3266 peraliorumveronefariaspol-

241 3264 398 3320 circa
432 3264 620 3319 Nonas
653 3264 927 3318 Octobris
959 3263 1246 3328 vidimus;
1282 3281 1428 3319 anno
1463 3282 1598 3321 vero
1625 3273 1752 3336 post
1777 3268 1896 3322 haec
1930 3264 1976 3323 C
2010 3267 2262 3322 lutiones
2296 3268 2505 3321 Christi
2537 3284 2744 3337 greges
2775 3271 2918 3326 adeo
2951 3276 3358 3348 turpabantur,
3389 3286 3448 3334 ut
3475 3263 3640 3349 juxta

249 3353 432 3408 tercio
463 3351 690 3406 stellam
725 3350 891 3405 aliam
925 3351 977 3405 in
1010 3353 1234 3407 oriente
1278 3353 1463 3408 locum
1515 3369 1678 3410 suum
1725 3354 1895 3422 longo

249 3440 571 3495 interstitio
605 3439 856 3494 saltibus
890 3445 1204 3494 mutantem
1235 3447 1266 3494 6
1298 3443 1418 3496 Kal.
1457 3440 1617 3496 Mart.
1653 3442 1739 3474 ³⁸³⁷
1765 3458 1898 3497 con-

247 3530 545 3599 speximus
572 3529 694 3594 (an.
721 3529 903 3594 lOEiS?)
931 3545 945 3592 ;
973 3530 1400 3599 nubesquoque
1418 3531 1764 3598 sanguineas
1785 3539 1896 3584 tam

248 3618 321 3670 ab
354 3617 658 3672 occidente
692 3630 860 3685 quam
892 3617 962 3670 ab
982 3621 1206 3671 oriente
1232 3625 1542 3685 surgentes
1563 3619 1791 3687 sibique
1819 3619 1900 3672 in-

246 3708 431 3760 vicem
466 3706 519 3760 in
540 3704 667 3760 caeli
701 3709 905 3759 centro
929 3711 1387 3770 concurrentes;
1416 3721 1764 3776 rursui'nque
1790 3721 1901 3760 me-

250 3794 362 3848 diis
397 3794 514 3848 fere
548 3793 823 3847 noctibus
855 3808 883 3846 a
918 3795 1317 3863 septentrione
1372 3795 1570 3863 igneos
1617 3810 1900 3862 exurgere

249 3883 638 3953 splendores;
669 3881 1009 3952 plerumque
1033 3883 1204 3936 etiam
1235 3883 1451 3937 faculas
1476 3901 1580 3954 per
1600 3901 1788 3938 aerem
1807 3900 1903 3939 vo-

254 3973 494 4026 litantes
529 3971 750 4026 vidisse
785 3986 909 4038 nos,
951 3971 1202 4026 testibus
1239 3972 1531 4042 plerisque
1563 3979 1904 4047 comproba-

256 4077 400 4116 mus.
440 4062 558 4114 Non
595 4060 778 4114 multo
811 4065 943 4113 ante
963 4060 1068 4114 hos
1092 4075 1272 4114 annos
1297 4061 1526 4130 quidam
1552 4067 1902 4121 venerabilis

254 4149 391 4202 vita}
443 4148 757 4218 presbiter,
792 4147 1016 4202 nomine
1068 4149 1400 4217 Suiggcrus,
1437 4150 1735 4219 cujusdam
1787 4156 1899 4209 diei

254 4237 397 4292 hora
424 4237 542 4291 fere
568 4251 711 4291 nona
736 4235 881 4290 duos
899 4237 1125 4305 equites
1150 4239 1455 4308 conSpexit
1479 4250 1901 4298 concurrentes

256 4325 315 4380 in
348 4338 503 4393 aere,
538 4324 756 4393 diuque
789 4330 1220 4394 concertantes,
1252 4325 1522 4397 alterum,
1558 4329 1650 4398 qui
1685 4334 1742 4384 et
1775 4346 1903 4385 cru-

256 4427 382 4469 cem
407 4427 519 4468 non
543 4412 826 4468 modicam
855 4413 1094 4482 ferebat,
1114 4428 1222 4481 qua
1250 4422 1556 4484 percutere
1572 4417 1899 4487 videbatur,

257 4502 315 4558 in
335 4500 522 4556 altero
545 4501 830 4556 victorem
854 4500 1129 4556 existere.
1149 4502 1360 4556 Eodem
1385 4509 1648 4574 tempore
1666 4507 1724 4560 G.
1747 4521 1905 4575 pres-

2010 3355 2138 3410 boni
2168 3355 2422 3424 pastoris
2444 3357 2776 3412 vaticinium
2802 3360 2972 3415 etiam
2995 3362 3164 3417 electi
3193 3365 3246 3419 in
3261 3381 3517 3423 errorem
3542 3371 3643 3427 du-

2009 3443 2552 3506 cerentur-(Multis.
2589 3460 2736 3512 xxxv,
2772 3449 2881 3515 24).
2935 3449 3070 3503 inde
3122 3452 3444 3510 fabulosum
3498 3457 3637 3513 illud

2009 3532 2320 3585 conlictum
2354 3536 2443 3585 est
2475 3532 2544 3586 de
2575 3533 2780 3588 Karolo
2813 3537 3010 3604 Magno
3036 3540 3199 3606 quasi
3221 3541 3290 3595 de
3316 3545 3560 3600 mortuis
3588 3547 3641 3600 in

2014 3618 2066 3672 id
2104 3618 2290 3687 ipsum
2321 3621 2673 3676 resuscitato
2697 3626 2754 3675 et
2777 3622 2890 3677 alio
2913 3626 3108 3680 nescio
3135 3643 3246 3696 quo
3271 3629 3642 3688 nihilominus

2015 3708 2294 3776 redivivo,
2331 3709 2598 3764 fribolum
2633 3725 2861 3780 quoque
2885 3712 3022 3767 illud
3046 3715 3115 3770 de
3134 3732 3335 3773 ansere
3360 3722 3522 3789 quasi
3549 3722 3645 3777 do-

2014 3798 2221 3852 minam
2257 3811 2419 3852 suam
2453 3798 2795 3868 deducente,
2831 3802 3125 3872 multaque
3157 3806 3211 3860 id
3239 3822 3439 3875 genus.
3495 3811 3647 3868 idem

2015 3892 2202 3940 tamen
2251 3886 2611 3954 sedmatores,
2660 3890 3138 3956 quemat‘lmodum
3191 3894 3398 3964 singuli
3450 3900 3572 3955 suis
3615 3916 3646 3957 a

2017 3975 2304 4029 fructibus
2326 3974 2438 4027 sint
2461 3975 2697 4043 cogniti,
2719 3979 3008 4044 quomodo
3031 3985 3192 4036 veste
3215 3985 3324 4038 sub
3343 3987 3506 4042 ovina
3528 3989 3650 4060 lupi

2015 4063 2132 4117 sint
2165 4061 2445 4127 denotati,
2475 4062 2526 4113 hi
2557 4063 2861 4130 potissimo
2887 4067 2982 4133 qui
3007 4084 3077 4121 ex
3103 4068 3216 4124 illis
3239 4071 3423 4128 adhuc
3448 4089 3649 4146 snper-

2016 4154 2150 4205 sunt
2185 4150 2320 4203 licet
2355 4155 2416 4203 ut
2447 4148 2534 4179 1⁸³⁸
2569 4151 3019 4219 perquirantur;
3056 4156 3278 4212 scilicet
3313 4175 3425 4229 quo
3475 4172 3644 4233 portu

2008 4238 2172 4307 juxta
2204 4237 2552 4306 promissum
2584 4251 2748 4290 suum
2782 4241 3000 4308 absque
3034 4244 3263 4314 navigio
3288 4262 3440 4304 mare
3467 4256 3650 4307 trans-

2015 4327 2208 4395 ierint,
2236 4326 2445 4395 quibus
2470 4325 2684 4395 praeliis
2709 4327 2961 4384 vellocis
2978 4331 3191 4389 multos
3205 4349 3458 4404 paganos
3473 4353 3647 4409 parva

2017 4429 2188 4470 manu
2213 4413 2548 4480 straverint,
2577 4428 2718 4483 quas
2740 4429 2936 4470 eorum
2962 4419 3316 4478 munitiones
3337 4425 3653 4498 ilicocepe—

2018 4504 2156 4573 rint,
2189 4518 2369 4573 quave
2405 4506 2699 4572 postremo
2730 4507 2894 4573 parte
2944 4520 3240 4564 murorum
3293 4512 3649 4572 Hierusalem

259 4591 434 4652 biter,
469 4590 564 4659 qui
596 4604 749 4644 nunc
781 4590 888 4644 sub
918 4589 1252 4646 monachica
1300 4593 1660 4662 professione
1712 4595 1906 4649 nobis-
1935 4614 1989 4675 D
2019 4598 2211 4648 castra
2239 4592 2638 4663 posuerint,et
2658 4598 2868 4648 caatera
2896 4611 2910 4659 ;
2937 4593 3194 4664 nihilque
3214 4597 3496 4656 habentes
3513 4604 3651 4672 quid

256 4694 388 4734 cum
418 4694 524 4749 pro
549 4678 950 4749 primogenitis
972 4679 1116 4733 asini
1147 4680 1358 4746 (Exod.
1387 4696 1504 4750 xm,
1537 4685 1619 4753 13)
1645 4683 1904 4738 debitum

259 4769 494 4824 ovinum
529 4766 760 4822 Christo
794 4767 1094 4837 persolvit,
1136 4768 1274 4824 hora
1310 4770 1554 4838 quadam
1590 4771 1904 4828 meridiana

259 4872 392 4913 cum
415 4857 645 4911 duobus
668 4855 979 4911 comitibus
1001 4857 1053 4911 in
1079 4858 1219 4912 silva
1239 4858 1634 4927 deambulans,
1651 4859 1906 4927 gladium

261 4945 426 5001 miras
452 4943 839 5014 longitudinis
864 4945 1015 4999 venti
1041 4945 1347 5013 vertigine,
1375 4945 1632 5014 ignotum
1658 4947 1808 5002 unde
1835 4947 1910 5002 le-

260 5039 521 5103 varetur,
549 5035 604 5088 in
629 5033 878 5090 sublime
903 5035 1115 5090 deferri
1143 5035 1333 5104 vidit,<
1360 5040 1380 5089 t
1406 5051 1705 5105 quousque
1725 5037 1909 5092 visum

261 5123 514 5180 altitudo
538 5123 780 5191 celaret,
809 5129 924 5178 tam
951 5125 1238 5194 fragorem
1264 5125 1504 5180 auribus
1526 5142 1694 5195 quam
1712 5127 1912 5182 mctal-

2021 4681 2432 4751 respondcant,
2470 4686 2581 4735 tam
2613 4680 2681 4735 de
2713 4681 3113 4737 oblationibus
3147 4683 3401 4741 ﬁdelium
3432 4703 3538 4758 per
3555 4690 3653 4760 hy-

2020 4769 2276 4838 pocrisin
2313 4769 2602 4840 suseeptis
2635 4784 2802 4839 quam
2837 4770 2906 4825 de
2934 4771 3088 4826 cesis
3120 4774 3192 4827 ob
3222 4774 3478 4845 rapinam
3513 4791 3655 4847 quas

2020 4856 2376 4912 seduxcrant
2411 4857 2618 4927 turbis,
2654 4859 3002 4928 propriaque
3032 4859 3279 4917 maxime
3311 4861 3399 4894 ¹⁶²⁹
3422 4869 3655 4934 aposta-

2020 4945 2122 5013 sia,
2158 4959 2396 5000 necesse
2425 4954 2514 5001 est
2551 4951 2612 5000 ut
2643 4947 3040 5016 paenitentiam
3073 4963 3242 5017 agere
3271 4957 3571 5020 cogantur.

2091 5033 2252 5101 Nam,
2288 5037 2350 5087 ut
2381 5032 2731 5102 prelibatum
2763 5040 2850 5090 est
2899 5035 3067 5105 (-287),
3098 5037 3266 5105 plebs
3297 5038 3655 5098 Folcmarum

2021 5139 2126 5195 per
2153 5125 2442 5180 Boemiam
2477 5139 2746 5195 sequens,
2772 5140 2900 5180 cum
2932 5125 3083 5196 apud
3108 5126 3324 5182 Nitram
3346 5128 3656 5188 Pannonia;

261 5212 380 5271 lum
412 5211 603 5272 oculis
627 5211 934 5270 discrevit.
971 5214 1325 5270 Rcferebant
1350 5214 1530 5285 aliqui
1557 5215 1652 5285 qui
1681 5217 1736 5272 in
1762 5231 1940 5285 equo-
1991 5219 2293 5300 civitatem
2326 5216 2617 5273 seditione
2667 5215 2987 5285 concitata,
3027 5216 3239 5287 partim
3289 5217 3652 5290 captivitate,

1631 5343 1862 5400 VARIrE
1907 5345 2303 5406 LECTIONES.

330 5451 424 5486 1m
454 5450 490 5507 i.
528 5449 601 5506 ad
634 5462 680 5506 ε.
718 5463 869 5507 corr.
905 5453 953 5506 1.
1035 5447 1126 5483 ¹⁶²⁷
1151 5449 1239 5508 VI.
1276 5449 1361 5507 Kl.
1395 5451 1496 5508 Mr.
1529 5464 1819 5524 superscr.
1857 5460 1904 5510 1.

1984 5454 2076 5489 ¹⁶²⁸
2104 5464 2394 5526 superscr.
2432 5455 2480 5505 1.

2562 5447 2652 5482 ³⁸³⁸
2684 5447 2927 5504 maxima
2961 5461 3110 5507 corr.
3149 5451 3388 5508 maxime
3422 5453 3470 5506 1.

1853 5575 2079 5638 ΝΟΤΕ.

319 5676 478 5756 (286)
514 5675 711 5747 Supra
740 5687 791 5729 a.
823 5677 979 5732 1096.

587 5771 852 5834 PATROL.
886 5771 1098 5836 CLIV.

2020 5675 2170 5752 (287)
2202 5677 2387 5750 Supra
2416 5690 2466 5733 a.
2499 5673 2656 5734 1096.
3447 5766 3453 5769 1

3433 5779 3506 5842 81
