3934 6410
342 399 456 466 9⁸71

1503 372 2596 462 ΕΚΚΕΗΑΗΒἹὌΗΑΗΟῙΕΝΞΙΞ

3645 376 3776 443 972

345 538 554 612 partim
590 538 745 595 ferro
777 534 1143 606 disperisset,
1178 534 1515 606 paucissimi
1555 535 1653 606 qui
1703 514 1994 591 remanse-
2023 536 2076 594 Α
2108 528 2217 585 mis
2241 527 2585 601 preproperi
2606 516 3426 612 judices,interpretatisunt.
3448 513 3652 612 Paleis
3675 514 3749 612 ξ⁶⁸

346 632 475 683 rant
505 624 693 682 adhuc
722 623 930 679 testari
978 623 1188 693 solent,
1221 623 1375 693 quod
1419 625 1615 680 crucis
1647 623 1870 693 signum
1900 637 1996 677 su-

344 730 445 787 per
474 729 537 770 se
576 712 808 769 caelitus
854 725 1162 782 apparens,
1200 711 1270 767 ab
1318 712 1653 767 imminente
1701 726 1805 767 eos
1852 724 1993 765 nece

341 804 670 859 liberasset.
708 800 1086 856 Gotescalcus
1124 814 1283 870 vero,
1322 815 1431 855 non
1466 815 1642 856 verus
1673 799 1774 855 sed
1810 798 2029 853 falsus-

338 892 437 946 Dei
468 905 693 957 servus,
730 893 1042 960 postquam
1091 904 1203 944 non
1250 889 1377 943 sine
1427 887 1635 944 damno
1684 886 1990 944 orientalis

339 980 562 1034 Norica?
605 980 911 1046 Ungariam
949 977 1087 1033 Cum
1140 976 1262 1032 suis
1315 976 1575 1047 intravit,
1630 975 1985 1031 ammiranda

339 1065 498 1121 falsae
530 1065 831 1134 religionis
883 1064 1081 1134 specie
1132 1063 1509 1121 munitionem
1560 1064 1615 1119 in
1667 1078 1800 1119 arce
1851 1078 1989 1132 qua-

336 1154 464 1210 dam
500 1153 647 1222 (288)
679 1152 1063 1221 constituere,
1098 1157 1153 1206 et
1191 1154 1243 1207 in
1278 1152 1421 1223 ipsis
1452 1152 1660 1208 locatis
1688 1150 1982 1223 presidiis,

332 1256 436 1313 per
463 1240 749 1311 reliquum
774 1240 984 1309 vulgus
997 1240 1323 1295 Pannonias
1349 1240 1723 1296 circumcirca
1750 1243 1984 1294 vastare

332 1330 507 1401 cepit.
542 1330 665 1396 Quo
695 1329 967 1384 nimirum
1001 1328 1217 1399 oppido
1245 1330 1316 1383 ab
1348 1326 1638 1396 indigenis
1668 1327 1793 1382 sine
1843 1326 1984 1382 dila-

330 1418 488 1474 tione
512 1422 707 1488 capto,
734 1418 905 1472 turba
932 1417 1109 1472 multa
1133 1417 1425 1472 trucidata
1452 1422 1628 1486 atque
1659 1416 1976 1486 captivata,

328 1521 473 1576 grex
498 1506 760 1575 reliquus
782 1505 1107 1576 dispersus,
1137 1503 1845 1576 ipsequemereennarius,
1866 1517 1976 1558 non

330 1598 553 1665 pastor,
588 1593 843 1664 turpiter
875 1594 1108 1661 fugatus
1139 1598 1246 1648 est.
1271 1624 1342 1632 —
1365 1592 1629 1648 Surrexit
1661 1592 1833 1646 etiam
1861 1591 1981 1647 die-

331 1684 440 1739 bus
470 1681 615 1754 ipsis
649 1682 881 1751 quidam
914 1681 1001 1736 vir
1038 1681 1331 1750 militaris,
1370 1694 1567 1735 comes
1603 1685 1794 1735 tamen
1846 1695 1977 1750 par-

327 1770 473 1826 tium
505 1768 737 1825 illarum
770 1783 897 1839 quae
929 1770 1083 1825 circa
1116 1770 1334 1825 Renum
1383 1772 1538 1839 sunt,
1593 1768 1829 1823 Emiebo
1879 1784 1912 1823 n
1934 1790 1976 1821 J-

2106 624 2297 674 tamen
2326 634 2395 674 ex
2429 631 2563 672 area
2598 614 2886 671 dominica
2938 609 3270 680 hujusmodi
3303 606 3631 665 ventilabro
3664 606 3770 663 de-

2102 707 2312 776 cussis,
2350 706 2603 761 vidimus
2630 719 2807 774 grana
2843 701 3087 756 triticea
3130 696 3418 755 naturalis
3449 695 3773 752 soliditatis

2099 796 2390 866 gravitate
2414 793 2815 866 perdurantia,
2846 788 3212 846 Gotefridum
3242 785 3465 842 scilicet
3491 789 3769 841 caeteros-

2102 899 2214 953 que
2232 883 2671 955 prenominatos
2687 894 2824 936 vere
2840 877 3154 935 Dominiea)
3174 875 3395 931 militiae
3411 874 3609 943 duces,
3627 888 3761 929 eum

2099 971 2223 1027 suis
2254 970 2469 1040 singuli
2502 985 2681 1040 super
2714 981 2942 1023 omnem
2976 963 3280 1021 stellarum
3312 961 3758 1033 diSpositionem

2099 1059 2387 1129 speciosis
2419 1058 2634 1114 castris
2667 1059 2738 1112 ah
2786 1053 3076 1112 universis
3121 1066 3267 1122 quas
3320 1050 3759 1123 pertransibant

2095 1147 2354 1215 gentium
2378 1146 2750 1216 principibus
2776 1157 2976 1216 pacem
3012 1156 3079 1198 ac
3104 1141 3376 1208 favorem,
3406 1136 3758 1194 humilitatis

2096 1242 2271 1306 atque
2305 1235 2573 1290 karitatis
2607 1232 2899 1303 exemplo,
2938 1235 2999 1286 ut
3043 1243 3178 1284 vere
3212 1228 3423 1283 Christi
3457 1226 3751 1297 discipuli,

2091 1322 2735 1393 consequentes,donec
2769 1319 3022 1377 diversis
3055 1318 3326 1373 itinerum
3366 1313 3462 1389 τω
3512 1314 3756 1371 difficul-

2095 1410 2316 1466 tatibus
2371 1410 2639 1479 Bulgaria
2705 1412 3025 1480 pcrmeata,
3074 1402 3751 1475 Constantinopolitanas

2090 1499 2412 1568 attigerant
2445 1513 2629 1554 arces.

2158 1588 2423 1656 Legimus
2455 1588 2859 1643 Jherosolimze
2910 1584 3195 1653 libellum,
3230 1598 3261 1638 a
3308 1581 3439 1637 loco
3485 1584 3748 1653 presenti

2089 1679 2268 1730 totam
2300 1678 2471 1747 hujus
2502 1676 2784 1747 hystoriee
2826 1674 3037 1729 seriem
3065 1669 3520 1740 diligentissime
3550 1683 3748 1741 prose-

2087 1769 2360 1833 quentem
2393 1765 2794 1837 plurimosque
2833 1761 3028 1834 populi
3064 1760 3162 1816 Dei
3198 1773 3300 1830 per
3327 1757 3637 1813 triennium
3665 1756 3743 1812 la-

328 1858 499 1927 mine,
535 1857 753 1913 dudum
787 1857 1085 1927 tyrannica
1118 1857 1565 1913 conversatione
1618 1856 1788 1911 nimis
1839 1856 1978 1910 infa-
2014 1887 2059 1943 Β
2097 1851 2269 1907 bores
2303 1852 2355 1908 in
2389 1859 2577 1924 captae
2610 1851 2971 1907 Ilierusalem
3003 1848 3303 1903 laetissima
3339 1845 3583 1943 victoria
3607 1860 3743 1902 con-

330 1947 459 2015 mis,
494 1950 631 2001 tunc
666 1959 804 2000 vero
827 1944 982 2000 velut
1008 1944 1158 1999 alter
1181 1944 1389 2001 Saulus
1414 1943 1890 2013 revelationibus,
1918 1950 1976 1998 ut

335 2035 657 2102 fatebatur,
694 2032 905 2089 divinis
936 2033 990 2086 in
1017 2032 1350 2101 hujusmodi
1376 2032 1718 2101 religionem
1745 2032 1990 2087 advoca-

325 2127 444 2192 tus,
478 2122 595 2176 fere
628 2124 799 2175 12000
830 2119 1195 2188 signatorum
1229 2120 1468 2175 sibimet
1505 2134 1795 2191 usurpans
1817 2119 1989 2175 duca-

323 2223 448 2276 tum
477 2228 491 2277 ;
515 2209 610 2280 qui
636 2208 904 2264 nimirum
931 2222 1032 2278 per
1056 2207 1332 2264 civitates
1364 2209 1528 2278 Beni,
1555 2208 1736 2264 Moeni
1758 2222 1987 2278 quoque

323 2307 498 2372 atque
529 2296 771 2353 Danubii
803 2296 1060 2365 deducti,
1084 2296 1484 2352 execrabilem
1510 2296 1831 2352 Judeorum
1854 2311 1987 2366 qua-

320 2401 567 2457 cumque
587 2388 879 2455 repertam
902 2383 1155 2455 plebcm,
1175 2384 1302 2441 zelo
1326 2383 1782 2441 Christianitatis
1797 2384 1980 2439 etiam

321 2476 377 2531 in
408 2476 515 2531 hoc
548 2472 975 2542 deservientes,
1013 2478 1116 2528 aut
1166 2473 1400 2529 omnino
1433 2472 1633 2528 delere
1672 2477 1771 2528 aut
1802 2472 1979 2528 etiam

319 2564 471 2619 intra
502 2562 786 2619 mcclesize
821 2563 1168 2633 satagebant
1198 2561 1549 2633 compellere
1581 2561 1867 2617 sinum.—
1894 2561 1976 2616 Ad

322 2651 571 2709 conﬁnia
597 2665 827 2721 quoque
847 2651 1275 2706 Pannoniarum
1302 2649 1745 2719 innumerisjam
1761 2649 1982 2705 utrius-

324 2756 433 2813 que
485 2755 658 2797 sexus
705 2740 894 2811 copiis
944 2756 1074 2796 cum
1123 2740 1527 2811 pervenissent
1577 2739 1973 2811 multiplicati,

322 2842 565 2899 regnum
592 2827 802 2898 ipsum,
824 2827 979 2898 quod
1004 2828 1235 2884 scilicet
1261 2828 1471 2899 partim
1495 2826 1831 2899 paludibus,
1850 2843 1978 2898 par-

320 2916 427 2971 tim
458 2915 626 2972 silvis
654 2914 933 2984 cingitur,
962 2930 1066 2985 per
1088 2915 1395 2971 obﬁrmata
1421 2916 1676 2987 presidia
1698 2920 1977 2971 vetantur

321 3002 551 3073 ingredi
578 3020 592 3070 ;
628 3004 776 3059 fama
803 3003 1016 3073 quippe
1040 3002 1373 3059 Colomanni
1398 3003 1555 3073 regis
1572 3003 1689 3072 jam
1708 3003 1973 3074 percule-

320 3097 414 3149 rat
445 3090 538 3124 ¹⁶³⁰
569 3105 759 3161 aures,
797 3090 950 3146 inter
983 3104 1335 3162 paganorum
1367 3096 1422 3146 et
1461 3090 1842 3160 Ungariorum
1878 3108 1971 3147 ne-

321 3195 446 3238 cem
480 3178 624 3236 nihil
656 3178 809 3251 apud
841 3180 1192 3235 Teutonicas
1224 3179 1458 3236 differre
1492 3185 1732 3234 mentes.
1758 3180 1875 3246 Qua
1898 3180 1966 3235 de

320 3282 386 3324 re
410 3268 787 3325 munitionem
822 3268 1156 3336 Misenburg
1189 3283 1291 3338 per
1321 3282 1423 3322 sex
1471 3266 1826 3323 ebdomadas
1871 3284 1969 3324 ex-

320 3360 668 3427 pugnantes,
690 3355 856 3427 plura
885 3355 1023 3411 inibi
1061 3356 1366 3426 patiuntur
1388 3356 1749 3412 incommoda
1777 3374 1790 3422 ;
1818 3356 1969 3413 inter

320 3459 447 3515 quae
477 3443 670 3513 etiam,
711 3444 840 3514 quis
872 3443 1100 3500 illorum
1134 3446 1243 3499 sub
1276 3444 1506 3499 nomine
1540 3444 1695 3513 regis
1749 3446 1967 3500 Panno-

318 3534 542 3588 niarum
579 3532 871 3603 potiretur
916 3531 1278 3601 terris,civili
1331 3533 1796 3603 stultissimaquc
1830 3549 1967 3604 qua-

318 3621 547 3676 tiuntur
560 3619 1154 3689 discordia.—ltaque
1171 3619 1606 3690 obpugnatione
1624 3619 1867 3675 insudan
1881 3628 1967 3679 tes

318 3707 542 3777 ultima,
588 3707 703 3776 jam
756 3708 938 3764 muris
1002 3707 1375 3778 interruptis,
1423 3708 1538 3777 jam
1605 3710 1964 3778 fugientibus

315 3794 643 3867 oppidanis,
673 3795 906 3865 jamque
941 3795 1343 3864 indigenarum
1383 3797 1649 3853 exercitu
1696 3802 1964 3855 vastante

316 3884 556 3955 propria
586 3884 849 3951 ﬂammis,
885 3884 1031 3939 miro
1054 3883 1153 3938 Dei
1178 3884 1594 3955 omnipotentis
1614 3891 1757 3941 nutu
1775 3886 1963 3942 victor

315 3972 756 4042 peregrinorum
789 3971 1088 4028 exercitus
1125 3976 1286 4041 terga
1319 3973 1695 4030 nihilominus
1739 3975 1960 4041 vertit;

315 4061 654 4131 relictisque
685 4060 1196 4132 suppellectilibus
1228 4060 1337 4132 “’31,
1380 4061 1459 4117 nil
1486 4062 1733 4133 quisque
1764 4068 1961 4134 preter

313 4151 583 4206 miseram
633 4150 879 4206 animam
932 4149 1307 4206 emolumenti
1359 4152 1701 4222 reportavit.
1739 4152 1831 4206 Sic
1880 4152 1962 4210 ni-

313 4239 541 4307 mirum,
576 4239 660 4294 sic
692 4244 912 4295 nostra:
943 4240 1137 4308 gentis
1184 4240 1448 4296 homines
1480 4241 1665 4296 zelum
1703 4241 1822 4310 Dei,
1856 4240 1958 4296 sed

310 4341 424 4383 non
457 4324 773 4381 secundum
802 4326 1103 4382 scientiam
1138 4329 1325 4398 (Rom.
1360 4344 1417 4399 x,
1438 4332 1491 4401 2)
1516 4327 1616 4383 Dei
1650 4328 1951 4397 habentes,

311 4414 527 4485 quippe
560 4414 655 4483 qui
687 4413 742 4468 in
775 4413 1001 4485 militia,
1037 4430 1209 4487 quam
1238 4416 1295 4471 in
1328 4416 1648 4472 liberandis
1679 4415 1957 4471 Christia-

274 4494 277 4497 “
308 4502 401 4559 nis
430 4502 696 4557 Christus
730 4502 1085 4573 providerat,
1118 4503 1266 4560 alios
1311 4503 1563 4559 vicissim
1596 4502 1955 4561 Christianos

2000 3230 2049 3293 C

2098 1939 2452 1997 eludentem.
2479 1940 2847 2012 Quapropter
2872 1952 2977 1993 nos
2997 1937 3130 1992 hinc
3147 1936 3261 2006 jam
3288 1949 3465 2006 pauca
3482 1932 3552 1989 de
3567 1932 3745 2004 pluri-

2102 2029 2211 2082 bus
2234 2029 2618 2098 assignamus,
2647 2026 2941 2096 videlicet,
2970 2026 3123 2096 quod
3150 2024 3303 2080 fletis
3323 2023 3553 2079 omnino
3574 2023 3744 2078 bene-

2099 2116 2247 2173 ficiis
2296 2117 2535 2173 Alcxius
2604 2117 2925 2188 imperator
2988 2119 3186 2171 tantos
3250 2112 3481 2169 sibimet
3531 2111 3742 2167 heroas

2096 2205 2457 2276 amicaverit,
2494 2211 2697 2277 postea
2731 2220 2870 2261 vero
2892 2202 3274 2262 sacramentis
3292 2200 3542 2257 extortis
3562 2215 3632 2255 ne
3655 2215 3742 2256 re-

2094 2299 2208 2361 gno
2258 2308 2362 2350 suo
2412 2295 2523 2349 vim
2587 2295 2890 2360 inferrent,
2944 2289 3363 2348 constrinxerit
3410 2289 3530 2360 (an.
3579 2291 3740 2345 1096·

2074 2380 2294 2454 Δ1007);
2333 2384 2595 2452 quamvis
2625 2387 2879 2452 constet,
2915 2380 3089 2451 quod,
3118 2378 3252 2436 dum
3287 2392 3503 2434 moram
3526 2376 3737 2432 ibidem

2080 2469 2293 2540 primm
2327 2485 2572 2541 quaeque
2604 2470 2693 2503 “‘3‘
2724 2471 3001 2526 cohortes
3039 2468 3185 2525 alias
3213 2466 3595 2523 adventantes
3642 2480 3739 2522 ex-

2089 2563 2367 2629 pectante
2392 2562 2673 2629 facerent,
2693 2560 2844 2617 dolis
2868 2575 2972 2615 eos
2997 2557 3413 2627 interfecisset,
3436 2556 3541 2611 nisu
3566 2555 3736 2612 Cote-

2093 2648 2227 2703 fridi
2262 2648 2425 2705 ducis
2457 2650 2721 2705 sollertia
2754 2663 2934 2719 super
2964 2661 3201 2717 gregem
3231 2644 3456 2700 Domini
3502 2643 3733 2700 cautius

2089 2737 2411 2807 vigilasset.
2446 2740 2761 2794 Testantur
2809 2737 3156 2793 seditionem
3186 2734 3370 2806 ipsam
3400 2733 3731 2790 suburbana

2088 2841 2215 2896 qum
2251 2830 2386 2882 tunc
2418 2826 2733 2896 destruxit,
2771 2840 2915 2898 pons
2956 2839 3124 2896 quem
3157 2821 3531 2895 expugnavit.
3584 2819 3733 2887 Quid

2086 2915 2266 2970 multa
2297 2918 2320 2971 ?
2353 2915 2462 2969 Per
2494 2915 2742 2970 duorum
2778 2915 2893 2969 fere
2936 2912 3215 2969 mensinm
3266 2910 3527 2982 spacium
3575 2910 3732 2966 novi-

2082 3004 2201 3059 tios
2232 3003 2286 3058 in
2319 3002 2445 3059 dies
2477 3002 2740 3074 suscepit
2771 3002 3070 3059 exercitus
3102 2999 3446 3070 Bizantium,
3471 2998 3731 3070 equibus

2084 3092 2314 3148 tandem
2344 3092 2563 3162 absque
2598 3091 2776 3162 vulgi,
2811 3090 3185 3163 parvulorum
3218 3104 3285 3145 ac
3317 3088 3622 3145 mulierum
3647 3087 3728 3142 in-

2078 3180 2347 3235 credibili
2380 3180 2776 3250 multitudine,
2804 3179 3099 3236 rccensita
3122 3182 3256 3236 sunt
3281 3180 3492 3233 300000
3511 3190 3729 3248 pugna-

2081 3274 2291 3324 torum.
2367 3270 2547 3324 Porro
2612 3270 2886 3323 cohortes
2956 3269 3192 3323 Petrum
3263 3268 3499 3335 secuta},
3556 3264 3724 3334 jussu

2080 3358 2266 3412 Alexii
2301 3356 2518 3413 dudum
2551 3358 2951 3429 tranSpositw,
2984 3355 3224 3428 paganis
3256 3357 3483 3413 fuerant
3503 3354 3617 3424 jam
3640 3352 3723 3410 lu-

2078 3446 2270 3502 dibrio
2307 3447 2493 3503 factae.

2149 3535 2316 3591 Motis
2349 3536 2544 3605 itaque
2575 3536 2809 3606 castris,
2832 3536 3064 3591 Niceam
3090 3533 3500 3606 applicuerunt
3523 3530 3717 3603 (Mai),

2077 3636 2247 3693 quam
2275 3623 2472 3692 fugato
2497 3624 2765 3694 predicto
2789 3622 3092 3678 Salomano
3107 3621 3368 3693 principe
3392 3633 3720 3692 expugnan-

2073 3715 2166 3766 tes
2197 3710 2408 3782 (Jun),
2443 3716 2672 3781 captam
2708 3711 3078 3780 imperatoris
3130 3709 3400 3779 presidiis
3432 3708 3666 3764 tradunt
3702 3726 3716 3773 ;

2074 3799 2161 3856 sic
2205 3800 2355 3854 enim
2401 3804 2764 3855 sacramenta
2816 3798 3190 3853 firmaverant
3239 3801 3301 3852 ut
3332 3798 3509 3852 urbes
3553 3811 3720 3867 quas-

2075 3903 2184 3958 que
2215 3901 2321 3942 suo
2353 3886 2598 3956 imperio
2631 3886 2930 3941 detractas
2966 3885 3226 3956 pristina
3257 3884 3482 3954 ditioni,
3519 3885 3568 3939 si
3601 3885 3717 3940 vin-

2071 3980 2297 4044 cerent,
2323 3973 2659 4045 redderent,
2680 3975 2905 4045 ipsique
2929 3973 3183 4031 vicissim
3209 3974 3528 4029 tamarmis
3548 3987 3713 4044 quam

2071 4061 2382 4133 stipendiis
2410 4062 2586 4131 regiis
2617 4062 2763 4117 infra
2796 4067 3005 4118 metam
3038 4063 3282 4118 eandem
3318 4077 3380 4118 se
3403 4062 3581 4118 foveri
3603 4076 3713 4117 non

2069 4150 2429 4207 dubitarent.
2464 4150 2599 4207 lnde
2642 4166 2745 4223 per
2789 4166 3029 4221 regnum
3081 4150 3468 4221 Constantini,
3498 4154 3712 4206 terram

2068 4238 2271 4309 utique
2300 4239 2826 4311 opulentissimam,
2864 4240 3337 4311 progredientes,
3375 4252 3533 4295 mare
3580 4252 3714 4294 con-

2064 4327 2299 4397 tingunt
2328 4328 2575 4385 Rusciae.
2612 4330 2843 4400 Sicque,
2880 4334 2941 4386 ut
2977 4329 3223 4400 epistola
3266 4329 3434 4384 docet
3487 4343 3516 4382 a
3566 4326 3713 4384 Ruo-

2065 4422 2233 4488 perte
2265 4417 2477 4473 comite
2509 4417 2702 4475 delata
2747 4417 2915 4491 (289),
2946 4433 3075 4475 cum
3112 4420 3273 4473 tanta
3308 4416 3709 4473 alimentorum

2064 4505 2420 4562 abundantia
2470 4506 2739 4564 militiam
2793 4521 2956 4563 suam
3019 4506 3287 4563 Christus
3337 4504 3597 4575 deduxit,
3648 4510 3711 4561 ut

308 4590 578 4662 persequi
603 4595 903 4660 ceperant,
932 4591 1302 4647 miseratione
1326 4590 1518 4647 divina
1545 4592 1802 4647 fraterno
1825 4606 1954 4647 san-
1984 4585 2035 4647 D
2068 4594 2222 4651 aries
2254 4609 2486 4652 nummo
2517 4596 2738 4667 hosque
2771 4595 2917 4653 siclo
2962 4596 3259 4652 veniisset.
3296 4594 3595 4665 Preterea,
3630 4592 3711 4649 in-

304 4678 479 4748 guine
512 4678 787 4749 repressi,
824 4679 1058 4749 Ungarii
1091 4694 1324 4750 quoque
1348 4679 1579 4735 liberati
1604 4684 1738 4736 sunt
1763 4697 1777 4746 ;
1804 4680 1951 4738 haec-

305 4780 415 4836 que
446 4770 534 4822 est
565 4780 761 4835 causa,
784 4781 894 4837 qua
929 4768 1159 4836 quidam
1191 4766 1578 4837 simpliciores
1603 4768 1834 4839 fratres,
1863 4774 1951 4826 ut-

302 4858 439 4923 pote
493 4868 613 4909 rem
666 4854 1027 4924 ignorantes,
1079 4853 1482 4925 scandalizati,
1537 4859 1723 4912 totum
1773 4856 1947 4927 hujus

297 4942 682 5012 profectionis
704 4947 976 4998 conatum
1000 4957 1210 4998 vanum
1234 4948 1410 5013 atque
1433 4944 1848 5018 fribolum,ipsi
1867 4949 1948 5003 ni-

2062 4683 2211 4754 quit,
2233 4684 2465 4755 quoties
2482 4699 2654 4757 reges
2673 4686 2771 4742 vel
2774 4684 3087 4757 principes
3096 4687 3709 4742 Sal-memorantem-

2058 4774 2459 4831 smexerunt
2483 4776 2553 4831 in
2576 4788 2703 4845 nos,
2727 4775 2847 4831 Deo
2866 4774 3114 4843 colente,
3125 4772 3328 4845 facile
3346 4771 3492 4830 m‘cti
3508 4772 3567 4828 et
3582 4782 3708 4828 con-

2059 4862 2281 4919 culcati
2327 4863 2486 4920 sunt.
2539 4863 2623 4919 0b
2674 4863 2799 4920 haec
2849 4864 3048 4934 itaque
3097 4861 3348 4919 feliciter
3398 4864 3527 4917 acta
3575 4860 3705 4932 quia

2059 4951 2293 5021 quidam
2320 4952 2740 5023 intumuerant,
2767 4951 3043 5023 opposuit
3062 4953 3149 5010 eis
3170 4953 3323 5010 Deus
3343 4950 3702 5008 Antiochiam

1671 5044 1907 5100 VARUE
1950 5047 2350 5105 LECTIONES.

370 5126 462 5213 ξ⁶³⁰
490 5133 900 5213 premonuerat
930 5128 992 5184 ll.
1032 5128 1366 5213 perculerat
1394 5131 1462 5187 in
1486 5130 1762 5213 margine
1791 5134 1929 5191 add.
1964 5134 2057 5213 vel
2092 5143 2507 5213 premonuerat
2541 5142 2593 5193 1.
2624 5139 2785 5213 idem
2809 5152 3101 5211 superscr.
3137 5145 3187 5197 5.
3222 5155 3275 5198 v.
3312 5156 3366 5213 p.
3410 5138 3630 5213 desunt
3648 5140 3696 5196 Δ.

299 5199 391 5284 vel
426 5199 793 5284 premﬁover‘ttt
824 5200 997 5284 (corr.
1018 5199 1198 5284 velut.
1212 5199 1660 5284 .premonuerat)
1680 5204 1796 5284 jam
1822 5199 2227 5284 perculeratd.
2253 5209 2413 5284 idem
2434 5224 2585 5268 corr.
2607 5211 2704 5284 vel
2736 5199 3150 5284 premonuerat
3181 5216 3259 5268 9°.
3365 5211 3455 5268 vel
3481 5225 3703 5284 permo-

296 5269 501 5357 nuerat
824 5269 1339 5357 suibpelleetilibus
1367 5269 1718 5357 emr.‘sp_pji.
1758 5269 1836 5331 1.’
1887 5275 1978 5357 1f”
2005 5278 2198 5357 [falcis
2230 5280 2290 5335 et
2314 5280 2645 5351 hujusmodi
2675 5269 2752 5323 -Ῑ
2776 5282 2959 5340 duces
2987 5298 3118 5341 cum
3149 5269 3329 5343 suis'e
3365 5269 3516 5343 cori.
3565 5296 3703 5357 par-

295 5340 400 5397 tim
426 5342 493 5398 in
523 5342 642 5399 loco
668 5355 809 5399 raso
826 5340 1157 5413 partimin
1183 5356 1371 5414 marg.
1407 5346 1457 5400 i.
1538 5340 1640 5379 ηπ
1657 5340 1688 5403 ἐ
1716 5358 1866 5404 corr.
1896 5344 1949 5405 l.
2031 5346 2123 5382 ¹⁶³⁴
2149 5340 2446 5421 superscr.
2480 5358 2528 5408 1.

1883 5434 2086 5493 NOTAE
2099 5479 2113 5493 .

364 5516 510 5589 (288)
566 5518 659 5593 Cf._
702 5517 1151 5593 Sybel._(_;eseh.
1195 5518 1272 5593 _d.
1322 5523 1521 5593 ersten
1570 5522 1943 5593 Kreuzzuges

293 5601 349 5668 ρ.
384 5588 509 5668 247',
565 5588 681 5668 qui
713 5588 861 5668 hanc
901 5589 1234 5668 _Ekkehardi
1281 5591 1676 5650 narrationem
1727 5588 1942 5667 ubique

294 5657 413 5715 fere
448 5657 596 5716 bene
623 5657 960 5717 illustravit.

363 5731 513 5811 (289)
556 5729 618 5790 V.
669 5727 816 5789 hanc
860 5729 977 5803 jam
1027 5745 1202 5805 supra
1251 5736 1369 5795 not.
1422 5734 1546 5810 278,
1597 5729 1835 5797 allatam
1884 5734 1939 5799 in

2054 5527 2198 5581 Ann.
2236 5527 2288 5582 S.
2323 5526 2602 5599 Dysibodi
2630 5543 2682 5588 a.
2714 5512 2907 5599 1100;
2935 5529 3314 5591 Ekkehardus
3337 5547 3478 5591 vero
3509 5531 3697 5591 omnia

2052 5599 2332 5729 ﬁliusque
2345 5598 2637 5673 ﬁdelibus
2665 5598 3001 5663 celebrem
3029 5602 3143 5664 col.
3177 5606 3302 5679 974,
3332 5618 3407 5665 ex
3430 5604 3538 5666 hac
3559 5605 3698 5667 reti-
