3948 6492
314 339 423 393 2οὃ

945 339 1320 398 EXPOSITIO
1369 342 1442 397 IN
1480 338 1860 398 EPISTOLAS
1917 339 2140 396 PAULI.
2181 371 2251 382 —
2296 341 2371 399 IN
2421 343 2640 398 EPIST.
2689 343 2711 398 Ῑ
2751 344 2845 399 AD
2877 342 3036 401 COR.

3542 345 3647 401 206

326 461 500 528 stetis;
558 480 666 536 per
733 463 877 538 quod
931 466 1107 521 etiam
1145 466 1507 537 Evangelium
1545 465 2018 524 salvabimini:A
2045 465 2271 521 vertitur
2315 467 2385 521 ad
2433 467 2578 539 quod
2606 483 2793 539 supra.
2826 469 2969 524 Vere
3003 467 3265 524 Christus
3293 469 3639 524 resurrexit.

328 551 508 606 carnis
539 553 693 607 enim
746 554 1202 610 resurrectionem
1249 563 1462 625 partem
1510 555 1743 610 dicimus
1789 553 1936 620 fidei,

335 640 450 695 sine
509 659 617 712 qua
666 657 832 698 nemo
883 643 1056 714 possit
1085 643 1305 699 salvari.
1338 644 1712 699 Salvabimini
1739 643 1863 699 dico
1891 643 1942 699 si

337 731 542 785 tenetis
574 731 682 786 hoc
709 731 1069 803 Evangelium
1100 748 1164 787 ea
1192 734 1416 788 ratione
1446 750 1555 806 qua
1601 732 1761 788 vobis
1787 748 1940 803 prce-

335 818 519 875 dicavi
541 839 559 875 :
581 827 636 874 et
665 821 782 876 nisi
814 822 916 876 hoc
947 820 1014 875 sit
1035 821 1180 892 quod
1209 836 1307 876 vos
1347 823 1569 892 frustra
1599 821 1937 890 credidistis,

335 906 390 960 id
421 915 522 975 est,
556 908 661 963 nisi
693 907 858 964 ﬁdem
887 918 1127 966 vestram
1155 909 1401 965 inutilem
1430 909 1627 977 dicitis,
1654 910 1801 981 quod
1831 909 1940 964 Co-

337 995 522 1050 rinthii
570 997 718 1052 nullo
768 998 932 1054 modo
979 998 1284 1054 faterentur
1330 1014 1446 1065 eos,
1499 997 1706 1054 scilicet
1750 997 1942 1053 frustra

335 1085 654 1140 credidisse.
686 1087 863 1142 Trado
893 1087 1050 1143 vobis
1078 1086 1462 1160 Evangelium.
1489 1088 1631 1143 Nam
1660 1087 1763 1142 hoc
1793 1086 1941 1158 quod

334 1188 441 1245 ego
461 1173 676 1229 tradidi
695 1175 843 1231 vobis
865 1176 927 1230 in
942 1177 1169 1247 primis,
1194 1175 1251 1231 id
1272 1183 1373 1245 est,
1398 1175 1540 1230 inter
1558 1176 1769 1246 potiora
1790 1174 1938 1243 fidei;

334 1263 479 1333 quod
508 1263 666 1318 etiam
697 1279 808 1318 non
834 1280 865 1319 a
894 1280 983 1319 me
1011 1264 1206 1330 habeo,
1236 1264 1336 1319 sed
1373 1265 1566 1336 accepi
1593 1283 1628 1320 α
1648 1267 1778 1321 Deo.
1802 1265 1936 1329 Hoc,

333 1350 564 1418 scilicet,
587 1352 949 1424 Evangelium
975 1368 986 1406 :
1011 1353 1155 1426 quod
1179 1353 1435 1409 Christus
1447 1357 1708 1409 mortuus
1730 1357 1815 1410 est
1835 1369 1938 1426 pro

333 1440 584 1511 peccatis
604 1443 816 1497 nostris
845 1441 1124 1508 delendis;
1157 1450 1211 1497 et
1241 1441 1287 1496 si
1315 1450 1543 1513 peccata
1564 1449 1749 1496 nostra
1764 1441 1941 1497 deleta

336 1535 484 1593 sunt,
526 1545 756 1600 quorum
791 1546 955 1601 poena
996 1546 1146 1586 mors
1174 1538 1276 1597 est,
1311 1547 1480 1603 quare
1509 1530 1565 1585 in
1593 1538 1771 1587 morte
1797 1530 1939 1586 deti-

331 1617 574 1671 nemur?
614 1618 856 1673 Mortuus
902 1626 984 1674 est
1011 1618 1254 1674 Christus
1289 1634 1301 1672 :
1358 1627 1408 1673 et
1453 1620 1556 1674 hoc
1586 1619 1709 1701 dico
1735 1634 1939 1675 secun-

334 1701 471 1756 dum
517 1701 842 1774 Scripturas
896 1703 1284 1774 prophetarum
1339 1703 1486 1758 idem
1532 1703 1929 1758 attestantium.

2040 555 2182 608 Nam
2212 557 2293 611 sic
2324 557 2717 628 prxdicamus,
2752 558 2863 612 sive
2885 573 3000 629 ego,
3025 560 3139 614 sive
3157 559 3251 613 illi
3270 556 3362 612 alii
3391 555 3643 628 apostoli,

2040 642 2196 698 locus
2227 644 2297 699 ab
2329 645 2670 700 auctoritate.
2707 646 2818 700 Vos
2839 646 3004 700 etiam
3020 647 3100 702 sic
3131 646 3474 712 credidistis,
3502 643 3648 717 quod

2043 731 2290 788 Christus
2321 749 2453 789 vere
2499 734 2835 789 resurrexit:
2875 734 3040 790 nolite
3070 749 3297 807 negare.
3343 735 3403 790 Si
3447 738 3644 789 autem

2043 822 2390 892 praedicatur
2419 830 2471 877 et
2495 823 2690 895 negari
2717 838 2828 878 non
2855 831 3051 894 potest,
3086 824 3228 895 quod
3248 822 3507 878 Christus
3519 838 3648 878 sur-

2041 911 2198 965 rexit
2228 928 2262 966 a
2290 912 2553 977 mortuis,
2582 912 2848 984 quomodo
2879 912 3109 983 quidam
3144 913 3208 966 in
3235 912 3382 968 vobis
3419 912 3641 980 dicunt,

2041 999 2184 1070 quod
2207 1017 2322 1054 non
2336 1004 2422 1055 est
2444 998 2625 1055 futura
2639 1001 2985 1056 resurrectio
3005 1004 3402 1056 mortuorum?
3419 999 3475 1055 Si
3493 998 3648 1054 Chri-

2043 1094 2158 1141 stus
2188 1087 2482 1143 resurrexit
2511 1088 2531 1159 <
2561 1089 2707 1160 quod
2738 1088 2923 1160 utique
2951 1103 3140 1144 verum
3171 1089 3276 1159 est)
3315 1087 3649 1144 resurrectio

2040 1184 2374 1232 mortuorum
2418 1177 2660 1249 sequitur
2687 1193 2754 1232 ex
2798 1177 3147 1233 necessitate.
3195 1177 3448 1232 Probavit
3479 1193 3648 1248 supe-

2041 1264 2154 1319 rius
2200 1266 2608 1321 auctoritatibus
2637 1266 3037 1337 Scripturarum
3065 1274 3119 1322 et
3168 1265 3493 1321 testimoniis
3525 1281 3652 1320 san—

2042 1356 2274 1415 ctorum,
2329 1349 2422 1421 qui
2478 1350 2732 1406 viderunt
2768 1349 3046 1405 Christum
3086 1365 3218 1405 vere
3267 1348 3572 1404 surrexisse
3615 1364 3650 1403 a

2040 1438 2291 1504 mortuis,
2344 1446 2397 1493 et
2443 1454 2510 1494 ex
2554 1455 2620 1494 eo
2649 1438 2850 1504 intulit,
2886 1438 3015 1510 quia
3045 1438 3091 1492 si
3119 1438 3366 1493 Christus
3396 1436 3644 1507 surrexit,

2041 1533 2094 1581 et
2136 1526 2465 1582 resurrectio
2511 1536 2852 1583 mortuorum
2882 1527 3001 1582 erit.
3045 1527 3200 1583 Hanc
3229 1534 3411 1582 autem
3443 1541 3646 1582 conse-

2041 1616 2321 1687 quentiam
2371 1616 2450 1671 sic
2496 1616 2691 1686 probat
2723 1634 2737 1670 :
2789 1617 2925 1672 Vere
2973 1615 3020 1670 si
3052 1615 3301 1671 Christus
3332 1614 3566 1670 surrexit
3595 1623 3648 1670 et

2042 1703 2376 1759 resurrectio
2408 1717 2746 1760 mortuorum
2776 1713 2876 1760 est.
2898 1706 3040 1760 Nam
3057 1706 3108 1760 si
3128 1707 3474 1760 resurrectio
3496 1719 3648 1760 mor-

334 1789 470 1844 Cum
513 1790 676 1845 modo
721 1790 918 1846 debeat
964 1791 1200 1862 probare
1237 1793 1305 1847 de
1334 1791 1756 1859 resurrectione,
1789 1807 1937 1862 prze-
1967 1825 2019 1884 B
2042 1796 2269 1848 tuorum
2285 1810 2401 1850 non
2418 1797 2522 1859 est,
2542 1810 2721 1865 neque
2746 1792 3004 1849 Christus
3020 1794 3359 1848 resurrexit.
3377 1792 3645 1848 Hiclocus

331 1877 495 1932 mittit
520 1878 794 1933 Christum
824 1895 953 1935 vere
982 1879 1151 1936 fuisse
1189 1888 1481 1946 mortuum,
1515 1888 1572 1935 ut
1606 1897 1748 1935 verae
1777 1879 1939 1936 morti

330 1982 462 2022 vera
513 1967 580 2020 sit
636 1969 982 2024 resurrectio.
1041 1971 1158 2026 Hoc
1211 1969 1375 2024 etiam
1427 1969 1624 2024 tradidi
1671 1969 1826 2025 vobis
1871 1969 1939 2024 de

332 2055 552 2110 Christo
597 2057 740 2129 quod
785 2059 1043 2129 sepultus
1087 2063 1190 2128 est,
1246 2075 1315 2114 ne
1344 2057 1528 2113 statim
1557 2065 1681 2130 post
1710 2065 1940 2113 mortem

331 2159 647 2215 resurgens,
694 2145 1014 2200 diceretur:
1067 2147 1190 2202 Non
1234 2163 1364 2202 vere
1412 2153 1658 2201 mortuus
1687 2155 1789 2202 est.
1824 2149 1938 2202 Hoc

331 2231 493 2288 etiam
523 2232 720 2288 tradidi
749 2233 902 2289 vobis
924 2234 991 2289 de
1021 2250 1086 2290 eo
1115 2236 1258 2308 quod
1285 2237 1613 2291 resurrexit
1644 2235 1933 2291 tertiadie.

330 2321 404 2375 Et
433 2322 537 2377 hoc
567 2322 691 2378 dico
722 2323 1032 2379 secundum
1077 2325 1422 2397 Scripturas,
1457 2340 1579 2396 quae
1615 2323 1720 2380 hoc
1749 2324 1936 2396 perhi-

331 2408 483 2464 bent.

407 2499 660 2554 Probavit
711 2515 810 2571 per
873 2500 1184 2556 testimonia
1256 2501 1686 2572 Scripturarum,
1739 2502 1936 2572 probat

329 2587 491 2642 etiam
521 2588 794 2643 Christum
821 2589 1211 2657 resurrexisse,
1244 2606 1345 2662 per
1394 2590 1706 2646 testimonia
1745 2606 1934 2646 eorum

328 2675 531 2746 quibus
568 2684 691 2746 post
731 2678 1186 2733 resurrectionem
1231 2678 1382 2733 visus
1429 2687 1530 2734 est.
1582 2680 1649 2733 Et
1678 2679 1932 2734 hoctra-

329 2763 446 2818 didi
461 2763 636 2826 vobis.
670 2766 801 2836 quia
830 2766 980 2822 visus
1009 2770 1094 2822 est
1130 2766 1345 2839 Cephce,
1378 2766 1433 2820 id
1454 2775 1554 2832 est,
1581 2768 1761 2823 Petro.
1781 2768 1933 2823 Hanc

331 2852 730 2923 apparitionem
758 2853 869 2919 ubi,
901 2862 953 2910 et
981 2855 1254 2927 quomodo
1284 2853 1424 2911 facta
1446 2855 1515 2910 sit
1533 2871 1644 2911 non
1672 2855 1928 2928 legimus,

329 2940 431 2995 sed
458 2942 829 2997 tantummodo
856 2943 1118 3014 scriptum
1140 2951 1257 3000 est:
1282 2945 1550 3000 Surrexit
1579 2945 1852 3000 Dominus
1873 2948 1931 3000 et

327 3031 600 3101 apparuit
633 3032 817 3097 Petro,
852 3035 907 3087 et
921 3037 1047 3103 post
1067 3033 1183 3088 haec
1222 3034 1376 3089 visus
1401 3036 1486 3089 est
1510 3033 1778 3089 undecim
1790 3048 1929 3103 apo-

327 3117 503 3183 stolis,
545 3117 780 3175 146
811 3119 1027 3190 quando
1058 3121 1296 3176 Thomas
1329 3128 1442 3176 erat
1501 3138 1624 3177 cum
1656 3121 1736 3176 eis
1768 3123 1924 3192 (Luc.

327 3221 493 3272 xxxv,
527 3209 644 3277 39).
679 3207 890 3264 Deinde
926 3211 1078 3266 visus
1110 3214 1196 3266 est
1229 3211 1362 3283 plus
1392 3228 1561 3282 quam
1605 3212 1928 3283 quingentis

329 3296 611 3366 fratribus
642 3297 819 3353 simul
852 3317 870 3353 :
899 3313 973 3354 ex
1017 3300 1213 3371 quibus
1244 3299 1418 3354 multi
1469 3303 1709 3354 manent
1753 3316 1928 3372 usque

327 3384 404 3438 ad
436 3383 534 3440 hoc
567 3389 818 3457 tempus;
839 3393 890 3440 et
910 3385 956 3441 si
979 3386 1176 3458 placet,
1203 3387 1428 3459 quaerite
1457 3387 1528 3442 ab
1549 3387 1662 3454 eis;
1697 3388 1928 3460 quidam

327 3477 523 3528 autem
551 3490 747 3530 eorum
767 3475 1145 3531 dormierunt.
1180 3475 1458 3531 Christum
1479 3475 1610 3531 dicit
1629 3484 1924 3546 mortuum,

327 3560 432 3615 hos
449 3562 738 3617 dormisse.
771 3564 982 3620 Deinde
1014 3565 1189 3620 etiam
1217 3565 1370 3620 visus
1392 3569 1475 3620 est
1503 3565 1698 3621 Jacobo
1728 3565 1926 3620 Hiero-

325 3649 654 3720 solymitano
686 3651 964 3722 episcopo,
1000 3653 1092 3723 qui
1116 3653 1307 3708 videns
1347 3654 1621 3708 Christum
1656 3653 1711 3707 in
1738 3669 1923 3721 cruce,

322 3737 544 3795 devovit
570 3755 631 3794 se
677 3755 788 3795 non
815 3740 1274 3796 manducaturum
1302 3757 1521 3812 panem,
1555 3742 1732 3797 donec
1769 3741 1925 3797 vide-

324 3835 411 3881 ret
455 3827 728 3883 Christum
776 3829 1159 3885 resurrexisse.
1214 3831 1294 3886 De
1344 3829 1428 3884 his
1457 3830 1671 3884 duabus
1702 3828 1925 3900 appari-

323 3915 582 3984 tionibus,
613 3916 748 3971 nihil
776 3917 830 3972 in
859 3918 1174 3990 Evangeliis
1201 3918 1502 3975 invenitur.
1536 3919 1752 3975 Deinde
1777 3919 1927 3972 visus

323 4012 408 4059 est
437 4007 692 4061 omnibus
721 4009 986 4077 apostolis
1018 4008 1164 4076 (Act.
1194 4023 1274 4075 ix,
1312 4012 1387 4078 3),
1422 4007 1478 4061 in
1510 4007 1597 4063 die
1627 4007 1925 4062 Ascensio-

322 4091 430 4146 nis.
463 4094 769 4150 Novissime
789 4099 980 4150 autem
1012 4097 1268 4152 omnium
1303 4097 1454 4152 visus
1495 4100 1580 4152 est
1610 4097 1756 4151 mihi
1776 4095 1922 4165 (Act.

323 4195 468 4246 xxii,
505 4185 591 4251 17)
617 4201 632 4250 ;
663 4182 816 4253 prius
844 4183 900 4238 in
926 4183 1033 4249 via,
1068 4193 1192 4254 post
1220 4185 1277 4238 in
1319 4184 1523 4256 templo
1554 4185 1748 4240 oranti.
1797 4182 1926 4238 Mihi

323 4269 468 4336 dico,
493 4274 764 4344 tanquam
780 4273 1048 4340 abortivo,
1072 4273 1126 4327 id
1148 4281 1230 4329 est
1249 4273 1302 4328 vi
1338 4273 1579 4345 quadam
1598 4281 1650 4328 et
1671 4272 1924 4344 compul-

323 4357 480 4414 sione
507 4359 562 4413 in
589 4360 948 4430 apostolatum
979 4369 1121 4417 nato.
1168 4362 1492 4418 Abortivum
1517 4378 1577 4416 se
1607 4361 1758 4430 dicit,
1800 4360 1926 4433 quia

323 4455 474 4502 extra
519 4456 729 4520 tempus
756 4457 912 4503 natus
941 4449 997 4503 in
1026 4449 1257 4516 Christo,
1294 4450 1659 4521 apostolatum
1687 4449 1921 4520 accepit,

2042 1896 2075 1935 a
2105 1881 2266 1949 simili
2322 1890 2422 1947 est,
2475 1889 2528 1937 et
2555 1881 2696 1937 inter
2769 1897 2993 1937 causam
3041 1889 3092 1936 et
3122 1879 3375 1937 effectum
3406 1880 3642 1936 diversis

2041 1970 2399 2040 respectibus.
2463 1970 2767 2026 Similitudo
2823 1971 2879 2024 in
2909 1976 3070 2026 eoest
3090 1969 3219 2041 quia
3253 1968 3299 2023 si
3320 1969 3569 2024 Christus
3590 1969 3647 2024 in

2040 2066 2216 2114 morte
2243 2057 2472 2114 detineri
2501 2074 2609 2114 non
2640 2058 2832 2129 potuit,
2867 2058 2996 2129 quia
3039 2065 3342 2129 peccatum,
3376 2056 3522 2128 quod
3563 2063 3648 2112 est

2039 2162 2206 2202 causa
2236 2147 2447 2216 mortis,
2479 2147 2536 2201 in
2564 2163 2630 2202 eo
2660 2163 2767 2203 non
2813 2146 2928 2214 fuit,
2960 2162 3062 2202 nec
3086 2162 3188 2202 nos
3218 2161 3316 2217 pro
3345 2145 3510 2201 modo
3539 2161 3644 2201 no-

2039 2243 2150 2290 stro
2173 2234 2451 2304 justiﬁcati
2481 2252 2512 2290 a
2541 2238 2782 2306 peccatis
2811 2235 2868 2289 in
2899 2243 3075 2290 morte
3096 2234 3478 2290 detinebimur.
3506 2232 3645 2302 Quia

2038 2324 2083 2378 si
2130 2333 2359 2380 mortem
2407 2324 2707 2391 evadimus,
2756 2333 2886 2380 tunc
2936 2340 3310 2396 resurgemus,
3360 2338 3461 2393 per
3502 2323 3643 2378 hanc

2038 2412 2463 2478 similitudinem,
2516 2413 2745 2478 scilicet,
2795 2412 2939 2485 quod
2968 2411 3207 2483 peccatis
3229 2409 3513 2481 justiﬁcati
3543 2427 3641 2466 su-

2036 2517 2176 2568 mus,
2227 2517 2352 2556 cum
2396 2501 2611 2556 Christo
2658 2517 3050 2572 resurgemus;
3105 2499 3203 2555 sed
3232 2499 3361 2571 quia
3391 2498 3640 2554 Christus

2033 2589 2196 2661 longe
2225 2590 2400 2659 major
2427 2589 2588 2645 nobis
2618 2597 2703 2645 est
2750 2589 2805 2643 in
2830 2589 3058 2658 justitia,
3093 2588 3218 2644 ideo
3247 2588 3424 2657 major
3451 2587 3551 2642 erit
3581 2586 3638 2642 in

2034 2678 2214 2750 gloria
2268 2677 2703 2734 resurrectionis.
2752 2678 2954 2732 Iterum
2993 2677 3326 2733 resurrectio
3357 2675 3556 2732 Christi
3586 2682 3642 2733 et

2033 2783 2369 2839 quaecunque
2416 2774 2673 2838 operatus
2713 2774 2798 2821 est
2823 2765 2882 2820 in
2919 2766 3100 2833 terris,
3134 2766 3315 2822 omnia
3348 2772 3639 2836 spectave-

2033 2863 2157 2922 runt
2185 2863 2242 2910 ut
2269 2856 2433 2911 homo
2464 2855 2845 2912 restitueretur
2875 2855 3102 2926 perditae
3129 2854 3470 2910 beatitudini.
3496 2853 3642 2922 Quia

2033 2943 2078 2998 si
2107 2943 2196 3000 hic
2222 2943 2468 3011 effectus,
2519 2943 2744 3008 scilicet,
2797 2943 3127 3000 resurrectio
3157 2952 3498 2998 mortuorum
3527 2958 3640 2998 non

2032 3032 2294 3103 sequitur,
2361 3032 2563 3087 frustra
2637 3047 2816 3089 causae
2892 3032 2999 3088 illae
3055 3039 3476 3104 praecesserunt,
3540 3031 3640 3088 sed

2032 3121 2278 3176 Christus
2306 3121 2604 3177 resurrexit
2638 3136 2650 3175 :
2683 3128 2736 3176 et
2764 3122 2868 3176 hoc
2896 3120 3090 3192 probat
3118 3137 3220 3192 per
3246 3120 3417 3175 multa
3446 3119 3637 3176 incon-

1960 3182 2006 3243 θ
2030 3209 2322 3277 venientia,
2357 3226 2423 3265 ex
2463 3227 2529 3265 eo
2570 3226 2679 3265 non
2707 3218 3029 3281 resurgente
3069 3209 3467 3280 provenientia.
3501 3208 3639 3265 Dico

2029 3298 2176 3370 quod
2208 3297 2464 3354 Christus
2486 3300 2764 3354 surrexit.
2796 3299 2940 3354 Nam
2979 3298 3030 3352 si
3073 3297 3330 3354 Christus
3358 3314 3474 3354 non
3503 3314 3636 3354 sur-

2027 3387 2201 3452 rexit,
2235 3403 2362 3458 ergo
2380 3387 2712 3460 prxdicatio
2753 3391 2950 3444 nostra
2973 3390 3056 3442 est
3079 3387 3293 3455 inanis,
3325 3386 3379 3441 id
3408 3393 3492 3442 est
3518 3386 3638 3442 sine

2028 3490 2086 3530 re
2115 3493 2128 3542 ;
2161 3475 2292 3545 quia
2324 3491 2412 3530 res
2442 3475 2535 3529 illa
2567 3491 2730 3545 quam
2776 3474 3036 3546 praedicat
3082 3490 3193 3530 non
3223 3475 3301 3530 sic
3331 3483 3453 3542 est;
3488 3482 3542 3531 et
3569 3474 3638 3530 de

2025 3563 2223 3618 eodem
2253 3562 2401 3617 aliud
2433 3562 2843 3628 inconveniens,
2877 3562 3133 3634 quoniam
3162 3563 3299 3631 ﬁdes
3331 3567 3518 3619 vestra
3548 3566 3636 3618 est

2026 3652 2244 3717 inanis,
2270 3651 2327 3706 id
2356 3659 2438 3705 est
2461 3650 2818 3718 infructuosa,
2845 3651 2890 3705 si
2912 3650 3159 3706 Christus
3181 3667 3292 3706 non
3313 3651 3634 3718 resurrexit,

2029 3741 2176 3811 quod
2225 3739 2508 3806 Corinthii,
2562 3739 2786 3806 scilicet,
2840 3739 3003 3794 fidem
3053 3756 3205 3794 suam
3253 3755 3376 3795 esse
3415 3739 3635 3796 inanem

2025 3828 2172 3884 nullo
2212 3827 2377 3884 modo
2425 3827 2744 3907 faterentur.
2795 3829 2995 3883 Iterum
3043 3827 3188 3882 aliud
3218 3827 3631 3898 inconveniens,

2027 3917 2073 3971 si
2103 3917 2346 3972 Christus
2375 3933 2486 3972 non
2514 3917 2813 3972 resurrexit
2845 3935 2859 3983 ;
2893 3917 3016 3988 quia
3036 3924 3165 3974 tunc
3185 3919 3514 3974 invenimur
3533 3933 3637 3974 nos

2025 4007 2166 4077 falsi
2196 4009 2368 4062 testes
2397 4006 2499 4061 Dei
2528 4005 2720 4072 Patris,
2753 4005 2879 4062 ideo
2900 4007 3167 4079 quoniam
3188 4007 3443 4062 diximus
3468 4008 3635 4062 testi-

2024 4096 2283 4150 monium
2313 4098 2517 4150 contra
2539 4096 2750 4150 Deum:
2783 4111 2894 4151 non
2917 4095 3060 4150 enim
3082 4094 3260 4166 placet
3281 4095 3416 4164 Deo,
3443 4095 3489 4150 si
3510 4095 3634 4167 quis

2025 4183 2171 4254 quod
2199 4198 2308 4238 non
2341 4182 2532 4238 fecerit
2561 4184 2709 4238 Deus
2737 4184 2993 4238 attribuat
3031 4183 3100 4250 ei;
3134 4184 3257 4249 hoc,
3291 4183 3502 4241 scilicet
3545 4192 3634 4240 te-

2025 4270 2339 4326 stimonium
2367 4272 2510 4344 quod
2538 4273 2684 4328 Deus
2713 4273 3084 4328 suscitaverit
3121 4270 3430 4338 Christum,
3466 4289 3633 4345 quem

2023 4375 2122 4431 pro
2161 4367 2313 4416 certo
2353 4377 2470 4418 non
2508 4361 2806 4416 suscitavit
2840 4361 2892 4416 si
2911 4362 3127 4417 mortui
3155 4377 3271 4418 non
3299 4365 3626 4432 resurgunt.

2023 4448 2225 4503 Verum
2254 4455 2337 4503 est
2367 4447 2512 4519 quod
2543 4448 2743 4503 mortui
2791 4456 3084 4521 resurgunt
3129 4455 3267 4506 sicut
3296 4464 3395 4504 vos
3426 4448 3628 4504 dicitis.

319 4535 379 4590 in
433 4536 572 4592 ccelo
628 4545 850 4610 recepto
903 4537 1136 4594 Domino
1194 4553 1318 4594 cum
1369 4554 1553 4595 carne.
1605 4539 1749 4594 Bene
1795 4538 1919 4594 dico
1947 4537 2164 4601 DNam
2191 4538 2243 4592 si
2271 4537 2488 4592 mortui
2529 4553 2645 4592 non
2675 4541 3000 4609 resurgunt,
3042 4553 3222 4609 neque
3246 4537 3503 4593 Christus
3532 4554 3629 4593 re-

319 4625 586 4682 abortivo.
609 4627 750 4682 Nam
768 4643 864 4698 ego
914 4643 1041 4682 sum
1069 4628 1342 4683 minimus
1379 4629 1783 4699 apostolorum,
1820 4628 1918 4699 qui

319 4729 427 4769 nec
447 4715 622 4770 etiam
643 4715 850 4785 dignus
862 4731 989 4772 sum
1003 4717 1186 4772 vocari
1199 4717 1506 4788 apostolus,
1521 4717 1786 4789 quoniam
1795 4731 1920 4787 per-

319 4807 547 4859 secutus
572 4820 698 4859 sum
729 4805 1039 4860 Ecclesiam
1063 4807 1178 4860 vei.
1211 4806 1277 4859 Et
1304 4804 1428 4860 licet
1446 4805 1643 4877 dignus
1665 4820 1773 4860 non
1794 4803 1911 4859 fue-

319 4891 443 4960 rim,
477 4902 658 4948 tamen
684 4910 814 4948 sum
843 4893 918 4960 id,
955 4893 1009 4947 id
1039 4901 1120 4948 est
1146 4893 1424 4964 apostolus
1453 4893 1546 4965 qui
1571 4893 1757 4965 utique
1793 4908 1914 4947 sum

318 4996 419 5053 per
442 4985 688 5054 gratiam
734 4983 855 5047 Dei,
905 4989 958 5036 et
1001 4981 1127 5037 licet
1156 4981 1308 5052 prius
1340 4990 1656 5052 persecutor
1697 4981 1910 5051 fuerim,

320 5076 493 5127 tamen
525 5089 592 5127 ex
621 5086 732 5144 quo
759 5069 948 5140 recepi
986 5071 1223 5141 gratiam
1251 5070 1390 5140 ejus,
1423 5071 1543 5142 ipsa
1571 5071 1758 5142 gratia
1797 5086 1912 5126 non

313 5161 425 5230 fuit
451 5179 647 5230 vacua,
683 5160 739 5214 id
773 5165 858 5214 est
903 5159 1073 5214 otiosa
1104 5160 1166 5215 in
1206 5175 1313 5226 me,
1350 5159 1448 5215 sed
1490 5160 1736 5215 laboravi
1764 5158 1912 5214 omni

307 5267 508 5324 genere
536 5247 821 5323 passionis
850 5247 1238 5303 abundantius
1269 5249 1526 5304 omnibus
1552 5247 1672 5302 aliis
1702 5254 1911 5318 aposto-

301 5339 385 5397 lis.
414 5342 482 5398 Et
510 5341 642 5398 licet
673 5339 864 5393 dicam
899 5335 1164 5405 laboravi,
1198 5343 1376 5392 tamen
1408 5353 1522 5392 non
1553 5351 1648 5406 ego
1695 5351 1796 5406 per
1822 5351 1911 5391 me

293 5431 394 5490 hoc
420 5431 592 5504 potui,
628 5427 733 5486 sed
762 5425 959 5497 gratia
985 5426 1086 5480 Dei
1115 5433 1343 5495 operata
1371 5428 1456 5480 est
1499 5440 1741 5480 mecum.
1775 5424 1912 5478 Cum

284 5523 426 5582 dicat
455 5539 516 5579 se
547 5527 627 5576 tot
660 5524 718 5572 et
751 5519 901 5569 tanta
933 5513 1274 5580 sustinuisse,
1305 5528 1406 5582 per
1425 5513 1531 5568 hoc
1549 5511 1683 5567 satis
1712 5526 1912 5582 appro-

275 5617 364 5675 bat
412 5605 924 5674 resurrectionem,
973 5617 1072 5674 spe
1112 5601 1268 5671 cujus
1315 5600 1500 5657 omnia
1547 5601 1765 5672 patitur,
1799 5600 1911 5656 ne-

2017 4625 2310 4681 surrexit:
2337 4625 2486 4680 idem
2517 4625 2770 4695 superius
2805 4633 3080 4696 posuerat,
3115 4625 3212 4680 sed
3243 4625 3314 4680 ad
3343 4624 3490 4680 aliud
3515 4642 3528 4681 :
3553 4626 3632 4682 ibi

2019 4713 2163 4769 enim
2221 4722 2280 4768 ut
2337 4713 2488 4769 illam
2543 4713 2803 4785 probaret
2858 4730 3043 4770 veram
3099 4714 3146 4770 si
3199 4713 3450 4770 Christus
3497 4731 3627 4770 sur-

2016 4803 2159 4858 rexit
2188 4810 2242 4858 et
2273 4803 2470 4857 mortui
2501 4811 2816 4875 resurgent.
2850 4802 2951 4858 Hic
2979 4811 3163 4859 autem
3191 4811 3248 4858 ut
3277 4801 3503 4858 inferret
3532 4821 3628 4860 ve-

2016 4907 2130 4945 ram
2163 4907 2282 4946 eam
2315 4908 2434 4963 quae
2455 4890 2585 4947 dicit
2606 4907 2717 4947 non
2740 4892 3056 4948 suscitatum
3080 4908 3202 4947 esse
3224 4891 3496 4947 Christum
3523 4892 3629 4948 nisi

2023 4979 2256 5036 147
2289 4980 2485 5035 mortui
2519 4988 2826 5054 resurgant.
2862 4980 3083 5037 Diceret
3116 4980 3428 5037 Corinthius
3452 4999 3467 5036 :
3489 4982 3626 5036 Mal-

2013 5067 2122 5124 lem
2151 5084 2360 5142 negare
2388 5069 2851 5126 resurrectionem
2881 5070 3100 5136 Christi,
3122 5086 3288 5142 quam
3316 5071 3622 5126 concedere

2013 5157 2157 5229 quod
2194 5167 2489 5231 resurgant
2521 5158 2740 5214 mortui.
2781 5158 2982 5214 Probat
3003 5159 3198 5214 iterum
3218 5176 3317 5231 per
3353 5159 3618 5215 inconve-

2011 5245 2168 5301 niens
2185 5246 2459 5302 Christum
2480 5247 2845 5302 resurrexisse
2867 5266 2885 5302 :
2910 5248 3053 5302 Vere
3081 5248 3331 5302 Christus
3359 5248 3615 5315 surrexit,

2012 5349 2141 5390 nam
2158 5337 2207 5390 si
2226 5351 2342 5391 non
2361 5338 2683 5391 resurrexit
2709 5335 2984 5402 Christus,
3007 5335 3144 5405 ﬁdes
3165 5341 3351 5392 vestra
3363 5336 3433 5391 de
3454 5336 3617 5391 Chri-

2013 5430 2096 5478 sto
2115 5439 2261 5478 vana
2281 5427 2388 5477 est.
2411 5423 2572 5478 Nulla
2596 5421 2696 5478 fuit
2713 5421 2804 5476 illa
2825 5421 2984 5489 fides,
3006 5439 3167 5494 quam
3180 5423 3484 5495 accepistis.
3506 5426 3618 5480 Ve-

2011 5527 2073 5565 re
2104 5510 2428 5574 si_Christus
2457 5527 2568 5566 non
2617 5510 2930 5577 resurrexit,
2965 5527 3102 5566 vana
3132 5520 3215 5566 est
3245 5511 3381 5567 ﬁdes
3411 5519 3612 5569 vestra.

2014 5599 2159 5656 Nam
2187 5597 2375 5656 adhuc
2423 5600 2560 5656 estis
2604 5600 2667 5654 in
2699 5601 2950 5670 peccatis
2997 5599 3453 5672 vestris.Legitur
3481 5616 3600 5654 sur-
