3934 6416
357 379 475 445 9'79

1510 382 2013 452 EKKEHARDI
2053 382 2610 455 URAUGIENSIS

3659 377 3786 449 980

358 522 493 578 cant
515 515 811 578 interisse.
837 517 1059 580 Testari
1078 521 1271 582 solent
1291 522 1388 597 qui
1405 524 1668 596 aderant,
1695 524 1748 583 in
1766 525 2007 584 brachio
2040 525 2095 587 Α
2129 528 2354 587 vicinus
2374 531 2432 585 et
2464 528 2710 586 infestus
2734 525 2863 599 fuit,
2882 523 3066 584 donec
3090 520 3344 580 statione
3367 518 3630 580 fruentes
3643 532 3775 597 pre,

358 610 626 680 corporis
647 610 897 666 exanimi
922 614 1116 671 crucis
1129 614 1491 685 signaculum
1519 616 1717 673 subito
1736 619 2007 673 exortum

355 712 417 754 se
439 697 676 768 vidisse,
702 699 981 771 ipsasque
1012 702 1139 771 ejus
1156 705 1436 775 exequias
1458 705 1806 775 quibusdam
1841 706 2009 762 mira~

353 785 501 843 culis
531 786 949 846 houoriﬁcatas
980 792 1164 849 fuisse
1188 795 1252 847 “.

530 875 604 958 Α,ἒ
633 874 740 957 hoc
766 892 920 958 anno
949 881 1043 937 ita
1073 902 1087 958 :_
1123 882 1429 958 Heinricus
1463 884 1784 958 imperator
1815 884 2009 958 natale

566 947 791 1022 Domini
839 951 1143 1022 Mogontize
1194 953 1463 1018 plurimis
1524 947 2008 1011 convenientibus

564 1016 900 1096 celebravit.
930 1016 995 1062 v—
1024 1016 1368 1096 Egilb’ertus
1415 1026 1780 1082 Trevirorum
1824 1027 2009 1081 archi-

564 1095 965 1174 episcopuset
1017 1095 1314 1174 Liemarus
1366 1099 1694 1174 Premensis
1724 1097 2010 1174 archiepi-

566 1172 783 1230 scopus
805 1164 1099 1221 obierunt.
1118 1168 1507 1223 —Hrinricus
1528 1184 1724 1226 comes
1755 1170 1825 1224 de
1859 1164 2009 1223 Lint-

564 1244 714 1314 Plll‘g
735 1235 1083 1314 _r_cl)ell_avit_,
1139 1238 1266 1314 s_ed__
1295 1239 1564 1314 obsessit,
1597 1247 1655 1314 et
1686 1240 2008 1314 destructis

562 1301 829 1382 castellis
854 1307 998 1373 suis,
1054 1301 1108 1382 in
1139 1309 1490 1365 deditionem
1520 1301 1699 1366 venit.
1722 1342 1789 1350 ~—
1815 1312 1911 1367 Ila
1945 1311 2007 1371 ﬂ-

559 1373 658 1448 nis
687 1373 870 1448 [cujus
902 1379 1113 1448 operis.

488 1439 534 1462 “
567 1439 865 1523 Quadam:
909 1439 1021 1504 Nec
1056 1450 1366 1523 immerito.
1400 1452 1643 1523 Tantum
1679 1452 1894 1522 quippe
1928 1451 2010 1523 iu-

564 1511 713 1590 dolis
741 1532 860 1573 suae
884 1550 941 1559 —
972 1520 1171 1576 extitit
1216 1522 1500 1577 amabilis.
1537 1511 1709 1578 Juxta
1735 1511 1919 1590 legale
1946 1521 2009 1577 il-

561 1582 660 1639 lud
681 1594 1049 1663 preceptum:
1080 1613 1106 1640 «
1130 1594 1358 1648 Honora
1381 1599 1607 1663 patrem
1635 1582 1838 1650 tuumun
1857 1608 2009 1647 mur-

563 1670 838 1733 murque
872 1661 1134 1731 plerique
1166 1664 1353 1733 patris
1382 1661 1479 1719 sui
1502 1664 2007 1719 moreslaniabant

565 1728 835 1798 quodque
872 1728 919 1768 ὲ
952 1728 1124 1805 causa
1164 1728 1434 1789 extitisse
1472 1738 1730 1805 putatur,
1768 1736 2010 1791 auribus

560 1826 630 1834 —
663 1814 956 1868 proceres.
992 1804 1063 1858 ut
1086 1818 1272 1875 supra
1300 1821 1355 1860 a.
1389 1808 1545 1859 1099.

2125 619 2422 676 nominata
2455 634 2584 676 cum
2636 621 2825 674 turma
2861 614 3143 673 Welfonis
3172 613 3341 670 ducis
3389 613 3778 685 exercituque

2121 707 2479 777 Willihelmi,
2529 706 2780 764 diversis
2810 719 3038 777 quoque
3092 703 3307 759 cotidie
3340 703 3777 761 confluentibus

2122 795 2325 868 copiis,
2378 809 2480 867 per
2527 793 2653 850 dies
2700 799 2766 849 15
2812 793 2883 848 ad
2940 796 3149 847 100000
3176 792 3693 861 congregabamur.
3733 793 3777 848 Ε

2123 883 2336 954 quibus
2382 883 2653 938 omnibus
2704 880 3062 949 singularum
3098 884 3417 934 turmarum
3470 878 3773 951 principes

2120 972 2363 1045 Alexius
2392 985 2549 1027 more
2584 986 2692 1026 suo
2725 972 2834 1026 sub
2866 967 3257 1041 appellatione
3290 967 3537 1023 ﬁliorum
3570 982 3774 1026 susce-

2124 1060 2579 1133 pit,eisdemque
2596 1064 2727 1130 post
2753 1073 2956 1114 manus
2982 1060 3255 1128 acceptas
3285 1062 3771 1128 sacramentaque

2122 1150 2367 1221 ﬁrmata,
2417 1148 2592 1205 sicuti
2643 1147 2940 1220 prioribus
2972 1146 3351 1215 exercitibus,
3384 1160 3615 1201 munera
3651 1145 3775 1201 dis-

2120 1238 2383 1311 pertivit,
2421 1236 2777 1309 pauperibus
2811 1250 2947 1291 vero
2981 1238 3147 1290 extra
3172 1234 3468 1289 civitatem
3501 1234 3772 1290 elemosi-

2122 1342 2249 1383 nam
2274 1326 2476 1397 largiri
2502 1329 2941 1396 mercatumque
2968 1323 3158 1395 parari
3186 1323 3463 1396 precepit.
3492 1325 3625 1379 Nam
3667 1323 3773 1379 ob-

2122 1416 2370 1470 sistente
2405 1415 2768 1485 suspicione,
2816 1411 3185 1484 paucissimis
3218 1412 3501 1483 personis,
3534 1415 3589 1466 et
3622 1410 3769 1483 ipsis

2120 1504 2320 1575 precio
2372 1503 2710 1573 furtimque,
2760 1502 3061 1572 cujusdam
3113 1500 3275 1555 urbis
3308 1501 3397 1555 vel
3429 1501 3605 1556 castri
3642 1500 3770 1556 sive

2123 1593 2466 1649 munitionis
2493 1606 2595 1663 per
2620 1596 2805 1647 totum
2831 1590 3134 1662 imperium
3166 1590 3292 1660 ejus
3319 1590 3770 1661 permittebatur

2123 1681 2442 1750 ingressus.
2492 1681 2611 1746 Qua
2647 1680 2821 1736 etiam
2855 1694 3032 1736 causa
3060 1680 3191 1736 dum
3223 1678 3606 1735 Willihelmus
3633 1693 3764 1735 cum

2122 1770 2388 1825 exercitu
2406 1784 2507 1841 per
2522 1769 2764 1824 mediam
2782 1767 3394 1840 Andrianopolim,qua
3411 1768 3565 1837 regia
3581 1770 3764 1823 strata

425 1855 747 1943 Visus.ést
778 1903 807 1943 a
844 1855 1049 1947 τῇ)ὲῶ
1396 1855 1693 1949 ἐἶθ’ὦίιίῧΐί
1753 1896 1824 1949 ab
1858 1893 2012 1951 oeci-
2042 1885 2094 1945 B
2125 1858 2308 1928 ducit,
2334 1858 3041 1929 transire“prohiberetur,
3070 1857 3343 1929 Aquitani
3375 1871 3502 1912 mox
3523 1855 3763 1926 genitali

354 1967 526 2027 dente
554 1972 609 2029 in
634 1976 917 2035 orientem
952 1982 1156 2038 volans
1188 1984 1338 2053 ignis
1373 1983 1441 2039 ad
1473 1984 1657 2040 instar
1686 1998 1794 2039 non
1831 1975 2013 2060 modi:

350 2070 432 2144 ca}
461 2059 740 2119 civitatis.
777 2097 843 2107 -—
878 2069 1339 2128 Vermiculorum
1383 2088 1632 2144 quoque,
1672 2088 1819 2143 quos
1850 2059 2012 2143 papiL

354 2141 537 2202 liones
567 2162 594 2203 a
629 2152 1012 2213 similitudine
1031 2141 1546 2216 tabernaculorum
1576 2141 1812 2231 vobant,
1840 2141 2009 2218 exers

347 2232 501 2291 citus
534 2237 897 2301 incredibilis
956 2248 1352 2305 multitudinis
1413 2265 1516 2321 per
1553 2256 1674 2306 tres
1704 2251 2009 2305 continuO‘

352 2321 477 2380 dies
507 2330 670 2397 quasi
706 2346 735 2386 a
794 2336 1057 2392 Saxonize
1116 2338 1328 2394 ﬁnibus
1372 2339 1426 2393 in
1507 2339 1828 2407 Bajcariam
1881 2338 2009 2394 vola

351 2410 529 2468 bat".
570 2448 613 2456 -
663 2420 789 2477 Mox
841 2426 1134 2493 profectio
1193 2428 1499 2498 populosa,
1556 2432 1614 2482 et
1675 2443 1802 2498 quze
1862 2441 2005 2497 pene

347 2500 526 2568 priori
546 2514 738 2575 posset
762 2526 1001 2568 numero
1016 2513 1318 2570 dumtaxat
1356 2515 2003 2586 sequari,subsequitur,

345 2602 472 2657 qua}
501 2600 636 2663 post
670 2598 901 2654 auditas
936 2600 1088 2657 ultra
1119 2618 1278 2674 spem
1313 2618 1406 2660 res
1460 2604 1852 2660 Hierosolimae
1880 2619 2008 2675 pro-

360 2692 531 2748 spere
560 2689 778 2753 gestas,
807 2706 835 2742 a
870 2689 1121 2746 residuis
1151 2692 1332 2748 totius
1363 2692 1685 2749 occidentis
1708 2693 2003 2764 gentibus,

364 2770 609 2827 maxime
638 2775 827 2832 abhis
858 2794 1121 2846 quorum
1161 2780 1319 2851 prius
1352 2782 1503 2837 votis
1543 2783 1714 2838 timor
1745 2782 1835 2839 vel
1868 2782 2006 2836 ditii-

344 2854 558 2923 dentia,
578 2860 765 2933 inopia
790 2866 880 2920 vel
908 2866 1260 2924 inbecillitas
1304 2870 1679 2940 obstiterant,
1701 2870 1886 2927 denuo
1910 2886 2005 2942 pa-

351 2947 593 3003 rabatur
621 2952 721 3017 **‘;
780 2955 1027 3024 primum
1089 2958 1159 3013 ab
1209 2958 1505 3030 episcopis
1563 2960 1995 3029 Mediolanensi,

348 3034 621 3106 Papiensi
654 3043 1005 3113 czeterisque
1042 3046 1553 3116 Longobardorum
1586 3048 1819 3120 populis
1841 3050 1907 3104 ad
1934 3054 2001 3106 50

350 3124 501 3179 milia
546 3128 808 3199 signatis,
861 3132 1067 3189 deinde
1102 3151 1131 3191 a
1167 3136 1531 3192 diversarum
1569 3137 1996 3208 provinciarum

347 3212 741 3301 Theutonicis,
762 3226 1057 3290 postremo
1083 3226 1154 3279 ab
1174 3224 1555 3295 Aquitanicis,
1584 3225 1796 3296 quibus
1816 3226 1996 3282 Willi-
2029 3242 2076 3301 (λ

347 3300 574 3360 heluius
596 3307 1253 3383 Pictaviensispreerat,
1284 3314 1706 3384 pretervulgus
1728 3315 1795 3369 ad
1822 3320 1999 3371 30000

344 3387 623 3449 loricatis.
678 3395 1187 3466 Longobardorum
1226 3400 1447 3473 plebes,
1508 3403 1798 3473 permissu
1830 3404 1997 3459 Hein-

339 3478 560 3534 rici1638
579 3483 745 3540 ducis
772 3487 1063 3543 Carintliia
1090 3496 1412 3560 permeata,
1453 3490 1582 3547 dum
1612 3496 1744 3562 post
1771 3494 1996 3562 ngros

342 3570 505 3636 tergo
538 3571 777 3629 relictos
806 3575 859 3629 in
896 3577 1188 3645 Burgarizr,
1228 3579 1373 3650 (203)
1411 3578 1750 3636 civitatibus
1783 3580 1998 3637 hiema-

337 3660 487 3727 rent,
517 3673 755 3718 numero
793 3678 1095 3721 rarescere
1130 3672 1435 3738 ceperunt,
1472 3669 1822 3737 tandemque
1858 3671 1999 3726 Con-

337 3745 780 3817 stantinopolim
843 3754 1272 3822 pervenientes,
1325 3756 1378 3810 in
1434 3756 1677 3813 alteram
1710 3758 1894 3828 ripam
1928 3790 1996 3798 —

338 3830 477 3887 illud
503 3835 653 3890 enim
681 3839 1026 3896 beneficium
1064 3842 1412 3900 maledictus
1448 3844 1685 3902 Alexius
1716 3846 1806 3879 ¹⁶⁸⁹
1837 3862 1999 3918 pere-

334 3920 521 3987 grinis
536 3925 870 3983 accelerare
888 3929 1041 3985 solet
1058 3962 1125 3971 —
1139 3933 1518 4003 transpositze
1535 3939 1693 4005 sunt,
1717 3935 1890 3991 immo
1909 3946 2000 4008 pa“

332 4020 610 4095 ganorum
633 4016 874 4083 sagittis
898 4019 1204 4089 exposita}.
1243 4022 1451 4078 Thurci
1484 4023 1655 4093 enim,
1691 4024 1992 4095 explorata

333 4093 848 4167 Longobardorum
905 4107 1136 4177 inertia,
1196 4110 1547 4181 stipularum
1586 4126 1688 4168 eos
1723 4093 1995 4169 terebant

336 4197 512 4256 more,
559 4188 613 4245 in
666 4197 891 4250 tantum
923 4200 983 4251 ut
1009 4198 1308 4254 exercitus
1332 4200 1747 4267 Theutonicus,
1776 4202 1871 4272 qui
1905 4217 1997 4257 ea-

332 4276 461 4332 dem
512 4278 602 4335 via
661 4283 1016 4341 subsecutus
1070 4286 1225 4343 circa
1258 4287 1409 4344 Junii
1446 4288 1733 4345 Kalendas
1764 4291 1832 4345 ad
1862 4298 1997 4345 ean'

334 4363 461 4420 dem
497 4371 863 4441 metropolim
928 4376 1214 4445 pervenit,
1262 4377 1397 4446 quid
1433 4377 1504 4432 de
1538 4378 1992 4447 procedentibus

334 4468 394 4507 se
421 4460 655 4521 gestum
689 4459 784 4527 sit,
822 4461 982 4519 nullo
1008 4464 1197 4534 modo,
1233 4470 1437 4536 utpote
1472 4465 1634 4521 nullo
1663 4469 1989 4538 superstite

331 4542 401 4598 de
449 4544 723 4602 Romania
760 4549 1060 4621 redeunte,
1122 4558 1327 4624 posset
1376 4553 1750 4623 investigare.
1791 4557 1872 4610 Ab
1907 4557 1988 4612 in-

330 4647 539 4701 gressu
563 4636 777 4708 quippe
800 4639 893 4694 vel
920 4640 1100 4711 prima
1123 4642 1367 4697 civitate
1393 4643 1679 4713 Bulgaria:
1706 4659 1889 4715 usque
1913 4646 1982 4701 ad

333 4721 528 4778 sedem
556 4723 762 4796 Alexii,
809 4742 1040 4799 semper
1065 4729 1233 4785 nobis
1259 4730 1385 4799 ejus
1411 4732 1634 4802 pacifici
1662 4734 1855 4789 nuncii
1889 4751 1985 4791 oc-

331 4813 669 4883 currebant,
692 4815 786 4884 qui
810 4819 1003 4872 tamen
1022 4816 1338 4888 aliquando
1364 4834 1464 4875 nos
1486 4820 1873 4891 precedentes
1892 4824 1981 4879 vel

328 4899 679 4957 comitantes
706 4902 1031 4960 favillarum
1056 4907 1528 4964 evanescentium
1550 4924 1707 4965 more
1727 4910 1983 4982 dispare-

333 4987 489 5043 bant.
532 4990 774 5046 Militum
803 4993 977 5049 etiam
1004 5008 1263 5065 suorum,
1292 5011 1439 5066 quos
1456 4997 1791 5056 Pincinatos
1824 4999 1980 5056 voci-

330 5077 476 5147 tant,
510 5079 809 5137 exercitus
830 5096 982 5137 nunc
1014 5081 1182 5140 nobis
1212 5098 1240 5139 a
1271 5088 1437 5153 tergo
1470 5084 1740 5144 damnum
1777 5088 1973 5144 intulit

328 5178 477 5221 nunc
510 5181 539 5221 a
596 5168 781 5224 latere
815 5170 926 5225 vim
986 5170 1223 5241 inferre,
1257 5187 1408 5229 nunc
1447 5188 1477 5229 a
1513 5174 1703 5232 fronte
1750 5176 1973 5233 directa

330 5252 472 5309 facie
522 5269 748 5313 manum
799 5258 1086 5329 conferre,
1150 5274 1300 5316 nunc
1358 5276 1461 5331 per
1519 5269 1723 5321 noctes
1776 5271 1974 5321 castra

329 5340 654 5415 irrumpere
670 5344 984 5417 disposuit,
1004 5362 1235 5419 semper
1253 5353 1442 5406 tamen
1456 5352 1825 5424 nobisper20
1845 5353 1972 5410 dies

2126 1951 2521 2003 tumescentes
2556 1948 2727 2017 fastu,
2756 1946 3001 2002 simbola
3021 1946 3403 2015 conclamant,
3432 1944 3762 2001 suburbana

2123 2035 3315 2105 succendunt,civitateminvadunt,cujus
3348 2034 3762 2105 oppugnationi

2122 2124 2255 2181 dum
2281 2126 2501 2181 acriter
2524 2124 2818 2192 insistunt,
2837 2124 3272 2180 i’incinatorum
3295 2124 3633 2194 exercitum,
3664 2124 3761 2195 qui

2120 2229 2369 2285 semper,
2400 2219 2461 2268 ut
2493 2213 2837 2285 premissum
2863 2218 2973 2284 est,
3002 2212 3114 2268 iter
3134 2212 3505 2284 ipsumjussu
3528 2212 3762 2269 caesaris

2117 2303 2413 2373 observat,
2452 2317 2481 2357 a
2524 2307 2692 2372 tergo
2742 2302 3109 2374 suscipiunt;
3173 2302 3382 2372 quibus
3440 2301 3755 2372 congressi,

2117 2392 2332 2448 multos
2366 2396 2661 2459 sternunt,
2704 2391 2918 2447 multos
2951 2390 3245 2462 amittunt,
3276 2390 3508 2445 tandem
3540 2391 3629 2445 via
3660 2391 3761 2446 du-

2117 2481 2250 2537 dum
2287 2485 2623 2551 contempta
2652 2480 2892 2536 vadunt.
2918 2480 3101 2549 Igitur
3135 2483 3297 2534 totus
3331 2478 3425 2534 ille
3450 2482 3760 2549 tantusque

2115 2568 2370 2641 p0pulus
2396 2584 2497 2640 per
2516 2569 2849 2625 Romaniam
2873 2569 2986 2623 iter
3010 2568 3264 2638 dirigere
3285 2566 3647 2638 disponebat,
3665 2580 3759 2621 ne-

2115 2657 2371 2713 cessaria
2409 2656 2517 2711 sibi
2553 2657 2802 2726 quisque
2832 2670 2935 2727 per
2967 2655 3199 2711 deserta
3231 2655 3568 2719 coemebat;
3605 2654 3759 2711 ultra

2119 2745 2415 2801 brachium
2444 2745 2581 2801 illud
2600 2745 2775 2801 maris
2793 2745 2946 2816 quod
2963 2743 3399 2814 SanctiGeorgii
3417 2743 3754 2799 diciturtam

2115 2833 2397 2905 compulsi
2446 2849 2613 2905 quam
2650 2834 2967 2891 voluntarii
3002 2834 3450 2903 transvehimur,
3485 2833 3581 2887 sed
3617 2833 3758 2888 coti-

2114 2922 2268 2978 diani
2322 2923 2646 2994 principum
2677 2927 3019 2992 conventus,
3075 2922 3369 2979 cotidiana
3404 2922 3575 2978 etiam
3605 2921 3756 2992 ipso-

2116 3027 2238 3068 rum
2272 3027 2400 3067 cum
2427 3012 2779 3083 imperatore
2811 3011 3101 3083 colloquia
3127 3026 3295 3082 quem
3323 3012 3486 3067 finem
3524 3011 3639 3065 sint
3660 3010 3753 3065 ha-

2113 3100 2326 3170 bitura,
2364 3099 2599 3171 penduli
2654 3100 2825 3155 nimis
2856 3100 3174 3171 operimur.
3236 3100 3345 3157 Sed
3394 3114 3529 3157 ecce
3559 3098 3750 3155 subito

2108 3204 2369 3245 murmur
2391 3188 2659 3245 exoritur
2683 3188 2950 3258 invisum,
2974 3189 3384 3261 imperatorem
3398 3189 3743 3246 Thurcorum

2108 3278 2305 3350 potius
2322 3293 2491 3349 quam
2523 3278 2987 3335 Christianorum
3009 3278 3389 3350 partit‘avere,
3406 3276 3741 3349 exploratis-

2107 3380 2215 3436 que
2240 3380 2368 3436 quas
2386 3364 2541 3422 circa
2568 3381 2674 3422 nos
2721 3370 2910 3436 erant,
2944 3366 3498 3439 frcquentibusillos
3550 3368 3745 3421 contra

2106 3470 2213 3510 nos
2242 3455 2469 3511 nunciis
2493 3455 2768 3510 animare.
2797 3456 2917 3513 Hic
2941 3454 3342 3526 esi,inquiunt,
3362 3454 3625 3527 perﬁdus
3653 3454 3754 3508 ille

2106 3543 2375 3611 Alea-ius,
2393 3544 2521 3615 qui,
2545 3544 2778 3601 domino
2807 3559 2911 3601 suo
2937 3544 3274 3601 Michaheli
3302 3544 3509 3616 “9°per
3528 3557 3754 3614 quamn

2106 3632 2245 3688 dam
2272 3634 2746 3689 Alamannorum
2776 3633 3283 3691 conducticiam»:
3325 3633 3630 3691 auxilium
3669 3631 3755 3687 de‘

2095 3723 2292 3793 pulso,
2347 3721 2665 3792 imperium
2710 3719 2803 3794 ζσθί
2825 3724 2957 3794 ejus
2994 3723 3333 3793 usurpavit.
3371 3724 3640 3795 ipsosque
3658 3721 3750 3777 sui

2102 3810 2344 3868 sceleris
2374 3810 2776 3879 coeperatores
2807 3811 2992 3868 exélio
3022 3811 3333 3869 damnatos
3362 3812 3561 3868 necari
3567 3809 3750 3882 fecit;

2101 3911 2445 3968 naucquese
2469 3898 2626 3953 tanti
2641 3899 2857 3968 facere
2879 3898 3031 3955 dicit
3059 3898 3314 3956 Francos
3340 3912 3474 3956 cum
3507 3898 3746 3956 Thurcis

2095 3986 2456 4060 proeliantes
2476 3987 2692 4057 quanti
2704 4000 2880 4049 canes
2890 4000 2951 4045 se
2970 3988 3224 4045 invicem
3240 3988 3589 4045 mordentes.
3615 3987 3742 4042 Cum

2106 4079 2298 4130 autem
2331 4075 2559 4144 navigia
2600 4076 2905 4146 quisquam
2937 4075 3266 4132 conducere
3287 4078 3623 4147 temptaret,
3653 4088 3745 4130 au-

2106 4163 2253 4220 divit
2300 4179 2578 4221 caesarem
2640 4163 2884 4220 insidias
2919 4164 3243 4236 peregrinis
3295 4163 3557 4220 etiamin
3609 4162 3743 4218 mari

2106 4252 2399 4323 posuisse,
2437 4253 2769 4323 multasque
2799 4252 3015 4309 dudum
3047 4252 3251 4309 eodem
3287 4252 3540 4310 facinore
3573 4265 3743 4308 naves

2101 4356 2232 4398 eum
2265 4342 2676 4397 submersisse.
2728 4342 3097 4413 Quapropter
3130 4357 3331 4399 omnes
3359 4356 3490 4398 eum
3519 4338 3744 4397 maledi-

2100 4430 2312 4486 cebant
2359 4435 2418 4485 et
2469 4430 3060 4500 anathematizabant,
3121 4446 3320 4488 omnes
3352 4430 3513 4487 illum
3541 4428 3743 4499 linguae

2099 4532 2213 4574 non
2244 4518 2658 4589 imperatorem
2710 4519 2811 4575 sed
2842 4519 3191 4575 traditorem
3222 4518 3620 4592 appellabant.
3660 4518 3741 4571 ln-

2017 4599 2068 4659 D
2097 4606 2383 4663 credibile
2408 4612 2731 4663 memoratu
2756 4612 2923 4663 estet
2945 4607 3015 4662 ad
3042 4608 3464 4665 recordandum
3486 4605 3740 4677 eXpertis

2096 4693 2400 4765 horribile,
2427 4700 2641 4767 quanta
2669 4695 2723 4751 in
2751 4702 2973 4766 nostro,
3001 4696 3110 4752 hoc
3135 4701 3222 4753 est
3248 4695 3609 4764 Germanico,
3631 4693 3741 4750 col-

2094 4782 2248 4852 legio
2281 4783 2435 4854 quod
2486 4784 2756 4842 omnibus
2804 4790 2928 4840 erat
2968 4785 3178 4855 rarius,
3233 4788 3371 4841 tunc
3403 4783 3577 4841 fuerit
3611 4782 3739 4838 titu-

2092 4872 2271 4942 batio,
2299 4872 2433 4928 dum
2467 4871 2703 4928 videres
2734 4879 2960 4943 patrem
2985 4887 3014 4927 a
3041 4872 3181 4943 ﬁlio,
3211 4874 3447 4930 fratrem
3470 4887 3498 4927 a
3523 4885 3741 4941 germa-

2088 4982 2182 5037 no,
2218 4969 2440 5025 socium
2492 4968 2562 5024 ab
2606 4966 2794 5024 amico
2845 4967 3028 5025 multo
3059 4969 3317 5026 amarius
3370 4983 3540 5040 quam
3587 4980 3738 5023 mors

2087 5069 2321 5137 separat
2353 5080 2482 5121 cum
2534 5065 2651 5121 vita
2686 5064 2970 5136 separari,
3008 5064 3198 5123 altero
3231 5072 3423 5135 terra),
3458 5065 3643 5123 altero
3674 5077 3733 5119 se

2084 5163 2487 5220 committente
2513 5161 3047 5234 mari,rursumque
3072 5162 3356 5234 quosdam
3379 5166 3511 5235 post
3528 5176 3735 5234 appen-

2082 5275 2208 5315 sum
2239 5259 2494 5329 naulum,
2528 5263 2661 5330 post
2704 5272 2875 5315 unam
2903 5260 2997 5316 vel
3028 5260 3176 5317 duas
3218 5260 3275 5317 in
3307 5259 3437 5317 navi
3473 5265 3730 5316 transac-

2079 5358 2171 5411 tas
2202 5360 2424 5423 noctes,
2460 5357 2755 5427 resumpta
2789 5354 3187 5429 suppellectili
3212 5354 3284 5413 ad
3316 5354 3456 5413 litus
3486 5369 3615 5412 cum
3649 5356 3725 5411 in-

1690 5448 1923 5506 VARIIE
1966 5451 2260 5508 LECTION
2268 5453 2367 5508 ES.

398 5525 581 5583 Imu.
619 5531 831 5587 tua.
914 5531 1097 5587 ιδεοΑ.
1136 5538 1181 5589 1.
1217 5537 1451 5605 sapias.
1535 5534 1723 5592 ιανοΜ.
1760 5542 1807 5593 1.

1887 5537 1975 5572 “9‘
2007 5552 2247 5609 regnum
2284 5544 2334 5596 t5.

1923 5625 2144 5683 NOTAE.

396 5684 547 5759 (203)
580 5688 616 5743 i.
651 5702 701 5743 e.
742 5689 1045 5760 Bulgarize.
