3934 6450
195 427 286 499 981

1129 431 1570 507 CHRONICA.
1603 466 1682 484 --
1708 422 2187 497 CHRONIGON
2232 431 2783 499 UNlVERSALE.

3553 438 3671 503 982

198 569 336 645 Beati
376 569 629 643 damno
681 583 1011 662 prosilire,
1055 584 1374 662 redemptis
1405 585 1602 661 precio
1629 583 1915 661 ampliori,
1952 579 2001 641 A
2036 584 2170 645 bant
2198 586 2678 649 machinamenta.
2711 585 2854 658 Quid
2885 583 3114 648 moror?
3145 586 3235 646 Sic
3260 602 3364 662 per
3387 586 3508 649 dies
3530 601 3676 667 pene

203 678 337 738 quos
354 682 569 743 nuper
598 672 1064 751 distraxerant,
1089 679 1276 749 equis,
1304 679 1374 736 ad
1400 693 1619 747 necem,
1642 676 1915 747 fugiendo

208 762 452 818 mortem
485 760 618 839 ω’,
655 783 1021 841 properare.
1069 770 1183 827 Nos
1223 783 1454 840 quoque
1496 769 1696 825 eadem
1740 768 1912 825 animi

214 848 523 908 nutatione
554 852 671 912 diu
710 857 1087 929 multumque
1113 858 1329 927 vexati,
1360 857 1592 913 tandem
1628 857 1778 913 inter
1809 871 1912 915 eos

220 939 310 1012 qui
334 955 398 997 se
419 941 555 1000 salo
580 945 855 1003 credere
886 951 1385 1021 presumpserant,
1420 946 1611 1003 divina
1647 945 1911 1003 miserias

230 1036 465 1090 nostras
495 1034 896 1103 gubernante
936 1036 1262 1106 clementia,
1299 1038 1479 1107 Joppe
1508 1042 1740 1107 portum
1774 1038 1907 1107 post

234 1137 337 1179 sex
383 1122 765 1182 ebdomadas
818 1126 1118 1196 attigimus
1149 1123 1369 1198 (Aug),
1406 1125 1753 1182 benedictus
1805 1138 1908 1197 per

230 1210 423 1270 omnia
452 1213 630 1269 Iesus
663 1214 975 1272 Christus!

375 1306 399 1324 '
431 1301 709 1375 Reliqua
743 1302 930 1375 hujus
958 1304 1105 1361 anni
1141 1302 1248 1360 hoc
1278 1303 1397 1361 loco
1429 1302 1642 1359 desunt
1666 1301 1727 1355 D.

381 1391 433 1415 “
463 1390 737 1463 Reliqua
764 1393 948 1465 hujus
972 1393 1118 1450 anni
1148 1393 1363 1450 desunt
1386 1393 1443 1447 E.

381 1480 458 1504 “'
491 1498 548 1552 p.
588 1483 671 1554 De
708 1484 879 1554 cujus
921 1483 1002 1538 rei
1042 1488 1250 1539 eventu
1299 1482 1443 1537 alias
1492 1480 1720 1554 plenius
1767 1477 1909 1536 scri-

453 1557 628 1626 ptum
660 1553 963 1610 habemus.
1002 1556 1059 1609 C.
1092 1554 1352 1624 reliquis
1382 1553 1637 1609 omissis.

314 1661 506 1717 Porro
545 1660 853 1717 exercitus
892 1659 1263 1727 universalis,
1305 1661 1375 1714 ab
1417 1660 1767 1729 imperatore
1808 1660 1911 1713 300

228 1747 662 1822 Thurcopolis.
701 1750 797 1820 qui
828 1748 1088 1818 legiones
1118 1753 1255 1820 apto
1289 1749 1497 1805 itinere
1531 1747 1907 1802 deducerent.

226 1839 536 1912 acceptis,
569 1844 778 1895 contra
806 1838 1198 1895 Nicomediam
1228 1838 1497 1905 vertitur,
1527 1837 1775 1905 indeque
1804 1835 1913 1888 Re-

219 1928 497 1985 maniam
537 1927 867 1997 declinans,
900 1927 970 1983 ad
1004 1927 1391 1997 aquilonalem
1440 1927 1660 1997 plagam
1705 1928 1906 1979 contra

224 2024 468 2074 terram
519 2015 925 2085 Chorizanam,
979 2030 1105 2086 qua}
1152 2016 1507 2071 Thnrcorum
1554 2018 1642 2070 est
1695 2011 1902 2082 patria,

223 2104 639 2162 convertitur.
672 2104 818 2160 Loca
844 2103 1059 2175 quippe
1082 2103 1392 2172 Romaniae,
1426 2117 1552 2172 qua:
1576 2101 1731 2157 circa
1760 2101 1905 2155 stra-

230 2199 365 2250 tam
394 2193 690 2266 publicam
713 2195 903 2259 erant,
924 2193 1195 2263 perjurus
1216 2190 1451 2247 Alexius
1476 2190 1900 2256 devastaverat,

215 2282 375 2339 dum
408 2280 635 2338 nostris
661 2280 715 2336 in
743 2280 1047 2336 Antiochia
1082 2279 1298 2337 dudum
1333 2278 1594 2343 obsessis
1624 2276 1929 2349 auxiliuxn

219 2370 399 2427 ferre
430 2384 545 2427 non
580 2368 830 2425 auderet
864 2372 925 2425 ut
954 2368 1276 2438 iuraverat,
1324 2371 1631 2437 suspectus
1670 2364 1897 2420 scilicet

215 2466 454 2516 extunc
487 2462 612 2514 tam
643 2457 882 2513 Francis
915 2470 1080 2526 quam
1120 2455 1381 2511 Thurcis.
1418 2455 1660 2524 Insuper
1690 2450 1900 2507 milicia

218 2547 362 2605 hac
399 2560 606 2604 nomen
640 2546 751 2602 sibi
781 2546 972 2601 facere
1002 2545 1055 2599 in
1088 2543 1381 2612 gentibus,
1419 2540 1901 2612 quemadmodum

220 2636 528 2704 anterior,
577 2634 918 2707 proposuit;
960 2633 1083 2701 sed,
1117 2637 1181 2688 ut
1210 2632 1292 2687 rei
1330 2630 1595 2701 probavit
1629 2632 1896 2685 eventus,

216 2725 452 2783 divinae
473 2723 528 2780 id
553 2721 1043 2794 predestinationi
1066 2735 1181 2778 non
1204 2718 1578 2790 complacuit.
1608 2719 1744 2773 Nam
1767 2721 1899 2772 ante

222 2828 465 2886 paucos
488 2811 613 2869 dies
638 2808 788 2867 idem
815 2810 1019 2881 pagani
1045 2809 1100 2865 in
1126 2807 1663 2877 Longobardornm,
1688 2810 1749 2862 ut
1775 2819 1900 2877 prc'

231 2902 488 2959 missum
515 2904 628 2970 est,
663 2899 761 2956 vix
793 2898 991 2969 tepido
1038 2896 1315 2966 sanguine
1364 2896 1675 2951 hebetatos
1726 2898 1896 2950 antea

232 2988 477 3060 gladios
517 2988 893 3056 duraverant,
933 2984 1181 3055 indeque
1214 2983 1471 3053 animati,
1504 2987 1622 3037 tam
1655 2981 1895 3037 inﬁnitae

235 3076 607 3134 multitudini
634 3074 985 3132 bellatorum
1009 3073 1289 3130 resistere
1315 3072 1748 3143 presumebant.
1771 3071 1892 3127 Non

233 3165 430 3224 multo
462 3164 595 3236 plus
626 3178 796 3234 quam
831 3166 1084 3232 quatuor
1116 3164 1280 3217 erant
1317 3159 1472 3216 milia
1512 3159 1888 3227 Thurcorum,

224 3254 334 3325 qui
376 3258 569 3309 tamen
602 3252 715 3324 ipsi
748 3250 921 3306 electi
950 3254 1005 3306 et
1039 3240 1229 3319 equis
1253 3247 1663 3315 velocissimis,
1717 3245 1892 3302 armis

2029 678 2288 750 20quasi
2338 679 2566 750 signum
2617 680 2686 738 ad
2737 679 2987 751 sagittas
3034 678 3312 752 expositi,
3347 681 3430 738 sic
3458 681 3677 743 cotidie

2025 772 2318 840 tamquam
2364 785 2500 827 oves
2549 771 2862 829 occisionis
2908 772 3182 839 estimati,
3228 771 3460 828 tandem
3494 771 3549 827 in
3579 786 3677 828 ex-

2025 862 2207 914 trema
2237 860 2353 930 jam
2386 865 2544 917 sorte
2578 862 2772 932 positi,
2808 875 3106 918 nemorum
3130 875 3192 918 sc
3214 860 3464 918 saltibus
3492 864 3671 919 noctu

2023 948 2287 1020 tradunt,
2331 965 2618 1009 morosam
2650 951 2753 1008 sed
2784 954 3002 1008 certam
3035 951 3145 1008 sibi
3179 956 3424 1008 mortem
3453 950 3673 1008 accele-

2024 1052 2153 1094 rare
2186 1044 2485 1111 satagunt,
2520 1042 2781 1112 quamvis
2812 1041 3177 1113 paucissimis
3204 1042 3333 1110 fuga
3362 1041 3671 1111 quicquam

2018 1127 2396 1185 emolumenti
2422 1131 2755 1200 contulerit,
2792 1135 2987 1202 preter
3012 1129 3164 1200 quod
3190 1130 3440 1186 omnium
3466 1128 3668 1187 ultima

2021 1217 2135 1272 fata
2169 1217 2461 1274 tardantia
2490 1220 2933 1276 consummavit.
2971 1220 3105 1276 Nam
3132 1218 3201 1274 de
3225 1222 3343 1275 tam
3366 1218 3669 1275 innumero

2024 1306 2235 1377 populo
2264 1308 2383 1377 Dei,
2419 1308 2560 1364 heu!
2598 1308 2739 1365 heu!
2775 1324 2886 1365 non
2911 1308 3205 1365 credimus
3230 1307 3383 1364 mille
3406 1308 3564 1364 viros
3589 1320 3671 1364 re'

2020 1397 2327 1465 mansisse,
2369 1412 2510 1466 quos
2551 1403 2754 1467 postea
2790 1398 2885 1453 vix
2916 1398 3147 1454 ossibus
3178 1398 3454 1453 herentes
3483 1398 3663 1467 Rodo,

2021 1484 2218 1554 Papho
2274 1487 2622 1556 czeterisquc
2675 1488 2981 1557 portubus,
3033 1501 3199 1542 raros
3248 1490 3438 1542 autem
3489 1486 3665 1543 etiam

2018 1574 2202 1643 Joppe
2222 1574 2502 1640 vidimus;
2529 1589 2558 1630 e
2583 1576 2797 1645 quibus
2823 1575 3194 1631 Bernhardus
3212 1590 3407 1631 comes
3426 1581 3483 1629 et
3500 1574 3669 1631 Hein-

2024 1660 2179 1717 ricus
2214 1678 2410 1719 comes
2453 1664 2894 1733 Ratisponensis
2935 1664 3330 1721 liierosolimze
3370 1664 3662 1731 obierunt,

2023 1749 2136 1805 dux
2170 1765 2308 1805 vero
2338 1752 2621 1808 Waiulfus
2651 1752 2739 1785 1°“
2770 1754 3120 1808 revertendo
3160 1754 3430 1822 moriens,
3471 1751 3665 1823 Papho

2021 1842 2107 1893 est
2126 1839 2418 1896 humatus.
2449 1841 2604 1895 inter
2626 1841 3016 1907 longissimam
3041 1842 3403 1898 cruciatuum
3426 1857 3663 1898 suorum

2023 1927 2364 1995 hystoriam,
2398 1944 2566 1998 quam
2600 1930 2690 1983 hic
2725 1935 2923 1985 texere
2956 1944 3060 1985 nec
3102 1930 3226 2000 ipsa
3265 1930 3662 2000 compendiosi

2021 2015 2194 2085 hujus
2240 2018 2436 2088 Operis
2480 2020 2806 2088 proprietas
2856 2019 3163 2089 permittit,
3202 2018 3271 2073 de
3299 2019 3665 2077 nostratibus

2020 2105 2485 2176 archipiscopum
2536 2106 3014 2173 Salzburgensem
3060 2106 3384 2163 Tiemonem
3434 2104 3524 2141 ¹⁶⁹⁸
3571 2121 3664 2163 ca-

2020 2199 2201 2263 ptum,
2251 2196 2615 2249 marchisiam
2648 2196 2711 2249 N.
2747 2194 3117 2262 trncidatam,
3167 2194 3314 2251 duos
3363 2196 3662 2251 Brunones

2015 2283 2345 2349 canonicos,
2384 2283 2610 2339 nobiles
2658 2283 2834 2353 viros,
2871 2284 3058 2339 inedia
3111 2284 3325 2353 sitique
3375 2283 3659 2341 defecisse

2018 2371 2378 2435 referebant;
2414 2372 2481 2426 de
2516 2372 2734 2426 Latinis
2783 2386 2922 2427 vero
2972 2372 3338 2443 principibus
3387 2371 3659 2428 Willihel-

2015 2473 2187 2525 mum,
2251 2460 2693 2528 Regimundum,
2759 2459 3130 2528 Stephanum,
3193 2465 3655 2531 eaeterorumque

2013 2545 2262 2616 aliquam
2298 2551 2519 2617 partem
2556 2562 2862 2617 superesse
2898 2548 3189 2602 dicebant.

2085 2636 2222 2689 Dum
2256 2635 2378 2691 hmc
2412 2636 2488 2691 ita
2522 2640 2827 2704 geruntur,
2858 2648 2962 2689 nec
2994 2634 3084 2689 his
3116 2635 3211 2705 qui
3235 2634 3291 2690 in
3312 2635 3490 2691 Judea
3518 2642 3651 2692 sunt

2013 2722 2357 2777 Christianis
2399 2723 2678 2793 parcitur,
2711 2722 2813 2777 sed
2849 2727 2961 2777 tam
2992 2723 3063 2778 ab
3096 2722 3447 2779 Ascalonitis
3477 2727 3652 2793 atque

2011 2811 2378 2866 Damascenis
2407 2811 2695 2867 cotidiana
2729 2810 3034 2866 latrocinia
3066 2824 3233 2879 quam
3263 2826 3290 2865 a
3322 2809 3651 2881 Babyloniis

2012 2897 2159 2953 bella
2186 2904 2485 2968 parantur.
2512 2901 2648 2955 Post
2675 2898 2775 2952 Mai
2803 2899 3014 2969 quippe
3039 2897 3323 2954 Kalendas
3346 2912 3458 2955 non
3481 2898 3653 2969 longe

2009 2999 2037 3039 a
2071 2986 2243 3041 Rama
2275 2991 2464 3041 castra
2502 2992 2752 3041 metatus
2783 2989 2875 3040 cst
2906 2984 3291 3054 Babylonicus
3330 2985 3647 3054 exercitus,

2005 3079 2207 3130 contra
2234 3090 2401 3145 quem
2427 3075 2607 3130 aciem
2633 3074 2846 3130 direxit
2874 3072 2963 3105 1°“
2988 3087 3086 3127 rex
3115 3072 3486 3142 Balduvinus,
3514 3088 3651 3129 suos

2004 3160 2276 3217 hortatus
2311 3168 2371 3217 ut
2404 3162 2553 3217 sicut
2583 3167 2716 3217 ante
2745 3176 2966 3232 paucos
2993 3160 3118 3217 dies
3148 3176 3249 3231 per
3278 3161 3374 3217 Dei
3401 3161 3647 3230 gratiam

2003 3265 2180 3322 parva
2207 3265 2375 3307 manu
2402 3251 2635 3307 multam
2664 3250 2733 3305 de
2760 3250 2968 3305 Arabia
3001 3249 3236 3320 prodam
3267 3248 3540 3319 tulerant,
3570 3250 3646 3306 ita

227 3321 490 3413 telisque
513 3356 579 3398 ac
602 3321 923 3410 sagittandi
955 3338 1162 3410 peritia
1186 3338 1356 3393 nimis
1383 3335 1679 3405 instructi,
1712 3336 1891 3391 fortu-
1923 3321 1971 3383 Ο
2002 3321 2152 3395 nunc
2183 3339 2434 3395 hostium
2472 3337 2828 3394 multitudini
2862 3352 2968 3392 non
2999 3337 3227 3393 cedant.
3261 3336 3531 3404 Illorum,
3566 3336 3648 3393 in-

224 3443 563 3487 nam-suam
598 3441 701 3484 seu
735 3425 1011 3483 virtutem
1061 3424 1244 3494 ignoti
1294 3423 1586 3479 exercitus
1634 3420 1887 3493 experiri

223 3518 433 3591 potius
453 3514 819 3587 explorando
839 3528 1007 3585 quam
1028 3516 1231 3584 aperte
1250 3509 1682 3581 congrediendo
1703 3509 1890 3566 venie-

224 3609 397 3665 bant.
453 3605 612 3662 tTnde
663 3601 929 3675 inprimis
979 3593 1455 3657 latrocinantium
1490 3613 1648 3655 more
1682 3596 1892 3666 vulgus

223 3700 563 3753 extremum
610 3691 888 3762 diripere,
927 3692 1060 3761 post
1103 3689 1226 3744 haec
1266 3701 1476 3758 capere
1516 3685 1608 3742 vel
1655 3684 1884 3755 cedere,

224 3780 447 3840 deinde
471 3795 573 3853 per
595 3779 866 3851 competa
891 3779 1324 3848 precurrentes,
1348 3772 1617 3830 incendio
1642 3772 1732 3828 vel
1758 3788 1890 3844 quo.

229 3883 486 3941 cumque
542 3866 835 3924 molimine
894 3862 1106 3936 pabula
1162 3867 1527 3935 prevastare,
1576 3860 1886 3931 aliquando

223 3959 413 4016 etiam
439 3972 542 4029 per
560 3955 798 4026 junceta
818 3952 908 4011 vel
926 3956 1157 4009 carecta
1180 3951 1541 4022 gradientem
1564 3950 1884 4005 exercitum

226 4051 354 4105 tota
408 4045 501 4103 die
548 4042 796 4101 ﬂammis
841 4042 933 4099 vel
984 4041 1138 4097 fumo
1187 4053 1420 4108 vexare,
1475 4051 1884 4109 nonnunquam

224 4137 427 4193 fontes
448 4132 537 4168 ¹⁸⁹³
557 4132 651 4190 vel
673 4131 963 4188 cisternas
994 4129 1305 4198 obdurare,
1334 4142 1363 4183 a
1386 4126 1535 4183 locis
1564 4126 1884 4183 tutioribus

223 4222 369 4280 telis
388 4222 687 4290 infestare,
710 4233 813 4290 per
835 4223 1041 4275 noctes
1063 4232 1215 4275 nunc
1238 4217 1344 4273 hac
1368 4230 1515 4273 nunc
1539 4214 1636 4271 illa
1661 4219 1886 4273 castro-

222 4326 357 4370 rum
390 4313 558 4384 parte
592 4308 1003 4378 irrumpentes,
1037 4305 1269 4363 cunctis
1308 4303 1772 4376 inquietudinem
1803 4302 1884 4360 in-

219 4400 405 4459 ferre.
430 4400 588 4454 Inter
606 4396 732 4453 haec
751 4398 942 4451 tamen
966 4394 1154 4451 omnia
1179 4407 1471 4463 nunquam
1492 4392 1615 4448 acie
1636 4390 1879 4462 directa,

217 4501 524 4559 nunquam
567 4486 761 4541 fronte
799 4486 999 4554 aperta
1034 4496 1193 4538 more
1224 4480 1616 4552 przeliantium
1644 4494 1883 4550 congre-

220 4575 559 4643 diebantur,
587 4572 688 4630 sed
721 4569 1134 4628 resistentibus
1159 4569 1464 4640 cedebant,
1502 4569 1881 4645 insequentes

2003 3427 2148 3498 quit,
2174 3428 2386 3483 damno
2407 3428 2681 3483 vitamus
2702 3425 2811 3482 aut
2819 3426 3090 3495 periculo
3109 3425 3470 3481 moria-mur!
3496 3427 3647 3482 Ecce
3744 3438 3759 3447 ί

2002 3514 2236 3583 bellum,
2259 3530 2289 3570 0
2309 3514 2441 3571 boni
2458 3514 2702 3583 milites,
2729 3513 2888 3584 quod
2905 3513 3047 3567 olim
3066 3511 3154 3545 ¹⁶⁰⁷
3171 3512 3519 3583 optavimus,
3529 3527 3645 3584 pro

1998 3616 2113 3674 quo
2123 3604 2417 3675 patriam,
2428 3602 2710 3673 parentes
2725 3615 3048 3673 pacemque
3065 3598 3154 3633 '“8
3172 3600 3637 3670 contempsimus.

1998 3691 2187 3747 Porro
2199 3706 2311 3763 pro
2338 3691 2507 3749 C’hris
2517 3692 2561 3747 li
2589 3689 2918 3747 hereditate
2938 3689 3142 3747 contra
3167 3690 3469 3746 ineasores
3487 3688 3644 3746 San-

1998 3780 2105 3838 cta
2140 3782 2330 3837 Terra
2343 3780 2753 3851 predonesqu?
2782 3778 3158 3847 alienigenas
3185 3789 3454 3849 pugnare
3474 3776 3646 3833 lto-ne-

1996 3869 2155 3927 stum
2176 3869 2280 3937 est,
2302 3870 2534 3925 vincere
2566 3868 2714 3924 tales
2742 3880 3125 3937 nequaquam
3147 3866 3462 3934 incertum,
3494 3866 3648 3923 mori

1990 3957 2338 4027 gloriosum.
2366 3957 2407 4012 Ῑ
2406 3956 2507 4015 llis
2516 3956 2731 4027 patria
2747 3956 3061 4013 ministrat
3064 3954 3311 4027 fugam,
3335 3951 3504 4010 nobis
3522 3954 3647 4009 eui-

2000 4045 2146 4102 lium
2165 4045 2496 4103 victoriam.
2528 4043 2974 4115 Comprobemus
2980 4045 3113 4114 jam
3134 4042 3293 4115 quod
3308 4040 3424 4111 ipsi
3443 4054 3647 4112 expro-

1999 4131 2194 4201 brant,
2230 4131 2490 4189 Francos
2515 4132 2759 4187 mortem
2785 4145 2902 4186 non
2942 4131 3168 4197 timere,
3204 4129 3377 4184 immo
3412 4126 3645 4186 Cleristi

1988 4222 2334 4293 peregrinos
2354 4221 2467 4276 aut
2483 4220 2545 4274 in
2571 4218 2811 4276 Christo
2830 4218 3063 4273 eincere
3092 4217 3203 4274 aut
3224 4230 3331 4287 pro
3354 4214 3444 4248 1°”
3468 4215 3642 4274 Oari-

1993 4310 2081 4367 sto
2100 4310 2253 4365 mori
2274 4307 2455 4365 velle!
2479 4306 2631 4361 Talia
2666 4305 2840 4363 multa
2869 4308 3176 4376 postquam
3206 4302 3524 4375 peroravit,
3552 4316 3642 4359 ar-

1996 4396 2176 4454 rectis
2206 4410 2441 4452 suorum
2471 4393 2697 4459 animis,
2724 4394 2869 4449 miro
2899 4393 2996 4448 Dei
3028 4391 3446 4463 omnipotentis
3473 4397 3639 4459 nutu,

1994 4484 2199 4554 ingens
2227 4484 2673 4538 Sarracenorum
2701 4477 2952 4550 populus
2980 4478 3075 4534 uni
3105 4481 3330 4543 tantum
3356 4477 3447 4532 vel
3470 4476 3642 4550 paulo

1995 4572 2127 4644 plus
2150 4570 2363 4641 legioni
2386 4573 2710 4625 nostratum
2742 4567 2937 4636 cessit,
2972 4566 3114 4622 adeo
3149 4565 3233 4621 uti
3262 4579 3333 4620 ne
3361 4566 3639 4635 congredi

222 4664 552 4735 fugiebant,
586 4662 951 4719 revertentes
978 4659 1170 4715 denuo
1200 4659 1655 4729 subsequuntur.
1694 4658 1749 4713 Si
1779 4656 1882 4712 mi-
1910 4676 1961 4735 D
1995 4660 2225 4732 quidem
2249 4660 2675 4730 presumercnt,
2702 4655 2799 4713 sed
2828 4658 2958 4725 post
2979 4656 3313 4710 transactos
3336 4651 3557 4722 aliquot
3582 4652 3637 4707 in

224 4752 418 4811 serias
452 4750 585 4808 illas
613 4749 885 4808 omnibus
938 4746 1191 4805 miseriis
1236 4746 1691 4804 miserabiliores
1740 4746 1878 4803 stilo

222 4837 505 4912 prosequi
536 4836 705 4908 plene
731 4839 1103 4906 temptamus,
1136 4833 1588 4904 possibilitatem
1617 4832 1789 4889 simul
1816 4836 1873 4888 et

223 4928 456 4986 modum
497 4924 873 4991 excedimus;
913 4922 1013 4980 ubi
1056 4921 1307 4995 turpiter
1348 4924 1440 4977 tot
1481 4920 1726 4991 nobiles,
1772 4936 1875 4993 per

222 5016 478 5088 inopiam
501 5017 593 5073 tot
614 5012 850 5083 divites,
876 5011 1001 5068 sine
1026 5012 1182 5067 ferro
1206 5014 1294 5066 tot
1320 5010 1499 5066 fortes
1520 5009 1873 5067 occubuisse

222 5105 554 5174 referimus,
601 5102 737 5161 dum
774 5101 1004 5160 domino
1046 5114 1255 5159 servus
1296 5114 1557 5172 presens,
1593 5098 1871 5171 locupleti

224 5193 469 5268 pecunia
488 5191 784 5251 sufﬁciens
805 5190 1034 5247 minime
1052 5188 1240 5260 quivit
1257 5188 1587 5259 subvenire,
1607 5202 1713 5244 nec
1736 5188 1869 5246 forti

218 5281 381 5343 licuit
412 5294 689 5355 pugnare.
723 5279 866 5336 Loca
892 5278 1107 5350 quippe
1128 5277 1331 5335 eadem
1355 5281 1523 5334 erant
1544 5280 1690 5344 arta,
1720 5274 1870 5334 invia

218 5376 392 5446 atque
413 5367 843 5440 inhabitabilis,
859 5366 1133 5425 hostibus
1143 5366 1399 5437 cognita,
1416 5364 1631 5422 nostris
1651 5365 1867 5435 ignota,

1993 4749 2191 4806 eadem
2215 4748 2467 4804 statione
2487 4745 2607 4801 dies
2629 4744 2879 4815 turpiter
2897 4748 2954 4798 et
2976 4743 3164 4798 inacte
3188 4740 3466 4797 redirent.
3494 4740 3638 4798 Rur-

1991 4852 2119 4895 sum
2152 4838 2307 4895 circa
2340 4834 2624 4892 Kalendas
2658 4833 3051 4904 Septembres,
3088 4845 3200 4901 quo
3234 4827 3463 4886 scilicet
3494 4832 3639 4884 tem-

1990 4940 2131 4997 pore
2174 4924 2651 4988 Christianorum,
2696 4936 2842 4991 quos
2870 4924 3005 4976 ante
3034 4916 3498 4986 memoravimus,
3541 4916 3639 4973 ad-

1986 5013 2348 5070 ventantium
2383 5012 2529 5068 fama
2563 5008 2891 5080 Babyloniae
2930 5021 3105 5076 regna
3136 5008 3454 5072 terruerat,
3490 5003 3635 5060 inito

1987 5099 2256 5169 consilio,
2276 5113 2668 5172 preoceuparc
2689 5102 2969 5163 nostram,
2986 5096 3093 5151 hoc
3112 5099 3200 5152 est
3224 5093 3634 5150 universorum
3662 5127 3669 5137 ς

1985 5191 2083 5263 qui
2111 5194 2252 5247 tunc
2283 5189 2339 5244 in
2369 5188 2549 5245 Judca
2580 5186 2672 5243 vel
2696 5187 2749 5241 in
2774 5185 3003 5242 cunctis
3037 5183 3249 5239 finibus
3274 5180 3390 5237 illis
3416 5180 3636 5253 reperi-

1984 5285 2210 5346 rentur,
2236 5276 2613 5331 interneciem
2640 5273 3051 5344 disponebant,
3084 5270 3392 5339 missisque
3416 5268 3635 5339 episto-

1982 5359 2060 5424 lis
2082 5369 2378 5436 Damasco,
2409 5362 2645 5433 Tripoli,
2677 5360 2860 5429 Gibel,
2890 5359 3241 5429 caeterisque
3268 5355 3537 5413 barbaris
3558 5354 3637 5412 ci-

219 5443 326 5533 qna
348 5463 583 5519 tantum
601 5456 703 5514 Dei
724 5453 1003 5529 populum
1024 5453 1214 5514 Alexii
1235 5454 1550 5512 traditoris
1572 5454 1905 5516 incarcera-
1950 5456 2261 5525 vitatibus,
2278 5451 2563 5509 adversus
2582 5462 2786 5505 nomen
2812 5446 3272 5503 Christianitatis
3287 5458 3349 5501 se
3372 5443 3624 5500 invicem

1576 5573 1812 5630 VARLE
1851 5569 2251 5634 LECTIONES.

231 5754 475 5808 DMPUXi

529 5680 693 5728 σηοω·
749 5672 798 5725 1.
865 5664 957 5703 ⁸⁸⁸³
987 5666 1175 5726 fontes
1204 5699 1267 5708 —
1298 5668 1573 5728 infestare
1604 5669 1821 5729 desunt
1846 5673 1909 5728 D.
1943 5673 2011 5729 Η.
2070 5668 2159 5703 ¹⁶⁰⁸
2220 5665 2433 5724 welfus
2458 5664 2521 5719 ll.
2582 5659 2671 5694 “9’
2702 5661 2758 5714 T.
2794 5664 2844 5716 1.
2904 5657 2994 5692 ¹⁶⁹⁶
3017 5658 3199 5715 aciem
3243 5656 3638 5714 balduwimus‘

572 5739 637 5797 D.
674 5739 740 5796 Η.
802 5736 891 5772 ¹⁶⁹⁷
921 5752 951 5799 ο
979 5752 1135 5798 corr.
1176 5743 1226 5797 1.
1253 5738 1344 5774 ¹⁶⁹⁶
1368 5754 1564 5813 pacem
1596 5742 1661 5813 D,
1692 5742 1758 5800 Η.
1790 5741 1882 5777 ²⁶⁹⁹
1911 5742 1968 5800 in
1997 5743 2059 5801 D.
2107 5741 2172 5799 H.
