3934 6458
270 451 389 519 983

1417 448 1900 519 EKKEHARDI
1942 449 2055 521 UR
2065 448 2498 521 AUGIENSIS

3559 435 3692 509 984

273 588 682 666 qualicumque
720 594 894 666 pacto
935 589 1362 651 confortabant.
1397 591 1684 664 Egressus
1720 588 1917 664 itaque
1945 590 2003 653 Α
2032 590 2167 650 liter
2185 592 2382 652 eicere
2405 586 2599 659 liceat,
2625 601 2799 666 quem
2818 584 3024 648 contra
3047 583 3170 643 tam
3185 577 3527 656 profanam,
3554 580 3692 640 tam

275 684 343 740 40
369 683 585 742 milium
615 684 914 744 exercitus
944 683 1014 741 de
1046 682 1357 756 Babylone,
1392 683 1638 756 primum
1669 682 1737 739 ad
1769 682 1918 754 cpti-

276 774 517 831 nendam
565 778 785 849 Joppen
825 773 1094 845 tendens,
1137 789 1249 830 non
1289 774 1462 843 longe
1502 773 1572 829 ab
1611 771 1916 842 Ascalone,

274 856 541 936 sumptis‘
557 864 825 921 nimirum
854 864 989 921 inde
1019 864 1210 934 sociis,
1246 863 1531 920 consedit.
1570 861 1921 917 Balduvinus

277 966 414 1009 vero
454 966 573 1008 rem
613 967 727 1008 non
766 953 1062 1023 ignorans,
1105 968 1243 1009 suos
1282 952 1558 1022 undique,
1593 950 1702 1005 hoc
1731 953 1817 1004 est
1850 949 1921 1005 ab

278 1040 656 1111 Hierusalem,
713 1042 950 1113 Neapoli
998 1041 1108 1110 "0°,
1158 1046 1354 1099 monte
1406 1042 1650 1109 Thabor,
1706 1039 1920 1107 Ebron,

275 1130 517 1186 Cesarea
551 1136 608 1185 et
643 1133 841 1200 Assur,
878 1130 931 1187 in
959 1134 1204 1203 Joppcn,
1247 1131 1344 1187 ubi
1397 1134 1535 1185 tunc
1583 1143 1697 1184 non
1749 1141 1924 1198 parva

273 1219 542 1275 manebat
577 1220 1019 1290 peregrinorum
1048 1221 1242 1289 turba,
1272 1217 1636 1275 convocavit.

346 1307 605 1365 Vidimus
661 1308 885 1364 hisdem
942 1309 1150 1364 diebus
1205 1313 1426 1364 tantam
1484 1305 1925 1371 mortalitatem,

277 1410 447 1465 quam
472 1397 644 1453 etiam
674 1397 767 1451 vix
791 1397 1104 1468 evasimus,
1139 1397 1193 1453 in
1228 1396 1441 1469 p0pulo
1463 1394 1744 1466 grassari,
1773 1398 1833 1449 ut
1859 1397 1929 1449 ad

274 1486 380 1540 300
400 1484 682 1541 cadavera
705 1486 951 1555 singulis
969 1488 1179 1544 diebus
1196 1487 1598 1544 Hierosolima)
1623 1488 1930 1556 exportata

278 1577 953 1647 numerarentur,loppe
976 1592 1112 1632 vero
1140 1577 1342 1645 ingens
1361 1590 1602 1647 campus
1623 1574 1773 1629 intra
1802 1588 1936 1643 pau-

276 1676 378 1718 cos
412 1662 537 1719 dies
572 1664 811 1720 tumulis
862 1669 1272 1736 occuparetur.
1327 1665 1586 1734 Denique
1637 1662 1935 1733 cujusdam

279 1749 391 1804 diei
424 1750 610 1822 (Sept.
642 1752 723 1823 7.)
753 1752 893 1809 hora
929 1754 1133 1824 tercia,
1172 1753 1520 1824 procedente
1557 1766 1749 1819 regem
1784 1750 1938 1818 ligno

277 1836 588 1893 Dominicze
613 1840 828 1908 crucis,
857 1842 1007 1911 quod
1038 1856 1191 1897 anno
1216 1841 1395 1912 priori
1428 1845 1582 1895 terra
1614 1839 1940 1895 diutissime

2032 679 2433 755 blasphemam
2442 694 2819 755 paganorum
2841 678 3165 735 audaciam
3172 686 3452 748 pugnare
3468 685 3587 729 non
3618 672 3700 730 li-

2032 772 2482 831 beatIProtinus
2500 776 2633 828 ante
2651 784 2883 828 crucem
2902 763 3291 839 reparationis
3310 766 3528 820 nostra)
3544 776 3663 818 con
3677 772 3707 784 '

2034 863 2283 921 fossione
2309 864 2681 934 peccatorum
2708 858 2961 916 unanimi
2988 853 3389 912 humiliatione
3414 852 3580 919 facta,
3618 865 3695 908 ac

2036 958 2170 1025 post
2203 953 2416 1009 dictam
2447 950 2865 1020 indulgentiam
2891 948 2962 1003 ab
2987 944 3314 1017 apostolico
3339 941 3552 1010 legato,
3585 940 3694 1011 qui

2036 1046 2177 1099 tunc
2201 1043 2350 1097 forte
2373 1041 2595 1111 aderat,
2625 1037 3032 1095 benedictione
3057 1036 3315 1103 accepta,
3351 1029 3570 1086 Domini
3604 1029 3698 1085 in-

2039 1132 2360 1188 clamantes
2391 1128 2767 1199 adjutorium,
2795 1130 2993 1183 castro
3022 1128 3157 1179 sunt
3183 1122 3409 1178 alacres
3438 1117 3692 1187 redditi;

2041 1220 2293 1290 indeque,
2348 1235 2574 1275 summo
2621 1231 2783 1273 mane
2814 1216 2880 1272 ad
2913 1219 3052 1269 7000
3100 1211 3361 1284 peditum
3412 1207 3692 1278 milleque

2041 1309 2272 1380 equites
2304 1307 2605 1372 recensiti,
2633 1304 2894 1378 periculo
2918 1309 3053 1359 sunt
3079 1300 3296 1370 ingenti
3321 1312 3447 1354 cum
3471 1295 3693 1366 gaudio

2044 1411 2250 1465 magno
2275 1394 2617 1467 prcsentati.
2639 1394 2775 1448 Visa
2801 1392 2979 1461 igitur
3001 1389 3253 1445 statione
3279 1385 3688 1453 barbarorum,

2046 1484 2310 1540 mirabile
2351 1484 2528 1553 dictu,
2572 1486 2734 1537 tanta
2775 1482 3104 1536 fervescere
3146 1477 3426 1547 ceperunt
3458 1472 3587 1541 fide,
3626 1475 3694 1527 ut

2048 1573 2449 1641 unusquisque
2486 1587 2547 1627 se
2579 1570 2763 1627 solum
2802 1573 2886 1624 tot
2918 1568 3176 1635 legiones
3217 1568 3480 1619 sternere
3518 1572 3697 1631 posse

2049 1676 2161 1716 non
2191 1661 2518 1725 dubitaret;
2556 1661 2804 1731 indeque
2834 1656 3102 1726 contigit,
3135 1657 3196 1709 ut
3231 1652 3364 1708 dum
3391 1664 3492 1721 per
3521 1661 3697 1704 unum

2055 1764 2197 1820 pene
2221 1749 2531 1805 miliarium
2558 1748 2887 1805 inordinate
2911 1743 3202 1802 currendo
3228 1740 3417 1795 minus
3440 1739 3608 1793 caute
3634 1748 3698 1790 se

2053 1838 2325 1894 liostibus
2367 1837 2697 1900 infundunt.
2740 1836 2924 1908 prima
2967 1834 3179 1890 cohors
3212 1844 3242 1885 a
3273 1828 3458 1884 latere
3496 1825 3699 1880 invasa

284 1924 697 1983 absconditum
747 1928 871 1999 Syri
922 1930 1155 1999 quidam
1206 1930 1506 1985 Cotei’rido
1553 1928 1639 1961 ί⁷⁰¹
1688 1927 1818 1984 duci
1854 1925 1945 1981 de-
1973 1950 2028 2011 Β
2059 1926 2193 1983 ilico
2236 1931 2356 1982 tota
2402 1931 2618 1983 rueret.
2665 1924 2785 1992 Qua
2827 1925 2897 1980 dc
2930 1938 2992 1979 re
3030 1918 3385 2011 Balduvinus
3422 1914 3700 2011 eﬁ‘eratus

288 2018 619 2071 monstravc
632 2021 779 2087 rant,
800 2023 964 2073 extra
985 2020 1402 2091 civitatemJop
1416 2034 1518 2090 pen
1538 2019 1721 2074 totius
1742 2013 1941 2088 populi

287 2106 617 2159 conventus
642 2111 729 2161 est
756 2108 964 2175 factus,
989 2107 1275 2177 jussuqnc
1306 2108 1461 2175 regis
1492 2106 1803 2174 Arnoldus,
1830 2105 1946 2174 qui-

286 2187 415 2243 dam
453 2190 824 2251 honorabilis
855 2195 943 2228 ¹⁷⁰²
972 2200 1032 2251 et
1066 2196 1209 2252 bene
1254 2196 1524 2252 literatus
1555 2195 1830 2263 clericus,
1864 2193 1946 2248 sic

284 2280 336 2335 iu
367 2281 555 2337 medio
580 2284 808 2339 concilii
834 2290 926 2339 est
949 2300 1198 2340 exorsus
1225 2304 1237 2339 :
1263 2286 1454 2341 Beata
1469 2300 1639 2354 gens,
1664 2286 1839 2354 cujus
1861 2269 1954 2338 est

287 2370 562 2427 dominus
586 2373 743 2429 Deus
772 2374 921 2444 ejus,
944 2375 1203 2445 populus
1229 2389 1401 2443 quem
1433 2374 1615 2445 elegit
1633 2371 1723 2405 ί⁷⁰³
1749 2372 1939 2439 (Psal.

288 2472 464 2517 xxx".
502 2461 605 2529 12).
649 2460 769 2531 Vos,
801 2476 831 2515 0
846 2461 1087 2529 fratres
1118 2462 1453 2529 harissimi,
1481 2476 1629 2532 gens
1659 2463 1800 2517 estis
1831 2461 1947 2517 illa

294 2544 486 2616 beata,
510 2548 626 2603 illa
649 2563 797 2619 gens
823 2552 1054 2619 sancta,
1084 2565 1185 2607 cos
1213 2552 1357 2608 estis
1375 2551 1635 2621 populus
1653 2550 1758 2605 ille
1779 2550 1950 2606 Chri-

287 2634 367 2689 sti
400 2634 776 2707 hereditatis,
800 2639 1060 2709 pupulas
1089 2640 1536 2709 acquisilionis,
1563 2641 1688 2710 qui,
1714 2638 1948 2695 relictis

283 2723 573 2804 omnibus,
588 2741 665 2795 pa
674 2727 818 2796 tria,
829 2727 1180 2797 parentibus
1194 2728 1251 2783 et
1258 2728 1686 2793 rebus,crucem
1708 2726 1949 2784 cotidia-

284 2826 422 2868 nam
440 2814 584 2883 post
608 2814 917 2872 Christum
948 2814 1214 2882 tulistis;
1236 2830 1335 2872 eos
1363 2830 1607 2887 corpora
1636 2816 1837 2873 vestra
1860 2813 1949 2847 ¹⁷⁰⁴

285 2915 390 2971 pro
417 2901 659 2959 Christo
682 2903 762 2958 ad
783 2903 1083 2973 supplicia
1114 2904 1479 2960 tradidistis.
1524 2905 1630 2961 Vos
1645 2917 1953 2974 pugnasse

290 2989 620 3057 videmini;
631 2992 736 3047 sed
751 2991 1031 3049 Christus
1044 2992 1233 3048 oestro
1250 2992 1718 3050 eoluntariesibi
1729 2992 1955 3062 sacriﬁ-

298 3077 426 3132 cato
453 3079 751 3147 sanguine
774 3081 1221 3151 rastrorumque
1231 3081 1515 3153 fratrum
1540 3085 1596 3137 et
1619 3081 1956 3137 commili/o.

294 3180 311 3218 θ
340 3179 438 3220 um
469 3167 741 3237 preciosa
769 3168 954 3225 morte
985 3170 1171 3225 locum
1196 3169 1698 3238 sanctificationis
1725 3183 1846 3224 sure
1875 3168 1957 3226 di.

288 3255 514 3320 gnatus
534 3256 623 3313 est
638 3257 948 3325 mundare,
967 3258 1265 3321 ciuitatem
1284 3258 1518 3327 requiei
1535 3272 1656 3314 sure
1674 3258 1957 3313 Hierusa-

295 3341 402 3398 Iem
426 3344 619 3400 coluit
632 3345 766 3415 post
785 3347 905 3401 tam
928 3360 1154 3402 annosa
1182 3346 1587 3417 spurcissima
1606 3346 1803 3416 gentis
1832 3346 1957 3401 rin-

298 3445 368 3486 cu
377 3433 437 3487 la
444 3447 552 3503 per
563 3434 821 3490 restrain
842 3434 1106 3490 derotam
1122 3434 1466 3492 servitutem
1481 3435 1775 3505 ercpedire.
1794 3436 1953 3504 Hac,

299 3516 506 3589 inquit
525 3521 708 3588 Deus,
724 3521 967 3593 requies
986 3535 1119 3578 mea
1139 3523 1205 3578 in
1224 3523 1483 3577 secutum
1505 3522 1719 3585 seculi;
1743 3521 1840 3576 hic
1861 3521 1960 3577 ha.

300 3604 521 3675 bitabo,
542 3609 829 3679 quoniam
851 3610 1004 3679 elegi
1022 3624 1150 3666 eam
1174 3609 1570 3677 (Psal.cxxx1,
1598 3612 1703 3681 14).
1736 3610 1959 3666 Contra

300 3710 482 3766 quam
508 3697 718 3754 dicina
739 3699 1046 3768 sponsione
1063 3699 1231 3755 nobis
1248 3699 1507 3756 inditam
1521 3713 1698 3770 spem,
1717 3714 1840 3756 ecce
1849 3713 1962 3770 pa-

294 3798 593 3855 ganorum
620 3785 807 3842 litera!
829 3786 942 3843 Dei
962 3788 1113 3843 nutu
1129 3788 1266 3843 ante
1285 3787 1436 3843 diem
1460 3788 1793 3845 hesternam
1816 3803 1962 3845 com-

298 3872 608 3942 prehensis
630 3875 844 3944 legatis
858 3873 1095 3937 ablata,
1115 3875 1451 3932 vaticinata
1461 3875 1840 3946 perhibentes
1858 3877 1965 3932 dee-

298 3960 520 4029 monia,
546 3977 651 4020 nos
678 3964 925 4020 illorum
946 3963 1184 4034 praliis
1205 3962 1312 4021 hoc
1331 3978 1485 4021 anno
1508 3964 1799 4032 delendas,
1826 3964 1963 4020 Hie-

299 4050 867 4123 rusalem/auditus
892 4052 1331 4122 destruendam,
1346 4054 1575 4125 etquod
1590 4054 1767 4109 etiam
1784 4055 1962 4110 omni-

303 4135 407 4196 bus
428 4140 713 4211 nefandis
735 4139 1092 4197 horribilius
1114 4141 1202 4197 est
1218 4141 1400 4209 dictu,
1436 4144 1630 4211 ipsam
1659 4143 1960 4200 Dominici

301 4231 358 4283 et
378 4227 631 4300 gloriosi
652 4228 955 4299 sepulchri
980 4230 1209 4301 petram
1239 4230 1556 4287 crustatim
1581 4231 1961 4303 confringen-

302 4316 459 4385 dam,
491 4317 695 4389 sicque
725 4318 969 4376 camelis
994 4318 1076 4375 ad
1100 4333 1267 4374 mare
1297 4320 1580 4387 delatam,
1607 4320 1675 4375 in
1692 4320 1960 4376 remotis-

300 4405 449 4461 sima
471 4407 531 4462 et
548 4406 707 4476 quod
724 4421 1029 4479 nunquam
1054 4421 1091 4464 a
1118 4407 1490 4464 Christianis
1509 4410 1754 4466 rescisci
1765 4409 1967 4477 possit

297 4494 511 4565 pelago
553 4493 1044 4565 submergendam
1082 4509 1204 4552 esse
1244 4494 1353 4550 ίτοδ.
1402 4495 1567 4551 Unde
1607 4496 1759 4566 quid
1782 4494 1959 4567 facto

303 4596 446 4653 opus
461 4584 563 4651 sit,
579 4597 609 4637 ο
626 4582 1016 4650 Christicolae,
1034 4583 1259 4651 videte;
1269 4585 1639 4655 quemﬂnem
1652 4583 1773 4640 hac
1786 4584 1958 4639 tanta

1988 3303 2037 3367 C

2057 2016 2267 2084 animo,
2290 2020 2453 2071 tanto
2474 2015 2603 2071 illos
2621 2015 2879 2086 equitum
2904 2014 3122 2083 impetu
3142 2006 3379 2071 involat,
3401 2008 3482 2072 ut,
3504 2016 3703 2073 quam-

2055 2103 2142 2159 vis
2168 2103 2456 2160 idolorum
2490 2103 2788 2174 responsis
2809 2103 2879 2157 dc
2902 2099 3149 2158 victoria
3176 2092 3479 2153 certiticati
3505 2090 3701 2146 acrius

2058 2207 2227 2263 quam
2260 2198 2427 2249 antea
2463 2208 2711 2263 unquam
2744 2191 3112 2259 resisterent,
3148 2186 3303 2242 sicut
3332 2196 3464 2239 cera
3493 2194 3522 2234 a
3555 2178 3702 2235 facie

2058 2280 2206 2350 ignis
2223 2285 2356 2336 ante
2378 2281 2568 2353 ipsum
2588 2282 3002 2352 liquescerent.
3020 2275 3331 2333 Referebat
3351 2268 3518 2325 michi
3538 2279 3702 2322 vene-

2058 2369 2262 2426 rabilis
2277 2372 2455 2426 abbas
2470 2370 2821 2439 Gerhardus,
2840 2368 2935 2439 qui
2953 2372 3091 2423 tunc
3104 2378 3333 2421 crucem
3350 2356 3701 2415 Dominieam

2059 2474 2291 2530 semper
2315 2459 2482 2515 lateri
2518 2459 2674 2527 regis
2698 2458 3011 2525 contiguus
3037 2452 3388 2527 proferebat,
3414 2456 3701 2515 nunquam

2060 2564 2122 2605 se
2150 2554 2371 2604 tantam
2408 2548 2555 2604 nivis
2588 2547 2677 2604 vel
2712 2547 2923 2618 pluvia:
2963 2548 3237 2616 quantam
3275 2546 3414 2596 tunc
3451 2535 3701 2593 telorum

2060 2642 2264 2694 contra
2296 2652 2487 2707 regem
2522 2637 2721 2693 volare
2752 2636 3100 2692 densitatem
3130 2633 3372 2701 vidisse;
3402 2638 3458 2690 at
3485 2641 3615 2707 post
3637 2638 3705 2693 li-

2059 2727 2154 2795 gni
2182 2726 2432 2797 preciosi
2460 2726 2733 2781 intuitum
2757 2724 2977 2780 nullum
3002 2739 3073 2779 ex
3095 2723 3364 2780 hostibus
3384 2725 3516 2779 telis
3534 2740 3592 2782 se
3610 2725 3703 2782 vel

2062 2817 2262 2885 armis,
2298 2815 2397 2872 sed
2429 2815 2736 2872 universos
2774 2816 2921 2882 fugae
2954 2813 3211 2886 presidio
3241 2828 3301 2869 sc
3331 2814 3702 2872 commisisse.

2062 2907 2266 2975 Itaque
2292 2910 2421 2976 post
2448 2904 2749 2961 victoriam
2766 2918 2793 2960 a
2813 2903 3114 2959 Deo—cui
3138 2918 3249 2958 non
3275 2907 3362 2958 est
3386 2901 3705 2960 differentia

2065 2996 2294 3050 salvere
2318 2994 2410 3050 vel
2435 2994 2488 3049 in
2515 2992 2713 3050 multis
2734 2992 2822 3049 vel
2850 2993 2903 3047 in
2934 2992 3129 3064 paucis
3153 2990 3707 3063 (IMach.m,18)—

2066 3081 2176 3139 sibi
2207 3096 2566 3150 concessam,
2605 3081 2836 3136 interim
2867 3081 3000 3137 dum
3032 3084 3225 3136 castra
3252 3080 3603 3151 predamque
3630 3080 3708 3137 di~

2066 3171 2286 3241 ripiunt
2316 3169 2590 3238 hostium,
2632 3168 2882 3225 nuncius
2923 3169 3090 3225 adest
3135 3168 3350 3225 missus
3379 3183 3406 3223 a
3439 3169 3707 3240 Joppitis‘

2066 3259 2163 3330 qui
2188 3248 2485 3315 civitatem
2514 3261 2670 3313 terra
2698 3257 2959 3327 marique
2988 3256 3211 3313 diceret
3239 3256 3554 3312 obsessam.
3588 3256 3708 3313 Mox

2067 3348 2264 3405 onusti
2290 3347 2514 3419 spoliis,
2538 3345 2780 3417 reliquis
2799 3361 2940 3403 vero
2961 3345 3230 3401 incendio
3252 3344 3503 3413 traditis,
3522 3346 3704 3416 nobis,

2068 3435 2163 3506 qui
2191 3435 2329 3505 jam,
2368 3434 2556 3507 portis
2589 3434 2746 3491 intus
2784 3434 3126 3504 obstructis,
3161 3449 3189 3489 a
3228 3438 3377 3489 terra
3411 3432 3705 3503 equitibus

2066 3523 2284 3591 multis,
2303 3539 2331 3579 a
2351 3522 2492 3579 mari
2518 3538 2656 3581 vero
2673 3526 2737 3579 42
2753 3523 2995 3579 navibus
3022 3522 3292 3579 rostratis
3314 3521 3700 3591 cingebamur,

2070 3613 2126 3667 in
2150 3611 2427 3671 auxilium
2453 3611 2795 3683 quantotius
2826 3614 3170 3682 properant;
3200 3614 3451 3682 postque
3473 3613 3560 3665 tot
3578 3609 3705 3666 hos-

2070 3700 2210 3756 tium
2237 3700 2505 3757 incursus
2527 3704 2842 3770 tantasque
2862 3698 3222 3770 1mpenuria)
3248 3698 3702 3770 pestilentizeque

2071 3789 2353 3857 miserias,
2375 3790 2583 3844 festum
2610 3787 2934 3843 nativitatis
2958 3787 3054 3841 Dei
3078 3786 3385 3856 genitricis
3410 3785 3592 3857 (Sept.
3609 3785 3700 3854 8.),

2071 3878 2226 3948 quod
2258 3877 2380 3948 ipsa
2414 3878 2506 3933 die
2536 3892 2665 3932 cum
2709 3890 2933 3931 merere
2974 3875 3278 3946 ecepimus,
3321 3874 3568 3931 maximo
3610 3889 3704 3929 nos

2068 3965 2330 4037 tripudio
2356 3965 2650 4036 complere
2677 3964 2984 4021 faciebant.
3014 3962 3289 4033 Sequenti
3313 3962 3406 4019 die
3430 3961 3609 4035 (Sept.
3632 3964 3703 4032 9.)

2070 4053 2309 4110 multam
2330 4054 2502 4110 nobis
2520 4052 2932 4109 abundantiam
2960 4051 3233 4108 frumenti
3256 4055 3705 4120 cunctor-umque

2072 4142 2407 4199 victualium
2442 4157 2568 4199 eum
2606 4141 2929 4213 peregrinis
2962 4140 3239 4197 fratribus
3261 4141 3331 4196 ad
3358 4143 3556 4207 12,000
3578 4138 3705 4194 esti-

2069 4231 2241 4287 matis
2265 4245 2443 4287 naves
2467 4236 2534 4286 30
2557 4230 2929 4293 deferebant;
2964 4244 3105 4300 quas
3127 4228 3260 4285 dum
3283 4228 3535 4285 hostium
3567 4226 3704 4283 clas-

2069 4334 2163 4376 ses
2184 4319 2458 4375 invadere
2479 4318 2827 4385 niteremur,
2853 4319 2992 4374 mira
3014 4317 3111 4373 Dei
3133 4317 3391 4389 potentia
3414 4330 3514 4386 per
3533 4315 3703 4372 virtu-

2071 4413 2183 4462 tem
2217 4412 2429 4463 sanctae
2463 4407 2678 4478 crucis,
2711 4422 2860 4477 quze.
2894 4405 3028 4462 dum
3052 4405 3129 4461 nil
3153 4404 3407 4461 carnalis
3438 4402 3702 4473 adjutorii

2070 4496 2141 4551 de
2191 4495 2431 4552 civitate
2477 4496 2731 4552 conferri
2787 4499 3003 4567 posset,
3040 4495 3095 4551 in
3128 4493 3307 4550 altum
3338 4496 3597 4563 econtra,
3623 4492 3703 4562 ju-

2072 4583 2245 4639 bente
2296 4598 2452 4654 rege,
2508 4582 2831 4653 levabatur,
2887 4584 3031 4639 adeo
3083 4580 3386 4653 repressit,
3430 4585 3511 4649 ut,
3553 4580 3701 4636 nullo

300 4671 662 4742 presumptio
687 4671 921 4727 tandem
942 4670 1352 4739 sithabitura,
1376 4672 1751 4742 perpendite!
1788 4670 1955 4727 Plura
1988 4665 2041 4726 D
2069 4677 2281 4728 conatu
2307 4672 2393 4727 vel
2418 4676 2543 4728 arte
2577 4671 2894 4741 remigandi
2921 4671 3141 4728 deloco
3174 4669 3387 4726 moveri
3421 4668 3508 4724 vel
3543 4683 3699 4725 unam

305 4760 607 4831 disputare
633 4759 920 4815 volentem
946 4775 1077 4814 mox
1100 4759 1318 4815 clamor
1349 4760 1781 4830 interstrepens
1804 4774 1961 4814 com-

307 4848 522 4919 pescit;
547 4852 606 4905 et
625 4849 788 4918 quasi
810 4863 879 4904 ex
905 4863 1015 4905 uno
1035 4863 1134 4903 ore
1154 4863 1263 4904 vox
1289 4848 1574 4903 unanimis
1596 4847 1954 4917 singulorum

303 4936 591 4993 insonuit:
614 4938 745 5006 Res,
764 4936 1055 5007 inquiunt,
1071 4937 1138 4993 in
1155 4936 1413 4993 articulo
1433 4936 1628 5006 posita
1651 4938 1770 5005 est;
1793 4937 1960 4993 breve

304 5025 362 5081 et
379 5024 805 5096 quodammodo
834 5025 1198 5082 succinctum
1221 5024 1309 5081 est
1326 5026 1643 5083 consilium
1669 5028 1953 5093 nostrum,

294 5116 406 5184 pro
424 5112 662 5169 Christo
680 5110 1031 5181 Christique
1055 5111 1284 5182 legibus
1301 5112 1360 5168 et
1371 5114 1597 5169 sanctis
1611 5114 1835 5171 nostris
1854 5117 1961 5169 aut

306 5200 711 5257 dimicandum
726 5201 981 5271 fortiter
1003 5201 1113 5256 aut
1129 5201 1500 5257 moriendum
1534 5202 1822 5273 turpiter;
1851 5203 1962 5258 aut

298 5288 561 5359 gloriose
575 5290 729 5345 mori
742 5288 1003 5345 etrirere
1020 5290 1238 5344 (eterna
1248 5289 1385 5346 liter
1398 5289 1605 5359 instat,
1621 5290 1732 5346 aut
1742 5291 1958 5360 turpis-

307 5377 454 5433 sime
468 5375 671 5431 cedere
684 5376 739 5431 et
751 5375 908 5431 bro-oi
927 5376 1204 5445 turpique
1219 5377 1347 5433 cita
1364 5380 1705 5449 perpetuam
1720 5380 1958 5434 mortem

312 5477 656 5534 comparare
668 5463 877 5519 restat.
902 5464 1027 5520 Sed
1039 5478 1144 5521 nec
1164 5464 1423 5535 tempora
1433 5465 1570 5521 liter
1590 5480 1694 5523 nec
1713 5467 1960 5523 (eterna-

2071 4761 2141 4817 de
2171 4765 2260 4816 tot
2291 4761 2535 4817 navibus
2567 4776 2760 4832 posse,
2792 4765 2909 4816 tam
2940 4760 3145 4832 pagani
3187 4773 3355 4830 quam
3398 4755 3699 4813 Christiani

2068 4848 2269 4920 populi
2294 4849 2464 4905 nimis
2488 4850 2861 4905 mirarentur.

2139 4939 2333 5007 Neque
2347 4939 2455 4993 hoc
2469 4937 2703 4994 silentio
2720 4936 3156 5008 pretercndum,
3177 4935 3327 5006 quod
3343 4935 3544 4991 eodem
3562 4948 3698 4989 anno

2068 5025 2278 5081 ibidem
2306 5025 2686 5095 cognovimus
2707 5024 3046 5094 contigisse,
3078 5024 3395 5080 venerabili
3419 5022 3700 5079 Heriman-

2067 5129 2140 5170 no
2159 5114 2506 5185 prcshitero,
2532 5113 2627 5185 qui
2649 5120 2784 5170 tunc
2806 5113 2857 5168 in
2883 5118 3076 5170 monte
3095 5112 3305 5169 Oliveti
3328 5110 3702 5167 conversaba-

2068 5208 2184 5271 tur,
2220 5202 2275 5258 in
2309 5203 2431 5259 haec
2465 5203 2636 5259 verba
2672 5203 2997 5258 referente:
3026 5203 3154 5270 Die,
3190 5200 3397 5271 inquit,
3427 5197 3698 5257 sacratis-

2065 5291 2201 5348 simi
2227 5291 2485 5359 sabbati,
2510 5305 2625 5363 quo
2646 5291 2968 5347 secundum
2994 5291 3263 5360 antiqua
3288 5286 3701 5346 misericordia

2066 5380 2309 5438 Domini
2327 5380 2698 5451 paraclgsin,
2726 5379 3082 5451 baptismate
3092 5382 3230 5451 jam
3249 5378 3602 5446 consecrato,
3626 5376 3703 5431 lu-

2066 5483 2198 5524 men
2222 5468 2291 5525 de
2310 5470 2449 5527 calo
2470 5468 2639 5526 nobis
2658 5469 3002 5526 ministrari
3025 5467 3214 5525 devoti
3240 5467 3422 5524 nimis
3453 5467 3703 5538 expecta-

1669 5580 1907 5636 VAHIE
1969 5581 2365 5639 LECTIONES.

390 5671 481 5705 ¹⁷⁰⁰
510 5671 760 5743 nicopoli
796 5674 855 5743 ll.
896 5675 956 5729 ll.
1010 5672 1099 5707 ίτοί
1160 5675 1221 5729 G.
1282 5680 1333 5730 1.

1382 5674 1473 5710 ¹⁷⁰²
1548 5677 1902 5735 venerabilis
1965 5681 2023 5735 H.
2096 5679 2185 5713 ¹⁷⁰³
2249 5681 2311 5736 Ι).
2361 5683 2423 5738 Η.
2467 5681 2745 5739 ali/126W:

2827 5681 2881 5736 in
2960 5680 3399 5754 (hereditatem)
3462 5677 3592 5735 sibi.
3628 5675 3703 5712 ‘7“

320 5741 481 5800 deest
511 5744 568 5798 D.
623 5741 686 5797 ll.
724 5741 813 5776 ¹⁷⁰⁸
871 5744 1034 5801 deest
1077 5747 1138 5800 D.
1166 5747 1228 5800 Η.
1255 5745 1352 5779 47°“
1393 5751 1732 5819 tantamque
1764 5754 1809 5806 1.
1847 5751 1897 5807 ι.
1935 5755 1984 5807 δ.
2022 5756 2089 5810 10
2114 5757 2455 5826 tantamque
2486 5752 2869 5809 —miseriam
2903 5741 2981 5809 9°.
