3934 6412
280 399 392 470 991

1451 397 1937 468 EKKEHARDI
1979 396 2535 469 URAUGIENSIS

3575 389 3694 467 999

278 538 541 601 Saxonim
588 536 935 598 civitatibus
984 537 1225 613 potitus,
1276 544 1337 600 et
1392 538 1779 615 optimatibus
1828 540 1917 598 est
1962 561 2015 623 Α
2047 534 2315 611 vestigiis
2346 534 3317 616 metropolitaniprostrati,ipsius
3345 536 3692 610 atqueregis

252 630 560 703 dignitate
613 629 771 701 regia
821 629 968 688 satis
1031 629 1373 689 honoratus.
1424 629 1676 690 Consilio
1734 635 1929 689 tamen

281 724 455 793 atque
502 718 829 777 ministerio
878 720 1202 777 Ruothardi
1247 720 1563 791 Mogontini
1615 724 1791 793 atque
1828 719 1935 777 Ge-

282 809 520 866 behardi
581 808 1050 867 Constantiensis
1098 809 1382 884 episcopi,
1437 809 1863 884 responsalium
1884 810 1935 835 ”

283 898 508 956 scilicet
561 897 753 955 domni
806 899 1107 956 Paschalis
1154 914 1341 974 papae,
1391 904 1578 958 totam
1629 898 1934 957 Saxoniam

283 988 549 1043 Romanae
571 986 855 1045 aacclesiaa
880 988 1354 1046 communioni'“
1374 988 1797 1058 reconciliavit,
1813 988 1937 1060 epi-

284 1074 478 1145 sc0pis
508 1088 644 1131 vero
667 1079 842 1147 atque
865 1075 1099 1133 clericis
1128 1080 1479 1133 conventum
1506 1074 1841 1147 generalem
1874 1074 1932 1131 in
2040 1060 2049 1069 ’

282 1160 477 1216 villam
508 1162 726 1231 regiam
757 1177 883 1233 qua:
925 1164 1264 1222 Northusun
1299 1165 1515 1221 dicitur
1544 1168 1576 1221 4
1606 1163 1729 1221 Kal.
1753 1162 1930 1234 Junii,

282 1250 378 1305 ubi
408 1265 587 1320 super
608 1252 1043 1309 aecclesiasticm
1066 1253 1455 1310 institutionis
1475 1254 1591 1325 jam
1616 1252 1933 1325 depravata

280 1337 587 1410 disciplina
610 1342 991 1411 tractaretur,
1010 1341 1239 1397 indixit.
1258 1343 1318 1397 In
1344 1357 1459 1412 quo
1483 1341 1732 1398 concilio
1755 1354 1936 1412 super

282 1427 593 1485 sententiis
645 1428 1002 1486 instantibus
1052 1431 1292 1486 Patrum
1332 1429 1587 1486 decretis
1630 1429 1816 1502 primo
1848 1442 1938 1484 re-

286 1513 472 1585 lectis,
524 1530 767 1587 qumque
818 1522 1090 1589 poterant
1139 1517 1211 1573 ad
1258 1533 1501 1589 presens
1556 1516 1938 1574 laudabiliter

287 1605 752 1675 corrigebantur,
777 1606 1038 1676 quaedam
1071 1620 1229 1675 vero,
1256 1621 1384 1677 quae
1407 1612 1464 1661 et
1487 1605 1754 1676 graviora
1780 1603 1939 1661 vide-

291 1690 522 1758 bantur,
563 1691 633 1747 ad
674 1693 1055 1763 apostolicam
1097 1693 1449 1750 audientiam
1490 1692 1933 1750 differebantur.

288 1777 623 1845 Symoniaca
675 1778 888 1851 quippe
933 1780 1157 1836 heresis
1217 1782 1452 1836 Patrum
1513 1779 1935 1836 consuetudine

286 1864 729 1936 condempnata,
785 1868 1259 1938 Nycholaitarum
1323 1883 1553 1939 quoque
1624 1866 1933 1923 fornicaria

285 1952 620 2010 commixtio
652 1954 867 2011 ibidem
899 1961 989 2012 est
1030 1958 1101 2012 ab
1145 1957 1416 2013 omnibus
1462 1954 1936 2025 abdicata:jeju-

286 2040 441 2095 nium
474 2042 692 2099 mensis
735 2044 932 2100 Marcii
986 2045 1170 2116 prima
1199 2044 1289 2077 ³⁷³³
1316 2044 1637 2101 ebdomada
1687 2042 1936 2115 quadra-

284 2127 538 2200 gesimae,
566 2129 852 2201 jejunium
890 2147 1031 2189 vero
1076 2132 1291 2191 mensis
1324 2132 1476 2189 Junii
1513 2134 1567 2189 in
1601 2132 1726 2204 ipsa
1758 2130 1938 2187 ebdo-

288 2217 451 2273 mada
494 2222 867 2286 pentecostes
911 2222 1169 2277 Romano
1220 2237 1377 2277 more
1427 2220 1868 2290 celebrandum,
1902 2233 1933 2276 a

287 2306 633 2381 prescriptis
656 2308 990 2381 presulibus
1012 2310 1332 2382 apostolica
1359 2310 1711 2368 auctoritate
1731 2305 1937 2366 indici-

284 2395 404 2463 tur,
456 2398 514 2450 et
561 2410 671 2467 pax
719 2396 816 2452 Dei
865 2397 1273 2465 confirmatur;
1323 2398 1413 2455 his
1457 2398 1555 2422 ““
1602 2411 1740 2453 vero
1773 2396 1934 2467 quia

289 2481 804 2556 pscudoepiscopis
829 2486 1056 2542 fuerant
1077 2487 1427 2558 consecrati,
1456 2499 1559 2559 per
1586 2484 1934 2542 catholicam

286 2582 489 2626 manus
521 2570 950 2643 impositionem
980 2574 1385 2632 reconciliatio
1426 2573 1689 2647 proximo
1713 2571 1934 2643 jejunio

288 2656 475 2715 danda
533 2660 655 2717 fore
705 2660 793 2696 ¹⁷²⁴
837 2663 1226 2733 promittitur.
1274 2663 1536 2721 Vidimus
1583 2663 1737 2719 inter
1784 2662 1931 2731 haec,

289 2746 443 2815 quod
473 2747 708 2807 silentio
741 2751 1026 2822 preterire
1058 2767 1169 2809 non
1196 2766 1518 2824 possumus,
1547 2765 1742 2821 regem
1765 2750 1937 2806 Hein-

289 2833 473 2891 ricum
518 2849 628 2893 non
677 2838 955 2894 modicam
1008 2840 1172 2895 bonae
1222 2840 1432 2897 indolis
1500 2854 1660 2911 spem
1728 2850 1933 2907 magna

290 2920 462 2980 simul
492 2924 821 2982 humilitate
837 2931 896 2983 et
919 2927 1271 2984 auctoritate
1290 2943 1485 2985 coram
1510 2927 1781 2985 omnibus
1808 2940 1937 2997 pre-

289 3010 643 3069 tendentem.
669 3015 807 3070 Nam
829 3029 959 3071 cum
984 3029 1289 3071 servorum
1321 3015 1418 3071 Dei
1453 3013 1765 3072 conventui
1795 3027 1937 3070 non-

289 3095 397 3155 nisi
430 3103 675 3158 vocatus
707 3101 996 3159 interesse
1029 3101 1505 3173 vellet—ingens
1526 3102 1679 3159 enim
1702 3102 1780 3157 ibi
1804 3114 1934 3157 cum

288 3185 577 3259 epiSCOpis
605 3192 663 3244 et
690 3188 924 3246 clericis
968 3190 1142 3247 etiam
1193 3191 1469 3248 abbatum
1516 3194 1694 3262 atque
1743 3202 1938 3246 mona-

287 3272 528 3330 chorum
548 3274 1030 3333 wcclesiasticam
1064 3277 1271 3335 sitiens
1296 3278 1577 3335 unitatem
1601 3276 1776 3335 turba
1802 3290 1939 3333 con-

290 3360 539 3418 ﬂuxerat
576 3394 643 3403 —
685 3363 917 3421 tandem
970 3365 1025 3420 in
1081 3366 1311 3436 abjecto
1362 3365 1690 3438 productus
1733 3364 1937 3421 habitu

288 3446 533 3521 locoque
582 3456 744 3509 stans
792 3453 1049 3523 editiori,
1082 3454 1354 3511 omnibus
1398 3453 1565 3524 juxta
1609 3453 1937 3526 principum

288 3535 521 3596 decreta
553 3555 693 3597 suas
720 3540 881 3612 leges
911 3546 1087 3614 atque
1131 3542 1261 3612 jura
1313 3541 1745 3599 rationabiliter
1776 3541 1939 3598 inno-

286 3626 484 3694 vavit;
516 3626 564 3685 si
598 3643 708 3700 qua
740 3643 879 3687 vero
918 3629 1339 3687 irrationabilia
1374 3632 1755 3701 rogabantur,
1792 3630 1940 3686 mira

288 3728 356 3770 ac
387 3713 541 3772 ultra
570 3731 708 3774 suos
738 3732 919 3774 annos
950 3718 1226 3789 prudenti
1269 3718 1659 3789 responsione
1690 3722 1747 3773 et
1782 3717 1936 3774 avita

289 3803 760 3872 magnanimitate
775 3805 1120 3876 confutavit,
1139 3805 1193 3862 in
1218 3805 1488 3863 omnibus
1508 3805 1598 3862 his
1620 3809 1678 3862 et
1702 3805 1938 3862 sibimet

288 3888 434 3946 miro
466 3891 634 3948 modo
664 3906 906 3950 servans
952 3892 1366 3951 adolescentia;
1411 3892 1843 3962 verecundiam,
1878 3895 1938 3949 et

289 3976 501 4035 Christi
530 3980 940 4037 sacerdotibus
966 3981 1196 4052 dignam
1221 3980 1502 4038 exhibens
1526 3979 1934 4037 reverentiam.

289 4064 443 4122 inter
474 4066 595 4125 haec
625 4068 853 4125 obortis
884 4068 1145 4126 lacrimis
1178 4069 1367 4141 ipsum
1411 4082 1603 4140 regem
1640 4068 1767 4126 caeli
1799 4083 1941 4126 cun-

286 4156 555 4225 ctamque
587 4156 712 4214 caeli
746 4157 1009 4215 militiam
1035 4156 1365 4214 testabatur
1389 4172 1453 4215 se
1475 4156 1632 4214 nulla
1656 4157 1934 4228 regnandi

286 4242 608 4314 cupiditate
641 4249 946 4317 paternum
976 4246 1089 4303 sibi
1122 4247 1381 4318 regimen
1414 4261 1719 4319 usurpare,
1745 4260 1935 4318 neque

288 4330 582 4389 dominum
613 4337 671 4389 et
701 4339 925 4404 patrem
958 4349 1127 4391 suum
1151 4351 1181 4391 a
1213 4336 1470 4392 Romano
1512 4334 1723 4408 deponi
1756 4335 1935 4407 impc-

288 4409 375 4465 rio
405 4413 1167 4482 exoptare,immodebitam
1219 4415 1555 4485 pertinacia:
1607 4419 1664 4471 et
1717 4415 1937 4471 inoboe-

288 4496 524 4556 dientiae
559 4500 687 4570 ejus
716 4516 945 4574 semper
972 4504 1432 4574 compassionem
1455 4503 1933 4574 exhibere;sique

1961 1918 2019 1982 Β

2045 627 2293 686 astantis
2316 629 2621 705 totiusque
2651 630 2946 706 presentis
2990 628 3275 690 ecclesia
3329 626 3691 700 testimonio,

2045 718 2382 791 apostolicae
2413 736 2474 778 se
2497 720 2717 779 dedunt
2745 721 3145 780 oboedientiae.
3207 720 3462 789 Quorum
3513 717 3692 775 etiam

2044 807 2350 866 commissa
2384 811 2710 882 apostolico
2740 810 3120 869 nihilominus
3140 809 3364 882 judicio
3389 821 3694 868 reservan-

2046 900 2165 965 tur,
2198 898 2307 954 sub
2338 898 2512 955 otilcii
2545 901 2632 958 sui
2669 906 2893 959 tantum
2928 899 3331 973 suspensione.

2185 986 2209 1011 '
2242 987 2298 1042 C.
2333 988 2426 1048 ita
2450 1011 2462 1047 :
2488 991 2798 1049 Heinricus
2818 1005 2920 1049 rex
2938 990 3285 1048 adolescens
3320 985 3695 1058 magnanimi-

2259 1063 2380 1134 tate
2410 1066 2608 1119 tactus
2640 1062 2857 1132 innata,
2883 1062 3039 1134 cepit
3064 1076 3134 1118 ex
3161 1057 3463 1134 laboribus
3487 1057 3695 1134 multis

2260 1129 2397 1205 licet
2429 1134 2575 1205 bene
2608 1128 3050 1205 providi'patris
3082 1132 3194 1200 sui,
3227 1129 3399 1205 _s'mu_l
3420 1128 3592 1205 etiam
3624 1143 3694 1185 ex

2260 1201 2667 1276 frequentibus
2688 1201 2958 1276 corporis
2982 1204 3110 1273 ejus
3128 1202 3417 1276 molestiis
3446 1202 3696 1276 fortuna)

2258 1272 2688 1333 volubiitatem
2704 1272 3376 1351 rer‘umquevarictatem
3402 1272 3695 1351 prospice-

2260 1356 2343 1419 re,
2374 1360 2809 1419 precavensque
2840 1345 3093 1419 ne’t'orte
3128 1345 3461 1419 inopinatus
3513 1345 3697 1419 patris

2248 1412 2449 1475 obitus
2477 1432 2540 1474 se
2571 1412 2826 1473 nondum
2859 1418 3062 1474 amicis
3078 1416 3169 1471 vel
3200 1412 3484 1471 militibus
3513 1412 3693 1485 'plene

2264 1487 2620 1566 instructum
2635 1487 2727 1566 vel
2756 1489 2931 1544 etiam
2949 1487 3176 1566 bellicis
3193 1487 3247 1566 in
3260 1486 3441 1566 rebus
3475 1483 3695 1566 specia-

2263 1559 2399 1617 liter
2430 1558 2821 1631 gloriﬂcatum
2858 1559 3179 1631 reperiens,
3199 1556 3449 1627 aliquam
3482 1556 3695 1631 sibire-

2258 1628 2480 1710 gnandi
2505 1628 3023 1710 scrupu‘lositat'em
3050 1630 3695 1710 parcret,nonnconten:

2262 1694 2359 1759 tus
2393 1701 2608 1779 palatio
2636 1694 2899 1779 paterno.
2936 1694 3064 1757 nec'
3091 1694 3408 1779 communi,
3430 1697 3562 1779 licet
3585 1694 3694 1779 per

2261 1769 2450 1829 omnia
2486 1769 2928 1842 augustissimo,
2963 1771 3257 1836 convictu,
3283 1770 3345 1842 in,
3364 1769 3692 1842 Bajoariam

2262 1858 2325 1901 se
2356 1842 2628 1911 contulit,
2662 1842 2858 1914 ibique
2892 1840 3257 1914 principibus
3293 1840 3692 1914 illis,quorum

2260 1914 2490 1993 aliquos
2523 1912 2784 1993 materno
2814 1912 3020 1985 stirpis
3068 1912 3477 1993 propinquitas
3517 1913 3694 1992 attra-

2261 1990 2426 2063 xerat
2460 1986 2799 2063 foederatus,
2822 2000 2939 2063 per
2970 2000 3041 2063 se,
3067 1985 3424 2063 ipsumnjam
3449 1985 3696 2063 reinpu-

2261 2056 2429 2132 blicaa
2443 2054 2754 2132 consulere
2774 2054 2964 2132 ut'rex
2994 2060 3051 2132 et
3083 2054 3239 2132 regis
3262 2054 3416 2132 illius
3448 2054 3689 2132 institit.

2259 2127 2455 2185 Primo
2485 2128 2687 2198 itaque
2715 2143 2818 2199 per
2846 2127 3249 2199 Gebehardum
3291 2126 3696 2199 Constantien-

2259 2213 2377 2271 sem
2406 2192 2771 2271 episcopum,
2797 2203 2938 2256 tunc
2969 2197 3267 2271 temporis
3294 2192 3689 2271 responsalem

2256 2264 2555 2343 Paschalis
2603 2264 3105 2343 papa§,,Romanaa'
3145 2267 3271 2343 sedi
3314 2264 3417 2339 per
3447 2264 3692 2343 debita:

2258 2335 2628 2400 oboedientiae
2678 2335 3119 2413 professionem
3164 2335 3381 2408 unitur,
3444 2335 3693 2413 indeque

2259 2414 2578 2484 assumptis
2600 2405 3156 2484 nonnullisaNgoricis
3199 2405 3419 2484 necnon
3465 2408 3536 2484 ab
3566 2405 3696 2463 Ale-

2260 2478 2491 2559 mannia
2522 2485 2614 2542 vel
2648 2482 2923 2559 orientali
2955 2478 3696 2559 Francia‘quibusdampo-

2261 2552 2504 2630 bilibus,
2534 2560 2605 2613 ad
2639 2557 2899 2613 Saxones
2934 2548 3429 2630 convertitur.m_a
3479 2548 3693 2630 quibus

2260 2618 2590 2700 honorifice
2628 2629 2949 2700 susceptus
2992 2627 3050 2679 et
3088 2623 3160 2700 _in
3210 2618 3693 2700 _Quitilingeburg

2259 2696 2480 2767 pascha
2508 2691 2834 2765 celebrans,
2857 2695 2913 2750 in
2939 2694 3100 2751 brevi
3128 2691 3413 2767 universis
3430 2691 3693 2767 Saxoniaa

2255 2759 2599 2851 ἒίκίιεξίίδιιε
2620 2759 2940 2851 Potitus.“
2973 2759 3693 2851 ahepii'ﬂaiibaasaiiﬁf:

2253 2836 2479 2918 gnitate
2499 2830 2687 2918 regia
2702 2830 3353 2918 satis'honoratussunt
3383 2831 3484 2918 qui
3494 2830 3690 2918 dicant

2257 2903 2447 2987 ipsum
2480 2903 2790 2987 discidium
2825 2906 3112 2987 industria
3143 2906 3332 2987 ipsius
3380 2903 3694 2987 imperatof

2259 2977 2363 3048 ris,
2422 2980 2593 3060 cujus
2657 2977 3179 3060 circumspcctioui
3235 2977 3330 3060 vix
3388 2977 3692 3060 quisquam

2259 3041 2455 3122 posset
2485 3041 2731 3122 inquam,
2766 3041 3086 3122 provisum,
3114 3041 3692 3122 quatinus'simulata

2262 3117 2572 3204 ἰξίεηορνᾷίεξ
2594 3117 3008 3204 inanimatam
3066 3118 3416 3204 feminas?
3437 3119 3694 3204 £99259

2261 3188 2575 3265 deﬁciebat
2605 3188 2796 3265 ianilii
2829 3191 3091 3265 traheret
3144 3188 3461 3265 artificiose
3492 3189 3694 3265 contu-

2263 3262 2552 3339 bernium,
2596 3261 3114 3339 scilicetneiocus
3169 3256 3462 3339 ullusnvel
3511 3256 3694 3339 “copia

2264 3332 2412 3389 foret
2443 3326 2856 3409 _adversa_riis,
2906 3332 3011 3409 s_i_bi
3072 3335 3250 3402 caput
3286 3327 3448 3409 aliud
3509 3326 3696 3409 facere

2264 3403 2557 3477 veraciter
2578 3394 2891 3477 inimicum.
2918 3403 3035 3459 Nos
3061 3394 3254 3477 tamen
3279 3400 3472 3477 divina
3490 3394 3695 3477 procul

2264 3473 2445 3533 dubio
2475 3475 2917 3547 dispensatione
2950 3479 3136 3529 totum
3167 3471 3223 3527 id
3242 3476 3469 3541 gestum
3495 3467 3698 3547 credi-

2265 3559 2410 3618 mus,
2447 3538 2687 3618 remque
2719 3547 2901 3618 ipsam
2926 3538 3366 3618 Deoannuente
3396 3556 3471 3618 _ex
3504 3538 3696 3618 (ructu

2265 3608 2425 3690 bono
2461 3608 2989 3690 comprobahimus.
3029 3615 3167 3670 Nam
3250 3611 3442 3669 literis
3500 3608 3695 3690 domui

2263 3686 2563 3761 Paschalis
2595 3679 2758 3761 'papaa
2779 3688 3112 3761 instructus
3140 3690 3317 3755 atque
3356 3679 3606 3739 consilio
3638 3680 3694 3734 et

2263 3757 2970 3825 ministerio'Ruothardi,
3003 3757 3111 3814 etc.

2191 3826 2388 3901 fias.
2425 3828 2480 3901 d_.
2517 3844 2666 3901 p.7p.
2703 3828 2920 3888 desunt
2946 3830 3005 3886 C.
3041 3828 3103 3883 D.
3138 3825 3198 3883 Ε.

2191 3845 2647 3957 α·ο’ξιὲξε⁴³ὲό¹ῗ·ιεέῗ

2189 3967 2295 3995 "“
2325 3969 2414 4026 his
2447 3983 2584 4028 vero
2612 3999 2685 4013 —
2714 3969 3100 4042 promittitur.
3138 3964 3430 4024 desuntc.

2119 4054 2222 4112 His
2250 4056 2361 4115 rite
2383 4055 2473 4093 ‘7"
2503 4057 2809 4132 dispositis
2838 4056 3120 4129 (302),rex
3141 4054 3290 4110 idem
3314 4054 3690 4124 pentecosten

2047 4145 2385 4218 Merseburg
2405 4146 2713 4204 celebrans
2743 4145 2914 4215 (Mai.
2947 4147 3061 4217 28),
3096 4141 3429 4200 Heinricum
3471 4135 3693 4209 Magde-

2048 4236 2327 4305 burgensi
2355 4236 2446 4271 ί⁷²⁶
2467 4236 2753 4294 mcclesiaa
2776 4235 2993 4294 dudum
3044 4233 3411 4304 designatum
3473 4227 3698 4287 archie-

2047 4324 2371 4397 piscopum,
2404 4324 2508 4381 sed
2537 4324 2609 4381 ab
2641 4322 3019 4398 imperatoris
3049 4320 3322 4379 ﬁdelibus
3374 4316 3691 4390 repulsum,

2046 4413 2380 4470 consecrari
2407 4412 2543 4470 fecit
2578 4427 2727 4481 ;nec
2801 4411 2985 4469 multo
3067 4414 3205 4483 post
3253 4405 3691 4479 expeditionem

2045 4504 2253 4559 contra
2283 4501 2628 4573 Mogontiam
2661 4502 2862 4571 movit,
2906 4499 3218 4574 expulsum
3264 4495 3409 4554 inibi
3462 4490 3695 4567 pontiﬁ-

290 4592 493 4644 sancto
522 4588 696 4645 Petro
726 4590 963 4660 suisque
986 4591 1433 4647 successoribus
1465 4589 1592 4660 lege
1605 4590 1931 4647 Christiana
1960 4621 2015 4685 D
2045 4602 2171 4646 cem
2197 4590 2603 4649 restituturus.
2638 4596 2805 4664 patre
2830 4590 2981 4647 intra
3001 4602 3200 4647 muros
3227 4602 3345 4645 rem
3387 4587 3699 4657 expectan-

290 4674 497 4745 subjici
531 4677 821 4747 velit,sive
836 4693 1016 4748 regno
1030 4678 1260 4745 cedere,
1281 4679 1404 4736 sive
1435 4678 1731 4736 serviliter
1748 4678 1854 4751 ipsi
1869 4694 1932 4735 se

290 4764 529 4821 subesse
561 4766 1023 4836 promisit.Quod
1056 4766 1319 4823 auditum
1373 4766 1561 4823 omnis
1617 4766 1932 4824 multitudo

287 4849 647 4923 coliaudans,
665 4853 937 4910 lacrimas
957 4852 1129 4910 simul
1157 4858 1435 4925 etpreces
1460 4858 1576 4910 tam
1608 4868 1715 4926 pro
1747 4855 1934 4926 patris

291 4940 669 4996 conversione
700 4956 870 5012 quam
933 4956 1037 5011 pro
1096 4940 1200 4997 ﬁlii
1257 4942 1651 5014 prosperitate
1691 4943 1934 5000 fundere

291 5027 490 5098 erepit,
522 5042 665 5085 voce
698 5043 899 5099 magna
933 5028 1299 5099 kyrieleyson
1333 5029 1685 5087 declamans.
1720 5030 1933 5088 Eadem

295 5113 433 5172 hora
477 5119 583 5174 L‘to
637 5116 1218 5174 Hildinesheimensis
1259 5123 1319 5172 et
1377 5117 1683 5177 Heinricus
1722 5119 1935 5177 Padre-

291 5201 641 5262 brunnensis
672 5219 741 5262 ac
759 5205 1092 5262 Fridericus
1115 5204 1614 5264 Halberstatensis
1635 5206 1924 5279 presules,

2046 4681 2105 4735 te
2135 4693 2266 4736 cum
2290 4694 2405 4737 non
2439 4693 2616 4752 parva
2649 4679 2895 4736 militum
2928 4679 3102 4735 turba
3162 4673 3553 4744 nonnullsque
3579 4685 3693 4728 non

2041 4769 2239 4824 tamen
2270 4766 2382 4826 sibi
2406 4772 2499 4824 sat
2523 4768 2654 4825 fidis
2678 4767 3064 4840 principibus.
3092 4764 3257 4821 Sicut
3300 4768 3496 4820 autem
3564 4758 3693 4815 istis

2043 4856 2227 4912 Rheni
2277 4855 2674 4913 interﬂuentia
2735 4856 3082 4926 naviumque
3130 4850 3457 4911 subtractio
3533 4847 3698 4905 urbis

2044 4944 2264 5001 aditum
2311 4945 2659 5015 denegabat,
2721 4944 2800 5000 ita
2869 4943 2985 5000 illis
3023 4944 3525 4999 sacramentorum
3574 4945 3693 4992 tam

2044 5030 2165 5088 tilio
2194 5046 2365 5103 quam
2397 5032 2550 5104 patri
2584 5032 2869 5089 factorum
2893 5029 3291 5089 consideratio
3338 5022 3693 5100 parricidale

2043 5119 2260 5177 bellum
2290 5118 2698 5177 interdicebat.
2743 5119 2917 5176 Plura
2975 5123 3169 5176 tamen
3223 5116 3358 5174 hinc
3430 5118 3488 5172 et
3553 5112 3685 5170 inde

2042 5208 2251 5266 nuncia
2311 5208 2685 5281 navigabant,
2739 5208 2922 5265 multa
2977 5212 3038 5265 et
3134 5205 3379 5265 consilia
3443 5217 3697 5261 commu-

1653 5302 1891 5360 VARIE
1932 5303 2331 5362 LECTIONES.

367 5385 570 5463 f"’_'_itct
617 5390 676 5445 E.
707 5387 1190 5463 _ebd,i8.qu_adr.
1249 5390 1394 5463 -C.,D.
1476 5404 1588 5463 vos;
1635 5390 1911 5463 quadam
1954 5405 2134 5450 erasa
2190 5392 2260 5449 in
2309 5396 2376 5463 _t.
2436 5390 2620 5463 prima
2674 5390 2839 5449 deest
2881 5394 2931 5448 4.

3031 5391 3167 5449 rell.
3249 5388 3338 5424 ⁸⁷³⁸
3393 5399 3691 5461 superscr.

295 5454 385 5490 ²⁷²⁸
432 5458 520 5516 his
548 5459 629 5516 ita
670 5460 784 5516 rite
840 5459 939 5516 Di.
975 5454 1066 5493 ³⁷³⁸
1097 5458 1582 5531 megdeburgensi
1631 5454 1788 5520 corr.
1829 5461 2321 5533 magdeburgensi
2347 5466 2398 5519 1.

367 5639 652 5711 (302)Hic
674 5654 991 5701 erroresse
1021 5641 1276 5702 videtur.
1308 5646 1448 5702 Nam
1494 5643 1801 5701 concilium
1858 5556 2191 5704 ng'gEliai
2243 5643 2608 5704 celebratum
2674 5646 2854 5703 fuisse
2912 5645 3077 5713 dicit,
3137 5647 3486 5704 Pentecoste
3563 5655 3703 5701 vero

304 5723 359 5767 n.
385 5715 475 5771 28.
508 5713 737 5786 incipit.
