3934 6406
240 444 351 512 993

1113 433 1551 510 CHRONICA.
1588 482 1655 493 -—
1695 442 2170 510 CHRONICON
2215 436 2739 517 UNIVERSALE

3522 445 3638 515 994

240 599 339 643 nes
360 582 527 652 regni
556 595 849 655 proceres
873 580 1028 638 inter
1048 596 1112 638 se
1136 579 1518 650 trutinabant,
1538 586 1703 652 patre
1726 576 1883 649 regni
1918 580 1970 641 A
1998 576 2193 638 rietur
2221 585 2477 643 occisum
2515 586 2612 644 cel
2651 599 2918 659 unquam
2965 584 3201 641 estimet
3239 584 3635 642 occidendum.

240 672 583 728 divisionem
610 676 674 725 et
692 670 1063 727 hereditaria
1087 669 1480 725 successionis
1500 668 1888 724 confirmatio-

240 776 359 816 nem
388 758 745 831 pollicente,
780 760 899 816 ﬂlio
922 774 1059 814 vero
1091 758 1168 813 nil
1189 757 1297 812 nisi
1323 755 1663 828 apostolicae
1700 756 1891 825 subje-

241 848 451 904 ctionis
480 852 540 901 et
574 847 1009 903 aecclesiastice
1039 844 1281 902 unitatis
1310 844 1673 900 eﬂlcientiam
1720 857 1894 913 expo-

2001 673 2127 742 Ego
2174 673 2413 742 quidem
2451 674 2824 732 Christianis
2862 673 3049 730 michi
3096 671 3326 742 legibus
3360 672 3642 730 subarra-

2005 760 2125 813 tum
2166 773 2411 829 regnum
2451 762 2523 816 ut
2560 762 2722 817 heres
2758 760 2932 784 “"'"
2964 760 3023 814 et
3057 773 3352 815 successor
3396 761 3644 828 augusti

2005 846 2217 911 tenere,
2247 848 2303 904 si
2340 849 2537 904 tamen
2572 863 2774 905 rerum
2810 848 3059 902 omnium
3098 846 3459 904 dominatori
3496 862 3646 903 com-

243 937 497 993 stulante
545 936 671 990 .Sic
749 936 940 991 inacte
1014 933 1101 967 "'7
1178 933 1506 1001 discedens,
1563 930 1895 998 Wirziburg
2000 933 2317 1003 placuerit,
2358 937 2562 1006 cupio;
2578 935 2897 1006 parricida
2942 935 3147 991 vocari
3184 934 3279 989 vel
3316 948 3439 990 esse
3483 936 3634 992 nolo.

246 1024 477 1080 devenit
528 1023 724 1095 (Jul.),
778 1025 799 1046 '
837 1022 1219 1091 Errolongum
1261 1024 1307 1045 “'
1363 1019 1670 1090 quendam,
1727 1031 1893 1087 quem

247 1112 455 1168 dudum
489 1110 827 1166 Emebardo
852 1110 1127 1166 defuncto
1151 1108 1441 1180 presulem
1468 1108 1785 1178 imperator
1802 1104 1892 1159 de-

246 1200 602 1268 signaverat,
630 1198 954 1271 expellens,
979 1198 1385 1268 Ruotpertum,
1415 1194 1674 1265 ejusdem
1697 1190 1897 1248 accele-

246 1289 342 1344 siaa
375 1285 776 1357 prepositum,
808 1291 865 1340 et
893 1288 966 1309 “"
995 1291 1111 1340 tam
1148 1284 1309 1356 prius
1337 1298 1505 1354 quam
1529 1288 1665 1338 tunc
1684 1296 1713 1337 a
1739 1279 1899 1335 clero

245 1381 302 1430 et
332 1374 552 1445 populo
587 1373 868 1442 electum,
907 1388 1007 1444 per
1034 1372 1362 1443 predietnm
1394 1369 1899 1440 archiepiscopum

252 1462 663 1518 Ruothardum
714 1459 806 1493 ‘7"
824 1459 1237 1516 inthronizavit
1261 1476 1274 1523 ;
1296 1458 1492 1528 sicque
1516 1456 1780 1513 :ecelesia
1808 1470 1902 1511 ea'

254 1549 378 1604 dem
410 1547 763 1618 apostolicae
794 1547 1178 1604 communioni
1211 1546 1604 1614 reconciliata,
1639 1560 1705 1599 ac
1736 1558 1899 1599 secu-

255 1636 424 1691 ritate
460 1635 535 1690 ab
572 1636 819 1691 urbanis
850 1634 1385 1705 accepta,dimissis
1405 1632 1749 1699 Saxonibus,
1776 1630 1896 1701 ipse

244 1739 366 1779 cum
428 1724 720 1793 Bajoariis
772 1722 843 1778 ad
899 1721 1190 1778 obsidium
1246 1720 1474 1777 castelli
1534 1718 1896 1775 Nourinberc

246 1824 594 1878 conversus,
630 1809 893 1881 illudque
924 1813 1054 1881 post
1084 1809 1229 1865 duos
1257 1808 1349 1864 vel
1380 1808 1628 1880 amplius
1669 1821 1894 1862 menses

249 1899 420 2002 ("Aug.
441 1897 809 1969 Septembr.)
835 1911 1113 2002 prpspere
1128 1896 1385 1969 capiens,
1399 1895 1591 1951 soluto
1605 1894 1889 2002 exercitii,
1924 1942 1978 2002 B

250 1985 583 2056 Ratisponae
621 2000 688 2040 se
722 1985 989 2041 contulit.
1022 1984 1201 2050 Quem
1235 1989 1399 2055 pater
1430 1998 1461 2039 e
1485 1983 1731 2052 vestigio
1762 1983 1896 2038 sub-

252 2088 518 2143 sequens,
579 2073 966 2142 Errolongum
1034 2071 1634 2141 Wirziburgensibus,
1696 2070 1895 2139 fugato

250 2161 597 2231 Ruotperto,
630 2160 917 2231 restituit,
950 2158 1198 2229 indeque
1229 2159 1419 2214 omnia
1447 2173 1573 2228 quae
1607 2159 1897 2214 fautorum

252 2255 414 2305 erant
443 2248 548 2304 lilii
579 2249 919 2318 dcvastans,
955 2247 1186 2304 tandem
1222 2247 1549 2303 faventibus
1589 2246 1697 2302 sibi
1748 2244 1899 2301 dolis

256 2335 794 2406 Ratisponensium,
826 2334 1003 2390 ﬂlium
1030 2334 1177 2389 urbe
1200 2333 1441 2402 fugavit.
1468 2332 1589 2398 Qua
1612 2331 1896 2400 residens,

259 2423 547 2494 presulem
588 2422 781 2479 eidem
825 2422 1121 2477 kathedrae
1165 2421 1450 2490 quendam
1493 2419 1903 2476 adolescentu-

255 2511 385 2581 lum,
412 2512 652 2566 nomine
677 2509 1047 2567 Oudelricum
1065 2508 1156 2542 ‘7”
1174 2510 1274 2532 ’Μ
1295 2508 1559 2579 profecit,
1580 2508 1900 2563 exercitum

264 2601 666 2669 undecumque
698 2598 1093 2668 congregavit,
1129 2611 1616 2669 progressusque,
1650 2609 1901 2652 marcam

256 2688 544 2759 Diotpaldi
575 2702 684 2759 per
711 2686 990 2742 Boemicae
1013 2685 1204 2755 gentis
1226 2685 1470 2740 maxime
1494 2683 1902 2741 crudelitatem

263 2776 611 2833 devastavit.
649 2776 764 2829 Nec
814 2773 943 2845 plus
995 2786 1103 2829 una
1149 2788 1275 2829 eum
1321 2787 1426 2829 suo
1477 2770 1708 2827 domino
1759 2770 1901 2839 regii

262 2867 558 2919 morantur
592 2862 812 2918 milites
842 2868 1191 2918 conventum
1227 2873 1643 2931 usquequaque
1691 2859 1900 2927 facere,

265 2951 602 3008 caesarianis
642 2964 672 3005 a
715 2955 881 3021 tergo
925 2949 1169 3005 ﬂammis
1206 2947 1504 3019 predaquc
1553 2948 1735 3003 vicem
1777 2945 1905 3001 red-

265 3040 417 3111 dere,
467 3046 775 3112 postremo
819 3054 948 3094 cum
996 3038 1170 3095 10000
1228 3036 1432 3093 electae
1476 3035 1804 3105 juventutis
1848 3034 1901 3089 in

265 3127 515 3199 quinque
542 3127 806 3197 legiones
839 3126 1162 3196 dispertitis
1189 3139 1563 3193 congressum
1602 3128 1899 3194 expetere.

261 3218 376 3271 Jam
405 3217 623 3272 castris
653 3216 707 3270 in
733 3215 1084 3271 contrarium
1110 3214 1339 3285 positis,
1372 3211 1713 3282 spectaculo
1738 3210 1906 3267 nimis

2012 1022 2232 1086 Quodsi
2258 1024 2431 1093 pater
2476 1037 2640 1081 meus
2693 1022 3009 1094 apostolice
3040 1036 3102 1078 se
3142 1021 3467 1090 subjecerit
3503 1024 3643 1081 obte-

2008 1109 2249 1166 dientiw
2271 1111 2442 1181 jugo,
2485 1125 2587 1181 ego
2624 1125 2763 1167 mox
2814 1111 2880 1166 in
2930 1109 3025 1166 his
3051 1123 3182 1180 quae
3201 1124 3311 1166 sua
3330 1110 3644 1167 dumtaxat

2004 1197 2191 1254 michi
2228 1197 2538 1255 clementia
2577 1198 2943 1267 concesserit,
2994 1198 3295 1254 contentus
3331 1212 3445 1261 ero,
3498 1200 3648 1254 inte-

2004 1287 2125 1341 rim
2146 1299 2238 1340 me
2264 1300 2381 1341 non
2412 1286 2882 1357 impugnatorem
2903 1299 3026 1341 esse
3044 1285 3264 1355 patris,
3287 1285 3390 1340 sed
3409 1289 3647 1354 paterni

2006 1374 2181 1443 regni
2205 1375 2707 1444 propugnatorem
2726 1374 3032 1430 noceritis.
3060 1373 3511 1442 Vesperaseente
3544 1375 3648 1428 ita-

2011 1476 2122 1531 que
2173 1460 2287 1529 jam
2346 1462 2459 1531 die,
2502 1476 2735 1518 cessere
2788 1460 2915 1517 loco
2954 1460 3128 1530 regiae
3170 1461 3501 1530 phalanges,
3549 1463 3648 1517 im-

2010 1549 2319 1619 peratoria)
2359 1549 2648 1618 majestati
2694 1564 2757 1605 se
2798 1549 3186 1604 reverentiam
3223 1550 3499 1605 exhibere
3533 1550 3649 1605 cla-

2009 1642 2250 1692 mantes.
2280 1640 2597 1707 Imperator
2614 1642 2805 1693 autem
2828 1637 2961 1692 dum
2984 1636 3040 1691 in
3064 1636 3277 1691 castris
3300 1636 3370 1690 de
3390 1638 3647 1691 crastino

2007 1724 2228 1780 certior
2251 1724 2521 1780 conﬂictu
2538 1724 2816 1795 disponit,
2834 1738 2938 1779 nec
2962 1738 3207 1795 pugnam
3233 1739 3336 1778 nec
3360 1726 3645 1793 pugnandi

2011 1819 2207 1869 votum
2241 1812 2603 1883 principibus
2634 1827 2784 1881 esse,
2819 1827 2924 1883 per
2955 1813 3202 1868 Boemia":
3252 1812 3452 1868 ducem
3508 1826 3651 1868 mar-

2008 1901 2390 1970 chionemque
2417 1900 2757 1971 Liupaldum
2798 1906 2998 1954 contra
3044 1914 3204 1967 spem
3252 1898 3491 1954 audivit.
3542 1900 3645 1966 Qui

2010 2004 2139 2044 mox
2173 1989 2361 2044 animo
2389 1993 2822 2057 consternatus,
2855 1987 3100 2059 supplex
3150 1987 3377 2042 illorum
3431 1988 3654 2057 adjuto-

2011 2078 2157 2132 rium
2187 2078 2355 2148 petit,
2385 2091 2488 2131 nec
2511 2077 2816 2146 impetrat;
2843 2076 3169 2130 instructus
3198 2074 3372 2129 etiam
3404 2076 3652 2131 secretis

2012 2163 2111 2219 filii
2157 2164 2403 2233 nunciis,
2446 2178 2683 2219 suorum
2733 2162 3219 2233 conSpirationem
3269 2161 3548 2217 adversus
3589 2177 3652 2217 se

2011 2253 2244 2320 factam,
2280 2252 2535 2307 latenter
2577 2266 2607 2305 e
2654 2250 2868 2307 castris
2911 2265 3041 2306 cuni
3095 2249 3295 2319 paucis
3344 2249 3651 2305 admodum

2011 2339 2152 2396 viris
2181 2339 2589 2404 subtrahitur;
2632 2338 2832 2407 sicque
2862 2337 3050 2393 divina
3087 2336 3495 2407 dispositione,
3540 2352 3654 2392 uno

2014 2427 2196 2496 salvo,
2253 2426 2586 2494 multorum,
2629 2425 2726 2495 qui
2761 2423 3087 2480 fundendus
3121 2424 3474 2479 credebatur
3529 2438 3655 2479 san-

2013 2515 2143 2584 guis
2164 2513 2442 2570 salvatur.
2471 2515 2607 2568 Nam
2629 2513 2897 2584 protinus
2922 2516 2985 2568 ut
3004 2512 3374 2582 imperatoris
3387 2513 3653 2567 absentia

2014 2603 2159 2659 totis
2193 2602 2682 2671 undiqueversum
2711 2600 2924 2657 castris
2953 2600 3228 2667 innotuit,
3259 2600 3655 2671 unusquisque

2017 2690 2248 2762 propria
2282 2693 2571 2760 repetere,
2604 2689 2849 2743 maxime
2878 2688 3069 2743 noctis
3093 2702 3288 2757 Opaca;
3316 2687 3554 2742 latibulo
3578 2688 3658 2742 di-

2014 2777 2278 2834 vertendi
2296 2777 2675 2834 securitatem
2694 2776 3085 2837 ministrante,
3110 2774 3429 2831 contendit.
3450 2777 3518 2827 At
3536 2790 3657 2843 rex,

2016 2865 2149 2922 dum
2180 2864 2529 2921 disturbatis
2579 2864 2828 2920 inimicis
2876 2861 2946 2918 ad
2996 2861 3226 2917 libitum
3276 2862 3387 2918 frui
3440 2868 3658 2934 posset,

2019 2968 2257 3025 parcere
2291 2968 2461 3024 quam
2512 2951 2787 3023 persequi
2837 2950 3192 3020 deliberans,
3244 2950 3539 3006 civitatem
3586 2952 3661 3006 ob

2017 3042 2138 3097 dati
2194 3040 2357 3112 prius
2405 3040 2641 3096 foederis
2684 3040 2971 3095 defectum
3027 3037 3342 3094 austeriori
3392 3038 3660 3093 nimirum

2018 3134 2191 3201 pacto
2219 3129 2330 3185 sibi
2361 3129 2689 3197 conﬁrmat,
2725 3127 3078 3182 Hartwicum
3111 3124 3221 3191 17“,
3256 3126 3441 3181 virum
3462 3126 3661 3196 utique

2019 3218 2327 3287 probatum
2360 3216 2713 3272 catholicum
2747 3220 2922 3283 atque
2954 3213 3225 3283 nobilem,
3257 3213 3527 3268 abdicato
3554 3213 3664 3269 Ou-

260 3304 547 3375 horribili,
599 3318 706 3376 per
753 3303 1005 3359 triduum
1071 3302 1409 3357 continumn
1476 3315 1546 3355 ex
1613 3314 1721 3356 una
1781 3298 1902 3370 ripa
1939 3290 2237 3361 (Iden-ﬁco
2296 3301 2387 3337 1m
2446 3303 2658 3358 ibidem
2712 3302 3088 3369 inthponizat,
3161 3301 3423 3370 presules
3489 3300 3662 3357 etiam

266 3394 463 3463 Regini
491 3392 751 3449 ﬂuminis
781 3390 1172 3462 imperatoris,
1205 3406 1273 3443 ex
1302 3389 1487 3443 altera
1518 3389 1671 3457 regis
1703 3386 1907 3443 volita-

269 3480 399 3535 bant
439 3480 652 3550 signa;
688 3478 805 3548 jam
851 3477 1175 3547 frequentia
1217 3477 1643 3545 grassabantur
1684 3475 1739 3530 in
1780 3475 1907 3546 ipso

269 3568 515 3624 ﬂuminis
548 3567 720 3623 alveo
753 3566 964 3635 duella,
995 3566 1146 3621 inter
1174 3579 1301 3634 qum
1332 3570 1382 3619 cl
1416 3565 1537 3588 "'“
1578 3562 1909 3618 Hartwicus

268 3671 460 3713 comes
506 3672 582 3713 ex
640 3659 807 3726 parte
853 3652 1227 3725 imperatoris
1273 3651 1568 3707 occubuit.
1615 3652 1762 3674 """
1803 3664 1909 3706 nec

270 3759 480 3815 paucos
523 3761 600 3801 ex
642 3749 891 3813 utraque
935 3747 1099 3812 parte
1149 3740 1347 3795 Martis
1395 3754 1524 3795 sors
1564 3753 1777 3810 anceps
1815 3739 1914 3795 ab-

271 3833 531 3903 sumpsit.
567 3835 834 3886 Attamen
885 3829 977 3884 die
1028 3843 1155 3899 quae
1202 3827 1532 3896 generalem
1581 3825 1914 3883 certissime

269 3920 742 3989 congressionem
773 3917 1145 3989 precedebat,
1171 3916 1463 3986 principes
1488 3915 1583 3985 qui
1609 3914 1799 3985 capita
1826 3928 1915 3968 ro-

276 4008 493 4079 burque
540 4007 849 4076 utriusque
896 4005 1245 4062 videbantur
1294 4004 1611 4071 exercitus,
1661 4000 1918 4073 pacificis

275 4094 516 4151 invicem
546 4093 850 4152 concessis
882 4091 1210 4162 colloquiis,
1244 4095 1376 4162 post
1406 4104 1636 4146 morose
1677 4088 1918 4144 ventila-

274 4187 385 4236 tam
413 4184 572 4238 inter
596 4197 658 4237 se
684 4180 819 4237 belli
844 4182 1136 4252 presentis
1159 4195 1414 4245 causam,
1447 4179 1673 4235 tandem
1698 4176 1915 4247 divino,

278 4275 333 4324 ut
359 4271 647 4338 creditur,
665 4270 857 4325 edocti
875 4271 1315 4341 spiritu,parum
1333 4267 1577 4337 justitiaa
1602 4278 1920 4337 parumque

277 4359 651 4415 emolumenti
676 4364 790 4413 tam
818 4358 964 4415 duro
995 4365 1224 4427 tamque
1252 4356 1583 4427 periculoso
1616 4355 1801 4411 inesse
1825 4368 1922 4409 ue-

276 4447 459 4518 gocio,
478 4446 736 4504 unanimi
755 4445 1227 4503 consideratione
1242 4444 1622 4499 conferebant
1644 4460 1657 4507 ;
1675 4442 1921 4512 indeque

281 4534 548 4592 nimirum
591 4534 895 4603 fratribus,
942 4535 995 4590 id
1035 4538 1123 4589 est
1167 4533 1380 4603 populo
1442 4537 1690 4601 utraque
1756 4534 1922 4601 parte

280 4622 631 4692 Christiano,
676 4622 1046 4693 parcendum,
1115 4623 1286 4680 immo
1351 4619 1685 4693 parricidali
1732 4634 1920 4691 pugna
1953 4632 2004 4692 D

281 4710 650 4779 cessandum,
681 4710 803 4780 pari
835 4715 968 4766 voto
993 4710 1354 4780 judicabant.
1401 4710 1524 4765 Rex
1567 4708 1744 4764 etiam
1788 4708 1924 4764 ado-

282 4794 528 4868 lescens,
564 4798 699 4853 dum
724 4796 862 4867 jam,
899 4803 958 4853 ut
986 4798 1259 4864 diximus,
1292 4813 1398 4869 per
1423 4797 1724 4853 ordinatas
1771 4797 1924 4852 omni

286 4892 444 4957 parte
474 4886 633 4942 acies
662 4887 810 4942 Mars
840 4892 1121 4943 cruentus
1149 4887 1402 4958 cepisset
1434 4885 1723 4955 frendere,
1772 4900 1927 4941 com-

284 4977 453 5033 motis
480 4973 810 5031 visceribus
839 4989 1016 5046 super
1044 4978 1212 5046 patre
1239 4989 1346 5032 suo
1381 4973 1711 5043 lugubriter
1741 4974 1927 5029 fertur

283 5061 650 5121 inclamasse:
677 5061 909 5133 Grates,
928 5063 1136 5133 inquit,
1157 5077 1189 5119 ο
1212 5062 1345 5120 boui
1366 5061 1808 5131 commilitones,
1833 5060 1930 5133 af-

279 5152 466 5215 fectui
488 5154 654 5210 circa
673 5167 767 5208 me
783 5152 1552 5225 cestrosummopererefero
1569 5168 1584 5217 ;
1602 5149 1930 5221 unicuique

284 5242 672 5313 eestrumpar
689 5242 831 5312 pari
849 5239 1099 5312 referre,
1114 5240 1169 5298 si
1178 5254 1275 5298 res
1289 5254 1426 5312 ezeg
1433 5240 1521 5296 eri
1528 5240 1566 5310 t,
1574 5251 1690 5296 non
1701 5238 1926 5306 abnuo;

283 5341 445 5387 nemo
470 5330 667 5387 tamen
685 5328 752 5385 in
773 5327 880 5386 hoc
895 5343 988 5386 me
1014 5329 1134 5388 sibi
1161 5330 1310 5387 velit
1331 5330 1430 5387 vel
1452 5327 1657 5386 credat
1669 5328 1815 5401 fore
1840 5326 1932 5361 ¹⁷³⁰

269 5417 658 5489 faderatrm,
676 5418 752 5475 ut
766 5416 1071 5477 dominum
1091 5418 1151 5475 et
1168 5417 1402 5490 patrem
1410 5430 1719 5489 meumper
1732 5431 1796 5476 se
1806 5415 1933 5487 glo-

2019 3393 2297 3464 quosdam
2319 3408 2386 3447 ac
2411 3391 2706 3461 principes
2731 3394 2986 3461 paterna
3016 3388 3236 3444 militiae
3262 3389 3413 3443 intra
3438 3404 3662 3445 murum

2021 3485 2288 3551 repertos
2319 3479 2431 3535 sibi
2463 3478 2757 3546 conciliat,
2790 3491 3037 3546 moxque
3072 3476 3325 3531 Francia;
3371 3476 3663 3546 redditus,

2022 3569 2225 3625 eodem
2257 3566 2585 3638 propinavit
2618 3564 2801 3621 calice
2836 3563 3074 3636 perﬁdis
3097 3564 3205 3619 sibi
3238 3564 3668 3635 Wirciburgen-

2021 3658 2203 3714 sibus.
2224 3657 2586 3711 Inter""""
2601 3655 2722 3711 haec
2741 3653 3040 3725 predictus
3054 3652 3412 3722 Errolongus
3433 3650 3545 3717 "3’,
3569 3653 3667 3722 qui

2025 3744 2275 3811 presulis
2309 3744 2448 3799 inibi
2482 3757 2689 3799 nomen
2742 3746 3144 3811 usurpaverat.
3196 3754 3299 3811 spe
3352 3741 3671 3797 frustratus

2024 3836 2328 3903 concepta,
2363 3833 2690 3901 Ruotperto
2722 3830 2861 3886 sede
2889 3829 3126 3895 cedens,
3160 3828 3282 3897 regi
3316 3828 3572 3898 deditur,
3606 3833 3663 3883 et

2025 3935 2097 3976 ex
2119 3921 2229 3976 hoc
2254 3920 2406 3976 inter
2423 3935 2560 3977 suos
2582 3918 2918 3988 capellanos
2940 3932 3105 3987 teque
3126 3915 3313 3972 fidelis
3333 3916 3660 3973 estimatur.

2166 4010 2188 4032 "
2219 4009 2276 4063 C.
2304 4009 2396 4064 ita
2420 4026 2431 4061 :
2460 4006 2713 4073 devenit,
2742 4007 2938 4075 ibique
2960 4010 3127 4075 extra
3150 4005 3449 4075 civitatem
3473 4007 3669 4059 castra

2279 4077 2457 4133 osuit.
2490 4073 2869 4132 Successerat
2918 4074 3122 4130 eodem
3171 4088 3344 4140 anno,
3395 4073 3671 4130 defuncto

2287 4145 2560 4201 mebardo
2579 4146 2877 4215 episcopo,
2901 4144 2989 4215 vir
3011 4141 3324 4215 singularis
3357 4144 3673 4215 probitatis

2238 4222 2297 4272 et
2328 4216 2555 4272 eximia:
2589 4213 2913 4286 prudentiae
2945 4213 3675 4286 Babenbergensism‘ccle-

2241 4286 2338 4343 sim
2366 4284 2684 4343 canonicus
2716 4284 3024 4353 Erlungus,
3062 4284 3156 4353 qui
3191 4297 3221 4338 a
3249 4284 3376 4340 viro
3408 4284 3676 4342 scolasti-

2242 4357 2481 4412 cissimo
2514 4354 2906 4425 Meginhardo,
2940 4353 3226 4410 avunculo
3267 4353 3493 4411 scilicet
3544 4370 3670 4425 suo,

2242 4426 2504 4510 ejusdem
2536 4425 2692 4510 sedis
2734 4423 2974 4510 dudum.
2995 4423 3680 4510 epis‘cppo,mdilige‘qtis‘;

2243 4494 2387 4555 sime
2413 4496 2697 4553 educatus
2727 4501 2785 4551 et
2811 4494 3071 4565 apprime
3110 4494 3458 4550 liberalibus
3509 4496 3680 4552 disci-

2247 4568 2430 4640 plinis
2456 4565 2910 4640 instructusLob
2942 4565 3106 4640 famae
3136 4580 3257 4640 suae
3287 4566 3497 4640 bonum
3543 4568 3681 4640 odo-

2498 4607 3259 4703 lclau‘s‘tr‘ouhabenbergens‘i
3287 4607 3680 4705 "Manilii:

2250 4714 2608 4779 assumptus,
2660 4704 2993 4779 cancellarii
3055 4718 3182 4779 p_er_
3215 4704 3440 4776 aliquot
3496 4720 3683 4779 annos

2249 4774 2486 4837 strenue
2521 4774 2755 4835 rexerat
2784 4774 3337 4846 oﬂlcium,’indequé
3372 4781 3487 4831 tam
3536 4775 3681 4833 cleri

2252 4865 2421 4932 quam
2455 4849 2654 4932 populi
2684 4846 3534 4932 cons-ensu'wireiburgensem
3558 4860 3685 4929 sor-

2252 4916 2397 4976 titus
2422 4916 2511 4975 est
2537 4916 2958 4990 episcopatum.
2977 4918 3031 4972 ls
3044 4916 3321 4990 virtutem
3338 4916 3685 4990 bonioperis

2254 4986 2757 5062 perseverantiam
2796 5003 2927 5062 esse
2993 4986 3389 5057 considerans,
3455 4986 3681 5062 maluit,

2252 5058 2719 5132 quandoquidem
2745 5059 2989 5132 necdum
3008 5063 3135 5113 erat
3155 5064 3534 5132 consecratus
3556 5058 3686 5132 loco

2253 5128 2464 5189 cedere
2497 5128 2665 5201 quam
2693 5132 2767 5187 ab
2790 5130 3174 5202 imperatore,
3208 5128 3301 5185 cui
3330 5134 3584 5202 eatenus
3604 5131 3689 5187 in-

2255 5198 2551 5260 indefessa
2585 5198 2925 5259 sinceritate
2959 5200 3262 5268 servierat,
3319 5198 3407 5258 vel
3453 5200 3686 5259 minima

2256 5272 2607 5331 inﬁdelitate
2639 5273 2846 5330 notari.
2892 5272 3017 5340 Quo
3061 5269 3307 5329 cedente
3357 5284 3460 5330 rex
3507 5272 3690 5329 Ruot-

2254 5347 2506 5417 pertum,
2539 5345 2643 5401 etc.

2183 5418 2232 5442 “
2257 5412 2597 5486 Erlungum,
2631 5428 2801 5485 quem
2829 5414 2890 5468 D.
2926 5412 2989 5468 E.

1642 5533 1881 5589 VARLE
1921 5532 2320 5590 LECTIONES.

353 5630 444 5667 "'7
473 5632 531 5690 in
564 5634 971 5691 nocteecorr.
1032 5630 1091 5688 C.
1169 5630 1261 5667 ιη’
1311 5631 1377 5687 R.
1434 5636 1482 5687 1.
1562 5628 1654 5663 ‘7”
1708 5645 1761 5688 ο.
1817 5634 1867 5686 1.

285 5705 559 5779 margine
582 5709 634 5761 1.

1947 5628 2043 5702 ‘1':
2091 5641 2383 5702 superscr.
2439 5630 2490 5685 1.

714 5700 806 5737 ⁸⁷⁸⁸
830 5716 884 5761 o.
920 5708 969 5761 1.
1011 5701 1177 5771 Quod
1202 5703 1266 5761 D.
1302 5700 1574 5777 legerunt
1600 5705 1676 5759 9°.
1715 5706 1761 5759 1.
1797 5705 1919 5758 110.
1956 5698 2049 5757 περ
2077 5701 2140 5759 Ε.
2162 5698 2226 5759 ’1.

2570 5624 2660 5660 νηί
2714 5625 3167 5685 Hartwieum—
3197 5625 3560 5689 inthronizat
3642 5644 3653 5687 ί
