3934 6406
285 409 398 483 99$

459 559 517 611 et
546 558 663 610 tam
695 582 763 594 -ο
790 551 1041 609 electum
1072 552 1293 610 desunt
1320 555 1377 611 C.
1412 553 1474 610 D.
1509 554 1569 611 Ε.

356 627 452 651 ““
481 627 539 680 C.
575 626 642 697 D._
673 625 731 679 E.
764 624 893 697 ita;
930 623 993 679 Ο.
1028 639 1085 679 n.
1124 625 1203 697 (η.
1236 624 1321 697 ⁸Ο.
1374 626 1462 697 Ε.)
1513 627 1776 697 prefecit.
1830 627 1933 685 Ge-

430 643 449 651 "
481 643 539 680 ιλ.
576 643 635 679 υ.
673 643 731 679 13.
764 643 893 680 ua:
930 643 993 679 U.
1029 643 1085 679 Il.
1124 643 1203 705 (Ι).
1259 643 1321 679 υ.
1374 643 1776 749 13.).PI'BIBCIL.
1830 643 1931 685 υθ-

430 694 723 753 behardus
781 695 1017 774 quippe,
1079 693 1429 774 qurnlocum
1487 713 1499 750 ι
1534 696 1604 753 lic
1675 700 1931 769 pastoris

427 781 530 838 per
559 779 741 822 annos
798 768 859 821 16
913 765 1330 838 miserabiliter
1377 765 1788 837 occupaverat,
1837 783 1932 824 eo-

426 836 554 893 dem
613 850 760 891 anno
806 850 833 891 a
889 836 1157 905 quodam,
1211 850 1381 905 quem
1436 836 1606 893 nimis
1660 839 1932 895 intolera-

429 907 626 979 biliter
658 905 994 979 injuriabat,
1051 906 1289 979 proprio
1342 907 1526 963 milite
1578 910 1927 979 trucidatus,

429 923 626 964 ηιιιιθῐ·
658 923 710 960 ιη
747 923 994 973 lll'laDal,
1051 923 1289 977 [)POpI‘lO
1342 923 1526 963 ηιιιιιθ
1578 923 1927 979 ινυοιαθιιιδ,

425 978 604 1058 duplo
682 923 1064 1058 plangendus,
1136 977 1495 1058 decesserat.
1569 981 1931 1050 Congregato

427 1047 625 1119 itaque
660 1047 1064 1122 undecumque
1107 1048 1393 1120 exercitu,
1444 1064 1614 1106 cesar
1666 1047 1933 1122 progres-

425 1118 545 1187 sus,
579 1118 887 1186 merebam,
923 1118 1026 1174 etc.

354 1192 475 1214 “""
502 1195 561 1245 et
589 1220 658 1229 —
689 1188 967 1244 occubuit
1014 1187 1233 1245 desunt
1277 1190 1335 1243 C.
1381 1190 1490 1260 qui
1535 1191 1766 1262 pergit:
1816 1205 1931 1247 non

349 1274 661 1455 "'Piucl?’
698 1331 758 1384 E.
829 1328 1106 1386 addunt:
1179 1329 1520 1400 Sigihardus
1582 1346 1780 1388 comes
1840 1346 1933 1387 ca-

425 1418 479 1455 Dl
517 1417 602 1455 ω’.

423 1417 602 1496 Pii“)?

350 1470 520 1497 ""'“'
549 1473 607 1527 C.
642 1470 769 1527 ita:
803 1470 857 1524 h.
896 1476 1126 1542 patrum
1158 1485 1413 1542 meorum
1445 1474 1510 1542 et
1555 1487 1601 1527 s.
1653 1480 1932 1542 augusto-

421 1558 571 1611 rum,
624 1545 845 1606 tenere,
882 1540 942 1612 isi
996 1544 1038 1595 t.
1090 1556 1133 1595 r.
1185 1556 1242 1612 o.
1290 1541 1347 1596 d.
1398 1557 1448 1596 c.
1493 1541 1625 1609 jure
1668 1540 1927 1612 gentium

422 1611 728 1684 possidere
760 1611 966 1684 cupio_,_
1000 1611 1286 1684 parricida
1336 1626 1476 1684 vero
1506 1628 1557 1667 v.
1593 1630 1645 1669 v.
1682 1630 1732 1668 c.
1768 1629 1820 1668 n.
1859 1615 1922 1680 Q.

419 1680 544 1762 sip.
595 1697 668 1737 m.
716 1680 1078 1762 apostolicae,
1130 1682 1286 1762 quod
1329 1683 1700 1762 nimirum‘in
1750 1698 1924 1762 causa

418 1752 528 1823 est,
566 1766 628 1808 se
656 1768 703 1808 s.
737 1752 769 1807 o
826 1752 886 1822 i.,
920 1766 1027 1823 ego
1058 1784 1122 1823 7—-
1152 1752 1186 1806 i.
1227 1768 1280 1823 p.
1327 1767 1373 1807 s.
1429 1769 1481 1823 p.
1536 1753 1733 1823 potius
1763 1757 1925 1823 regni

421 1839 472 1896 p.
509 1838 665 1896 esse,
695 1822 993 1896 noveritis.
1044 1822 1762 1896 Intereavesperascente
1807 1824 1923 1893 jam

418 1892 531 1963 die,
567 1893 895 1965 redduntur
924 1893 1138 1965 castris
1166 1892 1484 1965 phalanges
1519 1894 1711 1963 regiae.
1746 1892 1925 1965 Impe-

419 1971 581 2021 rator
613 1978 751 2019 vero
783 1963 915 2018 dum
949 1963 1113 2032 quasi
1147 1963 1218 2019 de
1248 1965 1507 2020 crastino
1544 1965 1763 2020 certior
1795 1963 1924 2021 con-

415 2036 576 2091 ﬁictu
609 2048 749 2091 suos
778 2033 1043 2106 instruit,
1079 2048 1183 2089 nec
1215 2049 1463 2105 pugnam
1497 2050 1602 2090 nec
1629 2038 1919 2106 pugnandi

417 2110 611 2161 votum
644 2105 733 2160 vel
767 2104 851 2160 fas
882 2103 960 2159 ibi
1006 2119 1135 2160 esse
1181 2103 1227 2160 a‘
1262 2103 1641 2175 principibus
1676 2103 1915 2164 audivit.

414 2177 747 2231 Instructus
776 2188 827 2230 e.
881 2189 926 2230 s.
980 2175 1015 2228 f.
1072 2188 1124 2228 n.
1179 2175 1673 2245 conspirationem
1720 2191 1749 2231 a
1796 2179 1918 2235 suis

413 2245 719 2303 adversum
754 2259 817 2300 se
859 2245 1088 2314 factam,
1142 2258 1174 2299 e
1220 2246 1435 2302 castris
1485 2246 1740 2302 latenter
1786 2264 1915 2304 cum

414 2318 618 2388 paucis
685 2316 1056 2371 subtrahitur
1099 2331 1113 2379 ;
1156 2330 1201 2371 s.
1237 2317 1291 2370 d.
1327 2318 1380 2372 d.
1418 2333 1471 2372 n.
1510 2333 1552 2373 s.
1589 2334 1662 2373 m.
1700 2333 1753 2388 q.
1790 2334 1839 2374 c.
1876 2320 1911 2375 f.

412 2403 458 2445 s.
520 2404 564 2444 s.
617 2388 754 2443 Nam
785 2418 849 2427 —
887 2390 1173 2456 repetere,
1208 2391 1401 2457 prout
1454 2402 1565 2442 nox
1616 2391 1913 2446 concessit

412 2472 623 2530 opaca,
647 2456 968 2530 contendit.
1006 2458 1155 2530 Atr.
1189 2456 1243 2511 d.
1277 2458 1331 2513 d.
1367 2459 1721 2516 adversariis
1752 2460 1823 2515 ad
1872 2461 1907 2516 1.

411 2500 1207 2603 :Tmiliti‘mﬁs‘ibiconciliat,
1253 2543 1324 2583 m.
1371 2530 1427 2584 F.
1472 2544 1519 2583 r.
1561 2536 1612 2585 e.
1658 2500 1721 2601 pf
1757 2547 1806 2586 c.

405 2599 515 2656 sibi
551 2605 692 2655 tunc
722 2597 1323 2665 Wirciburgensibus.

365 2672 606 2725 "“*"C.
624 2670 712 2725 ita
736 2687 746 2721 :
766 2669 804 2723 Ι.
822 2669 876 2721 h.
898 2684 951 2739 p.
979 2668 1290 2737 Erlungus,
1318 2670 1413 2738 qui
1442 2670 1806 2740 presulatum
1830 2671 1913 2727 in-

408 2741 486 2797 ibi
519 2742 590 2813 ab
624 2741 975 2813 imperatore
1008 2744 1382 2813 susceperat,
1415 2742 1679 2813 fortuna
1700 2747 1906 2813 rotam,

410 2815 470 2867 ut
504 2812 588 2866 vir
616 2811 873 2881 prudens
899 2814 956 2865 et
1004 2809 1316 2879 discretus,
1372 2811 1723 2879 indignando
1777 2809 1911 2868 eon-

410 2881 698 2949 sideralis,
735 2881 857 2952 regi
879 2881 1265 2952 Ruotpertum
1289 2883 1629 2937 restituenti
1652 2881 1907 2952 deditur,

404 2957 465 3006 et
496 2965 564 3006 ex
596 2952 702 3007 hoc
735 2951 885 3023 inter
907 2965 1043 3006 suos
1064 2951 1419 3021 capellanos,
1474 2958 1677 3022 utpote
1737 2953 1909 3023 longe

410 3027 543 3077 ante
575 3021 942 3090 notissimus,
977 3036 1182 3093 magno
1213 3029 1270 3077 et
1291 3023 1530 3093 speciali
1556 3024 1776 3079 honore
1798 3021 1907 3080 tra-

404 3097 620 3165 ctatur.
657 3094 795 3165 Post
832 3094 949 3165 inec
983 3091 1053 3147 ad
1089 3093 1310 3162 Spiram
1327 3091 1704 3165 perveniens,
1731 3096 1909 3151 Gebe-

406 3162 648 3219 hardum
675 3163 1146 3231 Hirsaugiensem
1179 3162 1448 3219 abbatem
1482 3162 1795 3222 constituit
1828 3167 1906 3222 ibi

404 3234 763 3306 episcopum,
820 3233 1216 3306 Ruothardum
1276 3250 1527 3305 quoque,
1580 3251 1685 3306 per
1726 3253 1907 3294 annos

402 3282 878 3376 8_'kathedra’sua
929 3303 1182 3376 pulsum,
1236 3282 1429 3361 nebili1
1466 3282 1771 3376 M’og'ontium
1820 3282 1907 3364 re:
1939 3282 1988 3345 C

401 3374 584 3443 tituit,
620 3376 820 3447 sicque
852 3348 968 3430 tam
1001 3348 1278 3447 populum
1301 3392 1470 3446 quam
1496 3348 1903 3435 clgrum‘illuiln

400 3446 743 3517 apostolicae
818 3446 1209 3503 communioni
1290 3448 1713 3504 reconciliavit.
1768 3451 1904 3506 Inde

400 3518 794 3588 Brurgundiam
830 3532 1173 3588 conversus,
1210 3517 1464 3574 ﬁdelium
1499 3534 1739 3575 suorum
1763 3534 1907 3575 nun-

397 3587 509 3659 ciis
544 3593 878 3659 revocatur,
910 3588 1109 3657 sicque
1162 3587 1441 3655 'Sigefridi
1490 3590 1725 3659 comitis
1771 3605 1906 3659 que-

400 3658 528 3714 dam
602 3658 936 3715 fraudulent
1005 3659 1349 3727 preveniens
1418 3658 1899 3727 machinamenta,

398 3730 613 3798 quibus
669 3729 892 3785 curiale
970 3728 1116 3798 illud
1188 3727 1567 3797 colloquium,
1637 3728 1788 3798 quod
1831 3732 1904 3786 ab

394 3797 692 3854 universis
752 3799 913 3869 regni
977 3797 1338 3869 principibus
1384 3813 1582 3869 super
1643 3797 1903 3869 presenti

394 3870 640 3939 negocio
675 3867 1009 3939 condictum
1044 3872 1173 3921 erat
1208 3867 1490 3937 impedire
1546 3867 1676 3924 cum
1719 3870 1899 3939 impe-

391 3937 592 3995 ratore
627 3937 828 3993 conari
865 3937 1196 4001 dicebatur,
1234 3942 1454 4008 patrem
1499 3953 1666 3995 suum
1708 3937 1902 4009 Bingze

389 4009 545 4065 circa
584 4010 716 4063 ldus
746 4009 876 4086 Dec.
940 4008 1219 4086 repperit,
1277 4022 1378 4086 ore
1413 4009 1502 4086 _ad
1534 4025 1624 4086 gos
1684 4011 1753 4066 de
1786 4008 1903 4086 “his

391 4094 519 4151 quae
572 4078 979 4134 emendatione
1037 4078 1207 4146 digna
1270 4080 1643 4149 videbantur,
1695 4082 1903 4138 ordine

435 4150 625 4206 uidem
661 4155 1007 4219 prepostero
1041 4151 1142 4205 sed
1168 4152 1498 4207 necessarie
1520 4160 1897 4222 commutato,

435 4166 625 4206 uiaem
661 4166 1007 4219 prepOSLero
1041 4166 1142 4205 seu
1168 4166 1498 4207 necessarie
1520 4166 1897 4222 commutato,

393 4166 547 4301 alius
603 4226 832 4301 patrem
892 4222 1271 4301 commonuit,
1291 4223 1691 4301 _oboedienti;.e
1742 4224 1901 4301 debi-

388 4296 533 4362 tum,
568 4291 615 4365 si
668 4296 861 4347 tamen
913 4291 1239 4365 ipseidem
1291 4295 1407 4348 Deo
1446 4309 1560 4351 non
1606 4295 1895 4365 abnuerit,

389 4362 730 4435 persolvere
764 4363 1121 4434 repromisit.

315 4451 573 4509 Audiens
604 4450 835 4507 interim
871 4465 971 4507 rex
1005 4455 1227 4522 patrem
1261 4467 1429 4508 suum
1459 4452 1610 4524 apud
1634 4454 1900 4525 Wigper-

238 4545 383 4611 tum,
422 4539 710 4612 quendam
741 4539 1202 4597 illustrissimum
1225 4546 1285 4597 et
1305 4541 1656 4611 prudentem
1681 4542 1892 4613 virum,

1452 410 1938 485 EKKEHARDI
1980 422 2538 494 URAUGIENSIS

3582 436 3705 499 996

1964 559 2011 618 Α
2048 577 2156 635 bus
2185 583 2539 638 venerabilis
2571 584 2947 641 Ruothardus
2981 586 3463 657 archiepiscopus
3495 603 3523 643 a
3554 589 3704 647 Thu-

2046 665 2251 737 ringia,
2285 684 2393 739 qua
2424 686 2528 741 per
2553 687 2733 727 annos
2756 678 2891 728 octo
2915 673 3273 743 tyrannicam
3299 674 3697 732 declinaverat

2044 755 2284 827 rabiem,
2314 759 2570 829 presidio
2590 760 3010 817 catholicorum
3030 763 3355 834 principum
3380 762 3693 835 deductus,

2044 844 2292 901 maximo
2312 848 2526 903 nobilis
2550 850 2853 919 Mogontize
2880 850 3134 922 tripudio
3160 852 3590 911 kathedrzesuaa
3606 870 3700 911 re-

2044 931 2333 1004 stituitur,
2363 936 2565 1007 sicque
2585 940 2702 993 tam
2727 940 2999 1009 populum
3026 955 3194 1010 quam
3219 941 3437 998 clerum
3462 946 3698 1013 aposto-

2044 1018 2171 1077 licae
2194 1024 2580 1082 reconcilians
2603 1026 2906 1099 aecelesiae,
2933 1029 3005 1083 ab
3042 1029 3331 1086 universis
3363 1045 3473 1085 non
3505 1030 3693 1087 solum

2045 1114 2106 1164 ut
2131 1112 2424 1181 paterjam
2450 1116 2804 1185 grandevus,
2834 1116 2937 1173 sed
2961 1118 3135 1173 etiam
3162 1118 3323 1174 velut
3354 1134 3421 1175 ex
3446 1119 3693 1175 mortuis

2045 1196 2359 1271 redivivus,
2396 1204 2746 1260 omnimodis
2777 1204 3086 1262 excolitur.
3114 1207 3310 1263 Rebus
3332 1207 3513 1277 igitur
3534 1207 3691 1264 circa

2043 1285 2305 1342 Rhenum
2356 1291 2717 1362 compositis,
2771 1293 3159 1363 Burgundiam
3224 1310 3326 1351 rex
3386 1296 3691 1353 ileinricus

2043 1377 2414 1432 convertitur
2445 1378 2650 1451 (Dea),
2686 1381 2785 1436 sed
2823 1390 3134 1439 revocatus
3165 1382 3419 1440 ﬁdelium
3452 1398 3689 1444 suarum

2043 1465 2289 1535 nunciis,
2314 1467 2773 1526 machinamenta
2802 1471 2986 1542 patris
3012 1487 3138 1542 quze
3164 1472 3434 1541 Sigel‘ridi
3458 1473 3690 1530 comitis

2041 1551 2257 1608 auxilio
2290 1555 2655 1627 moliebatur,
2692 1559 2835 1613 mira
2869 1560 3182 1615 velocitate
3231 1561 3515 1631 prevenit.
3547 1560 3686 1616 Nam

2041 1638 2203 1695 illum
2237 1642 2580 1711 Mogontiam
2614 1646 2972 1717 tendentem,
3008 1653 3183 1719 atque
3207 1648 3560 1718 colloquium
3591 1663 3691 1705 cu-

2040 1726 2204 1798 riale,
2243 1732 2395 1799 quod
2427 1733 2498 1787 ab
2547 1734 2839 1791 universis
2885 1737 3041 1805 regis
3096 1737 3461 1808 principibus
3512 1750 3689 1810 super

2042 1819 2300 1885 presenti
2332 1821 2570 1889 negocio
2598 1823 2933 1879 condictum
2969 1824 3023 1880 in
3054 1824 3231 1881 natali
3264 1825 3559 1882 Dominico
3590 1839 3688 1881 ex-

1953 1919 2008 1981 B
2044 1906 2407 1977 pectabatur,
2436 1909 2718 1980 impedire
2734 1915 3138 1983 temptantem,
3158 1913 3349 1983 Bingze
3371 1914 3525 1970 circa
3548 1914 3685 1971 ldus

2037 1992 2335 2050 Decembr.
2356 2000 2636 2068 repperit,
2654 2014 2756 2056 ore
2772 2000 2840 2055 ad
2856 2001 2923 2057 Os
2946 2000 3018 2056 de
3044 2003 3430 2058 anathematis
3452 1992 3686 2061 vinculo

2034 2085 2499 2155 caeterorumque
2522 2086 2848 2145 insolenter
2871 2089 2924 2145 in
2948 2104 3067 2146 rem
3100 2089 3388 2162 publicam
3418 2091 3687 2148 commis~

2034 2183 2247 2241 sorum,
2294 2172 2499 2229 ordine
2544 2176 2774 2245 quidem
2818 2185 3165 2250 prepostero
3206 2180 3307 2236 sed
3349 2180 3680 2238 necessarie

2030 2266 2406 2332 commutato,
2452 2263 2607 2320 ﬁlius
2650 2270 2873 2336 patrem
2914 2269 3290 2339 commonuit,
3332 2270 3680 2327 obedientiae

2030 2348 2312 2420 debitum,
2348 2350 2395 2407 si
2431 2352 2778 2423 resipiscere
2810 2355 3111 2413 dumtaxat
3143 2355 3437 2428 dignetur,
3481 2372 3685 2429 repro-

2027 2437 2203 2492 misit.
2241 2438 2446 2496 Senior
2475 2441 2576 2497 has
2609 2447 2665 2498 et
2699 2444 3033 2513 hujusmodi
3084 2460 3253 2516 quam
3309 2447 3506 2517 plures
3550 2461 3679 2503 sen-

2028 2526 2244 2582 tentias
2276 2528 2344 2583 ad
2380 2529 2735 2587 audientiam
2767 2533 3114 2604 eptimatum
3161 2538 3217 2589 et
3272 2539 3510 2591 senatus
3537 2552 3671 2592 con-

2026 2614 2245 2671 sultum
2266 2615 2504 2673 instanti
2521 2620 2699 2675 curiae
2716 2619 3503 2691 distulit,sicquecomitatus
3518 2629 3673 2681 uter-

2026 2716 2157 2772 que,
2178 2705 2457 2775 paciﬁcus
2473 2706 2543 2761 ad
2560 2707 2824 2777 invicem,
2846 2709 3068 2779 pariter
3090 2715 3294 2766 contra
3320 2712 3675 2783 sepedictam

2025 2805 2087 2845 sc
2109 2793 2475 2864 metropolim
2494 2797 2807 2851 convertit.
2828 2798 2984 2852 Inter
3000 2799 3121 2853 haec
3144 2798 3359 2869 aliqua,
3391 2815 3517 2870 quae
3543 2801 3675 2858 huic

2023 2888 2195 2950 pacto
2229 2883 2475 2953 pacique
2508 2900 2616 2940 non
2649 2886 3053 2958 convenirent,
3084 2887 3218 2943 dum
3260 2903 3364 2959 per
3404 2890 3670 2948 occultos

2022 2970 2267 3026 nuncios
2285 2978 2506 3042 patrem
2522 2975 2722 3028 conari
2739 2974 2859 3031 ﬁlio
2875 2975 3078 3031 ﬁdeles
3094 2976 3465 3047 denotarent,
3484 2978 3669 3034 visum

2020 3064 2109 3114 est
2141 3060 2380 3129 eisdem,
2418 3065 2478 3116 ut
2516 3068 2682 3132 pater
2705 3065 3017 3134 separatim
3041 3081 3171 3121 cum
3199 3066 3323 3122 suis
3346 3067 3399 3121 in
3424 3066 3669 3123 castello

2022 3148 2269 3217 quodam
2285 3150 2579 3206 tutissimo
2600 3152 2925 3222 principum
2941 3158 3289 3210 conventum
3306 3160 3665 3226 expectaret,

2021 3238 2328 3308 presertim
2372 3241 2394 3261 ‘
2432 3255 2561 3294 cum
2605 3240 2870 3309 presules
2913 3243 3274 3312 Mogontinus
3323 3249 3498 3314 atque
3548 3244 3669 3315 Spi-

2020 3327 2209 3382 rensis
2237 3328 2555 3397 caeterique
2590 3330 2683 3398 qui
2716 3330 2979 3386 aderant.
3018 3331 3169 3386 intra
3199 3346 3384 3403 nuper
3407 3334 3668 3388 reconci-

2018 3413 2190 3470 liatas
2215 3431 2353 3471 suas
2376 3416 2676 3474 aecclesias
2692 3420 3270 3476 communicationem
3290 3420 3371 3476 illi
3399 3426 3664 3492 prestare

2020 3517 2081 3558 se
2102 3520 2211 3559 non
2236 3520 2426 3575 posse,
2453 3506 2684 3576 publice
2700 3508 3105 3564 reclamarent.
3127 3509 3223 3565 llis
3245 3510 3320 3566 ita
3339 3508 3666 3580 dispositis,

2017 3592 2363 3647 custodibus
2397 3609 2648 3663 quoque,
2680 3596 2777 3665 qui
2811 3610 2881 3650 ne
2912 3597 3042 3652 novi
3078 3598 3384 3667 quicquam
3428 3599 3500 3653 ab
3544 3598 3667 3669 ipso

2016 3678 2109 3733 vel
2140 3680 2208 3734 ad
2244 3681 2434 3750 ipsum
2468 3682 2811 3751 procederet
2838 3682 2948 3754 "3‘,
2975 3685 3283 3749 adhibitis;
3310 3700 3413 3740 rex
3437 3687 3666 3754 Mogon-

2017 3766 2155 3821 tiam
2176 3768 2411 3838 publico
2434 3770 2746 3826 conventui
2769 3771 3095 3842 principum
3112 3774 3392 3839 occurrit;
3411 3774 3513 3828 sed
3539 3774 3670 3829 vul-

2015 3855 2175 3924 garis
2209 3856 2341 3911 inde
2374 3856 2652 3927 stulticia,
2692 3864 2915 3929 patrem
2949 3875 2978 3915 a
3010 3859 3128 3915 ﬁlio
3161 3858 3296 3915 dolo
3329 3866 3565 3932 captum
3598 3868 3655 3915 et

2016 3944 2303 4000 oustodim
2329 3946 2741 4016 mancipatum,
2765 3948 3220 4019 circumquaque
3257 3948 3596 4005 diﬁ'amavit.
3616 3951 3664 3973 “

2156 4123 2178 4144 ’⁵
2212 4123 2540 4192 przrsertim
2571 4155 2642 4163 —
2673 4123 3081 4179 reclamarent.
3115 4124 3333 4182 desunt
3360 4126 3418 4180 C.

2154 4192 2203 4216 ‘”
2232 4194 2398 4337 ςὴῙΕὰ
2435 4194 2673 4251 addunt
2703 4212 2715 4249 :
2769 4194 2961 4250 Pridie
2991 4227 3062 4236 —
3090 4201 3245 4253 esset
3300 4201 3483 4267 parte.
3528 4212 3661 4269 qua

2223 4280 2249 4322 ι
2326 4280 2418 4321 r.

2083 4445 2201 4499 Hoc
2239 4445 2262 4467 ‘
2304 4459 2453 4499 anno
2496 4442 2853 4502 Balduvinus
2893 4460 2994 4501 rex
3045 4445 3383 4502 Ascalonem
3429 4461 3460 4502 a
3510 4447 3655 4503 mari

2012 4532 2416 4603 copiosissima
2441 4532 2713 4588 classium
2738 4535 3139 4605 multitudine,
3164 4549 3193 4591 a
3214 4539 3373 4591 terra
3397 4549 3651 4593 veronon

241 4628 341 4700 qui
359 4628 629 4701 partibus
650 4629 705 4684 in
730 4626 820 4662 1⁷⁸⁸
840 4627 960 4684 illis
978 4643 1124 4699 quas
1147 4628 1350 4685 Sorabi
1374 4629 1702 4685 inhabitant
1742 4631 1897 4701 prin-
1924 4636 1977 4698 D
2011 4636 2191 4694 parvo
2221 4622 2464 4690 cingens
2493 4622 2781 4689 exercitu,
2809 4622 3180 4679 tributariam
3203 4623 3315 4678 sibi
3336 4624 3460 4679 ﬁeri
3486 4622 3653 4693 longa

240 4718 569 4791 cipabatur,
599 4732 730 4774 esse
752 4720 1073 4789 repertum,
1100 4732 1284 4789 usque
1306 4718 1375 4773 ad
1400 4719 1660 4774 Rhenum
1685 4718 1768 4773 illi
1792 4719 1894 4776 du-

237 4810 431 4864 catum
461 4836 530 4847 -—
564 4808 671 4863 hoc
703 4806 853 4863 enim
888 4821 988 4877 per
1023 4805 1249 4876 legatos
1280 4807 1401 4877 ipse
1432 4805 1891 4877 supplicabat—

235 4894 636 4955 administrari
673 4894 975 4967 permisit;
1005 4909 1077 4951 ne
1104 4899 1298 4951 tamen
1331 4894 1526 4965 aliquo
1558 4894 1718 4952 illius
1749 4897 1890 4953 inibi

235 4984 635 5053 infestaretur,
654 4982 1204 5053 molimine,mature
1219 4983 1550 5053 Wirciburg
1564 4985 1884 5058 digressus,

232 5090 348 5136 non
378 5075 550 5149 longe
579 5090 608 5134 a
633 5073 798 5151 Spira
822 5072 1213 5150 prescriptum
1244 5075 1451 5134 ﬂumen
1490 5090 1600 5135 non
1635 5075 1761 5135 sine
1795 5094 1893 5151 pe-

234 5166 420 5225 riculo
445 5166 846 5224 transfretavit
873 5183 887 5233 ;
912 5182 1158 5238 moxque
1176 5167 1415 5223 civitate
1434 5168 1557 5240 ipsa
1582 5169 1889 5240 patrisque

232 5253 447 5313 ibidem
468 5257 787 5314 reconditis
807 5256 1103 5313 thesauris
1126 5257 1350 5329 potitus
1375 5257 1516 5326 (Oct.
1554 5257 1666 5328 31),
1699 5256 1885 5314 virum

233 5346 552 5415 sapientem
585 5350 642 5401 et
665 5345 915 5402 nobilem
940 5360 1006 5403 ac
1032 5361 1135 5416 pro
1166 5350 1383 5402 sanctae
1416 5345 1884 5403 conversationis

232 5432 380 5489 fama
411 5448 750 5505 morumque
779 5434 1065 5503 dignitate
1092 5433 1361 5490 omnibus
1409 5448 1611 5489 sanum
1663 5433 1888 5504 sapien-

233 5517 391 5577 tibus
409 5520 736 5591 amabilem,
762 5521 1164 5578 Gebehardum
1190 5521 1390 5577 llerisa
1400 5520 1695 5590 ugiensem
1713 5520 1888 5576 abba-

233 5609 370 5680 tem,
404 5608 651 5681 prefecit
679 5608 1014 5668 Sirensibus
1043 5610 1402 5683 episcopum.
1436 5608 1538 5666 His
1565 5606 1740 5666 etiam
1770 5607 1890 5664 die-

2007 4711 2314 4770 obsidione
2331 4710 2545 4779 coegit.
2566 4712 2702 4767 Post
2723 4712 2949 4781 aliquot
2972 4727 3113 4768 vero
3128 4710 3219 4744 ¹⁷³⁶
3233 4726 3462 4768 menses
3479 4716 3654 4769 50000

2007 4802 2460 4857 Sarracenorum
2494 4799 2806 4870 improvise
2837 4815 2897 4855 se
2928 4800 3324 4856 invadentium
3356 4801 3546 4857 virtus
3568 4800 3653 4856 di-

2004 4891 2134 4947 vina
2152 4894 2287 4945 ante
2312 4889 2499 4959 ipsum
2524 4893 2777 4960 quatuor
2805 4888 3204 4945 tantummodo
3228 4888 3443 4946 milium
3476 4888 3654 4945 mani-

2008 4981 2118 5037 bus
2146 4978 2376 5048 stravit,
2412 4978 2661 5050 quodam
2696 4978 2921 5035 scilicet
2956 4978 3297 5049 ammiratae,
3324 4978 3419 5048 qui
3445 4992 3652 5035 secun-

2005 5069 2115 5128 dus
2140 5087 2167 5126 a
2194 5084 2327 5139 rege
2353 5066 2684 5138 Babyloniae
2708 5066 3040 5138 videbatur,
3063 5073 3259 5139 capto,
3286 5067 3475 5123 altero
3497 5067 3650 5124 inter

2003 5164 2277 5215 eceteram
2329 5152 2764 5211 multitudinem
2816 5156 3031 5211 occiso.
3087 5154 3303 5211 Christi
3341 5154 3648 5211 clementia

2001 5245 2329 5319 peregrinis
2357 5243 2479 5299 suis
2506 5242 2659 5314 apud
2692 5243 3085 5311 Antiochiam,
3126 5244 3368 5315 Syriam,
3408 5243 3649 5300 Palesti-

2001 5352 2130 5393 nam
2168 5338 2466 5402 totamque
2494 5347 2597 5403 per
2632 5334 2841 5402 Asyam
2876 5339 3287 5404 prosperante,
3329 5347 3645 5402 eorumque

2000 5424 2290 5484 servitute
2305 5421 3453 5494 barbarieaseircumquaquespurcicias
3466 5421 3659 5479 elimi-.

2000 5518 2195 5586 nante,
2224 5510 2456 5566 invidus
2489 5514 2545 5565 et
2580 5510 2853 5568 occultus
2875 5517 3119 5568 eatenus
3143 5511 3430 5568 aecclesias
3451 5524 3647 5583 perse-

1998 5601 2416 5663 cutorAlexius
2430 5598 2527 5657 diu
2551 5606 2767 5657 tectam
2783 5616 2902 5660 suae
2926 5602 3187 5675 perﬁdia;
3208 5602 3525 5664 toxicatam
3556 5614 3642 5659 η-

1590 5703 1833 5765 νΔΗῙιΕ
1871 5701 2272 5764 LECTIONES.

349 5789 393 5862 3‘
415 5803 709 5872 superscr.
743 5801 797 5858 1.
868 5793 961 5834 ¹⁷³⁸
986 5794 1337 5860 vocabulum
1362 5792 1664 5873 quoddam
1689 5792 1888 5871 (proca
1902 5797 2109 5858 vorent
2127 5791 2170 5867 ἲ)
2199 5789 2417 5852 misit.
2450 5789 2607 5849 Eu.
2688 5787 2781 5825 ³⁷³⁸
2808 5788 2974 5852 dmt
2995 5789 3060 5849 II.
