3948 6460
485 328 593 383 207

991 327 1047 382 8.
1082 326 1434 384 BRUNONIS
1490 327 2134 386 CARTHUSIANORUM
2190 328 2671 386 lNSTITUTORlS
2727 328 2882 384 OPP.
2939 327 3114 383 PARS
3167 327 3240 381 II.

3669 327 3776 380 208

489 449 697 504 rexisse
726 457 948 520 propter
969 450 1406 518 justiticationem
1435 460 1696 506 nostram.
1731 452 1868 520 Quia
1900 453 1944 505 si
1966 467 2073 507 non
2094 455 2147 513 Α
2177 453 2442 507 creaturis
2489 463 2769 525 paternam
2799 452 3142 507 dilectionem
3174 449 3452 505 adhibere.
3487 451 3625 504 Cum
3657 456 3776 502 tra—

489 539 803 602 resurrexit,
854 554 954 594 nec
1005 554 1103 593 nos
1143 539 1474 607 justiticavit,
1521 542 1599 596 sic
1630 541 1797 612 igitur
1826 556 1965 595 vana
1995 549 2077 594 est
2175 541 2372 595 diderit
2402 543 2522 597 dico
2571 559 2803 615 regnum
2840 560 2852 596 :
2895 549 2946 596 et
2996 557 3124 595 cum
3158 540 3514 595 evacuaverit
3544 554 3775 593 omnem

489 625 626 680 fides
675 635 878 681 vestra.
934 628 1002 681 Et
1049 629 1174 699 quia
1207 629 1385 684 adhuc
1433 630 1680 684 homines
1709 637 1835 684 sunt
1864 630 1916 683 in
1948 645 2077 700 pec-

485 715 640 779 catis,
679 731 805 786 ergo
853 716 944 769 illi
988 718 1082 786 qui
1129 717 1484 772 dormierunt
1533 720 1594 772 in
1629 717 1867 782 Christo,
1911 717 1964 771 id
1993 726 2078 772 est

482 803 677 858 mortui
707 803 760 857 in
791 803 988 857 Christi
1021 802 1128 858 ﬁde
1149 807 1462 875 perierunt,
1482 805 1537 860 id
1559 814 1641 860 est
1667 805 1906 860 damnati
1929 814 2073 860 sunt.

480 893 679 948 Iterum
725 891 871 947 aliud
920 892 1332 947 inconveniens.
1390 895 1458 948 Et
1500 896 1549 949 si
1580 911 1687 949 non
1717 896 2074 950 resurrecturi

475 985 768 1054 sperantes
790 997 986 1036 sumus
1005 982 1068 1035 in
1093 981 1310 1037 Christo
1323 983 1714 1038 tantummodo
1727 985 1788 1038 in
1812 983 1914 1038 hac
1933 985 2070 1049 vita,

475 1069 613 1124 sicut
640 1084 738 1124 vos
767 1069 966 1134 dicitis,
1017 1067 1246 1123 futuram
1277 1084 1385 1124 non
1417 1071 1669 1140 habituri,
1721 1079 1847 1126 tunc
1878 1088 2073 1127 sumus

473 1158 907 1214 miserabiliores
945 1158 1199 1214 omnibus
1249 1159 1570 1215 hominibus
1608 1178 1620 1213 :
1656 1160 1784 1231 quia
1817 1177 1918 1215 nec
1950 1161 2069 1228 hac,

474 1261 577 1301 nec
622 1245 727 1300 alia
772 1245 878 1299 vita
924 1244 1214 1299 fruemur:
1250 1262 1372 1301 cum
1423 1247 1661 1318 quotidie
1706 1249 1758 1302 in
1807 1249 2071 1319 angustiis

475 1333 878 1389 devolvamur:
933 1334 1370 1404 quandoquidem
1419 1344 1496 1390 tot
1540 1336 1972 1393 inconvenientia
2005 1354 2069 1392 ex

446 1429 674 1500 Inegata
702 1422 1098 1478 resurrectione
1129 1440 1186 1478 se
1204 1423 1457 1495 ingerunt
1497 1441 1510 1478 :
1537 1424 1890 1495 igiturnunC,
1913 1425 1966 1479 id
1991 1433 2070 1478 est

477 1527 542 1566 ex
593 1511 892 1582 praemissis
941 1511 1236 1565 rationibus
1267 1512 1538 1583 colligitur
1567 1514 1712 1583 quod
1743 1530 1871 1568 vere
1906 1515 2068 1568 Chri-

472 1605 596 1656 stus
625 1600 948 1655 resurrexit
972 1617 1006 1654 a
1027 1603 1284 1655 mortuis.
1312 1601 1557 1654 Christus
1579 1602 1702 1656 dico
1724 1604 1996 1672 primitice
2016 1610 2069 1656 et

475 1689 772 1743 secundum
805 1695 1038 1757 tempus,
1071 1695 1120 1741 et
1165 1689 1466 1743 secundum
1496 1689 1834 1761 dignitatem,
1862 1691 1986 1760 quia
2017 1699 2068 1744 et

474 1775 520 1828 si
541 1775 758 1846 quidam
785 1783 909 1829 ante
939 1791 1062 1830 eum
1093 1777 1336 1830 suscitati
1368 1776 1580 1833 fuerunt
1612 1793 1721 1832 non
1752 1793 1784 1832 a
1813 1778 2062 1843 mortuis,
2086 1805 2140 1864 B

474 1864 573 1918 sed
603 1863 656 1916 in
699 1878 923 1916 numero
973 1863 1317 1918 morientium
1364 1865 1563 1935 relapsi
1597 1873 1738 1920 sunt.
1775 1866 2062 1935 Dignitate,

474 1948 602 2019 quia
630 1949 888 2016 majorem
916 1947 1166 2001 omnibus
1195 1948 1427 2018 gloriam
1458 1950 1695 2014 habebit,
1714 1958 1769 2004 et
1811 1951 2068 2021 quidquid

475 2035 586 2101 alii,
620 2043 789 2090 totum
833 2034 1106 2088 habebunt
1153 2037 1221 2089 ab
1250 2037 1359 2103 illo,
1411 2047 1461 2092 et
1487 2054 1587 2108 per
1616 2038 1786 2092 illum.
1823 2039 2069 2092 Christus

480 2124 605 2180 dico
653 2125 924 2196 primitite
952 2124 1380 2180 dormientium.
1443 2128 1545 2180 Per
1574 2127 1677 2182 hoc
1731 2127 1918 2188 innuit.
1945 2143 2068 2182 cum

479 2212 608 2268 dicit
681 2211 952 2266 Christum
1027 2212 1294 2282 primitias,
1372 2215 1518 2284 quod
1581 2215 1672 2268 alii
1740 2215 2069 2269 dormientes

482 2299 719 2355 secuturi
751 2299 856 2353 sint
886 2316 1009 2354 eum
1041 2300 1093 2353 in
1139 2302 1552 2357 resurrectione.
1585 2303 1799 2357 Diceret
1827 2303 2020 2373 aliquis
2054 2321 2066 2356 :

478 2390 600 2443 Non
646 2388 863 2443 videtur
905 2395 962 2441 ut
1009 2404 1108 2458 per
1140 2389 1390 2443 meritum
1423 2390 1582 2444 unius
1609 2391 1843 2445 hominis
1872 2391 2068 2445 Christi

479 2493 670 2532 omnes
738 2475 986 2530 homines
1059 2493 1343 2548 resurgere
1406 2479 1634 2548 possint.
1711 2479 1911 2534 Contra
1968 2480 2070 2534 hoc

478 2565 676 2620 Paulus
710 2580 723 2617 :
761 2565 901 2618 Vere
930 2565 1114 2619 caeteri
1142 2565 1473 2620 dormientes
1503 2583 1604 2636 per
1630 2567 1893 2636 primitias
1922 2584 2066 2634 suas,

475 2653 530 2709 id
561 2661 641 2708 est
683 2651 973 2719 Christum,
1033 2662 1340 2724 resurgent,
1400 2657 1665 2727 quoniam
1702 2657 1922 2728 quidem
1970 2672 2071 2727 per

477 2742 760 2797 hominem
775 2757 940 2795 unum
960 2740 1056 2794 fuit
1074 2759 1223 2796 mors
1235 2743 1494 2811 omnium,
1510 2746 1590 2798 ita
1604 2748 1659 2798 et
1673 2761 1774 2816 per
1786 2745 2068 2799 hominem

475 2846 642 2884 unum
659 2829 759 2884 erit
779 2831 1117 2885 resurrectio
1136 2835 1508 2886 mortuorum.
1534 2833 1688 2887 Unde
1707 2833 1810 2887 hoc
1830 2848 1863 2886 a
1883 2833 2065 2887 simili.

477 2919 620 2974 Nam
640 2920 793 2973 sicut
813 2919 876 2972 in
909 2917 1025 2971 solo
1055 2918 1229 2972 Adam
1247 2936 1438 2974 omnes
1455 2922 1802 2988 moriuntur,
1825 2921 1908 2974 ita
1935 2925 1990 2975 et
2006 2923 2069 2975 in

475 3005 594 3059 solo
635 3004 852 3060 Christo
897 3019 1090 3059 omnes
1139 3007 1590 3073 viviﬁcabuntur.
1635 3007 1692 3060 Si
1735 3008 1878 3061 enim
1911 3007 2070 3078 culpa

474 3092 645 3148 solius
708 3092 858 3160 Adae,
919 3091 990 3145 ad
1035 3092 1433 3148 damnationem
1492 3095 1731 3149 omnium
1797 3095 2070 3150 sufﬁciens

475 3180 594 3246 fuit,
624 3187 682 3233 ut
712 3179 1082 3249 praetermissa
1110 3181 1412 3249 majoritate
1457 3182 1863 3237 similitudinem
1893 3184 2061 3238 solam
2087 3161 2133 3222 δ

469 3268 774 3339 loquamur,
809 3283 972 3338 quare
997 3269 1156 3323 simili
1176 3270 1339 3324 modo
1354 3271 1562 3338 justitia
1582 3271 1750 3326 solius
1773 3271 1970 3326 Christi
1992 3273 2062 3327 ad

463 3355 903 3426 justiﬁcationem
932 3357 1175 3412 omnium
1206 3373 1313 3412 non
1347 3357 1634 3414 sufﬁceret.

539 3446 829 3516 Postquam
887 3446 1134 3514 probavit
1163 3446 1611 3502 resurrectionem
1645 3447 1887 3502 omnium
1932 3464 2060 3503 vere

461 3533 722 3598 futuram,
753 3549 996 3605 congrue
1028 3534 1207 3588 subdit
1237 3535 1304 3588 de
1335 3535 1528 3590 ordine
1558 3537 1674 3604 ejus
1705 3537 2061 3591 resurrectio-

465 3621 552 3676 nis
583 3639 596 3675 :
631 3629 689 3675 ut
716 3637 816 3691 per
844 3623 949 3677 hoc
999 3622 1176 3694 magis
1222 3621 1548 3678 certiﬁcaret
1587 3639 1682 3678 eos
1729 3633 1781 3678 et
1810 3624 2061 3680 invitaret

463 3710 534 3764 ad
582 3709 830 3764 eamdem
872 3711 1347 3775 resurrectionem,
1402 3710 1636 3765 dicens:
1680 3711 1826 3766 Licet
1872 3729 2060 3768 omnes

465 3814 621 3868 aeque
670 3805 979 3869 resurgant,
1037 3806 1218 3852 tamen
1261 3801 1642 3871 unusquisque
1689 3800 1789 3854 erit
1843 3802 1904 3856 in
1961 3819 2062 3858 suo

461 3886 704 3942 ordine:
766 3885 858 3956 qui
914 3885 1058 3940 enim
1113 3886 1233 3955 plus
1286 3887 1600 3956 promeruit,
1658 3888 1780 3957 plus
1835 3889 2062 3960 accipiet

465 3972 696 4046 glorias:
730 3981 783 4026 et
811 3974 884 4027 ita
916 3973 1060 4043 quod
1092 3975 1348 4029 Christus
1378 3975 1479 4029 erit
1507 3977 1780 4046 primitiae
1817 3984 2060 4048 tempore

465 4069 519 4115 et
573 4059 856 4132 dignitate,
909 4061 1044 4116 sicut
1074 4061 1339 4132 superius.
1389 4064 1598 4118 Deinde
1628 4073 1749 4133 post
1787 4065 2060 4120 Christum

465 4156 626 4203 erunt
674 4149 730 4202 in
777 4149 957 4220 gloria
984 4151 1028 4204 ii
1057 4151 1154 4222 qui
1182 4155 1316 4205 sunt
1365 4152 1592 4207 Christi.
1627 4153 1686 4206 In
1716 4169 1781 4207 eo
1811 4153 1933 4209 dico
1965 4171 2061 4210 eos

468 4253 590 4291 esse
623 4237 837 4304 Christi,
872 4237 1098 4303 scilicet,
1139 4239 1233 4310 qui
1274 4240 1632 4295 crediderunt
1673 4243 1735 4295 in
1765 4242 2060 4297 secundum

465 4327 768 4381 adventum
809 4327 950 4395 ejus,
983 4326 1037 4379 id
1068 4335 1149 4380 est
1179 4329 1630 4383 resurrectionem
1664 4344 1676 4382 :
1710 4337 1762 4383 et
1792 4329 1866 4384 ita
1886 4331 2063 4386 credi-

465 4414 663 4468 derunt
681 4414 989 4486 integritate
1013 4413 1137 4469 ﬁdei
1158 4423 1210 4469 et
1231 4416 1356 4470 boni
1381 4417 1564 4487 operis
1589 4432 1601 4469 :
1628 4425 1818 4472 euntes
1837 4419 2056 4473 obviam

2169 633 2579 703 principatum,
2604 637 2659 685 et
2681 635 3042 702 potestatem,
3075 633 3130 683 et
3155 630 3442 683 virtutem.

2245 721 2554 774 Notandum
2584 729 2664 774 est
2692 720 2835 790 quod
2866 719 2919 772 in
2950 717 3160 790 angelis
3192 715 3528 770 diversitates
3555 713 3775 770 oﬁicio-

2174 825 2291 863 rum
2337 810 2481 863 Deus
2524 808 2786 880 posuerit,
2839 815 2892 862 et
2936 807 3039 861 hoc
3067 813 3236 860 totum
3267 820 3432 860 causa
3463 803 3771 868 hominum,

2173 906 2229 952 ut
2278 898 2458 969 angeli
2506 897 2881 952 administrent
2912 895 3070 950 saluti
3099 910 3308 949 eorum.
3342 893 3447 948 Sed
3480 900 3774 963 postquam

2173 986 2418 1040 homines
2460 986 2571 1054 jam
2603 985 2656 1039 in
2686 984 3012 1056 perfectione
3043 990 3220 1048 erunt,
3263 989 3314 1037 et
3355 981 3503 1035 nulla
3531 979 3773 1034 admini-

2172 1074 2427 1128 stratione
2458 1074 2714 1146 egebunt,
2740 1073 2960 1128 nomina
2980 1071 3067 1125 illa
3091 1071 3439 1126 destruentur
3459 1069 3513 1122 in
3532 1067 3767 1138 angelis,

2171 1163 2368 1234 quibus
2399 1163 2736 1218 vocabantur
2766 1177 2863 1232 pro
2892 1159 3208 1215 diversitate
3253 1160 3501 1212 humanae
3531 1155 3775 1210 admini-

2171 1250 2466 1306 strationis.
2536 1251 2670 1305 Sunt
2727 1250 2871 1304 enim
2927 1249 3142 1321 quidam
3191 1247 3331 1302 inter
3375 1245 3627 1318 angelos,
3676 1243 3773 1315 qui

2169 1339 2524 1409 principatum
2545 1339 2742 1392 habent
2767 1355 2931 1408 super
2951 1353 3141 1392 omnes
3180 1336 3336 1389 alios.
3371 1333 3605 1390 148
3633 1333 3774 1386 Sunt

2169 1428 2330 1481 etiam
2361 1428 2449 1481 alii
2483 1427 2573 1498 qui
2603 1426 2926 1497 potestative
2976 1424 3255 1495 perﬁciunt
3290 1439 3371 1490 ea,
3406 1438 3528 1492 quae
3558 1436 3590 1475 a
3609 1421 3772 1490 prin-

2168 1516 2348 1585 cipatu
2380 1515 2732 1586 injunguntur
2761 1514 2860 1567 eis.
2896 1514 3032 1568 Sunt
3061 1513 3152 1567 alii
3187 1511 3279 1583 qui
3309 1511 3560 1566 dicuntur
3587 1509 3771 1562 virtu-

2168 1607 2267 1661 tes,
2321 1599 2449 1669 quia
2489 1597 2866 1652 miraculorum
2899 1605 3022 1650 sunt
3051 1603 3388 1666 operatores.
3421 1593 3682 1648 Similiter
3716 1599 3772 1645 et

2166 1687 2220 1739 in
2247 1687 2406 1740 malis
2435 1687 2646 1758 angelis
2677 1686 2893 1756 quidam
2917 1691 3038 1738 sunt
3068 1683 3345 1754 principes
3376 1698 3541 1752 super
3570 1696 3770 1735 omnes

2168 1775 2324 1829 alios.
2358 1775 2462 1828 Alii
2492 1775 2754 1828 habentes
2785 1781 3106 1844 potestatem
3139 1771 3404 1826 efﬁciendi
3433 1769 3577 1840 quod
3607 1768 3773 1838 prin-

2167 1865 2316 1933 cipes
2374 1863 2774 1933 prmccperint:
2833 1861 2922 1914 alii
2968 1861 3210 1925 virtutes,
3259 1859 3350 1930 qui
3398 1858 3575 1928 aliqua
3624 1871 3776 1911 nova

2168 1951 2423 2005 inducant
2473 1950 2628 2022 quasi
2686 1949 2971 2003 miracula.
3026 1950 3095 2002 Et
3153 1949 3270 2002 hazc
3324 1947 3517 2000 iterum
3576 1945 3631 1998 in
3661 1943 3773 2000 ﬁne

2169 2040 2593 2094 evacuabuntur.
2657 2037 2797 2105 Quia
2851 2038 2987 2092 sicut
3046 2037 3173 2091 boni
3230 2035 3414 2106 angeli
3469 2033 3607 2088 ultra
3656 2048 3771 2087 non

2168 2128 2440 2182 habebunt
2482 2127 2534 2180 in
2566 2142 2672 2197 quo
2704 2126 2950 2180 homines
2992 2132 3276 2188 tueantur;
3311 2123 3389 2177 sic
3419 2137 3520 2176 nec
3550 2121 3678 2174 mali
3713 2121 3773 2174 in

2169 2231 2276 2287 quo
2324 2224 2558 2270 noceant
2605 2214 2932 2268 hominibus.
2987 2213 3076 2268 Sic
3124 2213 3285 2266 etiam
3325 2213 3466 2265 inter
3515 2209 3770 2264 homines

2169 2304 2344 2358 omnis
2373 2303 2677 2358 differentia
2707 2302 3038 2372 praelationis
3069 2300 3155 2354 vel
3185 2298 3530 2367 subjectionis
3560 2298 3775 2352 destru-

2170 2399 2289 2446 etur
2320 2409 2332 2445 :
2365 2392 2505 2445 inter
2533 2407 2671 2461 quos
2702 2390 2850 2444 nulla
2881 2390 2982 2444 erit
3014 2388 3295 2460 regiminis
3325 2386 3682 2458 inaequalitas.
3707 2388 3770 2440 In

2169 2479 2273 2534 ﬁne
2304 2480 2477 2534 tradet
2505 2480 2750 2532 Christus
2772 2494 3004 2550 regnum
3027 2492 3183 2530 suum
3207 2475 3348 2530 Patri
3374 2493 3388 2528 :
3421 2475 3518 2529 sed
3547 2474 3773 2529 interim

2167 2568 2292 2622 dum
2324 2568 2561 2622 nondum
2595 2565 2716 2619 ﬁnis
2749 2576 2846 2631 est,
2882 2570 3102 2637 oportet
3136 2580 3392 2635 regnare,
3416 2563 3469 2617 id
3490 2571 3570 2617 est
3609 2563 3770 2617 Chri-

2168 2664 2302 2710 stum
2333 2671 2456 2710 cum
2484 2655 2720 2726 potentia
2753 2654 3048 2709 Ecclesiam
3086 2668 3241 2707 suam
3283 2668 3499 2724 regere.
3536 2652 3770 2722 Oportet

2166 2743 2289 2798 ideo
2317 2744 2483 2799 dicit:
2518 2743 2641 2814 quia
2700 2743 2778 2797 sic
2824 2743 3200 2812 pr0phetatum
3232 2748 3314 2795 est
3346 2743 3399 2794 in
3444 2739 3764 2808 Scripturis,

2169 2848 2304 2904 quas
2353 2849 2417 2887 ex
2463 2831 2785 2886 necessitate
2816 2838 3031 2900 oportet
3060 2829 3294 2900 impleri.
3335 2829 3584 2899 Regnare
3614 2827 3765 2892 dico,

2167 2922 2339 2976 donec
2359 2922 2503 2976 Deus
2525 2923 2697 2991 ponat
2716 2935 2906 2975 omnes
2965 2921 3228 2973 inimicos
3249 2915 3445 2971 Christi
3483 2915 3583 2970 sub
3603 2915 3772 2986 pedi-

2168 3009 2265 3063 bus
2286 3011 2423 3080 ejus,
2459 3009 2514 3062 id
2546 3016 2627 3062 est
2658 3017 2764 3062 tam
2803 3007 3050 3077 plenaria
3081 3005 3433 3074 subjectione,
3468 3004 3607 3058 sicut
3638 3011 3768 3058 sunt

2165 3096 2328 3167 aliqui
2385 3097 2616 3166 pedibus
2664 3096 2891 3150 aliorum
2938 3093 3215 3165 prostrati.
3279 3095 3367 3148 Vel
3413 3093 3511 3147 sub
3529 3093 3767 3162 pedibus

2161 3187 2300 3254 ejus,
2352 3185 2406 3238 id
2454 3193 2536 3238 est
2585 3185 2854 3252 subjectos
2894 3181 3212 3236 humanitati
3245 3180 3463 3235 Christi.
3497 3179 3632 3246 Quae
3663 3196 3770 3250 per

2162 3273 2331 3342 pedes
2378 3273 2501 3328 ideo
2518 3273 2799 3344 signatur:
2854 3286 2978 3343 quia
3009 3287 3107 3341 per
3134 3269 3517 3324 immanitatem
3549 3284 3770 3321 assum-

2159 3370 2325 3431 ptam,
2360 3361 2612 3416 divinitas
2643 3361 2787 3415 venit
2817 3361 2887 3415 ad
2920 3359 3190 3413 homines.
3225 3359 3290 3412 Et
3321 3365 3613 3427 postquam
3638 3357 3764 3412 haec

2162 3450 2344 3504 omnia
2373 3458 2532 3504 erunt
2561 3457 2836 3512 evacuata,
2873 3456 2999 3502 tunc
3056 3447 3218 3500 etiam
3251 3445 3580 3500 destruetur
3607 3461 3767 3501 mors

2162 3538 2466 3593 novissima
2504 3555 2516 3590 :
2549 3536 2675 3608 quia
2701 3545 2989 3607 postquam
3019 3551 3126 3590 non
3158 3534 3258 3588 erit
3287 3541 3571 3603 peccatum
3604 3548 3617 3585 :
3659 3549 3768 3589 nec

2161 3641 2321 3696 paena
2376 3625 2605 3696 peccati,
2668 3625 2874 3680 scilicet
2904 3639 3054 3678 mors
3080 3622 3406 3678 remanebit.
3457 3623 3603 3675 Mors
3635 3621 3768 3677 dico

2159 3715 2399 3769 inimica
2429 3733 2447 3768 :
2500 3713 2587 3768 cui
2637 3721 2692 3767 et
2737 3713 2988 3768 homines
3018 3711 3384 3774 inimicantur,
3417 3717 3468 3764 et
3498 3725 3622 3780 quae
3652 3709 3768 3764 ini-

2161 3802 2389 3856 micatur
2445 3800 2770 3856 hominibus.
2795 3802 2935 3855 Vere
2955 3799 3158 3854 inimici
3197 3805 3465 3868 ponentur
3487 3797 3589 3851 sub
3611 3798 3766 3867 pedi-

2161 3889 2262 3944 bus
2292 3889 2506 3944 Christi.
2538 3891 2679 3944 Nam
2728 3889 2988 3958 scriptum
3021 3896 3099 3942 est
3129 3887 3183 3941 in
3215 3886 3469 3940 Psalmo:
3507 3906 3529 3936 «
3565 3884 3770 3940 Omnia

2163 3974 2385 4042 subjecit
2410 3975 2556 4029 Deus
2588 3975 2688 4028 sub
2740 3973 2969 4044 pedibus
3017 3973 3134 4041 ejus
3166 3973 3342 4041 (Psal.
3377 3985 3496 4034 vm,
3533 3970 3606 4039 8),
3649 3995 3670 4018 υ
3706 3970 3768 4026 id

2162 4071 2245 4116 est
2275 4063 2495 4128 Christi,
2554 4063 2692 4118 sicut
2741 4061 3046 4132 expositum
3097 4068 3176 4114 est
3207 4060 3260 4113 in
3287 4057 3521 4113 Psalmo.
3555 4059 3772 4114 Tamen

2162 4152 2408 4218 habetur,
2473 4151 2771 4219 subjecisti.
2835 4150 2971 4205 Cum
3021 4154 3213 4204 autem
3264 4147 3550 4217 Scriptura
3593 4147 3768 4216 dicat,

2162 4242 2354 4296 omnia
2375 4239 2490 4294 sine
2503 4240 2662 4293 dubio
2682 4240 2932 4310 subjecta
2943 4242 3080 4293 sunt
3098 4237 3334 4301 Christo,
3349 4235 3533 4290 omnia
3549 4240 3772 4307 prieter

2162 4345 2290 4384 eum
2312 4329 2408 4399 qui
2435 4329 2504 4392 ei,
2538 4328 2743 4383 scilicet
2773 4327 3007 4388 Christo,
3039 4326 3274 4396 subjecit
3301 4325 3512 4387 omnia,
3555 4323 3771 4379 scilicet

2163 4424 2360 4486 praeter
2388 4415 2742 4470 divinitatem.
2768 4417 2934 4477 Deus,
2959 4415 3050 4485 qui
3074 4413 3284 4468 Christo
3306 4412 3536 4479 subjecit
3555 4412 3765 4477 omnia,

464 4501 522 4555 in
566 4502 853 4557 adventum
900 4503 1116 4557 Christi.
1184 4504 1450 4559 Potuisset
1495 4505 1698 4570 dicere,
1748 4506 1840 4576 qui
1886 4506 2134 4573 credi-1)
2162 4519 2270 4558 non
2317 4512 2398 4558 est
2456 4504 2668 4558 Christo
2725 4505 3021 4572 subjectus.
3072 4502 3179 4556 Sed
3228 4503 3346 4572 ipse
3377 4499 3621 4554 Christus
3653 4502 3770 4556 erit

468 4589 663 4644 derunt
711 4590 765 4644 in
804 4591 1142 4646 nativitatem
1190 4593 1387 4646 Christi
1435 4593 1518 4648 vel
1566 4593 1918 4663 passionem;
1970 4595 2066 4649 sed

469 4677 594 4732 ideo
625 4678 680 4731 in
725 4678 1019 4733 adventum
1067 4679 1216 4744 dixit,
1253 4681 1374 4750 quia
1422 4681 1876 4737 resurrectionem
1910 4698 2065 4737 com-

470 4766 732 4820 mendare
791 4767 870 4820 eis
929 4767 1261 4822 intendebat.
1315 4769 1382 4822 Et
1430 4777 1723 4840 postquam
1754 4769 1788 4823 ii
1819 4770 1911 4841 qui
1941 4778 2067 4824 sunt

471 4853 671 4908 Christi
702 4862 1008 4924 resurgent,
1041 4856 1241 4911 deinde
1289 4856 1389 4910 erit
1434 4858 1588 4924 ﬁnis,
1618 4857 1674 4911 id
1714 4865 1796 4911 est
1823 4857 2064 4927 impletio

467 4941 756 5012 promissae
805 4942 1151 4997 beatitudinis
1200 4959 1213 4997 :
1273 4960 1404 4999 cum
1457 4944 1702 4998 Christus
1763 4946 2066 5001 tradiderit

471 5044 728 5099 regnum,
761 5029 815 5084 id
844 5039 926 5084 est
945 5031 1248 5087 Ecclesiam
1275 5048 1446 5099 suam,
1482 5047 1643 5102 quam
1675 5047 1799 5088 cum
1828 5033 2063 5104 potentia

470 5115 630 5186 regit.
664 5117 962 5173 Tradiderit
991 5119 1115 5175 dico
1158 5121 1264 5174 Deo
1293 5124 1350 5174 et
1393 5121 1557 5174 Patri
1588 5137 1600 5173 :
1650 5127 1778 5174 tunc
1821 5120 2063 5176 Christus

474 5204 684 5258 dicetur
712 5206 930 5261 tradere
961 5223 1184 5278 regnum
1217 5207 1379 5272 Patri,
1433 5223 1552 5262 cum
1581 5207 1883 5262 Ecclesiam
1911 5225 2064 5264 suam

467 5290 665 5347 locabit
696 5292 751 5346 in
780 5294 951 5349 oculis
973 5295 1091 5362 Dei,
1125 5301 1181 5348 ut
1211 5295 1354 5364 quod
1389 5293 1476 5349 hic
1497 5294 1628 5348 vidit
1657 5311 1754 5365 per
1781 5296 2062 5365 speculum

467 5389 521 5434 et
552 5381 608 5434 in
637 5381 942 5452 aenigmate,
977 5382 1052 5436 ibi
1079 5381 1260 5436 videat
1289 5381 1428 5437 facie
1457 5383 1526 5437 ad
1557 5381 1772 5438 faciem.
1798 5385 1913 5439 Deo
1933 5384 2063 5441 dicit

469 5475 522 5522 et
567 5469 724 5539 patri,
771 5477 826 5523 ut
875 5470 1124 5523 ostendat
1172 5484 1296 5523 eum
1343 5470 1435 5541 qui
1481 5471 1550 5524 ab
1581 5470 1685 5525 alio
1714 5471 1922 5526 initium
1951 5488 2059 5527 non

461 5555 668 5612 habuit.
721 5559 787 5615 Ut
834 5557 995 5614 etiam
1041 5564 1191 5614 notet
1234 5573 1358 5616 eum
1389 5566 1442 5618 et
1482 5559 1790 5617 Creatorem
1820 5576 1966 5629 esse,
2007 5569 2062 5618 et

2166 4593 2446 4662 subjectus
2463 4593 2572 4657 illi,
2588 4592 2644 4646 id
2673 4599 2756 4647 est
2773 4592 2968 4646 Deitati
2987 4605 3140 4662 :quze
3165 4589 3401 4657 subiecit
3419 4589 3610 4643 omnia
3628 4590 3764 4659 ipsi,

2164 4680 2216 4734 id
2273 4688 2355 4734 est
2400 4679 2633 4735 Christo.
2693 4681 2910 4734 Diceret
2963 4678 3159 4749 aliquis
3204 4692 3215 4730 :
3265 4675 3486 4730 Interim
3543 4676 3770 4745 quidem

2167 4769 2409 4823 Christus
2456 4769 2558 4822 erit
2601 4769 2878 4837 subjectus
2924 4768 3060 4836 Deo,
3112 4766 3288 4821 donec
3316 4764 3420 4817 sibi
3448 4765 3595 4819 Deus
3625 4765 3768 4819 sub-

2159 4856 2352 4925 jecerit
2407 4856 2631 4911 omnia:
2694 4857 2790 4911 sed
2845 4864 3034 4928 postea
3089 4869 3217 4909 non.
3268 4852 3385 4907 Erit
3433 4852 3616 4922 utique
3668 4854 3771 4923 (ait

2164 4943 2384 5013 Paulus)
2433 4944 2560 5016 quia
2602 4961 2725 5000 cum
2773 4945 3017 5012 subjecta
3063 4941 3263 4997 fuerint
3293 4939 3504 4995 Christo
3551 4943 3760 5012 omnia,

2164 5039 2291 5088 tunc
2344 5033 2463 5102 ipse
2519 5032 2770 5087 Christus
2827 5033 3102 5101 subjectus
3159 5029 3262 5085 erit
3319 5029 3455 5094 Deo,
3515 5029 3608 5100 qui
3655 5030 3764 5100 ipsi

2165 5120 2390 5189 subjecit
2409 5121 2610 5176 omnia.
2660 5122 2740 5175 Ita
2768 5129 2949 5176 tamen
2979 5119 3274 5188 subjectus,
3306 5121 3371 5171 ut
3401 5117 3476 5170 sit
3505 5118 3759 5189 aequalis,

2164 5209 2390 5274 scilicet,
2446 5217 2504 5263 ut
2533 5209 2776 5264 Christus
2807 5210 2875 5263 sit
2906 5210 3053 5264 Deus
3083 5210 3144 5263 in
3195 5204 3473 5269 omnibus,
3505 5204 3561 5258 id
3591 5215 3677 5260 est
3707 5207 3767 5262 in

2162 5297 2390 5370 singulis
2444 5298 2750 5353 creaturis:
2809 5306 2863 5352 et
2889 5298 2965 5352 ita
2992 5297 3046 5351 in
3093 5295 3346 5351 omnibus
3392 5293 3538 5364 quod
3569 5300 3769 5353 omnia

2162 5386 2411 5457 singulis,
2445 5386 2498 5439 id
2547 5394 2629 5441 est
2655 5385 2896 5457 perfecta
2927 5384 3218 5448 beatitudo,
3269 5380 3508 5452 perfecta
3556 5383 3757 5456 gloria,

2161 5481 2213 5528 et
2253 5489 2360 5544 pax
2409 5489 2672 5544 superans
2720 5474 2880 5529 etiam
2913 5489 3073 5529 omne
3122 5474 3355 5529 hominis
3397 5473 3759 5530 desiderium.

2159 5561 2466 5618 Revertitur
2520 5569 2578 5616 ut
2647 5563 2838 5633 probet
2894 5563 3347 5619 resurrectionem
3409 5573 3761 5622 mortuorum
