3934 6422
172 358 309 423 ίΟΟί

1058 360 1492 424 CHRONICA.
1530 396 1603 406 —-
1635 358 2111 425 CHHOMCON
2154 362 2705 426 UNIVERSALE.

3428 367 3581 428 1002

168 510 269 552 non
297 499 572 565 possent,
634 493 771 567 ipse
830 492 1012 567 partis
1062 494 1369 564 utriusque
1418 494 1679 550 consiliis
1726 509 1824 549 an-
1856 496 1909 554 A
1932 494 2100 564 juxta
2133 496 2339 551 summi
2357 497 2687 552 sacerdotis
2713 497 3017 567 totiusque
3036 496 3316 555 mcclesiae
3346 498 3582 555 decreta

168 598 361 653 nueus,
395 583 622 654 regalia
656 584 753 639 vel
793 582 1111 655 imperialia
1160 581 1427 651 insignia,
1461 597 1693 638 crucem
1723 581 1829 638 sci-

172 671 304 728 licet
326 676 388 726 et
410 670 705 738 lanceam,
734 677 1056 742 sceptrum,
1082 668 1316 739 globum
1341 674 1516 740 atque
1535 684 1829 741 coronam,

1941 598 2060 640 suae
2094 585 2495 643 consulturum
2528 585 2732 642 anima:
2762 586 3046 658 promisit.

174 759 274 814 filii
298 759 585 830 potestati
606 758 879 828 tradidit,
908 771 1186 830 prospera
1209 755 1289 811 illi
1338 772 1666 828 mprecans,
1692 757 1853 814 illum
1876 760 2224 827 primatibus
2247 761 2432 818 multo
2448 761 2587 817 ﬂetu
2611 761 3039 833 commendans,
3056 768 3113 821 et
3137 779 3235 821 ex-

177 847 503 918 tuncjuxta
526 847 741 904 summi
767 846 1091 904 sacerdotis
1117 846 1423 917 tociusque
1448 846 1730 904 aecclesize
1757 846 1991 904 decreta
2029 865 2147 905 sum
2172 849 2577 906 consulturum
2605 851 2807 907 animae
2832 853 3121 922 promisit.

249 939 368 994 Hoc
391 936 604 993 ordine
640 936 950 993 lleinricus
983 934 1140 990 illius
1164 935 1412 991 nomiuis
1445 936 1702 1005 quintus,
1727 936 1841 1007 pri-

179 1041 333 1082 mum
367 1039 399 1082 a
456 1029 649 1096 patre,
697 1024 908 1079 deinde
967 1024 1039 1079 ab
1072 1022 1159 1055 ³⁷³⁸
1193 1023 1477 1079 universis
1525 1023 1842 1080 Germaniae

184 1113 560 1186 principibus
585 1112 642 1168 in
671 1111 993 1182 regcmjain
1017 1111 1274 1167 secundo
1291 1111 1515 1167 electus
1537 1111 1746 1182 (Jan),
1772 1110 1844 1166 ab

184 1201 531 1274 apostolicis
565 1214 804 1271 quoque
831 1200 1039 1270 legatis
1061 1214 1165 1271 per
1187 1214 1389 1255 manus
1412 1199 1843 1270 impositiouem

187 1288 481 1346 catholice
531 1288 933 1357 confirmatus,
985 1288 1245 1359 acceptis
1278 1292 1393 1343 tam
1449 1289 1520 1343 ab
1551 1287 1846 1359 episcopis

190 1393 365 1449 quam
414 1377 585 1434 laicis
614 1376 781 1446 juxta
817 1391 1032 1433 morem
1067 1376 1271 1448 patria:
1322 1376 1726 1448 sacramentis,
1761 1390 1849 1432 re-

187 1481 370 1538 gnare
384 1465 543 1537 cepit
559 1468 657 1521 82°
682 1466 811 1521 loco
834 1465 904 1519 ab
944 1467 1227 1536 Augusto,
1244 1469 1338 1520 50Ο
1363 1463 1526 1534 regni
1549 1464 1732 1536 patris
1755 1464 1847 1521 sui

192 1570 367 1627 anno,
386 1552 460 1611 ab
492 1554 647 1611 Urbe
680 1552 916 1609 eondita
938 1556 1097 1608 18580
1122 1554 1376 1623 anno,ab
1407 1553 1628 1623 origine
1652 1552 1847 1609 mundi

193 1647 387 1700 50580.
413 1641 730 1699 Douiinicaa
774 1657 911 1697 vero
937 1641 1371 1710 incarnationis,
1400 1646 1460 1697 ut
1486 1641 1704 1696 dictum
1736 1646 1845 1710 est,

194 1736 363 1788 “06°
392 1746 562 1788 anno.

270 1820 496 1876 Relatis
525 1818 709 1889 igitur
735 1832 929 1875 coram
956 1832 1090 1886 rege
1122 1818 1466 1889 cunctisque
1500 1818 1691 1874 tocius
1716 1818 1850 1872 Ger-

200 1909 407 1967 maniae
442 1908 827 1980 optimatibus
847 1911 906 1962 et
940 1906 1270 1977 presulibus
1301 1907 1570 1977 omnique
1595 1907 1755 1963 clero
1778 1904 1854 1961 si-

201 1997 321 2054 mul
344 2001 401 2053 et
427 1996 642 2067 populo
666 1995 1059 2065 legationibus
1082 1995 1347 2050 Romana;
1370 1994 1527 2050 sedis
1546 2010 1723 2065 super
1744 2009 1853 2050 aec-

200 2086 514 2143 clcsiaruin
572 2084 735 2154 regni
770 2083 943 2138 istius
989 2082 1510 2139 commaculatione
1536 2083 1762 2138 dchrsa
1794 2086 1851 2137 et

203 2175 555 2242 inveterata,
572 2179 625 2227 et
644 2175 885 2227 econtra
899 2170 1302 2227 emendatione
1326 2172 1397 2227 ab
1415 2171 1702 2226 universis
1722 2185 1857 2226 una-

206 2262 442 2318 nimiter
476 2260 786 2333 promissa,
823 2260 1042 2331 placuit
1086 2264 1199 2314 tam
1234 2260 1355 2328 regi
1388 2275 1558 2329 quam
1593 2259 1858 2330 primori-

209 2351 341 2419 bus,
400 2349 473 2406 ad
530 2354 789 2405 sanctam
851 2352 1092 2404 matrem
1164 2348 1474 2403 Romanam
1533 2347 1857 2405 aecclesiam

206 2445 410 2496 tantos
440 2453 507 2494 ac
552 2438 700 2494 tales
730 2451 761 2492 a
792 2438 1063 2508 partibus
1095 2437 1226 2493 istis
1257 2436 1480 2505 legatos
1515 2436 1855 2505 transmitti,

212 2528 310 2599 qui
335 2534 394 2583 et
418 2527 489 2583 de
511 2525 765 2597 objectis
789 2526 901 2580 rite
927 2525 1209 2581 rationem
1234 2524 1479 2580 reddere
1501 2529 1560 2578 et
1584 2525 1655 2579 de
1677 2524 1861 2580 incer-

218 2615 294 2671 tis
309 2615 599 2685 sagaciter
616 2614 970 2683 investigare
987 2628 1052 2668 ac
1068 2628 1169 2683 per
1181 2613 1371 2667 omnia
1388 2612 1741 2668 utilitatibus
1754 2627 1863 2668 tec-

211 2703 565 2761 clesiastieis
585 2704 1206 2773 sapienterconsulere
1230 2702 1345 2757 sint
1367 2700 1863 2771 idonei.Separan-

216 2799 315 2850 tur
340 2793 395 2848 in
421 2793 526 2849 hoc
548 2807 699 2864 opus
720 2791 830 2847 viri
855 2791 1060 2862 spiritu
1086 2791 1387 2861 sapientiae
1418 2790 1591 2860 pleni,
1618 2790 1866 2859 dignita-

217 2881 401 2950 tibus,
451 2882 747 2937 natalibus
802 2885 860 2935 et
905 2879 1195 2949 elegantia
1227 2894 1329 2935 seu
1361 2879 1585 2935 divitiis
1616 2878 1864 2949 preclari

217 2970 496 3041 nullaque
517 2969 839 3026 secundum
864 2970 1037 3024 Deum
1069 2969 1190 3025 sive
1213 2967 1474 3024 seculum
1491 2968 1865 3024 veneratione

2028 940 2145 994 lloc
2166 938 2368 995 ordine
2410 939 2711 995 Heinricus
2732 939 2891 996 illius
2910 941 3160 998 nominis
3181 943 3440 1013 quintus,
3475 945 3592 1015 pri-

1956 1041 2107 1081 mum
2141 1041 2169 1081 a
2204 1032 2390 1096 patre,
2433 1025 2641 1081 deinde
2673 1028 2745 1081 ab
2772 1027 3058 1084 universis
3087 1030 3405 1088 Germaniae
3439 1031 3593 1101 prin-

1956 1112 2186 1183 cipibus
2203 1113 2258 1168 in
2275 1112 2586 1182 regemjam
2621 1114 3115 1171 secundoelcctns
3136 1115 3346 1188 (Jac),
3371 1118 3444 1173 ab
3457 1132 3592 1189 apo-

1956 1199 2182 1256 stolicis
2204 1215 2433 1270 quoque
2456 1201 2666 1270 legatis
2688 1216 2790 1272 per
2821 1216 3021 1259 manus
3044 1203 3471 1274 impositionem
3502 1220 3596 1261 ca-

1957 1286 2175 1344 tholice
2196 1287 2877 1360 conflrmatus,'acceptis
2894 1294 3008 1345 tam
3029 1292 3099 1345 ab
3115 1292 3403 1363 episcopis
3427 1308 3595 1363 quam

1959 1375 2125 1432 laicis
2141 1376 2306 1446 juxta
2331 1391 2548 1432 morem
2587 1378 2791 1448 patrias
2815 1381 3214 1448 sacramentis,
3244 1396 3485 1450 regnare
3508 1396 3600 1439 ce-

1958 1464 2046 1535 pit
2066 1469 2161 1519 88°
2184 1465 2315 1521 loco
2362 1466 2434 1520 ab
2468 1468 2751 1536 Augusto,
2782 1470 2877 1521 50°
2900 1468 3062 1535 regni
3096 1468 3280 1537 patris
3310 1470 3397 1525 sui
3428 1484 3596 1540 anno,

1963 1552 2033 1606 ab
2079 1552 2232 1607 Urbe
2289 1553 2525 1608 condita
2582 1557 2767 1623 18570,
2802 1556 2873 1609 ab
2927 1554 3152 1624 origine
3199 1557 3395 1612 mundi
3437 1562 3602 1613 50580

1962 1640 2270 1698 Dominicaa
2300 1655 2437 1697 vero
2496 1643 2931 1712 incarnationis,
2979 1649 3038 1697 ut
3072 1644 3291 1699 dictum
3321 1649 3430 1716 est,
3468 1648 3601 1703 1106

1962 1744 2130 1784 anno.

2032 1816 2254 1873 Relatis
2286 1816 2463 1887 igitur
2494 1832 2688 1874 coram
2723 1832 2860 1887 rege
2889 1820 3236 1891 cunctisque
3263 1821 3450 1879 totius
3470 1823 3605 1881 Ger-

1963 1904 2165 1960 manim
2188 1905 2569 1975 optimatibus
2596 1911 2655 1961 et
2686 1906 3022 1976 presulibus
3043 1909 3314 1979 omnique
3341 1910 3499 1966 clero
3532 1911 3606 1968 si-

1962 1992 2077 2048 mul
2102 1997 2157 2050 et
2184 1992 2400 2064 populo
2425 1994 2815 2063 legationibus
2838 1996 3106 2053 Romanae
3129 1998 3284 2053 sedis
3305 2013 3482 2069 super
3496 2014 3607 2059 tec-

1962 2082 2272 2140 clesiarum
2325 2082 2484 2151 regni
2519 2082 2689 2138 istius
2738 2085 3253 2143 commaculatione
3286 2086 3516 2145 diversa
3546 2093 3607 2143 et

1964 2172 2287 2226 inveterata
2310 2173 2365 2224 et
2390 2175 2630 2226 econtra
2654 2171 3056 2228 emendatione
3074 2174 3146 2228 ab
3161 2174 3449 2232 universis
3472 2189 3606 2231 una-

1967 2259 2200 2314 nimiter
2231 2258 2537 2328 promissa,
2578 2258 2804 2328 placuit
2843 2264 2957 2315 tam
2987 2262 3111 2330 regi
3141 2277 3309 2331 quam
3343 2263 3606 2333 primori-

1969 2348 2098 2417 bus,
2124 2345 2194 2401 ad
2216 2350 2475 2402 sanctam
2522 2352 2766 2401 matrem
2789 2348 3098 2403 Romanam
3130 2350 3456 2406 meoiesiam
3490 2355 3609 2406 tan-

1970 2439 2066 2489 tos
2091 2448 2158 2489 ac
2188 2433 2339 2490 tales
2367 2449 2394 2489 a
2429 2434 2696 2505 partibus
2726 2435 2856 2492 istis
2888 2435 3113 2506 legatos
3140 2439 3479 2505 transmitti,
3509 2439 3606 2510 qui

1970 2528 2028 2577 et
2061 2522 2132 2577 de
2165 2522 2411 2592 objectis
2443 2523 2553 2577 rite
2595 2524 2876 2579 rationein
2912 2526 3156 2583 reddere
3188 2531 3243 2581 et
3276 2527 3345 2583 de
3368 2528 3610 2587 incertis

1972 2611 2264 2680 sagaciter
2280 2611 2561 2680 investiga
2572 2626 2631 2666 re
2646 2626 2711 2667 ac
2728 2628 2831 2682 per
2845 2613 3031 2669 omnia
3050 2614 3404 2672 utilitatibus
3418 2618 3614 2674 accele-

1974 2699 2232 2755 siastieis
2261 2699 2559 2770 sapienter
2606 2700 2909 2756 consulere
2942 2703 3056 2757 sint
3087 2703 3295 2759 idonei.
3333 2706 3614 2775 Separan-

1976 2793 2069 2843 tur
2094 2788 2148 2842 in
2179 2788 2289 2842 hoc
2332 2802 2480 2858 opus
2512 2788 2618 2843 viri
2651 2790 2859 2858 Spiritu
2892 2791 3189 2860 sapientiae
3222 2791 3394 2862 pleni,
3432 2794 3614 2862 digni-

1974 2876 2534 2943 tatibus,natalibus
2566 2876 2925 2945 etelegantia
2959 2893 3060 2932 seu
3086 2878 3307 2933 divitiis
3342 2880 3612 2951 preclari,

1979 2962 2251 3031 nullaque
2276 2963 2591 3018 secundum
2610 2965 2787 3018 Deum
2813 2964 2934 3019 sive
2957 2967 3216 3021 seculum
3241 2968 3616 3024 veneratione

222 3059 461 3130 indigni,
522 3073 551 3115 a
602 3058 974 3127 Lotbarmgia
1008 3056 1095 3089 ¹⁷³⁷
1129 3058 1319 3113 Bruno
1363 3056 1722 3112 Trevirensis
1756 3056 1862 3125 ‘7”,
1897 3032 1946 3093 (οἶ
1978 3053 2220 3123 indigni,
2246 3068 2275 3108 a
2300 3053 2668 3122 Lotharingia
2696 3056 2885 3109 Bruno
2913 3055 3287 3126 Trevirensis,
3315 3073 3343 3112 a
3371 3059 3617 3114 Saxonia

225 3161 256 3203 a
283 3147 531 3203 Saxonia
578 3145 882 3201 Heinricus
927 3145 1438 3215 Magdcburgensis
1470 3144 1555 3176 “5°
1586 3144 1868 3215 archiepi-

218 3235 404 3306 scopi,
432 3235 506 3292 ab
529 3233 804 3290 orientali
857 3234 1091 3288 Francia
1117 3234 1254 3289 Otto
1278 3233 1799 3302 Babenbergensis,
1834 3246 1865 3286 a

220 3321 483 3395 Bajoaria
498 3321 1511 3391 EberhardusEistatcnsis,uterque
1524 3321 1865 3389 designatus

219 3412 503 3483 pontifex,
522 3411 593 3467 ab
618 3410 951 3467 Alemannis
978 3409 1351 3465 Gebehardus
1376 3408 1861 3477 Constantiensis,

218 3499 437 3571 aliique
460 3497 724 3556 nonnulli
752 3497 1039 3568 presules,
1065 3497 1330 3568 plerique
1352 3498 1525 3553 etiam
1555 3496 1863 3553 nobilcsde

220 3589 404 3646 latere
419 3589 575 3658 regis
598 3587 760 3644 laicae
794 3587 1200 3658 professionis;
1231 3587 1404 3657 idque
1421 3587 1758 3658 precipuum
1784 3588 1865 3644 in-

220 3686 312 3734 ter
331 3682 544 3734 caetera
570 3676 903 3746 suscipiunt
920 3674 1193 3745 mandati,
1214 3681 1295 3743 ut,
1314 3676 1359 3730 si
1396 3676 1518 3730 fieri
1536 3676 1740 3745 possit,
1759 3691 1864 3747 per

223 3766 355 3823 illos
377 3766 687 3837 impetrata
720 3765 911 3821 domni
935 3763 1241 3835 apostolici
1277 3762 1583 3833 Cisalpinis
1596 3764 1863 3835 partibus

219 3856 567 3911 cxhiheatur
598 3854 912 3926 presentia.

292 3943 385 4001 Sic
418 3943 708 4012 nimirum,
745 3943 832 3998 sic
880 3956 983 4013 per
1024 3946 1115 3998 tot
1156 3941 1271 4011 jam
1303 3956 1488 3997 ani'os
1526 3941 1863 4000 obnubilata

224 4032 322 4089 lux
351 4031 493 4089 oriri
525 4031 705 4101 erepit
759 4031 977 4087 nostris
1007 4031 1062 4086 in
1103 4031 1370 4101 partibus
1393 4029 1483 4063 ‘7“
1504 4029 1861 4097 orthodoxa;

220 4120 636 4192 depublicatur
658 4119 1068 4188 etventJatur,
1084 4118 1612 4188 dijudicatur‘met
1636 4119 1866 4176 convin-

218 4207 395 4277 citur,
432 4206 595 4261 fcetet
627 4210 685 4261 et
713 4206 1029 4277 respuitur,
1056 4205 1520 4276 condempnatur
1541 4210 1599 4260 et
1630 4205 1869 4261 anathe-

221 4296 538 4353 matizatur
586 4294 812 4351 heresis
840 4294 1200 4364 Wigbertina
1231 4293 1321 4349 vel
1378 4294 1744 4350 neinriciana
1777 4292 1866 4327 ‘7“

1980 3142 2283 3200 Heinricus
2314 3143 2823 3212 Magdeburgeusis
2855 3144 3303 3215 arcliiepiscom,
3337 3148 3408 3201 ab
3433 3148 3621 3204 orien-

1978 3231 2080 3286 tali
2113 3230 2351 3286 Francia
2383 3232 2521 3286 Otto
2551 3232 3049 3300 Babenbergensis
3082 3249 3119 3299 ,a
3156 3234 3409 3303 Bajoaria
3448 3236 3621 3291 Eber-

1976 3321 2193 3377 hardus
2215 3321 2585 3389 Eistatensis,
2609 3326 2854 3389 uterque
2878 3320 3217 3389 designatus
3240 3324 3521 3395 pontifex,
3547 3327 3619 3381 ab

1976 3408 2310 3466 Alemannia
2337 3409 2711 3464 llebehardus
2736 3409 3221 3479 Constantiensis,
3246 3411 3460 3482 aliique
3482 3428 3619 3470 non-

1976 3496 2116 3554 nulli
2141 3497 2429 3568 presules,
2453 3496 2714 3567 plerique
2730 3497 2903 3553 etiam
2929 3498 3154 3554 nobiles
3179 3499 3447 3556 delatere
3464 3503 3618 3569 regis

1974 3587 2137 3643 laicaz
2174 3586 2580 3657 professionis;
2633 3585 2805 3655 idque
2851 3588 3189 3657 precipuum
3224 3588 3375 3643 inter
3405 3597 3618 3647 caetera

1976 3674 2302 3745 suscipiunt
2348 3674 2637 3743 mandata,
2658 3679 2741 3744 ut,
2766 3675 2812 3729 si
2840 3675 2961 3729 fieri
2989 3681 3205 3745 posset,
3238 3692 3340 3746 per
3365 3677 3495 3733 illos
3522 3678 3615 3734 im-

1975 3769 2204 3836 petrata
2260 3763 2451 3819 domni
2482 3764 2787 3832 apostolici
2823 3764 3133 3834 Cisalpinis
3165 3766 3433 3835 partibus
3461 3766 3621 3822 exlii-
3714 3808 3717 3811 ι

1980 3858 2079 3911 bea
2092 3859 2183 3910 tur
2217 3853 2530 3924 presentia.

2048 3945 2140 3999 Sic
2174 3942 2460 4010 nimirum,
2512 3942 2598 3998 sic
2629 3956 2733 4012 per
2790 3942 3017 3998 viscera
3073 3944 3491 4003 misericordiae
3522 3948 3619 4003 Ι)ίοὶ

1976 4032 2186 4100 nostri,
2221 4034 2387 4087 tanto
2434 4030 2601 4085 nobis
2649 4031 2875 4086 oriente
2908 4031 3173 4103 lucifero,
3238 4049 3339 4105 per
3395 4040 3479 4091 tot
3504 4036 3619 4105 jam

1976 4135 2160 4177 annos
2173 4118 2430 4175 nubilata
2445 4118 2544 4172 lux
2559 4118 2970 4188 splendescere
2985 4121 3161 4191 cmpit
3177 4122 3617 4195 azcclesiastica,

1977 4213 2056 4279 et,
2085 4211 2145 4262 ut
2170 4207 2429 4263 breviter
2450 4206 2697 4277 plurima
2731 4206 3091 4277 concludam,
3129 4218 3474 4281 capessente
3500 4228 3619 4269 rem

1980 4294 2270 4367 publicam
2293 4306 2361 4349 ac
2384 4295 2695 4347 Romanam
2733 4292 3073 4351 defensante
3096 4296 3433 4355 kathedram
3458 4300 3624 4356 Hein-

223 4383 512 4443 abdicatis
542 4384 668 4440 sive
692 4381 907 4454 fugatis
927 4382 1205 4439 hereticis
1231 4381 1339 4453 17“,
1366 4382 1643 4439 Catholici
1669 4383 1868 4439 kathe-
1894 4387 1947 4448 D
1981 4383 2123 4452 rieo,
2141 4380 2383 4453 speciali
2414 4380 2597 4436 totius
2624 4380 2785 4437 orbis
2805 4381 2951 4452 flori,
2969 4383 3239 4442 universa
3262 4386 3624 4459 circumqua-

220 4474 346 4531 dris
371 4471 809 4547 pontiﬁcalibus
860 4471 1250 4543 destinantur,
1275 4486 1306 4526 e
1326 4471 1536 4542 quibus
1565 4473 1738 4529 etiam
1766 4471 1866 4529 ali-

220 4564 319 4636 qui
343 4564 499 4620 inter
546 4563 673 4634 ipsa
703 4562 853 4617 festa
898 4564 1335 4618 consecrantur.
1368 4562 1625 4632 Denique
1657 4562 1710 4618 in
1746 4567 1868 4619 tan-

219 4660 345 4713 tum
375 4652 589 4710 divinas
648 4648 796 4721 legis
823 4651 1018 4708 subito
1078 4649 1241 4708 zelus
1269 4650 1562 4721 efferbuit,
1598 4655 1658 4708 ut
1694 4651 1867 4707 etiam

221 4745 348 4817 ipsa
368 4741 658 4799 cadavera
695 4738 1334 4811 pseudoepiscoporum
1358 4739 1430 4794 ab
1451 4737 1740 4795 aecclesiis
1769 4739 1871 4795 eli-

1980 4485 2092 4543 que
2105 4470 2477 4527 eliminantur
2507 4470 2809 4541 adpurum
2826 4470 3163 4529 scismatum
3196 4476 3490 4547 scandala,
3506 4480 3626 4537 scis

1980 4575 2160 4632 saque
2184 4560 2400 4616 Christi
2424 4558 2975 4630 resarciturtunica,
3002 4560 3209 4619 electis
3227 4564 3392 4621 bonis
3426 4566 3480 4621 in
3513 4582 3623 4624 aec-

1979 4648 2174 4706 clesiaa
2194 4663 2332 4705 vasa
2360 4647 2490 4704 mali
2508 4648 2895 4719 projiciuntur
2916 4649 3111 4721 pisces
3124 4651 3195 4707 de
3210 4651 3367 4708 Petri
3385 4667 3618 4725 sagena,

222 4833 611 4899 minarentur,
641 4832 928 4900 quotquot
950 4834 1139 4884 autem
1171 4830 1243 4883 ab
1264 4828 1405 4899 ipsis
1427 4832 1595 4883 erant
1620 4829 1894 4899 ordinati,
1917 4842 2099 4898 usque
2124 4825 2195 4881 ad
2230 4825 2564 4895 generalem
2589 4825 2939 4882 audientiam
2964 4827 3035 4881 ab
3058 4827 3263 4884 officiis

222 4919 748 4993 suspenderentur.
775 4918 897 4974 1am
938 4917 1089 4974 enim
1113 4917 1386 4973 exaltatis
1411 4918 1520 4973 sibi
1545 4917 1824 4974 divinitus
1845 4917 2113 4975 :ecclesia
2143 4917 2398 4971 Romana
2446 4915 2743 4985 cornibus,
2771 4916 2840 4972 ad
2865 4916 3263 4973 iucutiendum

223 5012 497 5068 timorem
528 5005 762 5063 cunctis
782 5004 870 5038 17“
900 5021 1315 5077 usquequaque
1342 5006 1677 5063 scismatum
1719 5006 2013 5077 membris,
2039 5006 2214 5062 etiam
2236 5006 2449 5076 capitis
2472 5004 2657 5075 ipsius
2677 5019 2835 5075 ossa,
2869 5005 3148 5074 Wigberti
3175 5005 3265 5040 ³⁷⁸⁵

221 5099 450 5159 scilicet
470 5095 616 5156 dicti
641 5109 824 5169 papae,
849 5095 919 5152 de
960 5095 1272 5167 sepulchro
1296 5110 1421 5167 suo,
1449 5097 1601 5168 quod
1624 5112 1726 5167 per
1764 5112 1865 5153 sex
1887 5093 1977 5130 ¹⁷⁶⁶
1992 5095 2109 5168 jam
2144 5108 2326 5152 annos
2350 5094 2405 5149 in
2435 5092 2700 5151 aecclesia
2747 5094 3109 5151 Ravennensi
3141 5110 3270 5166 pos-

1585 5293 1821 5352 VARI/E
1861 5292 2260 5351 LECTIONES.

292 5451 385 5529 ξτξ⁸
414 5449 490 5529 ab
524 5445 1240 5529 u.niv.ersi_s‘ger."5§esunt_
1281 5444 1505 5528 Εὲηᾶφι
1526 5443 1623 5502 Et.
1661 5444 1823 5529 linea
1840 5444 1986 5516 plus
2020 5458 2218 5529 gerem
2263 5440 2745 5529 άρπίίᾀὶαξθξιιζξα,

975 5516 1064 5553 ³⁷⁸⁸
1093 5517 1437 5576 trevirensis
1492 5529 1641 5575 corr.
1705 5516 2066 5573 treverensis
2094 5518 2193 5572 E2.
2232 5537 2237 5545 -
2301 5516 2392 5547 "7°
2419 5516 2720 5583 magadeb.
2778 5516 2874 5568 Et.
2979 5516 3069 5544 "'°
3097 5516 3132 5567 i.

1065 5588 1155 5625 ¹⁷⁶²
1185 5588 1544 5647 neinriciana
1572 5591 1626 5644 4.
1724 5584 1815 5622 1⁷³³
1846 5587 2071 5645 heresis
2105 5592 2157 5644 ὅ.
2191 5590 2242 5644 6.
2282 5589 2366 5643 10.
2396 5584 2701 5644 heresibus
2732 5586 2817 5642 ll.
2852 5596 2898 5642 θ.
2933 5597 3084 5645 corr.
3117 5588 3173 5647 7.

217 5664 312 5704 ³⁷⁸⁸
343 5657 629 5727 wicberti
661 5664 712 5722 4.
742 5661 1019 5736 wigperti
1046 5667 1100 5721 7.
1134 5661 1368 5737 saepius.
1447 5657 1540 5697 '7“
1570 5662 1634 5721 ν.
1670 5664 1759 5719 1οο
1793 5664 1876 5723 11ο

220 5522 312 5559 ¹⁷⁶⁷
344 5519 709 5590 lutharingia
770 5521 873 5579 ΕΞ.

217 5594 310 5676 fit:
341 5588 728 5676 dejqdisstsr
748 5596 847 5676 ‘19-
881 5596 1015 5676 ιιι..
1046 5588 1155 5676 έ⁷⁶²
1185 5588 1544 5676 neinriciana
1570 5591 1626 5676 9.-

513 5761 780 5830 Punoa.
826 5760 1035 5827 CLIV.

2783 5438 2984 5510 facile
3008 5453 3116 5521 neq
3126 5441 3237 5512 ligi
3253 5440 3625 5515 potuerunt.)

2778 5513 2874 5587 Et.
2979 5510 3069 5544 ιπο
3097 5529 3132 5567 ι.
3198 5528 3366 5587 p.__n.
3426 5521 3487 5572 7.
3548 5522 3625 5573 9c.

3274 5583 3362 5622 ‘7“
3393 5586 3551 5648 deest
3578 5590 3629 5649 ι.

2301 5512 2392 5547 "7°
2419 5512 2720 5583 magadeb.
