3934 6412
320 340 477 429 tota"

1487 353 1972 419 EKKEHARDI
2016 342 2573 423 URAUGIENSIS

3573 360 3730 429 1004

319 499 578 568 sederat,
622 494 831 570 projici
866 494 1106 568 fecerat,
1142 490 1531 565 universaque
1562 488 1655 525 “‘7
1675 492 1801 563 ejus
1832 492 2120 565 instituta,
2148 498 2213 552 ut
2244 508 2383 552 vere
2411 509 2523 552 non
2547 491 2637 528 ¹⁷⁶⁸
2659 492 2966 568 apostolici
2990 494 3334 567 sacerdotis,

317 588 418 646 sccl
455 592 519 643 ut
552 584 644 619 ‘7”
673 585 986 656 apostatici
1018 583 1328 652 invasoris,
1363 580 1654 638 annullari
1690 580 2052 638 decreverat.

387 677 545 730 Inter
603 673 725 730 haec
781 672 1161 729 Werinherus
1191 670 1301 741 "7°,
1336 669 1569 742 quidam
1597 685 1669 726 ex
1702 669 1907 725 ordine
1940 671 2413 729 ministerialium
2447 672 2625 741 regis,
2659 672 2755 741 qui
2813 673 3062 728 marcius
3094 670 3183 706 ""1
3209 687 3338 743 quae

318 766 372 820 in
403 762 671 834 partibus
720 760 830 831 [est
864 759 974 830 ¹⁷⁷²]
1012 759 1252 830 Aquinas
1304 762 1558 830 preerat,
1595 757 1760 828 quasi
1795 757 2047 813 heresim
2075 759 2317 814 eandem
2353 760 2839 831 rcsuscitaturus,
2864 759 3132 817 collectis
3163 760 3341 817 unde-

316 865 569 921 cumque
604 864 708 921 per
738 848 963 905 Italiam
1022 848 1229 919 copiis,
1280 847 1580 918 corruptis
1638 861 1870 917 quoque
1913 846 2093 903 multa
2128 849 2371 919 pecunia
2432 848 2706 905 Romanis
2736 846 2827 881 "7'
2859 847 3176 919 nonnullis,
3202 848 3336 905 dum

316 940 559 996 domnus
590 937 953 1009 apostolicus
1008 936 1433 993 Beneventanis
1462 935 1806 991 immoratur
1835 935 2067 1006 finibus,
2112 936 2397 1007 quendam
2429 937 2654 1007 pseudo
2677 937 2946 994 abbatem
2978 936 3048 993 de
3097 936 3348 1008 Farfare,

327 1027 462 1099 proh
499 1026 697 1083 nefas!
735 1025 1033 1081 kathedraa
1064 1024 1254 1081 sancti
1283 1023 1441 1080 Petri
1474 1023 1774 1095 imposuit,
1809 1028 1870 1079 et
1900 1023 2089 1094 ipsum
2122 1039 2325 1096 papam
2359 1025 2596 1082 caesaris
2625 1026 2734 1082 sub
2763 1024 3050 1082 vocabulo
3070 1024 3338 1081 Silvestri

319 1112 603 1185 appellari
633 1111 837 1168 voluit.
871 1110 978 1177 Qui
1012 1116 1202 1167 tamen
1257 1116 1387 1182 post
1420 1110 1718 1181 paululum
1752 1110 2028 1182 turpiter,
2062 1116 2125 1168 ut
2154 1113 2509 1183 merebatur,
2547 1128 2575 1169 a
2609 1111 2698 1145 "7‘
2732 1111 3051 1169 Catholicis
3080 1111 3341 1169 elimina-

316 1208 413 1259 tus
442 1200 552 1271 ηπ,
577 1201 832 1257 vesania;
888 1214 1007 1256 suae
1040 1200 1324 1270 premium
1359 1198 1507 1255 male
1539 1200 1855 1270 conquisiti
1888 1198 2173 1271 pejusque
2204 1201 2455 1273 dispersi
2483 1201 2619 1257 aeris
2648 1199 2739 1235 "7‘
2769 1200 2971 1257 retulit
3003 1200 3333 1272 dampnum,

282 1317 295 1329 ι
316 1294 518 1361 preter
550 1288 703 1358 fidei,
722 1287 873 1359 quod
904 1288 1079 1344 miser
1110 1302 1266 1343 cmco
1294 1302 1407 1343 non
1439 1286 1631 1344 doluit
1661 1287 1858 1358 corde,
1895 1287 2284 1359 dispendium.

383 1379 566 1434 Porro
591 1390 866 1448 proceres
893 1374 985 1409 *7"
1008 1376 1125 1446 jam
1171 1375 1312 1431 dicti
1363 1375 1497 1431 dum
1526 1390 1557 1432 e
1589 1376 1714 1433 suis
1744 1376 1960 1446 singuli
1994 1380 2048 1437 Α
2150 1378 2337 1434 Porro
2379 1392 2658 1449 proceres
2677 1377 2794 1447 jam
2820 1377 2959 1433 dicti
3006 1377 3140 1434 dum
3164 1392 3197 1434 e
3219 1377 3339 1434 suis
3361 1376 3572 1446 singuli
3595 1391 3728 1449 par-

316 1465 585 1537 partibus
603 1465 658 1518 in
681 1463 832 1519 valle
852 1463 945 1497 1⁷⁷⁸
965 1464 1299 1520 Tridentina
1328 1464 1767 1533 convenientes,
1809 1464 1960 1535 apud

313 1552 576 1623 ejusdem
618 1552 869 1609 nominis
926 1552 1244 1622 civitatem,
1283 1551 1337 1607 id
1396 1556 1484 1608 est
1508 1550 1598 1585 ³⁷⁷³
1627 1553 1962 1608 Tridentum

314 1638 1214 1713 pernoctarent(Febr.),quidam
1234 1639 1583 1696 Adelbertus
1598 1639 1959 1710 adolescens,

314 1728 567 1800 partium
622 1733 811 1783 tamen
837 1725 929 1759 ¹⁷⁸⁰
960 1726 1189 1783 illarum
1233 1727 1480 1797 quodam
1511 1727 1759 1797 insignis
1789 1728 1964 1785 comi-

320 1821 462 1885 tatu,
500 1829 723 1871 summo
751 1828 918 1870 mane
945 1829 1123 1885 super
1154 1815 1333 1886 ipsos,
1384 1819 1590 1887 utpote
1622 1815 1873 1872 inermes
1903 1822 1964 1871 et

315 1904 680 1975 peregrinos,
736 1918 867 1958 cum
924 1902 1013 1935 “‘1
1071 1902 1298 1959 civibus
1353 1903 1594 1958 armatis
1628 1902 1718 1937 ¹⁷⁸²
1768 1903 1958 1975 irruit,

316 1991 551 2063 spoliat,
577 1991 759 2061 capit,
812 1990 1098 2047 custodiae
1156 1989 1338 2044 tradit
1370 1988 1476 2041 ‘7”.
1516 1989 1688 2060 idqne
1719 1991 1829 2046 sibi
1863 2006 1962 2062 per

2080 1466 2240 1522 tibus
2264 1466 2323 1521 in
2347 1465 2498 1521 valle
2519 1465 2852 1521 Tridentina
2868 1465 3286 1521 convenientes
3298 1463 3449 1536 apud
3464 1464 3724 1534 ejusdem

2078 1554 2327 1610 nominis
2354 1555 2672 1625 civitatem,
2710 1555 2766 1610 id
2799 1558 2886 1610 est
2916 1552 3272 1622 Tridentum,
3314 1556 3727 1624 pernoctarent

2076 1642 2318 1714 (Febr.),
2368 1643 2600 1713 quidam
2646 1643 3004 1699 Adclbertus
3048 1640 3416 1711 adolescens,
3474 1640 3724 1711 partium

2076 1735 2271 1787 tamen
2321 1731 2551 1787 illarum
2586 1732 2834 1802 quodam
2889 1729 3134 1800 insignis
3165 1728 3470 1799 comitatu,
3500 1742 3723 1785 summo

2076 1833 2242 1875 mane
2294 1834 2472 1890 super
2516 1820 2697 1890 ipsos,
2733 1823 2939 1889 utpote
2972 1819 3225 1875 inermes
3256 1823 3315 1873 et
3355 1816 3720 1889 peregrinos,

2075 1920 2207 1962 cum
2231 1907 2460 1962 civibus
2484 1906 2726 1963 armatis
2747 1906 2939 1974 irruit,
2975 1906 3210 1978 spoliat,
3238 1905 3414 1977 capit,
3438 1903 3723 1961 custodias

2077 1993 2277 2065 tradit,
2308 1995 2481 2064 idque
2505 1995 2614 2051 sibi
2640 2010 2743 2067 per
2777 1994 3100 2065 legationes
3121 1994 3337 2051 domini
3369 1992 3459 2049 sui
3482 1994 3725 2065 impera-

314 2078 641 2148 legationes
693 2077 908 2132 domini
969 2078 1082 2147 sui,
1144 2077 1397 2133 Heinrici
1428 2076 1519 2110 1"“
1570 2077 1816 2150 [scilicet
1850 2077 1959 2150 ³⁷⁸⁸]
2071 2082 2225 2138 toris
2241 2082 2652 2139 demandatum
2675 2084 3039 2155 comprobat.
3068 2085 3139 2138 At
3159 2084 3350 2151 Iesus,
3373 2081 3471 2153 qui
3494 2095 3724 2153 semper

313 2165 759 2238 eximperatoris
782 2164 892 2236 1"“,
911 2164 1319 2221 demandatum
1342 2165 1700 2237 comprobat.
1725 2166 1962 2224 Artibus

314 2255 528 2326 quippe
550 2254 746 2311 solitis
780 2253 928 2309 idem
964 2253 1270 2309 Heinricus
1302 2268 1445 2310 usus
1483 2253 1631 2310 clam
1666 2253 1755 2288 1⁷⁸⁷
1786 2253 1963 2328 [clan-

309 2342 459 2399 culis
494 2342 609 2411 jam
637 2347 698 2398 et
731 2356 785 2413 q.
821 2356 874 2397 c.
908 2356 975 2398 ac
1006 2356 1063 2397 n.
1112 2341 1198 2412 E.]
1230 2341 1557 2413 querelosis
1605 2341 1875 2413 epistolis
1902 2349 1959 2398 et

309 2429 400 2464 1⁷⁸⁸
430 2430 657 2487 nunciis
688 2444 1086 2501 quascumque
1122 2435 1351 2503 poterat
1382 2429 1471 2464 “5°
1502 2431 1665 2500 regni
1690 2432 1962 2487 civitates

309 2524 364 2575 et
399 2519 733 2590 provincias
782 2518 1149 2590 impleverat,
1185 2518 1399 2589 quibus
1449 2535 1508 2575 se
1544 2520 1655 2575 vim
1689 2534 1719 2575 a
1749 2520 1963 2590 princi-

311 2608 483 2681 pibus
516 2621 771 2680 passum,
806 2607 981 2664 immo
1011 2608 1085 2662 ab
1110 2608 1280 2663 unico
1310 2607 1427 2663 tilio
1447 2606 1750 2678 depulsum
1785 2607 1963 2677 impe-

310 2696 399 2752 rio
428 2696 794 2767 deplorabat,
829 2709 1071 2766 regnum
1103 2695 1195 2729 “9°
1229 2696 1280 2750 in
1329 2696 1452 2751 suis
1485 2695 1738 2751 miseriis
1765 2696 1962 2751 confu-
1989 2729 2045 2789 Β

311 2798 437 2841 sum
462 2783 576 2853 "'1,
599 2784 830 2841 cunctis
852 2798 1268 2854 usquequaque
1303 2783 1572 2855 patribus
1592 2782 1680 2816 "9'
1701 2783 1959 2852 ejusdem

313 2872 558 2928 fortunae
590 2870 1013 2927 ""timendum
1034 2872 1156 2928 fore
1183 2873 1559 2943 premonebat
1609 2872 1956 2942 exemplum.

311 2959 432 3026 Qua
465 2958 535 3015 de
557 2973 734 3017 causa
758 2958 1087 3030 nullusjam
1119 2975 1224 3030 per
1258 2959 1479 3014 Italiam
1506 2958 1655 3015 liber
1680 2961 1965 3016 transitus

310 3048 529 3105 eisdem
562 3047 854 3119 patuit1m
871 3046 1098 3117 legatis.
1128 3047 1849 3105 Gebchardusm‘tantum
1874 3046 1965 3081 1⁷⁸⁸

312 3135 780 3193 Constantiensis
809 3136 1124 3208 episcopus
1153 3151 1283 3191 cum
1316 3135 1437 3192 suis
1469 3151 1574 3207 per
1604 3136 1964 3193 occultiores

312 3224 541 3296 Alpium
572 3224 814 3281 semitas
864 3225 1188 3294 ingressus,
1220 3223 1552 3281 Mahthildis
1583 3223 1674 3258 ¹⁷⁹⁷
1702 3225 1963 3282 comitis-

312 3326 411 3383 sae,
446 3312 692 3368 alterius
725 3311 814 3345 ³⁷³⁸
844 3312 1113 3369 nimirum
1143 3313 1424 3369 Debborae
1459 3311 1627 3384 (303),
1663 3313 1957 3384 presidiis,

312 3400 658 3471 apostolicis
673 3406 1052 3473 presentatur
1067 3401 1355 3470 vestigiis.
1374 3400 1694 3471 Reliqui,ut
1711 3401 1963 3458 diximus

310 3495 631 3560 magnetes,
654 3495 718 3547 ut
742 3492 1013 3547 nimirum
1046 3505 1074 3545 a
1100 3490 1450 3548 stultissimo
1471 3490 1836 3561 captivatorc
1866 3491 1964 3546 de-

312 3579 603 3650 prehensi,
649 3583 983 3635 tractantur
1035 3579 1292 3648 indigne,
1324 3583 1523 3649 preter
1556 3578 1827 3633 Ottonem
1860 3580 1963 3633 Ba-

312 3667 773 3736 benbergensem
804 3666 1172 3736 episcopum,
1204 3666 1296 3720 cui
1327 3665 1479 3720 idem
1502 3664 1875 3734 Adelbertus,
1893 3679 1962 3721 eo

310 3757 462 3826 quod
486 3770 627 3811 suus
663 3759 817 3811 esset
848 3754 1037 3823 miles,
1064 3766 1304 3824 parcere
1335 3753 1658 3821 cogebatur
1688 3751 1797 3808 ³⁷⁸⁸.
1836 3753 1961 3819 Quo

308 3844 484 3899 etiam
537 3842 849 3912 mediante,
891 3843 1084 3897 Bruno
1139 3841 1511 3897 Treverensis
1564 3841 1876 3911 episcopus
1899 3847 1959 3899 et

308 3932 645 4001 Wigbertus
676 3929 767 3963 ¹⁸⁰⁰
797 3944 994 3986 comes
1038 3943 1106 3985 eo
1136 3934 1307 4000 pacto
1342 3929 1738 3999 dimittuntur,
1773 3931 1961 4000 quati-

309 4035 417 4076 nus
448 4020 937 4092 eximperatorem
959 4018 1048 4052 ¹⁸⁰¹
1072 4034 1203 4075 cum
1238 4018 1336 4074 illo
1363 4032 1561 4090 pacem
1588 4019 1797 4075 facturi
1827 4034 1962 4076 con-

2078 2185 2260 2242 prope
2283 2177 2377 2227 est
2409 2186 2469 2228 se
2498 2172 2906 2228 invocantibus
2929 2177 2988 2226 et
3008 2171 3098 2227 his
3124 2171 3287 2242 juxta
3312 2170 3409 2240 qui
3444 2168 3721 2227 tribulato

2076 2264 2213 2315 sunt
2237 2258 2434 2329 corde,
2462 2265 2704 2330 repente
2736 2275 2913 2331 super
2935 2258 3171 2315 eosdem
3194 2257 3581 2316 stultissimos
3602 2262 3723 2314 tan-

2060 2351 2268 2407 ‘torum
2328 2353 2655 2416 magnatum
2714 2348 3112 2419 captivatores
3157 2345 3473 2402 Well‘onem
3520 2344 3720 2402 ducem

2077 2434 2346 2489 Noricum
2369 2434 2533 2504 quasi
2556 2433 2813 2504 gladium
2852 2433 3112 2490 limatum
3136 2432 3208 2489 de
3229 2433 3434 2502 vagina
3453 2445 3555 2494 sua
3587 2432 3722 2489 edu-

2077 2522 2195 2588 xit;
2220 2522 2315 2591 qui
2337 2522 2518 2577 tercia
2545 2523 2968 2593 superveniens
2991 2522 3083 2578 die
3108 2535 3275 2578 manu
3301 2520 3510 2592 valida,
3532 2519 3724 2578 clusas

2079 2610 2419 2666 obstructas
2448 2610 2699 2681 effregit,
2733 2610 3158 2680 Gebebardum,
3182 2609 3367 2666 virum
3398 2623 3503 2681 per
3533 2610 3721 2666 omnia

2081 2696 2246 2753 lauda
2260 2697 2451 2767 bilem,
2478 2700 2868 2755 constitutum
2894 2715 2923 2755 a
2946 2712 3080 2768 rege
3098 2703 3304 2755 nostro
3326 2697 3722 2755 Heinrico'l‘ri-

2078 2784 2329 2841 dentinze
2359 2786 2643 2843 aecclesize
2671 2787 2981 2859 presulem,
3000 2801 3169 2857 quem
3193 2799 3484 2857 nunquam
3510 2800 3573 2843 se
3598 2800 3722 2844 sus-

2076 2880 2355 2944 cepturus
2395 2875 2555 2930 cives
2607 2874 2688 2929 illi
2736 2876 3240 2946 conspiraverant,
3294 2873 3474 2945 recipi
3505 2873 3717 2944 coegit,

2078 2962 2266 3033 ipsum
2293 2977 2524 3032 quoque
2542 2963 2919 3020 .tdelbertum
2936 2963 3144 3033 suique
3157 2961 3397 3019 sceleris
3410 2960 3722 3033 complices

2076 3051 2221 3107 adeo
2245 3052 2590 3121 perterruit,
2618 3057 2681 3107 ut
2713 3052 2961 3108 eductos
2986 3066 3130 3122 quos
3156 3050 3491 3108 clauserant
3516 3049 3721 3123 princi-

2076 3153 2177 3211 pes
2203 3140 2506 3211 ipsumque
2547 3140 2857 3197 castellum
2883 3156 3033 3197 novo
3065 3139 3345 3212 episcopo
3381 3140 3717 3209 redderent,

2077 3227 2185 3298 ipsi
2221 3228 2460 3299 insuper
2504 3227 2826 3299 nudipedes
2858 3228 2928 3283 ab
2970 3228 3058 3285 his
3101 3243 3247 3299 quos
3279 3228 3601 3286 afﬂixerant
3626 3241 3720 3283 ve-

2077 3317 2226 3371 niam
2262 3316 2644 3387 postularent.
2686 3320 2841 3374 Tunc
2890 3318 3066 3374 etiam
3100 3332 3130 3373 a
3166 3317 3348 3388 prima
3400 3314 3718 3373 ebdomada

2077 3404 2559 3475 quadragesimae,
2600 3422 2711 3477 qua
2742 3412 2800 3463 et
2834 3405 3124 3463 mediante
3156 3406 3279 3462 haec
3309 3404 3467 3477 passi
3498 3418 3718 3473 sumus,

2075 3497 2362 3549 cometem
2408 3494 2668 3551 immensi
2727 3494 2973 3564 fulgoris
3006 3510 3109 3565 per
3166 3495 3313 3551 duas
3374 3494 3723 3566 septimanae

2076 3582 2507 3652 conspeximus.
2567 3584 2950 3639 Revertentes
2982 3596 3233 3652 quoque,
3265 3587 3381 3638 tam
3442 3594 3726 3654 pauperes

2070 3682 2245 3736 quam
2278 3668 2512 3736 divites,
2549 3684 2658 3725 non
2684 3669 2810 3723 sine
2836 3670 3074 3739 proprio
3098 3669 3311 3739 singuli
3345 3670 3618 3741 dampno,
3638 3681 3725 3724 re-

2073 3769 2201 3824 gem
2234 3760 2501 3811 nostrum
2560 3756 2892 3811 Heinricum
2927 3756 3200 3826 quiddam
3261 3757 3567 3815 infortunii
3598 3770 3725 3828 per-

2074 3858 2310 3914 pessum
2343 3857 2373 3898 a
2403 3842 2826 3900 rebellantibus
2851 3843 2961 3899 sibi
2987 3843 3283 3900 nonnullis
3305 3858 3411 3916 per
3431 3845 3722 3902 Alsaciam

2075 3931 2392 4002 seditiosis,
2421 3932 2567 3987 fama
2592 3932 2829 3988 sinistra
2851 3932 3250 4002 percepimus;
3274 3933 3330 3988 in
3356 3932 3722 4003 Lotharingia

2074 4020 2646 4091 quoqueﬂeinricum
2681 4021 2886 4077 ducem
2902 4020 3313 4093 etepiscopum
3346 4023 3719 4080 Leodiensem

310 4110 563 4179 veniant,
598 4082 658 4165 et
690 4109 829 4180 quid
850 4108 941 4142 ¹⁶⁰¹
963 4108 1035 4165 de
1067 4108 1311 4179 reliquis
1354 4082 1479 4179 ipse
1504 4107 1790 4179 precipiat
1815 4108 1961 4165 rela-
1989 4082 2039 4146 Ο
2074 4082 2380 4165 ὀιὺέιιιιιω
2413 4108 2504 4143 ¹⁸⁰⁸
2534 4115 2738 4165 contra
2789 4124 2984 4179 regem
3015 4082 3078 4166 se
3109 4082 3356 4182 armare,
3405 4110 3721 4167 Coloniam-

309 4199 424 4255 turi
460 4198 718 4255 redeant.
753 4202 822 4255 At
854 4200 1039 4267 Iesus,
1066 4197 1163 4269 qui
1197 4212 1431 4268 semper
1452 4211 1633 4269 pr0pe
1664 4202 1757 4254 est
1780 4195 1870 4230 ¹⁸⁰³
1894 4212 1957 4254 se

312 4286 716 4343 invocantibus
770 4292 825 4342 et
861 4287 951 4343 his
1003 4288 1169 4357 juxta
1198 4285 1287 4319 ¹⁸⁰⁴
1319 4286 1417 4357 qui
1476 4285 1763 4344 tribulato
1820 4291 1956 4343 sunt

306 4375 506 4443 cov'de,
541 4381 781 4446 repente
814 4390 992 4448 super
1029 4376 1267 4432 eosdem
1291 4374 1400 4431 sibi
1432 4374 1683 4432 rebelles
1717 4375 1959 4433 Welefo—

308 4478 437 4521 nem
459 4463 549 4497 ¹⁸⁰⁵
578 4464 783 4521 ducem
834 4464 1105 4522 Noricum
1155 4464 1322 4536 quasi
1353 4462 1611 4534 gladium
1646 4464 1716 4520 de
1748 4466 1954 4535 vagina

2074 4213 2205 4269 que,
2262 4197 2551 4254 Iuliacum
2608 4203 2785 4269 atque
2840 4198 3119 4268 Bunnam,
3176 4212 3306 4268 quae
3353 4203 3413 4256 et
3470 4199 3714 4267 Verona,

2072 4290 2404 4357 caeteraque
2434 4286 2519 4344 cis
2549 4301 2617 4345 ac
2648 4288 2795 4344 citra
2819 4287 3081 4344 Rhenum
3103 4286 3313 4359 oppida
3334 4287 3404 4344 ad
3438 4287 3717 4344 resisten-

2074 4375 2208 4433 dum
2238 4390 2301 4433 se
2330 4389 2667 4448 preparare,

1664 4561 1901 4617 VARUE
1941 4562 2238 4620 LECTION
2242 4562 2341 4618 ES.

377 4648 467 4683 "‘7
527 4651 562 4706 Γ.
613 4650 855 4723 ejusque
1116 4649 1208 4683 1⁷⁸⁸
1257 4650 1373 4723 jam
1434 4663 1546 4705 non
1577 4654 1626 4705 5.

305 4723 363 4777 4.
403 4726 461 4777 5.
511 4727 569 4777 7.
640 4720 723 4777 10.
762 4720 869 4777 ’11.
984 4720 1074 4755 ίττι
1131 4721 1387 4776 marchie
1442 4726 1519 4777 9°.

306 4792 396 4827 "7‘
422 4792 773 4851 climanatus
804 4799 889 4848 10.
1040 4791 1131 4825 1⁷⁷⁸
1158 4792 1324 4847 eritis
1357 4796 1406 4846 3.

304 4865 358 4919 4.
473 4862 566 4897 1⁷⁸⁰
594 4866 658 4920 in
691 4870 774 4920 10.
830 4878 1069 4920 erasum
1117 4871 1221 4931 est,
1258 4862 1419 4919 deest
1452 4867 1529 4918 ll.

299 4937 460 5006 pius,
493 4936 555 4990 N.
590 4949 1019 5006 nonnunquam
1045 4939 1095 4989 6.
1184 4932 1301 5006 ff”
1332 4934 1421 4988 ita
1451 4934 1509 5006 Ε.

304 5002 388 5062 io.
426 5002 511 5063 tl.
627 5006 719 5040 ³⁷⁸³
747 5002 907 5063 deest
936 5011 986 5060 7.
1021 5010 1098 5061 9c.
1181 5002 1271 5037 ¹⁷⁰⁰
1300 5006 1353 5059 in
1388 5004 1511 5059 suis
1542 5020 1587 5059 r.
1626 5007 1674 5059 4.

304 5076 394 5111 1m
423 5076 460 5132 ι.
495 5093 547 5148 p.
582 5082 640 5134 7.
762 5077 853 5110 ms
878 5075 1352 5148 gobehardusgc.
1474 5074 1564 5148 ‘7?“
1594 5081 1786 5133 tamen
1818 5078 1865 5131 4.

1522 4789 1612 4823 ιτττ
1635 4790 1771 4863 jam.
1820 4809 1870 4863 p.
1908 4793 1942 4849 d

301 5225 355 5291 7.
390 5221 717 5291 wigpertus
745 5225 846 5277 9ο..

304 5290 393 5324 ¹⁸⁰²
426 5290 582 5349 αυῡᾶ
614 5295 667 5347 6.
700 5296 753 5349 7.
783 5296 862 5349 9°.

304 5360 396 5399 ¹⁸⁰⁶
427 5360 492 5419 Ο.
525 5362 691 5421 codd.

1758 4648 1851 4682 ‘7“
1906 4650 2070 4709 deest
2149 4655 2230 4706 10.
2292 4655 2375 4706 11.

1635 4718 1726 4793 $7”
1779 4721 1873 4777 ita
1932 4723 1993 4793 E,
2056 4720 2218 4778 deest
2256 4721 2393 4793 fell.

1960 4791 1983 4847 ,⁷
2041 4795 2091 4847 4.
2210 4791 2468 4849 1mtrid.
2506 4792 2562 4850 in
2620 4797 2763 4851 v.4.

1646 4862 1734 4895 ³⁷⁸³
1766 4862 1831 4918 et
1873 4867 1925 4918 6.
1957 4864 2036 4920 9°.

2512 4649 2605 4685 "7°
2661 4654 3044 4712 werenherus
3099 4652 3160 4709 6.
3224 4657 3301 4709 9°.
3370 4648 3717 4707 wernherus

2509 4721 2599 4802 ῗ⁷⁷³
2655 4738 2737 4806 “·.
2781 4740 2835 4781 ι’·
3114 4721 3204 4806 ¹⁷⁷Ϋ
3259 4722 3713 4806 4“!‘..‘°-..“:

2626 4797 2763 4851 v.4.
2877 4795 2968 4829 "7°
2995 4795 3050 4850 id
3106 4799 3200 4852 est
3256 4795 3300 4848 i.
3371 4791 3717 4849 tridentium

2626 4863 3078 4922 ""tradidit7.
3198 4862 3289 4897 "3‘
3322 4864 3386 4919 Η.
3446 4861 3594 4920 codd
3616 4874 3719 4919 ste-

2797 4936 2886 4969 ¹⁷⁸⁷
2913 4950 3041 4992 nam
3075 4941 3125 4993 6.
3157 4941 3209 4992 7.
3244 4939 3322 4990 9°.
3439 4931 3530 4967 1⁷⁸⁸
3559 4931 3727 4988 deest

2748 5005 2840 5041 ‘7”
2872 5008 3139 5079 partibus
3171 5010 3222 5079 6.
3313 5002 3430 5079 βψ
3462 5003 3625 5061 deest
3649 5006 3711 5079 4.

2155 4863 2249 4897 ¹⁷⁸²
2281 4864 2316 4918 i.
2373 4879 2423 4919 a.
2462 4867 2510 4919 4.

1983 5076 2073 5110 "’7
2104 5078 2402 5133 matbildis
2432 5080 2530 5133 Dl.
2567 5080 2615 5133 4.
2662 5073 2940 5136 mathilde
2971 5081 3033 5135 E.
3068 5075 3444 5135 machthildis
3477 5081 3527 5131 δ.
3562 5073 3717 5131 meb-

302 5120 547 5205 ιίιειῖὲὸξ
580 5120 1437 5205 ιὶίθοιιιίιάίέἴὶἱῖέιῖκῖῑαῖἐθο.
1520 5120 1937 5204 ιτυέἷὲἴῖόὲῐὴι.
1970 5152 2021 5204 2.
2104 5120 2548 5206 ’ὅδ’Ψῖίῖἑῖιεῖἱή
2567 5120 2625 5205 3°.

951 5218 1042 5292 9°}
1069 5218 1556 5292 eximperatorem
1614 5220 1817 5275 delata
1862 5219 2106 5291 syllaba
2161 5234 2232 5292 ex
2288 5222 2354 5292 4._
2390 5220 2805 5292 imperatorem
2838 5222 2933 5277 E2.
2969 5228 3029 5277 et
3061 5222 3471 5292 imperatorem
3504 5221 3590 5292 1_0.
3629 5219 3713 5292 tt.

941 5289 1032 5324 ²⁸⁰³
1062 5305 1124 5348 se
1154 5290 1422 5347 omnibus
1449 5290 1486 5345 i.
1520 5292 1571 5345 6.
1603 5295 1653 5346 7.
1689 5292 1763 5345 9ο.
1802 5289 2010 5349 10:11.
2046 5290 2317 5347 omnibus
2340 5290 2377 5347 i.
2411 5295 2461 5347 5.

2732 5148 2824 5182 ίοοο
2852 5150 3142 5208 wibertus
3173 5151 3268 5205 Dl.
3309 5147 3632 5218 wicperlus
3663 5147 3713 5199 4·

2576 5290 2666 5324 ¹⁸⁰⁴
2696 5290 2855 5352 deest
2879 5295 2913 5349 4
3048 5289 3480 5348 “Wwelfonem
3509 5289 3714 5345 4-11,

1899 5430 2123 5488 NOTAE.

374 5524 523 5597 (363)
554 5524 633 5580 Cf.
669 5524 801 5597 Vita
828 5523 883 5580 S.
919 5522 1180 5597 {lugonis
1210 5520 1617 5597 Gratianopol.
1643 5523 1788 5597 Acta
1816 5520 1908 5577 SS.
1947 5520 2129 5593 April.
2166 5523 2296 5597 I,_p.
2333 5525 2402 5577 39
2434 5540 2447 5576 :
2495 5522 2701 5583 Sedet
2722 5521 3028 5597 comitis”
3051 5594 3062 5597 _
3086 5518 3718 5597 Mathe'ldis,_ltdbit_m

300 5591 545 5680 quidem
556 5596 820 5680 feminei;
845 5594 952 5654 sed
978 5591 1293 5680 a'niegziger
1319 5591 1534 5680 euecti;
1556 5593 1790 5680 signa},
1805 5591 2610 5680 ⁸μοιφερνιςηξζιῖιινιανιανιιγη
2660 5595 2951 5658 tumultus
2994 5594 3180 5670 atque
3213 5591 3494 5672 pericula
3518 5591 3718 5651 instar

295 5663 683 5744 prophetissa
706 5666 948 5725 Debem-
962 5663 1286 5739 pruderiter
1305 5666 1517 5726 sedare
1534 5663 1854 5741 etfortite?
1877 5666 2127 5725 noverat
2156 5663 2427 5724 tolera".
