3934 6440
199 403 319 463 10οὂ
1147 411 1584 475 CHHUNICA.
1620 450 1694 459 ——
1731 416 2035 475 CHltUNi
2077 417 2201 474 IUN
2255 417 2794 478 [leVEHSAleL

194 554 277 595 sua
305 541 540 598 eduxit
573 564 591 612 ;
632 547 753 617 qui
795 547 980 602 tercia
1012 549 1429 616 superveniens
1454 547 1545 602 die
1572 548 1657 580 ίδοτ
1685 565 1851 603 manu
1885 549 2091 616 valida,
2129 550 2320 603 clusas
2345 550 2431 581 ¹⁸¹³⁸
2454 552 2787 605 obstructas
2815 552 3062 619 effregit.
3099 553 3278 606 (lebe-

196 628 466 701 hardum,
509 635 741 689 virum
789 638 1122 708 probatum,
1156 636 1504 690 Tridentinte
1540 638 1820 691 a-eelesia:
1854 639 2234 691 constitutum
2269 654 2295 691 a
2330 655 2462 702 rege
2493 639 2784 693 catholico
2817 656 3021 693 novum
3057 641 3278 709 episeo-

201 733 344 790 pum,
383 735 583 791 quem
629 738 951 794 nunquam
987 740 1048 776 se
1082 728 1466 793 suscepturus
1497 725 1652 779 cives
1684 726 1789 794 ipsi
1826 727 2322 793 conSpiraverant,
2361 729 2538 796 recipi
2574 729 2786 795 eoi-git,
2825 728 3008 797 ipsum
3045 742 3272 798 quoque

211 810 614 866 Adelbertum
658 813 887 882 suique
922 811 1165 866 Sceleris
1197 813 1512 882 complices
1537 815 1682 868 adeo
1709 815 2044 884 perterruit.
2074 821 2137 869 ut
2159 817 2402 869 eductos
2438 833 2582 884 quos
2615 815 2944 870 clauserant
2980 817 3275 885 principes

215 900 530 972 ipsumque
567 901 911 956 castellum
947 916 1093 955 novo
1125 901 1405 972 episcopo
1440 903 1769 971 redderent,
1809 903 1916 973 ipsi
1956 904 2190 973 insuper
2227 904 2636 973 nmlipedesab
2663 905 2751 958 his
2778 921 2923 974 quos
2956 905 3274 958 afﬂixerant

3517 421 3667 478 lUtlti

218 989 442 1045 veniam
480 990 910 1060 postularent.
937 991 1088 1044 Tunc
1114 991 1286 1043 etiam
1315 1005 1341 1043 a
1371 991 1549 1059 prima
1583 991 1898 1045 ebdomada
1934 993 2412 1060 quadragesimze,
2442 1008 2552 1061 qua
2577 999 2630 1046 et
2661 994 2948 1046 mediante
2976 993 3096 1048 haec
3126 994 3276 1062 passi

223 1093 446 1148 sumus,
474 1084 795 1132 cometam
820 1079 1079 1132 immensi
1108 1077 1350 1145 fulgoris
1374 1078 1461 1109 ¹⁸⁰⁹
1483 1080 1748 1148 usquead
1775 1081 2098 1149 passionem
2127 1080 2783 1149 ltmniniconspeximus
2806 1081 3019 1148 (Fabia;
3045 1081 3275 1150 Mart).

224 1171 634 1226 Revertentes
663 1168 759 1201 ¹⁸¹⁰
787 1182 1035 1238 quoque,
1067 1175 1179 1221 tam
1209 1182 1492 1238 pauperes
1518 1183 1686 1237 quam
1712 1169 1947 1236 divites,
1976 1185 2084 1222 non
2116 1170 2238 1223 sine
2267 1170 2502 1239 pr0prio
2534 1169 2744 1236 singuli
2781 1170 3045 1238 dampno,
3085 1186 3275 1236 regem

231 1265 501 1316 nostrum
533 1258 885 1314 Heinricum
919 1257 1190 1327 quiddam
1223 1256 1522 1310 infortunii
1555 1256 1637 1288 ιδιί
1664 1273 2007 1327 perpessum
2034 1273 2061 1312 a
2089 1257 2510 1312 rebellantibus
2537 1259 2646 1312 sibi
2676 1257 2968 1312 nonnullis
2995 1272 3097 1326 per
3121 1259 3278 1312 Alsa-

233 1349 374 1403 tiam
404 1349 724 1404 seditiosis
750 1346 862 1413 “1’,
891 1349 1033 1400 fama
1061 1345 1294 1398 sinistra
1319 1344 1406 1375 ¹⁸¹³
1427 1345 1808 1415 percepimus,
1839 1350 2057 1415 patrem
2073 1352 2221 1400 'vero
2248 1346 2402 1412 regis
2425 1361 2535 1400 non
2563 1345 2784 1400 modica
2812 1346 3043 1399 sibimet
3068 1345 3278 1399 auxilia

229 1445 440 1494 contra
461 1438 653 1493 filium
683 1435 1025 1496 attraxisse,
1057 1434 1162 1488 hoc
1187 1438 1274 1487 est
1302 1434 1637 1503 episcopum
1669 1434 2056 1500 Leodienscm,
2096 1435 2420 1488 lleinricum
2447 1434 2648 1488 ducem
2679 1433 3138 1488 Lothariensium
3165 1433 3275 1500 1““,

236 1527 566 1595 Coloniam,
603 1525 916 1592 Iuliacum,
955 1525 1226 1588 Bonnam,
1256 1538 1380 1591 qua}
1405 1528 1464 1576 ct
1489 1523 1732 1590 Verona,
1765 1527 2096 1593 metet-aque
2131 1524 2314 1592 partis
2346 1522 2500 1576 illius
2531 1522 2776 1592 Oppida;
2813 1524 3051 1590 hzeeque
3084 1523 3283 1576 nonni-

233 1616 356 1673 ehil
395 1613 781 1670 titubationis
823 1611 1087 1678 religioni
1133 1611 1501 1666 minabantur
1530 1611 1856 1665 catholieze.

311 1711 611 1760 ueterum
637 1702 726 1733 “’5
753 1716 852 1756 rex
879 1701 1182 1754 lleinricus
1207 1699 1402 1752 divina
1431 1700 1740 1753 roboratus
1775 1715 1911 1752 cou-
1945 1703 1998 1759 Α

238 1795 633 1860 lidentia,nce
661 1791 852 1844 minus
880 1790 1348 1855 magnanimitate
1371 1789 1658 1841 animatus
1689 1790 1905 1850 innata,

235 1884 382 1938 dum
418 1882 586 1952 quasi
625 1885 823 1951 partes
858 1879 1118 1932 inimicas
1149 1877 1577 1942 humiliaturus,
1617 1878 1909 1945 Leodium,

233 1970 586 2042 paschale-in
641 1967 779 2021 inibi
833 1966 1050 2020 curiam
1107 1966 1410 2019 habiturus
1464 1965 1570 2028 “1°,
1619 1965 1918 2018 converti-

239 2068 344 2115 tur
373 2059 485 2126 ¹⁸¹τ,
514 2063 646 2127 post
678 2058 890 2109 festum
928 2053 1241 2123 palmarum
1279 2053 1530 2107 Colonia:
1565 2055 1909 2108 cedentibus

232 2149 518 2205 hostibus
561 2146 704 2199 satis
743 2143 996 2213 iocunde
1041 2141 1396 2197 celebratum
1441 2142 1525 2172 ""3
1558 2143 1758 2206 (.lltti'l.
1804 2149 1908 2210 IS),

233 2245 407 2292 moto
448 2235 753 2300 comitatu,
803 2248 1027 2285 rursum
1077 2232 1320 2284 fortunae
1363 2231 1759 2284 sinistrorsum
1794 2232 1899 2284 sibi

237 2333 441 2380 rotam
484 2322 716 2378 volvere
744 2320 942 2388 sentit,
973 2319 1104 2373 dum
1132 2320 1396 2372 nimirum
1429 2318 1512 2349 ¹⁸¹⁹
1543 2319 1666 2388 [res
1691 2319 1806 2387 12m'|
1836 2321 1915 2372 in-

231 2412 588 2468 consultius
613 2409 696 2441 ¹⁸²¹
723 2409 937 2478 agitur.
973 2409 1106 2462 Nam
1144 2408 1374 2475 cognita
1407 2408 1591 2476 patris
1627 2408 1912 2461 machina-

235 2504 437 2569 tione,
475 2500 570 2569 qui
610 2498 810 2567 utique
841 2512 917 2556 se,
950 2502 1008 2550 ut
1034 2496 1122 2550 vir
1146 2496 1394 2550 bellator
1419 2496 1488 2549 ab
1514 2495 1907 2550 adolescentia

236 2605 356 2646 sua
385 2588 494 2657 ‘3”,
522 2590 664 2643 satis
693 2592 1103 2654 argumentose
1136 2601 1238 2653 per
1266 2584 1586 2638 conductas
1611 2586 1676 2636 ad
1705 2585 1905 2637 civita—

238 2687 393 2746 tem,
420 2692 530 2746 qua
555 2675 774 2730 curiam
803 2673 1076 2727 indictam
1106 2673 1577 2743 preseripsimus,
1603 2673 1802 2742 copias
1825 2689 1910 2726 re-

234 2765 464 2820 sistere
492 2763 755 2832 parabat,
786 2758 910 2829 ipse
933 2759 1171 2826 juvenili
1206 2759 1614 2813 nichilominus
1643 2760 1910 2813 animosi-

226 2857 369 2906 tate
411 2863 754 2916 succensus,
801 2847 918 2914 illo,
970 2862 1141 2917 parva
1186 2847 1322 2901 licet
1356 2863 1522 2900 manu
1559 2848 1807 2908 cinctus,
1848 2853 1904 2902 ut

231 2943 508 3011 coeperat
548 2938 652 3006 ire,
685 2937 1010 2990 contendit.
1047 2935 1166 3000 Qua
1196 2936 1263 2988 de
1293 2952 1350 2989 re
1378 2937 1678 3004 premissis
1705 2942 1808 2989 300
1831 2935 1907 2989 vi-

2105 1702 2386 1754 Caeterum
2429 1716 2526 1754 rex
2569 1700 2872 1754 lleinricus
2914 1699 3102 1753 divina
3146 1701 3451 1756 roboratus
3500 1704 3674 1758 confi-

2032 1789 2247 1850 dentia,
2301 1789 2432 1842 dum
2483 1789 2647 1857 quasi
2705 1795 2901 1858 partes
2954 1789 3215 1842 inimicas
3266 1789 3674 1846 humiliaturus

2033 1877 2322 1945 Leodium,
2369 1877 2672 1930 habiturus
2707 1878 2844 1929 inibi
2889 1877 3212 1946 paschalem
3257 1880 3499 1948 curiam,
3543 1895 3676 1934 con-

2034 1965 2199 2016 vertit
2219 1981 2304 2024 nr.
2328 1971 2455 2034 post
2478 1967 2683 2018 festum
2710 1965 3025 2034 palmarum
3053 1965 3302 2018 Colonia)
3327 1967 3674 2021 cedentibus

2032 2051 2299 2106 hostibus
2324 2054 2465 2106 satis
2486 2053 2734 2119 jucunde
2758 2054 3113 2106 celebratum
3142 2054 3344 2110 (Μαγι.
3389 2058 3490 2123 IS),
3519 2061 3674 2111 moto

2032 2142 2333 2202 Comitatu,
2365 2157 2591 2194 rursum
2623 2143 2868 2195 fortunae
2907 2149 3088 2194 rotam
3125 2143 3526 2197 sinistrorsum
3562 2145 3673 2198 sibi

2033 2227 2180 2282 volvi
2244 2231 2550 2298 persentit,
2612 2229 2743 2282 dum
2807 2230 3070 2282 nimirum
3131 2230 3520 2285 inconsultius
3581 2246 3675 2286 res

2031 2317 2243 2384 agitur,
2288 2318 2419 2371 dum
2466 2318 2587 2386 ipse
2624 2318 2865 2384 juvenili
2918 2334 3233 2372 succensus
3281 2320 3670 2389 animositate,

2032 2420 2203 2474 parva
2237 2404 2373 2458 licet
2405 2421 2591 2473 manu,
2629 2406 2843 2459 curiam
2877 2407 3204 2460 condictam
3235 2408 3504 2462 hostibus
3535 2408 3672 2463 invi-

2031 2495 2106 2546 tis
2140 2496 2298 2547 adire
2327 2501 2590 2548 conatur.
2630 2496 2938 2549 l’rcmissis
2971 2495 3162 2564 itaque
3199 2498 3478 2550 trecentis
3511 2497 3669 2566 viris,

2030 2583 2123 2651 qui
2163 2589 2391 2651 pontem
2428 2599 2604 2652 super
2638 2585 2843 2637 Mosam
2881 2568 3115 2638 fluvium
3157 2583 3283 2638 loco
3321 2585 3412 2653 qui
3457 2586 3675 2640 dicitur

2027 2672 2300 2737 Wegesaz
2343 2679 2746 2726 constructum
2786 2673 3162 2726 observarent
3209 2705 3275 2712 —
3309 2689 3435 2727 nam
3476 2689 3674 2727 omnes

2025 2759 2280 2826 ejusdem
2307 2761 2558 2814 fluininis
2590 2761 2872 2815 transitus
2898 2762 3094 2814 hostes
3119 2766 3547 2830 interrnperant
3572 2795 3637 2801 —
3661 2807 3673 2827 ,

2025 2848 2155 2901 dum
2193 2865 2290 2901 rex
2328 2849 2378 2900 in
2417 2849 2630 2917 palatio
2661 2850 3006 2916 Aqnisgrani
3042 2866 3241 2903 cenam
3277 2852 3491 2904 Domini
3529 2853 3676 2906 cele-

2027 2939 2153 2989 brat
2184 2937 2388 3004 (Πανί.
2418 2943 2526 2996 22),
2561 2939 2670 2989 dux
2711 2938 3015 2989 ilcinricus
3043 2953 3171 2990 eum
3198 2940 3458 2992 exercitu
3487 2941 3678 3006 regios

236 3030 343 3092 ris,
385 3028 480 3098 qui
517 3031 746 3098 pontem
793 3038 966 3092 super
1012 3024 1218 3077 Musam
1255 3023 1344 3053 ¹⁸²³
1380 3024 1613 3077 fluvium
1651 3024 1773 3077 loro
1808 3037 1901 3092 qui
1936 3053 1988 3110 Β
2021 3024 2089 3076 ad
2126 3031 2358 3093 poutt‘nn
2407 3025 2623 3076 invadit
2664 3025 2898 3090 milites,
2946 3025 3286 3094 naviterqne
3325 3028 3672 3083 resistentes

237 3117 524 3184 Wegesaz
552 3113 638 3146 ¹⁸²⁴
669 3114 819 3182 (304)
853 3110 1068 3164 dicitur
1092 3116 1494 3165 construetum
1521 3114 1762 3165 observa
1776 3117 1902 3164 rent

241 3237 312 3242 ——
336 3218 466 3258 nam
489 3215 689 3257 omnes
708 3199 966 3268 ejusdem
993 3199 1238 3252 [luminis
1261 3198 1542 3252 transitus
1561 3200 1673 3266 jam
1702 3200 1898 3252 hostes

241 3294 695 3362 interruperant
720 3321 802 3357 -—,
829 3288 961 3341 dum
987 3302 1085 3340 rex
1107 3287 1158 3339 in
1183 3287 1397 3355 palatio
1423 3288 1762 3355 Aquisgrani
1788 3304 1900 3342 cae-

244 3396 381 3436 nam
412 3378 637 3434 Domini
673 3377 936 3432 celebrat
970 3375 1171 3430 (Jla'rt.
1200 3381 1308 3442 2'2),
1346 3377 1460 3428 dux
1485 3376 1899 3431 1mIleinricus

239 3484 379 3526 cum
413 3468 677 3524 exercitu
721 3465 1042 3520 czesariano
1087 3463 1279 3530 regios
1313 3463 1380 3517 ad
1420 3469 1646 3533 pontem
1681 3464 1899 3520 invadit

238 3558 487 3625 milites,
533 3555 878 3623 naviterque
922 3552 1261 3607 resistentes
1301 3559 1422 3606 arte
1466 3553 1708 3620 quadam
1742 3554 1900 3622 equi-

239 3646 433 3712 tandi,
479 3659 587 3713 qua
629 3657 774 3711 gens
817 3640 911 3695 illa
955 3640 1082 3710 plus
1114 3641 1344 3694 czeteris
1377 3639 1462 3672 ¹⁸²⁶
1494 3641 1697 3705 utitur,
1736 3641 1787 3693 in
1829 3641 1902 3695 la—

237 3735 398 3790 tiora
443 3730 532 3764 ¹⁸²⁷
575 3729 883 3795 deductos,
937 3727 1308 3782 multitudine
1362 3727 1649 3795 legionum
1701 3729 1898 3795 cingit,

241 3820 554 3892 opprimit,
598 3817 811 3874 sternit
842 3816 931 3848 ¹⁸τ⁸
964 3823 1138 3884 atque
1166 3817 1352 3886 capit;
1391 3816 1697 3870 nonnullos
1731 3817 1901 3870 etiam

239 3910 531 3966 cedentes
554 3907 765 3961 ﬂuvius
785 3906 1030 3959 voravit.
1057 3904 1292 3957 Videres
1316 3905 1667 3958 fortissimos
1691 3905 1905 3958 Macha-

247 3999 395 4052 bcos
423 3996 476 4050 in
509 3995 659 4050 bello
685 3993 775 4026 ¹⁸²⁰
798 3992 1102 4047 catholicze
1143 3992 1318 4059 pacis,
1347 3999 1475 4061 post
1501 3998 1749 4060 stragem
1785 3993 1906 4061 plu-

248 4085 459 4138 rimam
483 4080 828 4152 apostaticm
855 4081 1011 4148 genti
1045 4079 1282 4146 illatam,
1321 4081 1428 4132 [ide
1455 4096 1654 4146 magna
1679 4087 1736 4134 ct
1764 4082 1902 4135 licti-

245 4174 338 4228 cia
367 4188 508 4228 suas
533 4172 752 4226 animas
773 4170 998 4224 Christo
1023 4185 1124 4239 pro
1149 4185 1206 4222 se
1231 4185 1402 4238 passo
1428 4169 1906 4224 commendantes

248 4277 315 4318 ac
341 4259 679 4329 hujusmodi
715 4274 818 4328 pro
853 4258 1102 4312 transitu
1141 4257 1394 4327 priorum
1430 4257 1776 4312 delictorum
1814 4274 1904 4312 ve-

252 4350 409 4406 niam
427 4349 483 4404 in
498 4349 698 4404 eadem
723 4345 1096 4414 indulgentize
1114 4345 1202 4398 die
1220 4360 1278 4399 se
1293 4351 1642 4401 consecutos
1666 4346 1909 4400 invicem

252 4437 654 4496 consolantes.
687 4436 784 4490 His
810 4437 1054 4490 fortuna:
1081 4435 1345 4500 fallaciis,
1380 4435 1548 4490 immo
1575 4435 1773 4491 summi
1802 4435 1914 4489 dis-

257 4527 553 4600 positione
573 4525 811 4596 judicis,
831 4540 990 4579 mens
1015 4524 1404 4579 hereticorum
1431 4528 1777 4592 tumescere,
1809 4540 1910 4578 nec

257 4621 457 4672 tamen
509 4615 965 4671 orthodoxorum
1008 4612 1097 4644 “33°
1136 4629 1269 4683 spes
1322 4613 1663 4667 decrescere
1715 4613 1910 4683 cmpit.

259 4706 384 4761 Rex
419 4703 570 4760 enim
603 4703 685 4736 ¹⁸³¹
721 4703 872 4758 inter
906 4703 1028 4772 ipsa
1062 4701 1353 4772 paschalia
1389 4703 1531 4756 festa
1568 4701 1772 4772 (Mart.
1802 4706 1912 4771 '26),

2019 3120 2144 3164 arte.
2189 3114 2433 3180 quadam
2476 3113 2794 3180 equitandi,
2832 3129 2939 3181 qua
2974 3129 3116 3180 gens
3152 3115 3246 3168 illa
3284 3117 3412 3184 plus
3445 3118 3676 3171 ueteiis

2017 3205 2222 3268 utitur,
2276 3202 2328 3253 in
2381 3202 2587 3255 latiora
2639 3202 2923 3255 deductos
2977 3203 3238 3271 ampliori
3293 3204 3668 3258 multitudine

2010 3289 2211 3356 cingit.
2276 3292 2572 3359 opprimit,
2638 3291 2848 3342 sternit
2910 3299 3082 3358 atque
3145 3293 3335 3359 capit;
3399 3296 3670 3350 nonullos

2009 3380 2183 3433 etiam
2218 3379 2498 3431 cadentes
2525 3379 2731 3430 fluvius
2758 3385 3000 3430 \‘Ul‘tlYl‘.
3038 3379 3277 3433 Videres
3313 3383 3673 3443 fortissimos

2013 3467 2354 3521 .‘llaeliabcos
2390 3465 2442 3519 in
2482 3465 2631 3518 bello
2678 3466 2982 3519 catholica.-
3031 3468 3204 3534 pacis,
3249 3477 3376 3537 post
3414 3479 3670 3542 stragem

2015 3556 2320 3626 plurimam
2364 3554 2708 3624 apostaticto
2747 3556 2902 3622 genti
2952 3555 3190 3625 illatam,
3233 3559 3342 3612 tidc
3379 3576 3579 3630 magna
3613 3570 3671 3618 et

2016 3644 2226 3698 lteticia
2263 3659 2398 3697 suas
2435 3645 2652 3696 animas
2691 3643 2917 3697 Christo
2955 3659 3056 3714 pro
3092 3660 3149 3698 se
3188 3663 3355 3714 passo
3389 3664 3673 3705 commcn-

2017 3732 2244 3798 dantes,
2279 3749 2342 3785 ac
2377 3731 2705 3799 hujusmodi
2732 3747 2833 3800 pro
2861 3734 3106 3786 transitu
3142 3736 3397 3803 priorum
3434 3738 3675 3793 delicto-

2022 3836 2142 3875 rum
2167 3822 2386 3873 veniam
2419 3821 2467 3872 in
2497 3820 2692 3873 eadem
2721 3822 3092 3889 indulgentia-
3120 3823 3211 3877 die
3237 3839 3299 3877 se
3323 3836 3674 3883 consecutos

2022 3909 2266 3963 invicem
2317 3909 2708 3963 consolantes.
2747 3910 2843 3962 llis
2880 3913 3126 3965 fortunae
3183 3913 3446 3972 fallaciis.
3504 3917 3673 3971 immo

2023 3998 2226 4052 summi
2285 3999 2667 4066 dispositione
2714 3999 2946 4065 judicis,
3003 4017 3159 4055 mens
3209 4004 3672 4058 seisniatictu'uin

2024 4093 2374 4150 tumescere,
2415 4102 2515 4138 ιιι-ρ
2553 4091 2738 4139 tamen
2785 4089 3244 4142 orthodoxorum
3281 4107 3413 4159 spes
3446 4093 3674 4147 decres-

2023 4191 2154 4227 cere
2205 4174 2377 4242 cepit.
2440 4175 2554 4225 ltex
2607 4175 2753 4226 enim
2812 4176 2961 4227 inter
3006 4176 3127 4243 ipsa
3184 4179 3468 4244 paschalia
3526 4181 3668 4233 festa

2025 4261 2228 4327 (Mart.
2264 4265 2373 4330 2:5),
2412 4279 2536 4329 quae
2571 4267 2704 4315 tunc
2752 4279 2851 4331 pro
2893 4269 3104 4318 eventu
3149 4265 3230 4318 rei
3274 4268 3481 4322 Munna.1
3524 4269 3674 4322 cele-

2029 4351 2254 4417 brabat,
2289 4349 2615 4402 lleinricum
2643 4350 2865 4417 ducem,
2892 4350 3114 4416 judicio
3141 4355 3485 4422 optimatum
3511 4373 3671 4412 reum

2029 4438 2352 4506 maiestatis
2376 4443 2432 4491 et
2459 4437 2680 4490 hostem
2714 4438 2794 4490 rei
2828 4437 3096 4507 publicze,
3124 4441 3335 4496 ducatu
3374 4444 3578 4514 privat,
3609 4462 3672 4500 ac

2027 4519 2353 4588 generalem
2393 4519 2819 4588 expeditionem
2863 4525 3062 4574 contra
3101 4523 3548 4593 Lotharingiam,
3584 4540 3674 4580 ac—

2030 4614 2200 4678 cepto
2226 4623 2253 4661 a
2284 4607 2638 4678 principilms
2663 4614 3047 4678 sacramento,
3081 4624 3184 4679 per
3214 4615 3397 4666 totum
3433 4626 3670 4680 regnum

2031 4698 2233 4754 indicit
2265 4705 2320 4752 et
2357 4703 2648 4768 preparat.

260 4807 389 4864 quae
426 4798 567 4849 tunc
597 4806 703 4866 pro
739 4796 949 4848 eventu
981 4790 1062 4846 rei
1100 4789 1187 4823 ¹⁸³²
1222 4793 1433 4848 Bunnaa
1467 4787 1558 4823 1'”
1590 4791 1927 4846 celebrabat
1962 4787 2073 4859 “3‘,
2110 4789 2438 4845 lleinricum
2473 4790 2696 4857 ducem,
2735 4787 2955 4856 judicio
2995 4789 3335 4859 optimatum
3368 4803 3527 4846 reum

1639 4944 1874 4999 VARI/Ii
1909 4942 2304 4999 LECTIONES.

335 5069 428 5104 m7
464 5069 536 5126 de
576 5073 651 5126 9ο,
755 5067 842 5101 ¹⁸⁰⁸
880 5068 1108 5126 clausas
1155 5074 1233 5124 10.
1286 5075 1364 5126 11.

265 5148 666 5200 conneuentes
714 5154 863 5198 corr.
916 5141 1308 5196 connitientes
1354 5145 1406 5196 7.

268 5219 448 5270 stram
483 5216 533 5270 7.

267 5300 394 5341 mur
423 5285 519 5340 E2.
621 5281 711 5316 ¹⁸¹⁸
743 5283 1176 5338 celebraturum
1207 5285 1256 5338 4.
1292 5288 1339 5336 5.
1376 5285 1425 5337 6.
1462 5287 1512 5336 7.
1549 5285 1625 5335 9°.
1665 5287 1744 5334 10.

267 5358 342 5414 9°.
426 5353 518 5390 1'”
548 5354 714 5411 deest
741 5357 790 5410 6.
827 5361 874 5409 7.
903 5359 980 5410 9°.
1017 5355 1098 5408 10.
1141 5358 1220 5408 11.
1321 5351 1410 5385 ³⁸³³
1442 5354 1642 5408 misam
1675 5358 1751 5408 9“.

270 5433 348 5485 10.
386 5433 473 5484 11.
577 5424 671 5459 ¹⁸¹⁶
717 5441 766 5481 c.
804 5441 856 5498 p.
895 5429 996 5498 4,__
1044 5423 1150 5498 “"_
1183 5423 1390 5498 altiora
1428 5428 1631 5498 10.-11.

1466 5068 1681 5140 "9901's
1721 5069 2010 5140 scriptum
2047 5069 2236 5140 Elui
2283 5067 2827 5140 immensofulgore
2872 5072 2920 5120 ti.

1509 5139 1593 5171 1°“
1630 5141 1866 5194 fortunii
1907 5145 1990 5193 10.

633 5210 724 5243 ¹⁸¹⁴
765 5211 1280 5280 lotharingiensem
1310 5217 1360 5266 7.
1409 5211 1822 5265 lothoriensem
1858 5217 1933 5263 9°.
2037 5210 2124 5241 ¹⁸¹⁵
2165 5210 2273 5262 Sed
2309 5211 2356 5262 4.

633 5281 711 5316 ³1⁸
743 5283 1176 5336 celebraturum
1207 5285 1256 5336 4.
1292 5288 1339 5336 5.
1376 5285 1425 5336 6.
1462 5287 1512 5336 7.
1549 5285 1625 5335 9°.
1665 5287 1744 5334 10.
1846 5281 1934 5314 ¹⁸¹⁹
1968 5281 2129 5336 deest
2153 5285 2202 5335 6.
2240 5286 2288 5333 7.
2325 5284 2382 5332 9°

1849 5288 1934 5314 ιω
1968 5288 2129 5337 deest
2153 5288 2202 5335 6.
2240 5288 2288 5333 7.
2325 5288 2398 5332 ac.
2617 5288 2708 5335 ita
2737 5288 2796 5333 IS.
2831 5288 2910 5346 (et
2941 5288 2959 5332 ί

1849 5353 1936 5384 ¹δ²⁸
1970 5367 2256 5420 uuegezaz
2288 5354 2338 5405 6.
2374 5353 2534 5420 719°.
2574 5365 2871 5418 wegesaza
2909 5353 2959 5405 4.

932 5467 943 5479 .
1044 5423 1132 5457 1'"
1183 5423 1390 5479 altiora
1428 5428 1508 5479 10.
1546 5429 1631 5479 11.
1728 5421 1817 5454 ³⁸³⁸
1869 5428 1942 5479 st.
1978 5440 2028 5477 0.
2062 5430 2111 5478 6.
2146 5429 2198 5479 7.
2235 5425 2310 5475 9°.

264 5498 351 5532 "“
384 5505 587 5558 autem
622 5500 708 5554 10.
746 5492 829 5553 11.
910 5492 1000 5530 ³⁸³³
1031 5495 1154 5566 regi
1181 5497 1234 5553 4.
1270 5501 1356 5552 10.
1439 5493 1529 5528 ηδ’
1563 5496 1754 5552 bunno
1790 5499 1874 5552 10.
1910 5500 1994 5549 11.
2074 5492 2163 5526 1⁸³⁸
2192 5493 2450 5551 celebrat
2483 5498 2564 5548 9°.

3027 5065 3112 5097 ¹⁸¹⁰
3149 5067 3667 5144 convertentespf.

2089 5137 2178 5170 ³⁸1³
2218 5138 2526 5192 seditionis
2567 5139 2614 5192 4.
2664 5145 2711 5192 ti.
2758 5142 2808 5192 7.
2852 5143 2934 5192 10.
2986 5142 3067 5191 1|.
3169 5136 3256 5168 ¹⁸¹³
3297 5138 3498 5190 famam
3539 5136 3676 5190 sini-

2037 5207 2124 5241 ¹⁸¹⁵
2165 5210 2273 5262 Sed
2309 5211 2356 5262 4.
2457 5207 2546 5239 ³⁸1⁸
2589 5210 2957 5263 habitaturus
2989 5211 3036 5262 4.
3076 5213 3156 5260 10.
3257 5206 3343 5238 ¹⁸¹τ
3387 5206 3676 5260 converti-

2040 5282 2129 5329 ρει
2153 5285 2202 5329 6.
2240 5286 2288 5329 7.
2325 5284 2398 5329 9°.
2499 5278 2588 5310 ¹⁸¹⁰
2617 5281 2708 5329 ita
2738 5281 2796 5329 E.
2831 5281 2910 5329 (et
2941 5280 3026 5329 C.)
3103 5277 3191 5311 ¹⁸²ι
3225 5277 3590 5329 inconsultus
3620 5280 3670 5329 6.

2499 5278 2588 5310 ¹⁸¹⁰
2617 5281 2708 5335 ita
2737 5281 2796 5333 E.
2831 5281 2910 5346 (et
2941 5280 3026 5349 C.)
3103 5278 3191 5311 ¹⁸²¹
3225 5278 3590 5333 inconsultus
3620 5280 3670 5332 6.

2499 5360 2534 5403 ο.
2574 5365 2871 5406 weaesaza
2909 5353 2959 5405 4.
3060 5347 3149 5382 ¹⁸²⁵
3181 5352 3297 5406 dux
3334 5351 3392 5402 ll.
3429 5351 3480 5404 4.
3510 5351 3560 5403 6.
3596 5352 3669 5402 9°.

2411 5419 2499 5453 ¹⁸²⁹
2551 5421 2759 5478 bellico
2811 5423 2902 5476 ΕΩ.
3004 5418 3094 5455 ¹⁹³⁰
3140 5421 3520 5478 orthodorum
3574 5423 3670 5477 01.

1857 5617 2078 5677 ΝΟΤΔΕ.

324 5725 482 5804 (304)
519 5721 698 5781 Viset
726 5717 850 5778 sive
880 5719 1074 5777 Weset
