3934 6468
253 413 413 493 1018
1170 426 1610 500 CHRONICA.
1642 458 1721 483 κ·-
1758 433 1806 500 C

2144 429 2234 501 3N
2277 424 2827 503 UNIVERSALE.
3548 426 3697 500 1014

232 589 365 643 rum
389 583 812 686 imperatoris
844 606 875 650 a
897 592 1021 686 suis
1052 593 1360 686 appellati;
1393 611 1422 655 a
1456 594 1772 656 Catholicis
1801 612 1961 669 vero,
1987 598 2043 657 id
2075 605 2165 658 est
2196 600 2426 659 cunctis
2458 602 2631 659 beato
2673 603 2846 659 Petro
2899 596 3138 672 suisque
3173 611 3301 656 suc-

234 677 603 774 cesseribus
640 678 831 737 ﬁdem
864 686 921 738 et
951 684 1342 742 obedientiam
1378 686 1503 757 lege
1546 688 1870 746 Christiana
1902 691 2406 762 conservantibus,
2456 691 2824 764 archipyrata
2854 689 3022 748 simul
3055 695 3111 745 et
3144 688 3307 745 here-

237 764 481 864 siarcha
512 780 775 825 necnon
824 775 885 827 et
929 777 1195 864 apostata
1244 780 1705 848 persecutorque
1736 778 1866 850 plus
1914 779 2231 838 animarum
2289 795 2458 853 quam
2517 795 2829 853 corporum
2887 782 3294 850 competenter

238 854 614 924 dicebatur;
652 866 876 932 utpote
904 862 999 932 qui
1032 878 1137 920 nec
1169 865 1535 923 naturalibus
1562 882 1667 923 nec
1694 868 2228 926 consuetudinariis
2258 873 2568 926 contentus
2601 868 2941 934 sceleribus,
2987 881 3136 923 nova
3167 870 3227 922 et
3259 880 3289 922 a

236 943 809 1044 seculis‘inaudita
836 949 1084 1044 ideoque
1109 952 1387 1010 nonnulla
1418 954 1780 1011 incredibilia
1810 958 2179 1026 excogitasse
2209 963 2267 1013 et
2289 958 2625 1015 exercuisse
2655 956 3058 1013 infamabatur.
3092 956 3231 1022 Quae
3253 954 3301 1010 si

231 1033 391 1133 quis,
421 1033 701 1133 illorum
713 1038 1017 1133 arbitratu
1041 1040 1135 1110 qui
1164 1045 1277 1133 tam
1302 1057 1603 1114 perperam
1626 1059 1795 1114 quam
1820 1051 1981 1101 recte
2003 1044 2094 1079 ¹⁹³⁸
2117 1048 2188 1101 ab
2211 1047 2665 1117 imperatoribus
2687 1049 2853 1116 gesta
2879 1044 3096 1100 litteris
3124 1042 3299 1113 digna

224 1122 528 1195 iudicant,
568 1126 857 1182 scribere
896 1128 1060 1199 velit,
1124 1145 1228 1186 nos
1262 1130 1394 1187 loco
1424 1132 1705 1204 cedimus,
1768 1135 2011 1191 maxime
2041 1134 2131 1169 ’⁸⁸⁸
2160 1151 2289 1192 cum
2323 1134 2517 1206 aliqua
2546 1150 2617 1190 ex
2649 1135 2739 1191 his
2794 1132 3073 1191 oblivioni
3107 1132 3302 1203 potius

231 1225 404 1283 quam
424 1215 741 1272 memoria
760 1214 1042 1288 “‘°digna
1060 1234 1169 1275 non
1195 1219 1547 1277 dubitemus.
1567 1221 1840 1279 Pluribus
1864 1230 2055 1281 autem
2087 1226 2341 1281 testibus
2367 1225 2747 1295 comprobare
2786 1222 3107 1295 poterimus
3140 1218 3291 1291 quod

228 1315 399 1357 nemo
423 1303 683 1359 nostris
711 1303 804 1339 1°“
825 1306 1204 1377 temporibus,
1233 1313 1394 1379 natu,
1427 1309 1676 1379 ingenio,
1705 1312 2047 1368 fortitudine
2069 1318 2127 1367 et
2156 1314 2418 1381 audacia,
2444 1318 2672 1370 statura
2699 1312 2871 1367 etiam
2913 1314 3152 1380 totaque
3175 1322 3300 1363 cor-

226 1391 394 1463 poris
418 1391 747 1463 elegantia
772 1394 1193 1465 “",videretur
1218 1397 1473 1454 fascibus
1496 1400 1893 1470 imperialibus
1929 1402 2290 1474 ipsojaptior,
2320 1404 2367 1458 si
2396 1409 2582 1459 tamen
2621 1404 2678 1458 in
2702 1402 2974 1458 conﬂictu
3023 1399 3296 1454 vitiorum

228 1482 413 1537 homo
449 1496 577 1537 non
606 1483 1007 1552 degenerarct
1030 1485 1120 1542 vel
1145 1488 1550 1543 succumberet
1584 1489 1844 1546 interior.
1878 1493 2059 1547 Porro
2090 1507 2218 1548 cum
2255 1506 2359 1548 non
2397 1493 2560 1563 pauci
2588 1490 2908 1562 supersint,
2936 1488 3205 1557 idemque
3239 1485 3295 1539 in

239 1569 750 1667 sublimitatibns
782 1576 1113 1667 constituti,
1137 1591 1287 1667 quos
1307 1592 1545 1648 operum
1570 1578 1661 1612 ³⁸⁸³
1683 1580 1943 1650 ejusdem
1975 1581 2082 1637 viri
2105 1583 2440 1652 cooperatio
2464 1579 2976 1652 redarguit,|unum
3005 1574 3291 1646 estquod,

228 1649 379 1714 licet
419 1660 614 1717 nimis
660 1662 880 1732 timidi,
915 1664 1304 1731 suggerimus,
1339 1667 1611 1735 quatinus
1640 1649 1823 1738 ipsum
1857 1649 2395 1741 condempnationis
2426 1670 2553 1739 ejus
2582 1649 2909 1739 exemp—lum
2967 1666 3202 1721 sibimet
3233 1664 3288 1718 in

237 1746 594 1803 remedium
633 1754 899 1820 vertant,
947 1766 1054 1807 nec
1083 1752 1319 1810 honoris
1351 1769 1524 1823 prave
1548 1754 1637 1789 1°“
1659 1758 1952 1814 consecuti
1986 1759 2206 1825 ﬂorem,
2244 1759 2343 1813 sed
2377 1774 2569 1815 semen
2601 1757 2939 1825 adtendant,
2991 1753 3295 1822 satiusque

231 1832 466 1889 ducant
506 1836 701 1893 malis
727 1837 1036 1908 plantariis
1067 1841 1431 1898 eradicandis
1457 1843 1731 1901 insudare
1756 1860 1923 1914 quam
1952 1846 2199 1903 fructum
2223 1847 2352 1902 inde
2388 1850 2683 1917 perpetuae
2708 1844 2911 1901 mortis
2956 1844 3012 1898 in
3036 1842 3293 1897 futurum

234 1939 516 1996 carpere.
548 1927 838 1998 Alioquin
864 1929 1131 2001 desipere
1156 1932 1325 1986 nimis
1347 1937 1458 1997 est,
1486 1933 1696 1989 vulnus
1722 1934 1873 1989 ferro
1906 1934 2134 2005 plenum
2162 1935 2351 1990 sanari
2376 1934 2637 2002 credere,
2663 1936 2778 1989 Deo
2826 1931 2997 1987 simul
3024 1934 3081 1984 et
3119 1943 3293 1984 mam-

230 2028 430 2070 mona;
463 2014 794 2073 deservire
825 2017 1012 2083 velle;
1050 2020 1410 2090 monstrique
1442 2021 1629 2076 simile
1681 2028 1793 2091 est,
1826 2038 1897 2078 ex
1926 2022 2273 2080 Pharisaicm
2304 2024 2576 2078 elationis
2636 2022 2887 2091 fastigio,
2923 2020 3184 2091 ipsoque,
3220 2020 3282 2072 ut

234 2099 469 2172 dicunt,
506 2104 800 2160 mercede
828 2106 1265 2175 sacrilegiorum
1297 2123 1558 2177 ascenso,
1602 2110 1940 2179 apostolicae
1963 2110 2310 2182 humilitatis
2339 2111 2679 2179 dignitatem
2712 2122 3016 2179 usurpare,
3055 2107 3124 2161 ab
3157 2119 3288 2175 apo-

231 2189 436 2246 stasia}
490 2192 735 2248 semine
766 2193 1017 2250 fructum
1050 2195 1391 2253 hierarchiae
1424 2195 1514 2230 1’“
1544 2212 1798 2267 sperare.
1839 2200 1969 2254 Haec
2000 2198 2301 2256 hactenus.
2340 2202 2451 2254 Deo
2484 2205 2675 2254 autem
2706 2197 2949 2266 gratias,
2984 2194 3100 2265 qui,
3144 2192 3283 2247 licet

241 2278 436 2347 tarde,
464 2283 677 2336 tamen
705 2283 1142 2352 permagniﬁce,
1169 2284 1468 2339 victoriam
1495 2286 1789 2341 concessit
1811 2286 2089 2342 azcclesim
2113 2302 2230 2341 sua;
2250 2305 2263 2352 ;
2287 2286 2378 2343 cui
2415 2286 2587 2341 etiam
2620 2285 2880 2354 ejusdem
2912 2279 3289 2337 Nabuchodo-

245 2378 425 2420 nosor
452 2366 1022 2438 quinquagesimum
1047 2371 1369 2427 exactionis
1393 2388 1600 2428 annum
1635 2374 1781 2428 idem
1817 2373 2091 2435 Galilcus,
2129 2375 2222 2439 qui
2255 2374 2541 2430 lulianum
2576 2373 2861 2441 quondam
2897 2370 3135 2436 vicerat,
3159 2382 3285 2422 ver-

246 2451 324 2506 tit
356 2453 412 2507 in
442 2453 773 2524 jubileum.
801 2457 854 2511 Si
885 2458 1014 2527 quis
1039 2474 1177 2514 vero
1200 2464 1313 2513 tam
1340 2459 1561 2515 zelotes
1581 2465 1692 2524 est,
1714 2461 1806 2516 cui
1832 2461 1994 2529 quasi
2040 2461 2188 2516 diem
2214 2461 2487 2517 interitus
2514 2464 2707 2516 Amani
2728 2458 2818 2492 ¹⁹⁴⁶
2834 2458 3008 2513 etiam
3029 2454 3282 2511 Heinrici

244 2540 474 2596 obitum
526 2558 644 2614 per
669 2542 763 2576 "‘7
786 2545 1065 2602 zecclesiaa
1100 2548 1506 2617 posteritatem
1542 2549 1792 2617 ignorari
1826 2547 1915 2582 ¹⁹⁴⁸
1946 2564 2054 2604 non
2088 2548 2176 2581 ¹⁰⁴⁹
2210 2549 2405 2615 libeat,
2440 2553 2473 2602 7
2500 2549 2636 2603 ldus
2698 2545 2945 2615 Augusti
2974 2546 3119 2600 hanc
3150 2557 3283 2598 esse

251 2628 423 2723 sciat,
458 2645 583 2700 quo
607 2630 977 2723 "‘°_scilicet
1023 2635 1118 2689 die
1161 2636 1344 2706 primo
1374 2642 1611 2692 matrem
1645 2652 1804 2692 suam
1838 2637 2158 2693 azcclesiam
2185 2638 2335 2707 apud
2382 2639 2666 2691 Unstruot
2710 2635 2855 2705 (308)
2887 2632 3165 2689 invadens
3193 2628 3283 2663 ‘9“

258 2719 607 2776 innumeras
636 2719 863 2777 animas
892 2721 962 2777 ad
995 2722 1213 2779 inferos
1246 2724 1528 2794 premisit,
1562 2725 1879 2795 eademque
1921 2724 2011 2780 die
2043 2725 2240 2780 Martis
2269 2724 2377 2793 ηδ’,
2416 2739 2523 2794 qua
2555 2725 2728 2779 etiam
2761 2726 2968 2778 cuncta
3000 2735 3103 2777 sua
3137 2734 3279 2792 prae-

284 2802 335 2858 ia
369 2802 486 2875 ³⁸⁸³,
525 2808 821 2878 paganico
852 2810 1116 2866 nimirum
1150 2813 1431 2883 auspicio,
1468 2817 1805 2885 perpetrare
1835 2813 2159 2869 consuevit.

336 2892 2001 2969 Posthaecebdomadaquarta““mensisOctohrism‘A
2100 2903 2240 2955 Post
2294 2900 2417 2955 haec
2472 2898 2794 2955 ebdomada
2854 2902 3059 2968 quarta
3120 2895 3335 2951 mensis
3392 2892 3665 2950 Octobris

254 2978 523 3037 habitum
549 2988 648 3039 est
684 2985 993 3042 concilium
1019 2987 1167 3059 (309)
1188 2988 1459 3058 generale
1497 2990 1667 3059 (Οσι.)
1700 2989 1752 3044 in
1788 3004 1917 3060 pro-
2029 2993 2220 3044 actum
2253 2992 2346 3042 est
2392 2987 2699 3043 concilium
2749 2984 3021 3054 generale
3053 2984 3223 3053 (Οοί.)
3258 2983 3313 3037 in
3371 2980 3664 3052 provincia

246 3064 445 3124 vincia
504 3070 916 3141 Longobardia
945 3073 1037 3107 ¹⁹⁸⁶
1060 3089 1235 3145 super
1262 3076 1444 3147 ripam
1473 3077 1608 3132 Padi
1642 3077 1913 3149 ﬂuminis,
2027 3076 2425 3144 Longobardia
2476 3090 2648 3146 super
2691 3074 2869 3145 ripam
2916 3073 3054 3128 Padi
3103 3070 3377 3140 ﬂuminis,
3410 3069 3537 3125 loco
3569 3067 3665 3138 qui

252 3151 381 3211 loco
398 3157 501 3226 qui
526 3158 869 3216 Warstallis
888 3166 1277 3234 nuncupatur,
1302 3164 1398 3219 ubi
1424 3164 1756 3235 presidente
1776 3179 1913 3221 vere

250 3255 358 3312 per
373 3246 573 3301 omnia
613 3248 941 3319 apostolico
965 3250 1088 3305 viro
1103 3251 1366 3307 Paschali
1389 3254 1690 3323 Il°,coram
1722 3252 1914 3309 multi-

254 3331 462 3389 tudine
514 3336 772 3391 maxima
806 3335 897 3369 ³⁸⁸⁷
946 3337 1290 3395 clericorum
1338 3356 1560 3397 necnon
1611 3340 1702 3374 ¹⁹⁸⁸
1731 3345 1787 3396 et
1823 3340 1913 3374 ³³⁵⁸

258 3414 565 3490 laicorum,
604 3422 697 3492 qsi
751 3422 822 3480 de
853 3424 1217 3483 diversorum
1268 3442 1575 3497 regnorum
1628 3428 1913 3485 aacclesiis

248 3515 657 3566 convenerant
688 3510 797 3581 "‘0,
851 3516 1229 3584 presentihus
1270 3517 1445 3571 etiam
1478 3516 1688 3585 legatis
1717 3517 1907 3575 domni

247 3590 502 3652 Heinrici
538 3598 723 3667 regis,
759 3601 938 3657 multa
996 3606 1128 3657 sunt
1152 3602 1260 3673 ¹⁹⁶¹,
1298 3608 1469 3675 prout
1519 3605 1791 3660 canonica
1827 3604 1911 3659 di-

245 3682 447 3739 ctahat
476 3687 740 3758 equitas,
787 3688 1093 3746 deinimici
1118 3691 1358 3747 zizaniis
1377 3693 1597 3761 evulsa,
1625 3692 1803 3749 multa
1836 3693 1907 3749 de

251 3770 583 3830 structuris
613 3790 794 3846 super
822 3778 1095 3834 harenam
1143 3780 1353 3851 positis
1386 3780 1707 3850 destructa,
1740 3781 1905 3852 plura

249 3870 482 3930 quoque
508 3863 966 3934 pisticiseminis
986 3866 1269 3938 plantaria
1292 3869 1636 3940 profundius
1649 3868 1905 3939 plantata

248 3943 419 4040 simul
451 3954 512 4006 et
557 3950 764 4040 rigata,
788 3954 1064 4009 nonnulla
1092 3955 1266 4011 etiam
1298 3956 1609 4013 tutissima
1638 3956 1906 4013 munitio-

243 4038 329 4087 nis
363 4049 470 4106 per
500 4038 814 4096 ecclesias
834 4043 1267 4113 prepugnacula
1292 4047 1422 4100 sunt
1449 4044 1735 4101 edificata.
1765 4046 1901 4100 Nam

248 4132 375 4177 cum
398 4125 612 4182 eadem
646 4128 960 4200 Dominica,
1013 4144 1139 4200 quae
1161 4138 1288 4187 erat
1321 4136 1404 4187 12.
1438 4131 1557 4187 Kal.
1591 4132 1897 4187 Novembr.

252 4205 688 4271 Juvavensibus
739 4216 1142 4275 Chuonradum
1176 4218 1286 4290 ηδ’,
1318 4219 1670 4276 Tridentinis
1724 4221 1901 4275 Gebe-

2025 3164 2359 3220 Warstallis
2394 3163 2631 3232 dicitur,
2668 3163 2761 3219 ubi
2813 3162 3146 3233 presidente
3174 3173 3312 3216 vere
3342 3156 3666 3230 apostolico

2025 3253 2150 3307 viro
2174 3251 2437 3307 Paschali
2474 3251 2966 3318 secundo,coram
3008 3246 3378 3304 multitudine
3418 3245 3664 3302 maxima

2022 3344 2138 3395 tam
2160 3340 2437 3396 laicorum
2478 3354 2644 3408 quam
2670 3337 3039 3405 clericorum,
3065 3336 3160 3405 qui
3184 3335 3548 3391 diversorum
3578 3348 3664 3389 re-

2019 3443 2261 3498 gnorum
2284 3426 2375 3482 vel
2412 3426 2806 3483 aecclesiarum
2832 3424 3224 3493 legationibus
3246 3422 3656 3492 fungebantur,

2025 3515 2399 3588 presentihus
2421 3514 2596 3569 etiam
2625 3512 2833 3582 legatis
2857 3511 3069 3568 domini
3095 3510 3271 3579 regis,
3298 3508 3478 3566 multa
3499 3510 3656 3576 sunt,

2024 3609 2193 3676 prout
2214 3602 2490 3658 canonica
2515 3602 2776 3657 dictabat
2794 3600 3057 3669 aequitas,
3088 3600 3160 3655 de
3184 3597 3395 3654 inimici
3419 3596 3658 3652 zizaniis

2019 3693 2240 3761 evulsa,
2276 3692 2556 3763 pluraque
2613 3688 2805 3761 pistici
2839 3688 3076 3745 seminis
3107 3686 3393 3759 plantaria
3424 3684 3659 3757 profun-

2018 3782 2150 3839 dius
2184 3783 2429 3845 inserta;
2486 3785 2802 3836 structurae
2848 3792 3023 3849 super
3064 3791 3294 3834 arenam
3328 3775 3535 3847 positae
3562 3772 3660 3829 de-

2018 3875 2348 3939 struuntur,
2376 3868 2682 3925 tutissima:
2705 3866 3045 3923 munitionis
3096 3862 3530 3938 propugnacula
3554 3876 3657 3933 per

2017 3958 2315 4014 a-cclesias
2330 3956 2713 4013 EDdlﬁCﬂﬂllll‘.
2745 3956 2881 4011 Nam
2897 3969 3025 4011 cum
3042 3954 3095 4011 in
3124 3953 3324 4011 eadem
3339 3950 3654 4017 Dominica,

2018 4061 2146 4115 quae
2168 4049 2401 4101 erat12.
2430 4044 2550 4100 Kal.
2595 4042 3223 4112 Novembr.,quosdam
3264 4038 3527 4113 presules
3554 4052 3659 4110 per

2015 4149 2076 4189 se
2097 4134 2282 4204 ipsum
2324 4135 2753 4199 consecrasset,
2778 4145 3054 4187 enarrare
3079 4130 3310 4199 longum
3343 4132 3452 4197 est,
3488 4142 3656 4197 quam

2014 4221 2305 4277 indefesse
2322 4220 2575 4291 prudens
2587 4225 2646 4275 et
2672 4218 2860 4275 fidelis
2880 4218 2977 4273 ille
2998 4217 3206 4273 summi
3222 4214 3660 4288 patrisfamilias

240 4290 481 4357 bardum
497 4301 778 4374 presules
800 4306 1769 4378 consecrasset,enarrarelongum
1786 4312 1894 4377 est,
1927 4273 1981 4334 B
2012 4273 2388 4380 dispensator
2440 4321 2760 4363 conservos
2792 4321 2930 4362 suos
2984 4304 3146 4361 verbi
3179 4273 3280 4359 Dei
3307 4303 3508 4359 tritico
3537 4302 3657 4359 lau-

250 4396 417 4452 quam
461 4389 767 4449 indefesse
798 4396 1055 4465 prudens
1081 4400 1141 4453 et
1198 4395 1387 4452 ﬁdelis
1417 4396 1514 4452 ille
1571 4396 1777 4454 summi
1810 4394 1900 4429 1’”

2014 4397 2231 4453 tissime
2263 4395 2480 4451 cotidie
2512 4394 2803 4460 reficeret,
2846 4392 3380 4465 pseudeopiscopos
3407 4391 3655 4463 depone-

252 4474 1084 4553 patrisfamiliasdispensator
1105 4499 1422 4541 conservos
1443 4483 1533 4518 ‘9“
1553 4499 1694 4541 suos
1736 4484 1898 4541 verbi
2008 4490 2121 4553 ret,
2153 4482 2474 4540 catholicos
2518 4482 2933 4551 constitueret,
2966 4480 3428 4552 archiepiscopis
3455 4479 3651 4552 pallia,

246 4556 341 4615 Dei
358 4565 567 4623 tritico
580 4566 909 4627 lautissime
922 4572 1139 4628 cotidie
1155 4572 1898 4644 reﬁceret,pseudoepisco-

242 4648 442 4715 ι>οευσ⁸
454 4654 786 4727 deponeret
799 4656 909 4729 m‘,
926 4659 1255 4717 catholicos
1269 4661 1685 4731 constitueret,
1711 4660 1898 4717 archi-

2010 4571 2377 4629 monasteriis
2410 4570 2710 4642 privilegia
2729 4568 3104 4639 concesserit,
3136 4572 3442 4641 presentes
3460 4568 3651 4625 ovium

2011 4658 2224 4715 Christi
2245 4661 2516 4728 pastores
2547 4655 2841 4712 mellitluis
2854 4653 3142 4725 alloquiis,
3159 4655 3433 4710 absentes
3462 4657 3656 4724 pater-

1604 4797 1838 4854 VARLE
1878 4796 2274 4855 LECTIONES.

309 4900 400 4939 ¹⁹³⁸
428 4907 600 4966 deest
653 4911 703 4964 ι.
806 4908 899 4944 ¹⁹³⁹
930 4911 1176 4968 maxima
1207 4916 1256 4968 5.
1317 4926 1468 4970 corr.
1530 4912 1775 4969 maxime
1807 4914 1905 4968 D1.

243 4976 516 5071 tati:-
556 5051 591 5071 ..
623 4976 715 5071 ‘I‘.’
735 4994 846 5054 ονε
866 4987 957 5071 ..ῖς
992 5056 1038 5071 _.
1182 4984 1345 5071 Pr?“
1400 4987 1450 5040 ι-

263 5039 328 5127 ff‘
356 5061 425 5127 an
451 5052 537 5127 e._
556 5051 608 5107 7.
639 5054 715 5127 eo,
772 5039 789 5054 '
813 5050 957 5127 mi)"
983 5056 1045 5110 et
1074 5039 1303 5127 t—‘u.

246 5123 337 5171 ras
364 5119 649 5179 invadens
677 5123 728 5179 ι.
806 5121 900 5157 ¹⁹⁶¹
929 5124 1184 5183 marcius
1213 5128 1272 5182 6.
1310 5123 1388 5181 9°.

243 5194 389 5243 corr.
428 5205 631 5249 mense
659 5198 715 5250 7.

1457 5052 1764 5126 Ψξῇςηοιτὶ
1798 5059 1887 5111 10.

246 5334 436 5390 servos
470 5336 529 5391 6.
621 5331 715 5367 ³⁸⁸⁸
744 5335 1001 5409 pseudos
1031 5348 1129 5410 ep.
1169 5343 1220 5394 5.
1278 5336 1370 5373 ⁸³⁸⁸
1397 5337 1638 5397 deest6.
1675 5343 1726 5395 7.
1762 5340 1839 5395 9°.

1503 5122 1680 5197 ωτι).
1715 5140 1819 5183 sua
1853 5131 1902 5197 5.
1929 5193 1971 5197 η
1992 5122 2080 5197 ‘_’“
2112 5122 2434 5197 ebdomade
2465 5128 2669 5197 guartc
2698 5126 2782 5197 6°_.

243 5194 389 5243 corr.
428 5205 631 5249 mense
659 5198 715 5250 7.
750 5197 956 5265 quarta
988 5194 1044 5251 h.
1078 5211 1138 5253 e.
1178 5211 1227 5253 c.
1264 5196 1481 5253 mensis
1513 5191 1631 5253 oet.
1666 5196 1723 5253 in
1755 5197 1805 5252 ι.
1882 5193 1973 5230 ί⁹⁸⁶
2003 5195 2155 5265 lang.
2190 5199 2240 5250 7.
2322 5192 2412 5226 “‘7
2445 5191 2607 5250 deest
2634 5196 2690 5248 4.
2756 5192 2847 5226 ³³⁵⁸
2877 5193 3042 5251 deest
3067 5195 3116 5249 4.
3194 5191 3464 5249 ¹⁹⁸⁹ιίσθεί
3492 5197 3541 5249 ὅ.
3575 5196 3634 5248 6.

243 5254 299 5308 7-
333 5259 409 5315 9°.
450 5265 579 5318 10.!
631 5268 712 5319 11.
792 5264 887 5299 ‘m
914 5271 1267 5319 convenerat
1298 5269 1401 5319 E1.
1441 5270 1500 5319 2.
1584 5266 1670 5301 ί⁹⁴¹
1704 5266 1867 5319 deest
1891 5270 1942 5319 6.
2000 5271 2053 5319 7.
2085 5269 2159 5319 9°.
2240 5262 2330 5297 m’
2360 5263 2676 5319 conradum
2707 5264 2765 5319 '7.
2851 5262 2943 5297 “‘3
2972 5263 3139 5319 deest
3185 5265 3291 5319 E1.
3330 5268 3381 5319 2.
3461 5262 3552 5296 ‘9“
3581 5267 3634 5319 et

698 5307 712 5319 .
767 5263 887 5299 1’“
914 5271 1267 5325 convenerat
1298 5269 1401 5323 E1.
1441 5270 1500 5322 2.
1584 5266 1670 5301 ί⁹⁴¹
1704 5266 1867 5325 deest
1891 5270 1942 5323 6.
2000 5271 2053 5324 7.
2085 5263 2159 5321 9°.
2240 5263 2330 5297 ¹⁹⁶²
2360 5263 2676 5321 conradum
2707 5264 2765 5319 τ.

3469 4906 3560 4941 19η
3589 4924 3640 4966 θ.

2014 4911 2105 4945 ¹⁹⁴⁰
2136 4911 2428 4968 memoria)
2459 4912 2561 4967 E1.
2602 4916 2652 4966 2.
2768 4909 2856 4943 ’9”
2888 4909 3076 4965 nostri
3109 4923 3274 4965 nemo
3307 4912 3355 4965 4.

1562 4982 1653 5017 1°“
1683 4983 2026 5041 iherarchiai
2082 4983 2187 5039 D1.
2228 4984 2286 5037 E.
2340 4986 2393 5037 2.
2447 4982 2747 5039 ierarchim
2808 4986 2891 5038 10.
2953 4980 3284 5038 tetrarchia;
3343 4983 3393 5035 6.
3451 4983 3503 5035 7.
3564 4983 3638 5037 9°.

3271 5049 3361 5083 1’“
3390 5050 3645 5108 innume-

2937 5120 3028 5155 ¹⁹⁸⁵
3060 5136 3286 5178 menses
3317 5129 3451 5177 octo
3479 5125 3530 5176 6.
3562 5125 3638 5178 9°.

2042 5051 2132 5086 1°“
2164 5067 2272 5108 non
2325 5069 2359 5107 ι.
2386 5050 2566 5123 liccat
2604 5056 2654 5107 4.
2766 5050 2857 5085 ¹⁰⁶⁰
2887 5050 3042 5123 quod
3090 5055 3152 5107 6.

2851 5262 2943 5297 “'3
2972 5263 3139 5322 deest
3185 5265 3291 5320 E1.
3330 5268 3381 5320 2.
3461 5262 3552 5296 1°“
3581 5267 3640 5320 et

1823 5460 2043 5517 NOTAE.

314 5568 458 5654 (308)
491 5573 632 5654 [Iaso
663 5587 852 5654 pugna
884 5588 937 5654 a.
969 5578 1129 5654 1076;
1162 5574 1486 5654 d.ﬁ_91unii,
1518 5576 1618 5654 sed
1669 5574 1780 5654 alia
1813 5575 1884 5632 ad
1994 5573 2395 5654 Man‘siﬁXLp.‘

1997 5646 2149 5724 (Act.
2294 5641 2416 5699 Mai.
2448 5644 2538 5724 lll,
2573 5659 2624 5714 p.
2660 5646 2772 5714 67),
2822 5641 2920 5698 alii
2965 5643 3136 5715 hujus
3158 5643 3522 5703 collectionis
3545 5661 3643 5701 vo-

1995 5715 2195 5775 lumini
2224 5714 2605 5773 inserendam.

254 5632 451 5716 Sl-ljowi
482 5632 1664 5716 ﬂuviumd.7August.'a.1078conimissa
1698 5650 1808 5702 est.

311 5706 447 5786 (300)
479 5715 548 5771 V.
591 5715 733 5773 Acta
784 5730 858 5774 ex
907 5706 1101 5776 CEncii
1131 5719 1259 5778 cod.
1296 5719 1477 5790 Vatic,
1512 5718 1758 5791 aliisque
1788 5731 1879 5790 ap.

2332 5588 2392 5644 p.
2438 5576 2592 5628 1209.
2647 5571 2731 5626 Cf.
2791 5570 3319 5644 etiamTransl.”S.
3355 5572 3638 5631 Modoaldi
