3948 6418
149 363 255 418 209

784 356 1166 415 EXPOSITIO
1197 359 1273 414 IN
1297 357 1680 417 EPISTOLAS
1738 359 1962 416 PAULI.
1993 389 2062 400 --
2092 359 2166 415 IN
2196 359 2415 417 EPIST.
2459 361 2482 417 Ι
2518 362 2614 416 ΑΙ)
2654 359 2813 417 COR.

3351 363 3457 417 210

156 485 347 540 dicens
383 498 395 538 :
431 483 578 538 Mors
608 499 707 555 per
755 482 1029 538 Christum
1059 483 1387 550 destruetur,
1423 493 1477 540 et
1505 484 1753 540 homines
1773 486 1828 545 Α
1858 482 2022 540 ﬁdem
2051 484 2496 541 resurrectionis.
2536 486 2641 541 Per
2659 487 2765 542 hoc
2793 484 2939 557 quod
2966 483 3097 540 dicit
3123 484 3336 554 seduci,
3360 499 3460 540 no-

160 581 290 629 tunc
320 581 620 643 resurgant
654 587 666 626 :
708 573 981 645 alioquin,
1013 572 1068 626 id
1100 581 1181 627 est
1211 573 1257 627 si
1287 573 1439 629 dicas
1495 589 1606 629 non
1635 589 1757 628 esse

163 661 624 718 resurrectionem
645 669 1000 725 mortuorum,
1023 663 1154 734 quid
1175 663 1394 733 facient
1418 662 1494 716 illi
1514 663 1609 735 qui
1629 663 1757 734 bap-

165 753 428 806 tizantur
454 768 559 822 pro
606 751 848 806 mortuis
869 752 897 806 ‘l
937 751 1131 823 Tangit
1160 750 1249 806 hic
1304 752 1603 822 reprobum
1634 768 1756 806 mo-

161 857 274 895 rem
305 839 690 912 quorumdam.
731 839 843 911 qui,
895 840 1076 895 audito
1109 840 1254 911 quod
1312 841 1640 896 resurrectio
1668 839 1756 894 fu-

165 937 286 983 tura
341 935 486 983 esset
544 943 729 983 eorum
789 928 879 1000 qui
938 928 1361 998 baptizarentur,
1395 945 1515 985 cum
1574 935 1758 984 essent

162 1016 439 1087 baptizati,
473 1017 670 1071 iterum
717 1017 840 1072 loco
896 1015 1132 1072 infidelis
1188 1018 1357 1088 patris
1389 1019 1500 1087 jam
1557 1018 1759 1073 mortui

159 1106 506 1177 baptizabant
537 1122 595 1160 se
629 1121 641 1160 :
675 1113 731 1161 ut
761 1106 840 1161 sic
868 1114 1018 1176 pater
1062 1106 1148 1162 vel
1190 1115 1364 1162 mater
1418 1106 1758 1162 salvarentur

157 1195 216 1250 in
247 1195 669 1251 resurrectione.
719 1196 786 1249 Et
825 1196 929 1251 hoc
981 1195 1196 1251 adducit
1245 1196 1312 1250 ad
1368 1196 1757 1251 verecundiam

162 1284 564 1339 Corinthiorum
597 1301 610 1338 :
643 1283 769 1354 quia
801 1283 848 1337 si
874 1283 950 1338 illi
980 1283 1227 1354 perversi
1257 1292 1458 1340 tantam
1497 1283 1657 1339 fidem
1686 1285 1755 1340 de

162 1373 558 1428 resurrectione
613 1372 905 1438 habebant,
983 1380 1188 1444 quanto
1263 1373 1436 1445 magis
1496 1373 1756 1429 Corinthii

161 1462 423 1516 deberent
453 1460 910 1516 resurrectionem
951 1461 1226 1516 credere?
1261 1461 1459 1516 Littera
1516 1461 1594 1517 sic
1625 1469 1707 1517 est
1741 1480 1754 1517 :

161 1549 304 1619 Quid
334 1549 532 1605 facient
579 1549 656 1604 illi
687 1550 779 1620 qui
833 1549 1174 1620 baptizantur
1228 1565 1324 1621 pro
1372 1550 1601 1605 mortuis
1657 1567 1755 1622 spe

157 1638 511 1711 resurgendi,
544 1639 594 1694 si
614 1640 844 1693 omnino
875 1641 1090 1694 mortui
1121 1655 1235 1694 non
1294 1643 1600 1711 resurgunt
1625 1640 1653 1694 ?
1688 1643 1754 1698 Ut

154 1729 291 1802 quid
311 1728 486 1784 etiam
508 1728 876 1800 baptizantur
909 1743 1009 1800 pro
1045 1727 1545 1796 illisjustiﬁcandis
1579 1743 1592 1782 :
1630 1744 1754 1784 cum

154 1832 260 1873 nec
330 1816 409 1870 illi
473 1815 877 1885 justiticentur?
925 1816 979 1871 Si
1049 1816 1194 1871 enim
1252 1816 1676 1885 justificarentur
1722 1833 1827 1905 aB

151 1904 394 1977 peccatis
454 1913 508 1960 et
559 1912 926 1977 resurgerent.
970 1904 1067 1960 Vel
1106 1906 1262 1960 aliter
1308 1905 1387 1960 sic
1421 1920 1433 1959 :
1467 1906 1750 1978 Alioquin,

153 1995 207 2048 id
243 2002 325 2049 est
355 1993 401 2048 si
433 1993 758 2048 resurrectio
789 2009 896 2047 non
917 2000 1017 2058 est,
1042 1993 1174 2066 quid
1191 1996 1409 2065 facient
1431 1994 1506 2048 illi
1519 1996 1617 2065 qui
1631 1995 1755 2067 bap-

153 2084 420 2157 tizantur
435 2098 538 2154 pro
559 2081 797 2138 mortuis
831 2081 1109 2152 operibus,
1135 2081 1189 2136 id
1237 2091 1319 2136 est
1353 2098 1454 2152 pro
1488 2082 1748 2153 peccatis,

153 2187 278 2243 quae
302 2179 535 2225 mortem
553 2178 848 2240 operantur
864 2171 891 2225 ?
913 2171 1260 2240 Baptizantur
1280 2171 1403 2226 dico
1452 2187 1548 2241 spe
1569 2187 1752 2226 resur-

154 2259 428 2315 rectionis.
479 2259 549 2313 Et
589 2257 719 2330 quid
781 2257 999 2324 facient,
1044 2259 1088 2313 si
1137 2259 1358 2314 omnino
1404 2259 1601 2314 mortui
1643 2275 1754 2314 non

152 2347 498 2420 resurgunt?
523 2349 588 2405 Ut
617 2347 750 2420 quid
789 2347 954 2402 etiam
1003 2349 1370 2421 baptizantur
1398 2365 1499 2420 pro
1524 2349 1666 2416 illis,
1697 2349 1752 2403 id

153 2446 255 2506 est,
288 2445 346 2491 ut
370 2434 740 2505 justiﬁcentur
769 2452 802 2490 a
830 2437 1071 2507 peccatis
1092 2437 1118 2490 ‘l
1153 2437 1246 2492 Vel
1267 2437 1462 2493 aliter:
1487 2439 1751 2510 Alioquin

151 2527 195 2580 si
227 2541 338 2580 non
368 2532 665 2595 resurgunt
695 2524 916 2590 mortui,
950 2524 1084 2597 quid
1103 2527 1321 2596 facient
1346 2525 1422 2579 illi
1443 2527 1541 2598 qui
1558 2526 1750 2598 bapti-

153 2619 370 2670 zantar
385 2629 484 2686 pro
509 2630 569 2668 se
583 2615 842 2678 mortuis,
877 2613 932 2668 id
963 2622 1044 2669 est
1062 2613 1454 2670 mortiﬁcandis
1483 2622 1708 2686 peccato
1734 2633 1747 2669 :

151 2704 250 2759 Vel
283 2720 387 2774 pro
409 2720 469 2758 se
523 2701 862 2758 mortificatis
891 2719 990 2774 per
1043 2712 1328 2774 peccatum
1359 2705 1501 2758 Deo.
1542 2703 1752 2759 Caetera

153 2793 293 2849 sicut
321 2792 466 2848 dicta
496 2799 638 2846 sunt.
689 2793 891 2846 Iterum
921 2792 966 2846 si
1024 2793 1354 2848 resurrectio
1411 2800 1748 2848 mortuorum

153 2898 263 2937 non
293 2890 396 2948 est,
422 2885 485 2936 ut
502 2881 634 2950 quid
649 2881 825 2935 etiam
846 2897 948 2936 nos
964 2881 1192 2952 apostoli
1213 2883 1615 2954 periclitamur
1633 2899 1749 2937 om-

151 2973 214 3027 ni
233 2970 374 3025 hora
396 2974 418 3025 ?
435 2971 560 3024 Non
575 2969 719 3024 enim
741 2967 903 3024 finem
921 2970 1118 3024 habent
1137 2969 1509 3026 tribulationes
1527 2978 1745 3039 nostrae,

151 3074 289 3130 quas
301 3059 609 3132 gaudemus
621 3057 731 3128 pati
743 3074 839 3129 spe
853 3057 1042 3113 futura:
1065 3057 1125 3114 1
1139 3058 1300 3114 49
1315 3059 1745 3115 resurrectionis.

154 3149 297 3203 Vere
357 3146 732 3218 periclitamur
765 3164 778 3200 :
811 3163 936 3200 nam
991 3147 1240 3220 quotidie
1286 3149 1515 3214 morior,
1563 3148 1616 3202 id
1667 3155 1750 3203 est

149 3236 396 3307 pericula
414 3236 604 3291 mortis
632 3237 826 3307 patior,
849 3239 1066 3303 fratres,
1095 3241 1327 3309 propter
1364 3241 1608 3292 vestram
1629 3238 1746 3308 glo-

149 3329 320 3394 riam,
374 3333 435 3380 ut
464 3340 564 3380 vos
622 3325 775 3397 digni
807 3325 922 3379 sitis
976 3325 1151 3396 gloria
1179 3325 1612 3380 resurrectionis.
1651 3327 1748 3381 Vel

150 3415 454 3470 secundum
509 3414 1156 3487 Augustinuszorior,
1218 3422 1271 3469 et
1327 3415 1430 3470 hoc
1488 3415 1608 3483 iuro
1647 3431 1748 3485 per

149 3513 389 3558 vestram
411 3503 666 3576 gloriam,
692 3501 887 3557 fratres
925 3521 938 3557 :
969 3520 1134 3576 quam
1158 3503 1391 3575 gloriam
1408 3520 1506 3574 spe
1527 3504 1747 3575 quidem

143 3594 250 3662 jam
311 3592 506 3657 habeo,
566 3595 628 3647 in
679 3591 898 3648 Christo
928 3594 1060 3649 Jesu
1112 3593 1350 3649 Domino
1377 3597 1573 3650 nostro
1605 3613 1622 3648 :
1654 3592 1748 3664 qui

144 3683 252 3751 jam
285 3682 341 3737 in
362 3681 542 3754 gloria
571 3696 691 3736 cum
714 3697 878 3736 carne
907 3697 1030 3737 mea
1061 3682 1380 3737 resurrexit.
1447 3681 1552 3750 Qui
1583 3683 1746 3737 etiam

153 3781 207 3826 ut
234 3787 422 3827 secum
455 3787 800 3842 resurgerem
829 3771 1150 3842 promeruit.
1196 3771 1253 3826 Si
1309 3771 1501 3826 iterum
1551 3771 1748 3828 mortui

152 3877 258 3915 non
287 3867 590 3933 resurgunt
615 3877 626 3913 :
661 3859 791 3931 quid
811 3860 943 3914 mihi
973 3860 1195 3931 prodest
1223 3861 1274 3916 si
1301 3861 1612 3916 secundum
1644 3861 1745 3915 ho-

148 3951 380 4016 minem,
408 3949 461 4003 id
495 3957 576 4004 est
606 3949 906 4004 secundum
954 3950 1206 4005 humana:
1261 3949 1488 4005 rationis
1547 3958 1745 4021 poten-

146 4038 286 4092 tiam.
321 4037 420 4092 Vel
443 4037 745 4092 secundum
789 4037 1064 4093 hominem
1097 4053 1108 4091 :
1143 4037 1270 4110 quia
1301 4054 1407 4109 ego
1436 4039 1600 4092 homo
1620 4081 1634 4105 ,
1667 4037 1745 4092 illi

145 4125 350 4183 bestiae.
382 4125 694 4181 Secundum
721 4125 996 4180 hominem
1042 4127 1225 4198 utique
1266 4128 1512 4198 pugnavi
1542 4131 1745 4184 contra

148 4216 349 4272 bestias
379 4215 602 4288 Ephesi,
638 4214 692 4268 id
723 4223 805 4270 est
834 4223 1027 4270 contra
1063 4216 1406 4287 Ephesianos
1435 4216 1694 4272 bestiales
1726 4231 1738 4270 :

147 4305 266 4376 quia
339 4303 794 4360 resurrectionem
852 4304 1127 4376 negando,
1188 4305 1466 4361 hominem
1519 4305 1575 4359 in
1636 4306 1742 4362 hoc

149 4395 343 4449 mundo
420 4392 597 4448 solum
653 4393 837 4448 vivere
891 4393 1119 4460 dicunt,
1182 4395 1328 4466 quod
1414 4403 1468 4450 et
1551 4395 1741 4450 bestiae

150 4483 367 4538 faciunt.

1856 580 1932 627 tat
1964 574 2284 629 seductores
2315 590 2437 629 esse
2468 573 2610 628 inter
2639 590 2754 629 eos.
2805 573 2985 629 Nolite
3025 573 3255 629 credere
3285 573 3454 628 sedu-

1858 661 2116 717 ctoribus.
2148 663 2290 717 Nam
2321 664 2599 735 colloquia
2617 663 2836 718 illorum
2863 664 3018 718 mala
3040 678 3150 718 non
3179 661 3353 717 solum
3384 660 3454 714 ti-

1856 751 1981 805 dem
2011 750 2216 805 violant
2249 767 2262 804 :
2296 751 2393 806 sed
2423 751 2585 806 etiam
2646 756 3021 824 corrumpunt
3049 752 3215 807 bonos
3246 767 3450 807 mores.

1856 837 1958 907 Qui
1990 839 2133 893 enim
2164 838 2401 895 futuram
2431 839 2597 894 vitam
2636 855 2746 895 non
2795 841 2983 906 credit,
3041 839 3228 896 nescio
3285 855 3457 910 quare

1856 927 2015 982 bonis
2044 927 2287 983 moribus
2316 929 2528 984 laboret
2566 929 2865 983 adhaerere.
2898 928 2967 982 Et
3003 944 3072 983 ne
3093 945 3122 982 a
3143 927 3453 983 seductori-

1857 1016 1959 1070 bus
1989 1016 2431 1087 corrumpamini,
2465 1018 2730 1088 evigilate
2761 1017 2830 1072 ad
2861 1018 2965 1072 hoc
3021 1025 3079 1071 ut
3134 1016 3252 1071 sitis
3278 1017 3450 1088 justi,

1856 1113 1910 1160 et
1931 1113 1988 1159 ut
2013 1104 2281 1174 justitiam
2307 1106 2666 1161 conservetis.
2703 1107 2886 1161 Nolite
2919 1105 3146 1159 ulterius
3181 1121 3414 1176 peccare
3436 1124 3454 1160 :

1856 1194 2228 1250 necessarium
2246 1201 2330 1249 est
2350 1201 2407 1248 ut
2436 1194 2732 1267 evigiletis.
2761 1194 3000 1261 Quidam
3019 1195 3176 1249 enim
3197 1193 3336 1248 inter
3356 1208 3455 1248 vos

1857 1283 2064 1338 habent
2093 1283 2482 1353 ignorantiam
2500 1283 2620 1350 Dei,
2651 1283 2706 1337 id
2727 1290 2809 1338 est
2839 1283 3088 1354 ignorant
3118 1282 3449 1354 aequitatem,

1858 1380 1911 1426 et
1951 1369 2114 1426 ﬁdem
2131 1371 2232 1426 Dei
2252 1389 2264 1424 :
2287 1380 2339 1426 et
2371 1372 2474 1427 hoc
2498 1373 2688 1444 loquor
2705 1372 2852 1428 vobis
2881 1372 2953 1426 ad
2983 1373 3382 1435 reverentiam,
3402 1369 3458 1424 id

1857 1468 1938 1514 est
1968 1461 2039 1514 ad
2069 1459 2550 1530 erubescentiam),
2583 1467 2642 1514 ut
2669 1459 3113 1516 verecundemini
3155 1460 3223 1515 de
3252 1475 3452 1531 pecea-

1857 1548 1922 1602 tis
1969 1549 2184 1604 vestris.

1929 1639 2220 1710 Postquam
2251 1637 2453 1693 Paulus
2482 1654 2578 1709 per
2597 1637 2941 1694 necessarias
2961 1638 3216 1704 rationes,
3249 1653 3350 1708 per
3377 1636 3454 1691 in-

1857 1727 2232 1782 convenientia
2263 1744 2384 1799 quae
2413 1727 2539 1782 inde
2568 1727 2911 1797 proveniunt,
2973 1728 3167 1782 iterum
3218 1743 3316 1798 per
3348 1741 3452 1796 po-

1858 1815 2080 1870 tentiam
2113 1815 2330 1884 Christi,
2365 1815 2601 1870 futuram
2662 1815 3126 1871 resurrectionem
3181 1816 3454 1886 approba-

1857 1903 1950 1970 vit,
1975 1904 2089 1958 vult
2119 1904 2262 1958 illam
2293 1905 2593 1975 approbare
2648 1921 2746 1975 per
2803 1903 2981 1975 legem
3038 1913 3246 1958 naturze
3281 1919 3292 1958 :
3328 1903 3452 1974 quia

1855 1993 2094 2047 humana
2150 1993 2415 2064 sapientia
2461 1993 2640 2065 magis
2698 2001 3106 2064 argumentatur
3155 1993 3453 2048 secundum

1861 2081 2280 2154 passibilitatem
2339 2081 2792 2154 [possibilitatem]
2848 2090 3072 2137 natura}.
3107 2081 3278 2151 Quasi
3307 2081 3456 2136 dice-

1855 2179 1934 2225 ret
1966 2186 1980 2226 :
2014 2170 2162 2226 Licet
2192 2171 2445 2241 superius
2478 2171 2933 2226 resurrectionem
2969 2170 3099 2226 satis
3173 2171 3454 2242 approba-

1854 2259 2047 2324 verim,
2086 2264 2276 2315 tamen
2306 2260 2608 2316 secundum
2638 2260 2818 2331 legem
2876 2269 3083 2315 natura:
3119 2259 3448 2328 objiciendo,

1854 2348 1996 2403 dicit
2015 2348 2149 2402 mihi
2179 2349 2389 2421 aliquis
2419 2368 2438 2404 :
2482 2348 2751 2420 quomodo
2807 2353 3117 2420 resurgunt
3156 2350 3369 2404 mortui
3398 2348 3453 2402 in

1855 2435 2137 2507 pulverem
2164 2437 2279 2505 jam
2301 2437 2596 2492 dissoluti?
2615 2438 2822 2492 Natura
2843 2453 2953 2492 non
2965 2437 3178 2492 videtur
3195 2437 3298 2491 hoc
3318 2436 3450 2508 pati.

1854 2527 2056 2580 Iterum
2089 2525 2135 2579 si
2162 2525 2344 2596 aliquo
2384 2526 2547 2580 modo
2575 2525 2754 2596 pulvis
2784 2525 2875 2580 ille
2929 2525 3352 2598 conglutinatur,
3386 2533 3459 2579 ta-

1856 2630 1982 2668 men
2009 2616 2166 2686 quali
2193 2631 2420 2686 corpore
2452 2615 2679 2670 venient
2723 2614 2972 2669 homines
3001 2614 3091 2685 qui
3117 2615 3454 2685 resurgent?

1854 2704 1996 2758 Num
2040 2703 2191 2758 credi
2220 2710 2396 2774 potest
2427 2710 2483 2757 ut
2513 2711 2664 2758 tanta
2693 2702 2869 2773 gloria
2898 2703 3071 2773 possit
3117 2703 3304 2757 venire
3333 2701 3452 2756 dis-

1856 2791 2035 2846 soluto
2053 2792 2283 2862 pulveri,
2309 2800 2368 2846 ut
2390 2800 2447 2846 tu
2467 2791 2737 2862 praedicas
2757 2792 2786 2846 ?
2803 2791 2972 2847 Priori
2994 2791 3290 2862 respondet
3310 2807 3454 2862 quaa-

1855 2881 2038 2936 stioni.
2072 2882 2276 2935 Natura
2306 2881 2445 2935 bene
2476 2880 2676 2951 patitur
2730 2889 2975 2936 mortuos
3031 2896 3338 2952 resurgere.
3372 2880 3447 2934 Il-

1852 2970 1946 3024 lud
1968 2970 2113 3025 enim
2128 2969 2275 3041 quod
2306 2977 2360 3024 tu
2389 2971 2687 3042 insipiens,
2714 2969 2803 3041 qui
2820 2970 2888 3024 de
2917 2969 3322 3025 resurrectione
3349 2969 3450 3024 du-

1853 3059 2015 3123 bitas,
2045 3075 2253 3125 semen,
2288 3058 2528 3130 inquam,
2563 3058 2715 3124 illud,
2767 3059 2909 3130 quod
2943 3063 3008 3114 tu
3053 3059 3302 3114 seminas
3330 3075 3447 3113 non

1853 3149 2195 3218 viviﬁcatur,
2229 3147 2284 3202 id
2338 3155 2422 3203 est
2469 3147 2618 3202 nullo
2650 3149 2814 3205 modo
2871 3148 3054 3205 vivere
3109 3155 3310 3219 potest,
3335 3148 3450 3204 nisi

1851 3239 2014 3308 prius
2061 3238 2361 3302 moriatur,
2396 3244 2448 3291 et
2495 3244 2898 3308 computrescat
2933 3252 2945 3290 :
2985 3236 3444 3309 quemadmodum

1851 3326 2005 3380 vides
2054 3325 2199 3396 quod
2237 3333 2454 3396 Oportet
2484 3342 2674 3381 semen
2733 3325 3032 3396 putreﬁeri,
3063 3333 3120 3381 ut
3149 3325 3228 3381 sic
3255 3333 3444 3396 postea

1848 3414 2031 3471 vivat:
2058 3430 2126 3469 ne
2156 3414 2371 3469 dubites
2395 3415 2511 3483 jam
2542 3414 2815 3470 hominem
2848 3415 3036 3470 iterum
3068 3423 3192 3486 post
3219 3423 3447 3470 mortem

1851 3503 2034 3559 vivere
2064 3518 2248 3574 posse,
2276 3519 2398 3558 cum
2431 3519 2531 3574 per
2559 3512 2788 3559 mortem
2800 3511 3052 3575 oporteat
3066 3503 3270 3558 vivere.
3306 3504 3444 3560 Pro-

1848 3592 1936 3646 bat
1966 3591 2128 3646 aliam
2158 3591 2533 3664 quaestionem,
2567 3591 2800 3647 futuram
2829 3592 3035 3648 scilicet
3063 3591 3296 3663 gloriam
3313 3607 3444 3647 cor-

1853 3697 2070 3752 porum,
2106 3681 2352 3749 ejusdem
2383 3679 2607 3736 seminis
2656 3680 3026 3750 similitudine,
3054 3681 3280 3736 dicens:
3307 3681 3447 3736 Vere

1849 3769 1904 3824 in
1937 3769 2132 3839 majori
2162 3769 2342 3842 gloria
2371 3785 2664 3841 corporum
2693 3771 3082 3825 venient.Nam
3115 3769 3258 3842 quod
3277 3772 3444 3826 semi-

1851 3876 1958 3914 nas
1989 3867 2065 3927 tu,
2098 3875 2214 3914 non
2238 3859 2476 3914 seminas
2506 3859 2638 3914 illud
2651 3875 2853 3931 corpus
2883 3859 3026 3932 quod
3053 3863 3317 3931 futurum
3335 3863 3439 3926 est,

1846 3948 1942 4004 sed
1959 3949 2210 4004 seminas
2231 3949 2450 4004 nudum
2477 3966 2722 4021 granum
2750 3964 2762 4002 :
2794 3965 2990 4019 corpus
3007 3957 3187 4004 autem
3203 3947 3272 4002 de
3293 3948 3440 4002 nudo

1846 4053 2022 4110 grano
2055 4036 2290 4092 futurum
2344 4037 2514 4092 multa
2543 4054 2738 4109 grana,
2787 4037 2978 4109 paleas
3009 4047 3061 4093 et
3091 4037 3301 4093 culmos
3358 4045 3442 4092 est

1843 4126 2171 4181 habiturum.
2197 4125 2456 4182 Similiter
2484 4143 2592 4182 non
2624 4127 2690 4181 sit
2713 4127 2808 4181 tibi
2855 4127 3175 4196 absurdum,
3210 4125 3254 4181 si
3283 4126 3440 4182 dica-

1843 4232 1965 4269 mus
1997 4230 2231 4287 corpora
2261 4223 2449 4270 nostra
2481 4215 2537 4269 in
2583 4215 2782 4284 majori
2838 4215 3014 4287 gloria
3066 4223 3442 4272 resurrectura

1843 4320 2005 4376 quam
2037 4303 2125 4360 hic
2156 4303 2508 4360 seminantur.
2541 4305 2618 4359 Tu
2646 4304 2885 4360 seminas
2931 4305 3134 4359 nudum
3181 4319 3434 4377 granum,

1842 4396 2070 4464 utputa,
2093 4391 2148 4446 id
2177 4400 2260 4446 est
2291 4392 2430 4447 sicut
2452 4400 2536 4448 est
2566 4409 2796 4464 granum
2819 4393 3023 4460 tritici,
3055 4397 3157 4448 aut
3179 4409 3436 4464 granum,

1842 4482 2091 4549 alicujus
2122 4485 2465 4537 cceterarum
2495 4485 2768 4553 segetum.
2794 4483 2872 4536 Tu
2929 4481 3171 4536 seminas
3227 4481 3436 4536 nudum

216 4573 376 4640 Quid,
411 4571 652 4644 inquam,
687 4570 779 4626 illa
816 4587 998 4644 pugna
1026 4573 1172 4627 mihi
1199 4571 1448 4645 prodest,
1481 4571 1585 4627 nisi
1615 4576 1740 4642 post
1766 4561 1819 4620 D
1841 4585 2069 4641 granum
2097 4588 2111 4636 ;
2171 4570 2267 4625 sed
2322 4572 2472 4626 Deus
2512 4570 2611 4626 dat
2662 4571 2754 4625 illi
2834 4585 3007 4641 grano
3038 4586 3238 4642 corpus
3287 4570 3438 4626 sicut

148 4669 369 4716 mortem
401 4660 686 4715 habiturus
717 4661 820 4715 sim
873 4660 1103 4731 gloriam
1123 4660 1152 4715 ?
1188 4661 1414 4731 Ephesii
1461 4661 1741 4734 negabant

150 4749 604 4806 resurrectionem
641 4765 653 4803 :
691 4757 881 4804 contra
911 4766 1046 4821 quos
1095 4749 1295 4805 Paulus
1325 4750 1493 4805 multo
1550 4750 1738 4805 labore

149 4837 453 4909 disputavit,
489 4838 797 4908 approbatis
825 4837 1060 4894 futuram
1092 4855 1215 4894 esse
1257 4839 1734 4896 resurrectionem.

154 4926 216 4980 Et
270 4927 712 4999 quandoquidem
764 4928 1062 4983 secundum
1122 4944 1222 4983 vos
1268 4928 1378 4983 vita
1422 4944 1532 4984 non
1575 4935 1740 4983 restat

153 5025 265 5083 post
294 5017 436 5072 hanc
471 5034 484 5069 :
519 5015 653 5070 nihil
704 5016 814 5084 jam
864 5016 1012 5071 aliud
1069 5017 1338 5088 agendum
1388 5025 1470 5072 est
1505 5033 1517 5070 :
1550 5017 1654 5072 nisi
1682 5025 1740 5072 ut

152 5103 498 5175 desperantes
556 5103 964 5160 manducemus
1021 5110 1076 5160 et
1133 5107 1383 5162 bibamus
1417 5126 1434 5161 :
1471 5106 1599 5178 quia
1629 5121 1738 5161 non

152 5191 284 5246 ultra
330 5193 527 5250 victuri
582 5193 881 5248 moriemur
930 5195 1058 5263 (Isa.
1113 5199 1380 5262 xxn,13;
1411 5196 1538 5267 Sap.
1574 5211 1632 5261 ιι,
1658 5195 1736 5264 6.)

153 5280 259 5336 Hoc
295 5283 521 5338 verbum
571 5282 830 5336 dixerunt
884 5283 1075 5349 Judaei,
1111 5299 1234 5338 cum
1278 5283 1653 5356 affligerentur
1683 5284 1738 5338 in

154 5371 452 5439 captivitate
496 5370 806 5442 Babylonis,
841 5380 891 5426 et
939 5373 1292 5443 desperarent
1345 5373 1414 5427 de
1469 5373 1736 5441 adjutorio

155 5457 263 5513 Dei.
290 5460 544 5514 Similiter
573 5459 664 5532 qui
695 5460 1151 5516 resurrectionem
1181 5469 1402 5534 negant,
1435 5462 1504 5516 de
1534 5461 1736 5518 auxilio

156 5553 202 5599 et
229 5549 461 5617 potentia
489 5549 591 5604 Dei
621 5548 934 5618 desperant.
970 5551 1039 5604 Et
1087 5549 1233 5621 quia,
1269 5549 1485 5616 fratres,
1520 5566 1628 5605 non
1657 5551 1736 5606 sic

155 5644 229 5688 est
252 5636 671 5708 desperandum,
706 5637 804 5691 sed
820 5638 886 5692 de
904 5639 1306 5694 resurrectione
1329 5638 1732 5706 confidendum,

155 5723 264 5781 ideo
294 5727 469 5784 nolite
497 5727 696 5784 seduci
728 5741 760 5782 a
786 5727 1272 5799 pseudoapostolis,
1299 5727 1389 5800 qui
1413 5743 1520 5785 non
1537 5727 1738 5785 habent

1838 4661 1982 4723 vult,
2016 4657 2294 4714 fertilitate
2325 4674 2654 4731 granorum,
2687 4657 2965 4730 spicarum
3023 4667 3076 4714 et
3131 4657 3435 4714 culmorum

1839 4747 2141 4819 gloriosum
2175 4765 2188 4802 :
2222 4752 2278 4804 et
2326 4749 2633 4820 unicuique
2667 4755 2847 4804 tamen
2884 4747 3122 4805 150
3153 4747 3436 4804 seminum

1840 4837 2021 4892 reddit
2063 4839 2360 4910 proprium
2406 4854 2608 4910 corpus
2644 4858 2662 4893 :
2699 4838 2827 4909 quia
2881 4837 2927 4892 si
2973 4837 3295 4892 seminatum
3355 4843 3441 4891 est

1839 4926 2094 4992 triticum,
2127 4926 2348 4998 pullulat
2409 4926 2678 4993 triticum;
2713 4934 2765 4981 et
2795 4926 2875 4982 sic
2927 4927 2984 4981 in
3040 4926 3318 4982 identitate
3352 4942 3437 4980 se-

1837 5015 2044 5070 minum
2068 5015 2284 5088 singula
2313 5031 2486 5088 grana
2540 5023 2854 5089 resurgunt,
2897 5024 2946 5071 et
3002 5017 3108 5072 hoc
3151 5016 3205 5070 in
3253 5031 3440 5070 exem-

1839 5105 1987 5176 plum
2016 5104 2312 5160 melioratae
2368 5105 2811 5174 resurrectionis,
2869 5121 2979 5160 non
3034 5105 3252 5161 amissaa
3308 5105 3439 5159 sub-

1841 5193 2070 5248 stantiae.
2105 5194 2346 5266 Cumque
2375 5209 2566 5250 omnes
2597 5194 2654 5248 in
2709 5195 2814 5249 hoc
2868 5193 3232 5257 conveniant,
3289 5193 3436 5265 quod

1841 5282 2250 5337 resurrectionis
2307 5282 2538 5355 gloriam
2607 5290 2731 5337 sunt
2789 5281 3023 5336 habituri
3070 5282 3126 5336 in
3156 5298 3222 5336 eo
3253 5289 3437 5336 tamen

1839 5371 2092 5426 differunt
2151 5371 2298 5442 quod
2346 5371 2563 5442 quidam
2619 5371 2996 5443 gloriosiorem
3024 5378 3146 5425 sunt
3175 5370 3434 5436 habituri,

1840 5459 2059 5531 quidam
2116 5475 2225 5514 non
2252 5460 2409 5524 adeo,
2457 5461 2755 5515 secundum
2784 5458 3147 5515 differentiam
3203 5458 3432 5513 merito-

1837 5564 1976 5603 rum.
2011 5547 2230 5604 Diceret
2259 5548 2452 5620 aliquis
2488 5566 2500 5602 :
2534 5548 2668 5603 Cum
2699 5548 2877 5602 omnis
2935 5547 3210 5603 hominum
3268 5553 3438 5601 mate-

1840 5638 1919 5692 ria
1950 5655 2015 5693 ex
2047 5637 2254 5692 eisdem
2285 5645 2493 5693 constet
2527 5637 2831 5702 elementis,
2867 5636 3076 5690 videtur
3094 5644 3150 5690 ut
3172 5633 3435 5707 quidquid

1840 5727 1931 5782 uni
1967 5725 2293 5796 conferetur,
2339 5733 2509 5782 totum
2541 5727 2596 5780 in
2625 5725 2730 5781 alio
2787 5725 3066 5798 possideat
3092 5723 3287 5780 similis
3316 5737 3435 5775 ma-
