3934 6410
178 406 312 469 1025
1047 402 1485 474 CHRONICA.
1521 445 1596 456 —-
1628 400 2101 472 CHRONICON
2145 404 2672 473 UNIVERSALE
3415 414 3570 478 1026

232 538 443 604 Quibus
462 541 749 614 expletis,
784 543 1038 600 surrexit
1064 542 1397 600 Gerhardus
1414 542 1508 579 ἠ’
1529 542 2089 613 l-lngolismensismo
2111 544 2443 616 episcopus,
2480 545 2708 613 legatus
2740 544 2794 600 in
2830 546 3159 617 Aquitania,
3183 553 3239 602 et
3266 552 3553 605 communi

175 640 399 683 assensu
427 627 523 663 ²¹²¹
556 629 760 687 domni
796 632 1086 688 Paschalis
1106 631 1196 671 ²¹¹²
1228 648 1387 703 papae
1421 634 1721 703 totiusque
1752 634 1979 689 concilii
2012 648 2203 689 coram
2237 634 2504 689 omnibus
2529 634 2668 703 legit
2704 634 2847 690 hanc
2872 636 3223 706 scripturam
3252 656 3263 690 :
3299 639 3563 696 Pnicite-

173 718 326 785 gium
354 718 529 788 illud,
567 720 733 791 quod
744 736 858 779 non
880 722 969 777 est
972 722 1382 793 pricilcyiam.
1405 722 1509 778 sed
1532 735 1664 777 vere
1685 721 1852 777 debet
1868 723 1992 777 dici
2002 723 2407 793 praeitegiam
2429 720 2541 790 “‘33,
2561 737 2670 792 pro
2696 721 3045 780 liberatione
3073 726 3443 794 captivorum
3458 742 3560 784 tec-

168 805 395 861 clcsicea
424 808 642 866 domata
656 810 953 868 Paschale
977 824 1137 882 papa
1151 810 1614 880 peroiolentiam
1638 811 1798 881 regis
1811 811 2087 867 Heinrici
2106 811 2419 879 extortam,
2453 825 2558 868 nos
2569 824 2763 867 omnes
2787 812 2852 867 in
2869 812 3186 871 Izocsancto
3211 816 3563 873 concilimm

169 898 515 966 congregati,
549 901 844 956 canonica
873 912 1123 956 censura
1144 900 1204 955 et
1218 899 1641 956 (ecclesiastica
1653 899 2009 955 auctoritate
2045 897 2384 967 “"jadicio
2403 898 2599 954 sancti
2622 899 2897 970 Spiritus
2928 900 3320 973 dampnamas
3345 906 3404 961 et
3423 906 3573 974 irri.

167 982 796 1057 tumcssejadicamus,
821 987 1118 1044 etomnino
1132 1001 1201 1043 ne
1220 987 1373 1057 quid
1381 987 1762 1043 auctoritatis
1783 988 1839 1042 et
1851 986 2221 1057 cﬂcacitatis
2242 986 2478 1052 habeat,
2497 988 2737 1057 penitus
2755 990 3327 1049 excommunicamzcs
3356 996 3569 1062 ;etltoc

160 1071 281 1130 ideo
307 1070 696 1145 dampnata»;
723 1076 826 1144 est,
862 1077 1009 1147 quia
1038 1078 1106 1133 in
1135 1088 1197 1131 eo
1221 1076 1539 1145 privilegio
1569 1075 1920 1144 continetur,
1954 1075 2115 1144 quod
2141 1076 2357 1131 electas
2396 1076 2675 1131 canonice
2701 1090 2739 1131 a
2770 1076 3001 1133 nomine
3033 1084 3410 1139 consecretur
3439 1085 3563 1143 nisi

159 1160 314 1230 prius
341 1178 379 1219 a
409 1162 551 1233 rege
580 1165 980 1235 incutiatur;
1004 1164 1163 1236 quod
1189 1163 1279 1220 est
1304 1164 1509 1220 contra
1535 1164 1839 1235 Spiritum
1866 1164 2137 1220 sanctam
2150 1164 2207 1219 et
2226 1164 3041 1222 canonicaminstitutionmn.
3077 1169 3342 1225 Perlecta
3377 1180 3540 1229 carta

160 1230 540 1307 acclamabant
577 1267 787 1309 omnes
817 1230 1030 1322 Amen,-
1052 1256 1251 1309 amen!
1288 1230 1725 1323 Archiepiscopi
1749 1251 2037 1315 Iohannes
2062 1252 2393 1323 patriarcha
2417 1253 2742 1323 Venetieus,
2773 1255 2988 1311 Sennes
3011 1257 3336 1329 Capuanus,
3373 1266 3432 1314 et
3454 1230 3566 1318 alii

167 1337 273 1392 fere
302 1344 405 1395 100
429 1341 701 1413 episcopi
724 1342 1221 1412 subscripserunt.

224 1426 299 1482 Ex
329 1427 435 1495 hac
481 1431 800 1487 occasione
842 1430 1183 1486 Viennensis
1210 1428 1688 1501 archiepiscopus
1707 1443 1835 1486 cum
1856 1428 1977 1484 suis
1997 1428 2380 1499 complicibus
2412 1445 2621 1487 novum
2649 1431 2859 1488 scisma
2892 1438 3123 1488 nostras
3154 1433 3210 1488 in
3242 1439 3443 1504 partes
3474 1452 3565 1495 se-

163 1516 363 1573 minare
389 1521 450 1571 et
478 1516 747 1589 gladium
780 1518 1168 1589 anathematis
1204 1517 1279 1589 in
1311 1519 1720 1591 imperatorem
1748 1517 1840 1549 ²¹²⁶
1868 1518 2106 1574 molitur
2162 1520 2478 1574 extendere
2512 1520 2691 1591 (330);
2723 1519 2827 1575 sed
2860 1521 2991 1591 quia
3022 1528 3279 1592 emptum
3308 1524 3439 1592 ejus
3473 1524 3566 1561 ³³³³

161 1604 469 1675 apostolica
498 1606 758 1677 indeque
788 1608 938 1663 omni
962 1609 1381 1677 :eeclesiastica
1404 1607 1756 1665 auctoritate
1782 1606 2089 1662 videbatur
2108 1622 2326 1676 carere,
2355 1623 2557 1677 parum
2581 1608 2813 1663 interim
2840 1609 3030 1679 potuit
3059 1610 3558 1678 vigere.Attamen

163 1692 404 1765 ejusdem
428 1695 832 1767 dissensionis
863 1694 1284 1753 seminariom‘
1313 1697 1768 1767 circumquaque
1798 1696 1973 1767 οωῃὶι
2005 1694 2098 1728 ²¹²⁹
2132 1696 2363 1752 invidia:
2386 1695 2479 1728 “*0
2508 1711 2744 1767 serpere
2767 1696 3003 1766 malum,
3030 1696 3174 1753 adeo
3208 1703 3267 1754 ut
3299 1702 3564 1759 nonnulli

160 1781 828 1859 quicquameontrarem
853 1786 1144 1858 publicam
1168 1785 1546 1849 intentantes,
1572 1784 1743 1856 hujus
1764 1784 1846 1839 rei
1874 1784 2171 1840 materiam
2200 1784 2253 1838 in
2278 1801 2397 1839 sum
2421 1785 2828 1841 commotionis
2849 1785 3108 1856 arripere
3129 1788 3561 1847 meditarentur

159 1868 415 1941 clipeum.
450 1872 617 1945 Inter
650 1888 797 1943 quos
824 1871 913 1906 ²¹³¹
940 1878 1002 1929 et
1030 1872 1331 1946 prodictus
1360 1872 1715 1937 Adelbertus
1732 1871 2072 1940 designatus
2094 1872 2397 1942 Mogontiaz
2421 1873 2702 1942 pontifex,
2735 1874 2830 1943 qui
2865 1889 2968 1944 per
2987 1875 3175 1929 o.nuia
3200 1878 3499 1934 secundus
3525 1894 3554 1934 a

162 1971 545 2032 regesemper
580 1960 794 2034 fuerat,
830 1961 955 2019 sine
977 1963 1146 2033 cujus
1167 1960 1415 2019 consilio
1439 1960 1615 2019 nichil
1638 1962 1829 2017 facere
1854 1960 2101 2030 solebat,
2130 1960 2414 2016 adversus
2437 1960 2845 2031 imperatorem
2867 1993 2934 2001 —
2957 1963 3110 2031 quod
3135 1963 3229 2018 vix
3253 1965 3563 2036 quisquam

160 2045 410 2113 crederet
438 2078 505 2090 —
538 2049 885 2121 conspirare
911 2065 1042 2108 cum
1099 2050 1449 2121 quibusdam
1483 2050 1846 2121 principibus
1889 2049 2220 2119 infamatur,
2271 2063 2448 2117 reque
2481 2049 2735 2120 cognita,
2769 2051 3053 2106 custodiae
3087 2053 3158 2106 ab
3197 2051 3296 2108 illo
3326 2053 3418 2085 ²¹³²
3452 2060 3569 2110 tra-

162 2132 328 2191 ditur.
1046 2178 1051 2183 .

225 2223 459 2301 Moritur
488 2225 1013 2299 histemppribus.
1046 2226 1384 2299 quidamide
1416 2226 1677 2284 Saxoniaa
1710 2226 2094 2298 principibus,
2149 2226 2374 2302 nomine
2409 2226 2755 2283 Uudalricus
2780 2227 2873 2261 ²¹³⁸
2901 2228 3081 2298 (331);
3141 2228 3435 2285 Ludewici
3467 2230 3563 2264 ²¹³⁴

162 2312 374 2369 comitis
406 2314 865 2384 dudum-gener,
896 2315 1000 2387 sed
1024 2316 1145 2387 jam
1175 2322 1417 2387 prOpter
1447 2316 1708 2386 ejusdem
1742 2314 1872 2370 tiliae
1893 2314 1984 2346 ³1³³
2005 2314 2306 2385 repudium
2342 2316 2581 2371 invisus.
2610 2317 2785 2386 Cujus
2808 2317 3222 2388 possessiones
3256 2318 3561 2387 predictus

163 2399 457 2471 Sigifridus
490 2401 852 2474 hereditaria
884 2403 997 2459 sibi
1028 2386 1375 2460 vendicabat
1405 2405 1808 2469 successione;
1840 2404 1937 2459 sed
1972 2404 2218 2459 domnus
2252 2404 2564 2473 imperator
2591 2386 2823 2460 easdem
2854 2405 2910 2460 in
2933 2404 3029 2473 jus
3056 2386 3567 2474 regniconabatur

162 2491 465 2547 attrahere.
502 2490 650 2556 Quae
679 2504 856 2546 causa
914 2491 1185 2549 recidivae
1218 2491 1528 2549 discordia":
1562 2493 1817 2549 fomitem
1848 2493 2024 2564 coepit
2061 2493 2413 2552 ministrare.
2452 2498 2588 2551 Nam
2622 2492 2774 2552 idem
2806 2510 3002 2552 comes
3034 2496 3262 2564 priores
3292 2495 3562 2551 miserias

163 2590 289 2635 suas
318 2578 1129 2653 sequentibusexaggerans,
1161 2585 1346 2637 totam
1392 2595 1537 2652 pene
1567 2581 1659 2614 ²¹³⁶
1689 2580 2015 2649 Saxoniam,
2066 2596 2228 2637 suam
2262 2584 2533 2641 videlicet
2566 2585 2834 2656 patriam,
2872 2585 3048 2640 tantis
3082 2584 3343 2655 implevit
3376 2584 3566 2654 queri-

166 2669 379 2738 moniis,
416 2674 483 2728 ut
515 2676 640 2729 tam
674 2674 876 2730 ducem
933 2670 1288 2741 Lotharium,
1341 2685 1507 2740 quam
1541 2671 1883 2727 Ruodolfum
1944 2673 2354 2741 marchionem,
2387 2673 2745 2729 Tridericum
2782 2673 3098 2744 palatinum
3127 2672 3418 2741 comitem,
3456 2672 3569 2727 Wi-

164 2756 419 2825 gbertum
448 2759 545 2793 ’⁸³⁷
579 2766 759 2831 atque
787 2758 880 2792 ¹¹³⁸
911 2759 1276 2815 Ludewicum
1308 2757 1401 2791 ³¹³⁹
1432 2755 1854 2831 nonnullosun
1912 2761 2057 2816 alios
2090 2765 2160 2817 ab
2190 2758 2281 2795 ²¹⁴⁰
2311 2762 2596 2831 obsequio
2640 2761 2904 2817 traheret
2938 2761 3329 2830 imperatoris.
3365 2761 3476 2815 Sed
3505 2765 3567 2814 et

165 2847 469 2919 episcopus
503 2848 1032 2918 Halberstatensis,
1058 2862 1282 2904 necnon
1319 2847 1638 2907 Gerdrudis
1669 2849 1779 2911 ’1”.
1816 2848 1909 2904 illa
1968 2854 2283 2920 prepotens
2314 2865 2415 2921 per
2453 2849 2755 2906 Saxoniam
2814 2849 2987 2905 vidua
3021 2849 3112 2881 ²¹⁴²
3148 2847 3319 2919 (332),
3356 2847 3570 2902 violen-

168 2937 292 2989 tiam
326 2935 517 3006 [se”“
549 2936 987 3006 nichilominus]
1016 2936 1140 3007 pati
1170 2936 1242 2993 ab
1277 2936 1645 3005 imperatoris
1676 2936 2013 3006 prejudiciis
2044 2938 2340 2994 invasione
2358 2939 2695 3010 prediorum
2723 2953 2983 3005 suorum,
3017 2936 3418 2990 clamitabant.
3454 2936 3570 2990 Hec

166 3027 219 3077 et
248 3023 334 3080 his
360 3024 581 3080 similia
613 3024 1021 3083 scandalorum
1053 3024 1272 3079 zizania
1308 3040 1565 3081 murmur
1596 3025 1883 3081 infinitum
1918 3028 1973 3081 in
2006 3042 2191 3098 nuper
2228 3033 2433 3099 pacato
2467 3041 2644 3097 regno
2668 3027 2977 3083 suscitant.
3017 3030 3063 3078 ἰ

294 3112 342 3166 ’1
379 3115 508 3168 6-11
548 3112 791 3187 addicat
820 3130 832 3165 :
865 3111 1245 3169 Altamannus
1277 3112 1456 3168 abbas
1488 3113 1653 3181 obiit,

1642 3205 1702 3256 A.
1743 3202 1801 3255 D.
1854 3203 2089 3258 MCXIII.

871 3289 1009 3346 00d.
1045 3290 1103 3344 C.

233 3375 539 3435 Heinricus
598 3376 916 3447 imperator
946 3377 1192 3432 natalem
1226 3376 1446 3433 Domini
1505 3376 1808 3447 Erpesfurt

168 3462 507 3521 celebravit.
564 3464 873 3520 Lotbarius
935 3464 1067 3535 dux,
1126 3464 1437 3533 Sigifridus
1488 3464 1808 3535 predictus,

176 3550 552 3624 Ruodolphus
583 3553 860 3623 marchio,
885 3552 1222 3622 Wigbertus
1244 3552 1457 3623 senior,
1485 3551 1814 3608 Fridericus

172 3638 455 3706 palatinas
475 3645 746 3699 comeset
763 3641 1145 3698 Luodewicus
1166 3655 1359 3696 comes
1372 3639 1814 3697 rebellationem

170 3731 363 3784 contra
423 3730 841 3801 imperatorem
892 3735 1128 3801 parant;
1164 3743 1311 3799 quos
1342 3728 1469 3800 ipse
1500 3729 1624 3785 sine
1654 3744 1812 3785 mora

172 3826 293 3869 cum
322 3818 596 3873 exercitu
629 3822 851 3888 petens,
896 3817 1183 3874 incendiis
1209 3822 1266 3871 et
1301 3815 1685 3873 munitionum
1720 3817 1817 3872 de-

172 3905 596 3962 structionibus
624 3905 902 3961 infestare
942 3921 1056 3961 non
1079 3906 1354 3975 cessavit,
1375 3905 1561 3961 donec
1584 3905 1655 3961 ab
1688 3904 1816 3974 ejus

174 3990 436 4050 ﬁdelibus
469 3993 748 4064 Sigil‘rido
785 3998 1110 4065 perempto,
1144 3994 1415 4069 Lothario
1446 3998 1505 4049 et
1533 3992 1818 4050 Ruodolfo

174 4081 586 4153 reconciliatis,
626 4080 947 4154 Friderico,
973 4082 1274 4152 Wigberto
1298 4082 1528 4138 seniore
1553 4082 1709 4153 juste
1728 4097 1818 4138 ca-

172 4169 283 4236 ptis
306 4175 366 4225 et
407 4170 703 4227 custodiae
755 4170 1053 4242 deputatis
1083 4172 1336 4242 fortuna,
1398 4170 1571 4226 immo
1601 4170 1815 4227 Christi

169 4257 352 4324 gratia
383 4260 569 4317 rebus
598 4258 770 4315 linem
804 4259 966 4316 dedit
1088 4256 1094 4261 ’

274 4525 294 4547 ⁶
317 4527 463 4584 2Et.
484 4526 669 4583 addit
685 4526 750 4583 iu
779 4541 1004 4596 marg.:
1042 4526 1411 4599 llildiboidus
1443 4526 1625 4583 abbas
1647 4525 1813 4582 obiit.

1838 3301 1893 3358 A

2461 3289 2639 3345 U‘odd.
2688 3291 2746 3343 D.
2782 3290 2841 3344 E.
2878 3292 3020 3344 4-11.

1996 3377 2301 3433 Heinricus
2352 3377 2669 3447 imperator
2700 3378 2948 3431 natalem
3000 3375 3219 3431 Domini
3254 3376 3566 3446 Erpesfurt

1923 3464 2013 3497 "“
2034 3465 2372 3522 celebravit.
2402 3465 2542 3521 lllue
2564 3479 2691 3519 cum
2715 3464 3029 3534 prescripti
3057 3464 3320 3519 Saxonia:
3356 3462 3571 3533 princi-

1930 3568 2028 3625 pes
2068 3555 2285 3609 curiam
2336 3568 2445 3608 non
2470 3552 2752 3623 adissent,
2782 3551 3180 3619 indignatione
3202 3551 3374 3606 nimia
3413 3565 3569 3605 com-

1928 3647 2120 3697 motus
2154 3642 2487 3711 imperator,
2525 3642 2670 3696 bona
2705 3654 2902 3695 eorum
2932 3638 3126 3709 diripi,
3166 3638 3574 3708 possessiones

1929 3730 2213 3785 incendiis
2234 3728 2549 3799 devastari,
2576 3728 2749 3784 etiam
2777 3728 2927 3782 inter
2957 3728 3078 3797 ipsa
3105 3728 3247 3797 festa
3269 3725 3360 3758 ²ί⁴⁸
3377 3739 3571 3795 prece-

1930 3819 2033 3889 pit,
2070 3834 2175 3874 nec
2208 3816 2389 3872 multo
2424 3821 2557 3887 post
2610 3816 2917 3871 castellum
2976 3814 3236 3886 adprime
3287 3816 3569 3869 munitum

1932 3906 2236 3975 Hornburg
2257 3906 2349 3938 ωδ
2386 3906 2534 3977 (333)
2568 3904 2738 3974 longa
2762 3904 3066 3961 obsidione
3088 3902 3323 3959 delevit.
3356 3901 3574 3957 Deinde

1929 3994 2156 4050 relictis
2206 4010 2309 4065 per
2350 3995 2605 4064 presndia
2638 3992 2909 4048 fidelibus
2937 3993 3078 4060 suis,
3142 3995 3576 4060 contemptores

1929 4095 2068 4137 suos
2091 4081 2319 4136 insidiis
2347 4088 2407 4135 et
2435 4080 2854 4149 congressibus
2877 4078 3110 4143 afﬂixit;
3144 4078 3295 4131 inter
3323 4090 3452 4145 quae
3485 4088 3577 4130 se-

1928 4169 2197 4240 pedietus
2239 4167 2546 4237 Sigifridus
2578 4166 2871 4236 palatinas
2899 4179 3110 4233 comes,
3159 4164 3248 4217 vir
3280 4161 3577 4217 nobilissi-

1929 4270 2055 4315 mus
2083 4262 2139 4312 et
2174 4270 2282 4312 suo
2316 4255 2371 4309 in
2402 4254 2493 4287 “‘7
2527 4260 2787 4324 tempore
2831 4253 2972 4309 nulli
3004 4253 3060 4306 in
3094 4250 3245 4308 omni
3278 4250 3575 4322 probitate

1930 4345 2244 4414 secundus,
2277 4343 2578 4411 occubuit,
2612 4341 2946 4411 Wigbertus
2973 4339 3067 4374 ²¹⁴⁸
3105 4339 3356 4411 capitur,
3393 4338 3575 4395 Lude-

1928 4434 2118 4491 wicus
2137 4432 2230 4466 ³³⁸⁸
2250 4430 2323 4489 ad
2344 4431 2700 4488 deditionem
2732 4429 3131 4501 compellitur;
3158 4428 3359 4497 sicque
3394 4427 3573 4483 rebus

1930 4522 2163 4579 interim
2187 4520 2375 4593 quies,
2398 4520 2534 4578 licet
2555 4517 2800 4589 modica,
2825 4515 3196 4577 conceditur.
3221 4516 3289 4571 '2

1525 4638 1760 4695 VARIE
1824 4635 2225 4692 LECTIONES.

169 4728 326 4830 mino
349 4728 733 4834 gebeglarldps
762 4729 1281 4834 Dgiugerardusﬂ.

169 4801 255 4901 ἓξ
286 4816 449 4872 Papa:
491 4801 552 4855 Ρ.
608 4801 712 4855 ΠΙ.
822 4801 913 4881 lana
946 4801 1311 4872 privilegium
1364 4804 1415 4856 4.
1552 4804 1631 4855 9ο.

287 4879 378 4927 θεῖ
413 4876 483 4927 4·
599 4869 692 4902 ²¹²⁸
718 4879 998 4927 semmate
1027 4878 1084 4927 7.
1121 4876 1202 4926 9°.
1236 4879 1325 4926 11.
1366 4886 1631 4927 seminam

174 4940 264 5015 inv
277 4983 290 4996 .
330 4945 389 4999 4,
494 4938 583 4972 21:1

169 5024 224 5065 θ.
258 5014 376 5069 4-11
398 5053 413 5067 .
504 5014 597 5043 ειδσ
626 5014 778 5079 deest

169 5080 257 5115 21:0
288 5082 447 5142 deest
687 5081 778 5115 21M

614 4955 724 5010 que
752 4943 847 4997 Et.
883 4949 941 5000 2.
978 4943 1116 4999 And
1138 4943 1213 4999 ις’.

804 5082 1146 5152 gertbrudis
1198 5082 1270 5140 Et
1289 5127 1303 5140 .
1370 5089 1427 5140 2.

168 5222 259 5256 “‘7
285 5222 459 5283 amt
484 5227 576 5279 10.
620 5230 710 5280 11.

172 5295 428 5371 dewieus
467 5298 559 5351 10.

1370 4729 1465 4764 ²¹²⁰
1489 4728 1790 4797 engelism.
1826 4727 1926 4782 D1.
1961 4728 2105 4780 4-11.

1370 4804 1415 4853 4.
1466 4803 1516 4853 6.
1552 4804 1631 4853 9ο.
1735 4796 1825 4830 ²ι²⁴
1856 4796 2019 4853 deest
2066 4801 2105 4850 7.

599 4869 692 4902 ²¹²⁸
718 4866 998 4928 seminaie
1027 4878 1084 4927 7.
1121 4866 1202 4926 95.
1236 4879 1325 4926 11.
1366 4872 1652 4927 seminare
1683 4873 1732 4923 δ.
1769 4873 1862 4923 10.
1901 4866 2272 4923 seminarium
2305 4868 2360 4919 4.

614 4955 724 4976 nua
753 4943 820 4976 ΠΙ
883 4949 916 4976 0
995 4943 1116 4976 ΔΜᾹ
1144 4943 1190 4976 ,(7
1275 4942 1367 4976 21³1
1397 4942 1469 4976 oh
1498 4941 1511 4976 ἰ
1580 4938 1922 4976 dnoolthll
2050 4935 2142 4969 21³³
2175 4935 2352 4976 Unda]

504 4938 583 4972 ’³³³
614 4955 724 5010 que
752 4943 847 4997 Et
883 4949 941 5000 2.
978 4943 1116 4999 And
1138 4943 1213 5021 ῥ’.
1275 4942 1367 4976 ²¹³²
1397 4942 1469 4997 ab
1498 4941 1541 4996 i.
1580 4938 1957 4997 demente-11.
2050 4938 2142 4969 ²¹³³
2175 4938 2521 5037 Ugdalricus
2551 4938 2605 5015 εἰ.
2681 4938 2772 4966 ²ι³⁴
2806 4938 3116 5012 luodewici
3147 4938 3198 4986 5.

504 5008 598 5136 2‘37
626 5012 789 5115 θεῖεῐ
805 5009 1427 5136 ἔλιιιέἶ-ῗαῗέθὲῆῗίυῖ
1457 5008 1974 5136 ⁴ἀετῖῗιίςὶἲξ⁶³ςξοῗ⁰·
2011 5005 2785 5133 εξιέ.ίςιηέὲ.⁰ί¹ἕὲῒ¹⁰ἓέξνῗ⁵·
2808 5005 3212 5133 ἐῒαοιῗεωὲῗῗω

169 5083 257 5115 ²¹ί⁰
288 5083 447 5142 deest
509 5084 598 5137 10.
687 5083 778 5115 ²ι⁴¹
804 5083 1146 5152 gertbrudis
1199 5083 1303 5140 Et.
1370 5089 1427 5140 2.
1491 5083 1790 5154 gertrudis
1836 5083 1913 5136 9ο.
2025 5083 2117 5111 ἰδ’
2147 5083 2231 5133 vid

168 5151 256 5185 ’“‘
286 5152 631 5226 crpherfurt
661 5157 719 5209 6.
757 5159 817 5210 7.
858 5159 941 5211 9°.
977 5154 1262 5226 erpliuurt
1293 5158 1350 5212 4.
1390 5153 1727 5226 erphesfurt
1754 5155 1845 5207 10.
1914 5154 2003 5207 11.
2086 5147 2178 5181 ’1⁸⁵
2210 5148 2231 5203 1

168 5222 259 5297 ²ξ⁴⁷
285 5224 459 5297 deest
484 5227 576 5279 10.
620 5230 710 5280 11.
793 5223 885 5259 ω’
913 5225 1234 5297 wicpertus
1267 5228 1323 5282 4.
1378 5224 1703 5283 wicbertus
1736 5228 1786 5281 δ.
1821 5222 2143 5296 wicpertus
2173 5225 2231 5276 9c

2208 4721 2307 4799 {‘ﬁ
2329 4724 2423 4782 ita
2450 4725 2511 4779 E.
2573 4718 3083 4799 Wi_ll._b_{asmesb,
3116 4730 3407 4799 consensu
3434 4713 3570 4799 reti.

2220 4794 2311 4827 ³¹²⁶
2343 4802 2494 4852 auct.
2558 4792 2700 4848 ecel.
2736 4794 2881 4848 4-11.
2985 4791 3077 4824 ’1“
3105 4805 3177 4845 m.
3240 4789 3298 4843 in
3352 4802 3487 4858 imp.
3518 4788 3572 4843 ι.

2220 4881 2272 4920 m
2305 4868 2360 4919 4.
2460 4865 2551 4897 ²¹²⁹
2578 4864 2753 4934 coepit
2788 4864 2934 4921 circ.
2976 4868 3054 4934 δη
3100 4859 3194 4934 ξ¹³⁰
3222 4859 3386 4917 deest
3411 4861 3573 4934 e‘t

2050 4935 2142 4969 ²¹³³
2175 4935 2521 4993 Uodalricus
2553 4938 2605 4989 5.
2676 4926 2772 4966 ‘1"
2806 4931 3116 4992 luodewici
3147 4936 3198 4986 5.
3222 4943 3334 5000 sqq
3409 4926 3503 4960 ³³³⁸
3532 4926 3571 4982 f.

3294 5001 3566 5054 1.2.10.

2025 5076 2117 5111 ἰδ’
2147 5076 2377 5133 viduam
2440 5078 2540 5133 E2.
2598 5089 2746 5132 corr.
2808 5077 2979 5133 vidua
3036 5073 3131 5128 Et.
3245 5066 3541 5125 “"itaE

2086 5147 2178 5181 “‘5
2210 5148 2363 5205 facta
2391 5152 2450 5204 δ.
2538 5144 2629 5217 “‘9
2659 5146 3142 5217 hornburgﬁ._7.
3182 5140 3567 5217 honburg_9°.

2362 5217 2461 5252 '1“
2490 5216 2855 5275 loudewicus
2886 5208 2953 5273 δῖ
2970 5210 3322 5271 lothewicus
3347 5208 3577 5268 7.’luo-

1758 5364 1979 5421 ΝΟΤΕ.

266 5480 391 5550 330)
423 5473 492 5550 Υ.
528 5476 601 5550 de
630 5475 854 5550 synodo
885 5475 958 5533 ab
980 5476 1108 5550 ipso
1137 5475 1370 5550 Viennae
1401 5475 1597 5550 habita
1628 5473 1802 5550 Mansi
1832 5472 1971 5550 3x1,
2084 5475 2219 5550 73-7

266 5551 393 5681 331g
422 5551 505 5604 De
536 5551 816 5615 Weimar;
846 5562 907 5604 v.
947 5551 1091 5605 Ann.
1128 5551 1189 5603 S.
1229 5551 1292 5603 b.

269 5624 371 5679 332
424 5619 615 5681 Vidua
646 5619 900 5677 Heinrici
933 5618 1305 5679 marchionis.

246 5690 396 5765 (333)
427 5691 515 5754 Ad
543 5691 716 5753 Ilsam
746 5690 1008 5753 ﬂuvium.

370 5481 396 5765 Ξ

422 5549 505 5604 De
536 5543 816 5615 Weimar;
846 5562 907 5604 v.
947 5543 1091 5605 Ann.
1128 5549 1189 5603 S.
1229 5546 1292 5603 b.
1331 5560 1382 5603 a.
1418 5547 1504 5602 Dt‘.
1539 5543 1797 5602 Stenzel.
1835 5544 1881 5616 ι,
1914 5559 1966 5616 p.
2000 5543 2130 5602 654.
