3934 6446
333 358 485 429 102⁸7

1494 359 1976 429 EKKEHARDI
2024 364 2577 429 [.TRAUGIENSIS

3586 363 3727 425 1028

398 499 716 558 Eodemmo
742 518 891 558 anno
926 502 1245 573 imperator
1277 500 1589 572 impatiens
1616 498 1837 572 aliquid
1861 500 1976 558 dis-
2004 504 2059 563 A
2159 502 2300 558 Post
2321 500 2444 557 haec
2468 500 2701 571 quidam
2744 497 3104 568 Reginoldus
3125 494 3238 567 ωδ,
3264 497 3575 568 provmciae
3602 497 3728 553 Bur-

328 592 542 647 rordite
586 590 726 646 oriri
780 591 834 645 in
877 606 1053 659 regno
1082 605 1208 660 suo,
1262 590 1485 646 invadit
1516 605 1647 647 cum
1706 590 1973 647 exercitu

328 680 609 749 quendam
645 679 1036 748 Regenoldum
1071 681 1142 735 de
1189 682 1431 735 Munzun
1466 679 1772 750 (334),sibi
1804 693 1974 750 repu-

328 771 597 834 gnantem
626 774 684 823 et
744 769 890 823 bona
939 769 1343 840 episcopatum
1375 782 1614 823 suorum
1667 768 1974 823 devastan-

330 863 464 925 tem,
500 869 667 926 quem
699 854 851 927 apud
883 856 1010 925 Bar,
1045 856 1354 913 castellum
1403 871 1592 925 suum,
1628 856 1881 925 obsedit,
1914 860 1975 910 et

328 930 453 999 Eum
486 959 550 1001 se
579 949 639 1000 et
670 944 979 1000 castellum
1014 945 1265 1001 viriliter
1308 945 1715 1000 defendentem
1746 943 1975 999 virilius

332 1036 447 1105 ipse
469 1032 645 1104 coepit
674 1047 807 1089 cum
842 1033 1042 1089 multis
1074 1033 1423 1105 primatibus
1451 1032 1714 1102 ejusdem
1744 1032 1971 1104 patria},

324 1128 382 1177 et
416 1121 602 1191 ipsum
633 1120 944 1178 castellum
978 1122 1108 1192 igne
1129 1121 1541 1178 concremavit.

2085 590 2318 659 gundiae
2341 604 2556 659 comes,
2582 592 2662 659 et,
2700 594 2762 647 ut
2784 588 2966 657 aiunt,
2993 587 3365 658 imperatoris
3389 586 3729 655 consangui-

2086 693 2251 746 neus,
2301 679 2669 749 tyrannidem
2712 676 2955 748 juvenili
2988 681 3157 733 actus
3188 675 3496 732 insolentia
3527 680 3725 731 contra

2087 782 2207 823 rem
2242 766 2534 839 publicam
2578 766 2841 833 orditur;
2875 765 2973 836 qui
3007 771 3219 835 tamen,
3284 763 3728 836 superveniente

2087 857 2198 911 sibi
2221 872 2352 913 cum
2404 871 2573 912 manu
2615 855 2805 912 valida
2827 853 2919 887 "5‘
2950 853 3220 910 Heinrico
3250 857 3517 923 augusto,
3553 852 3728 908 muni-

2086 946 2322 1016 tionem,
2374 944 2430 1000 in
2485 959 2596 1015 qua
2656 943 2903 999 maxime
2957 941 3311 1011 conﬁdebat,
3369 942 3609 997 Monzun
3638 939 3729 974 ²¹⁸⁸

2086 1033 2275 1105 [deest
2290 1033 2387 1104 E],
2442 1033 2567 1103 ipse
2593 1036 2804 1104 captus
2854 1030 3081 1096 amisit;
3113 1031 3313 1100 sicque
3365 1028 3468 1085 lite
3499 1029 3615 1086 cito
3646 1028 3728 1085 di-

2087 1126 2312 1193 rempta
2344 1120 2456 1191 ³³⁸⁸,
2486 1120 2772 1178 custodia
2803 1119 3081 1176 traditur.

1809 1239 1872 1293 Α.
1909 1238 1973 1291 ῐ).
2007 1237 2241 1293 MCXIV.

398 1337 721 1406 Imperator
740 1331 832 1367 '1“
861 1334 1168 1391 Heinricus
1215 1334 1466 1390 natalem
1503 1333 1721 1389 Domini
1758 1334 1973 1389 Baben-

330 1426 471 1493 berg
498 1424 841 1495 celebravit,
866 1423 1172 1496 dispositis
1195 1424 1414 1494 nuptiis
1437 1423 1559 1480 suis
1581 1423 1885 1493 Maguntiae
1916 1423 1969 1478 in

327 1512 586 1582 proxima
602 1511 928 1584 epiphania.
958 1514 1421 1583 Desponsaverat
1443 1512 1595 1567 enim
1619 1516 1753 1567 ante
1794 1512 1973 1567 trien-

327 1601 482 1657 nium
516 1599 871 1672 Mathildem,
923 1601 1095 1657 ﬁliam
1154 1601 1383 1658 Henrici
1416 1601 1571 1671 regis
1631 1600 1968 1671 Anglorum,

327 1688 609 1759 virginem
635 1689 911 1760 moribus,
939 1690 1210 1760 nobilem,
1237 1695 1541 1746 venustam
1567 1705 1799 1761 quoque
1818 1697 1876 1745 et
1902 1690 1971 1746 de

329 1792 524 1833 coram
547 1776 710 1846 facie,
730 1792 857 1847 quae
875 1777 1206 1833 habebatur
1233 1778 1414 1834 decus
1431 1783 1486 1833 et
1512 1778 1699 1848 gloria
1726 1783 1839 1833 tam
1867 1780 1973 1833 Ro-
2002 1762 2056 1821 Β

328 1864 476 1920 mani
503 1865 730 1936 imperii
765 1879 933 1935 quam
960 1866 1181 1936 Anglici
1208 1866 1390 1935 regni.
1426 1867 1564 1921 Erat
1584 1866 1732 1922 enim
1769 1881 1967 1937 proge-

329 1953 444 2008 uita
466 1968 536 2008 ex
571 1957 819 2023 utraque
867 1959 1030 2025 parte
1065 1969 1136 2008 ex
1158 1953 1325 2023 longa
1350 1954 1498 2009 linea
1526 1954 1844 2024 magniﬁcae
1875 1970 1973 2010 no-

328 2040 577 2097 bilitatis
607 2046 666 2097 et
682 2040 895 2111 regalis
918 2042 1224 2113 prosapiae,
1255 2043 1308 2096 in
1332 2042 1499 2112 cujus
1524 2042 1972 2114 loquelaetope-

326 2144 385 2183 re
418 2128 830 2200 resplenoebat
853 2129 1145 2200 specimen
1179 2131 1390 2186 futurzc
1417 2131 1696 2186 bonitatis
1720 2131 1967 2203 abunde,

321 2217 465 2273 adeo
488 2221 553 2273 ut
573 2216 843 2274 omnibus
866 2222 1174 2288 optaretur
1204 2220 1442 2275 Romani
1476 2220 1703 2292 imperii
1736 2220 1972 2277 heredis

323 2311 506 2361 mater
542 2306 685 2361 fore.
713 2306 794 2361 Ad
820 2306 977 2378 ipsas
999 2322 1231 2378 quoque
1255 2308 1488 2379 nuptias
1511 2314 1673 2364 tanta
1696 2310 1971 2365 convenit

322 2393 639 2451 multitudo
671 2395 1273 2468 archiepiscoporum,
1299 2396 1730 2469 episcoporum,
1756 2398 1969 2455 ducum

321 2487 497 2555 atque
517 2484 817 2555 comitum,
850 2485 1125 2541 abbatum
1160 2501 1390 2558 quoque
1422 2492 1482 2543 et
1514 2488 1965 2560 prepositorum,

320 2576 497 2642 atque
520 2572 1051 2630 eruditissimorum
1083 2574 1453 2645 clericorum,
1483 2581 1546 2631 ut
1574 2576 1766 2632 nullus
1790 2591 1968 2632 senex

323 2659 482 2716 illius
512 2660 602 2718 evi
651 2665 848 2732 posset
884 2662 1177 2719 reminisci
1210 2663 1301 2719 vel
1350 2663 1546 2735 aliquo
1579 2664 1749 2722 modo
1777 2664 1968 2722 adtes-

323 2748 433 2805 tari
458 2764 520 2804 se
543 2749 782 2821 vidisse,
822 2750 912 2807 vel
944 2750 1150 2807 saltem
1178 2752 1493 2824 audivisse,
1522 2757 1741 2810 tantam
1775 2754 1967 2810 multi-

2158 1333 2433 1390 Dominus
2470 1333 2561 1367 “‘7
2595 1334 2912 1405 imperator
2959 1332 3209 1388 natalem
3255 1330 3348 1365 ²¹⁸⁸
3375 1331 3598 1388 Domini
3627 1333 3724 1386 Ba-

2087 1423 2349 1492 benbcrg
2379 1437 2508 1479 cum
2541 1436 2762 1479 summa
2791 1420 2884 1454 ²¹⁶⁹
2914 1421 3340 1491 magnificentia
3374 1421 3725 1492 copiosaque

2085 1510 2413 1583 principum
2446 1510 2821 1568 multitudine
2840 1509 3098 1566 celebrat
3126 1527 3140 1576 ;
3162 1515 3219 1565 et
3243 1510 3351 1565 hoc
3376 1523 3486 1564 non
3511 1508 3725 1580 simpli-

2085 1600 2251 1670 citer,
2271 1600 2403 1671 quia
2436 1601 2622 1656 virum
2644 1599 2744 1655 Dei
2765 1598 3193 1655 Ottoneminibi
3221 1598 3574 1669 episcopum,
3599 1613 3726 1669 pro-

2087 1695 2217 1760 pter
2251 1689 2512 1759 quaedam
2558 1689 2676 1759 jam
2705 1688 2800 1721 ²¹⁶⁰
2829 1688 3076 1745 orientia
3111 1688 3165 1742 in
3222 1701 3400 1757 regno
3455 1686 3725 1744 scandala

2085 1779 2305 1835 curiam
2331 1780 2704 1849 frequentare
2729 1783 3090 1846 renuentem,
3116 1792 3189 1833 ex
3209 1781 3376 1848 parte
3390 1781 3724 1847 suspectum

2089 1868 2358 1922 habebat.
2386 1868 2515 1939 Ipse
2547 1881 2687 1923 vero
2710 1867 2890 1922 rebus
2912 1865 3271 1921 transitoriis
3290 1880 3394 1936 pro
3416 1864 3723 1920 concordia

2084 1956 2506 2012 aeeclesiastica
2532 1969 2642 2011 non
2670 1969 2937 2026 parcens,
2957 1953 3252 2010 beneﬁciis
3274 1953 3586 2009 indefessis
3608 1953 3727 2008 ani-

2084 2044 2413 2100 mositatem
2450 2044 2603 2113 regis
2632 2042 2890 2114 gloriose
2916 2042 3150 2099 devicit.
3183 2043 3323 2097 Hinc
3357 2041 3575 2097 indicto
3594 2056 3726 2097 con-

2084 2137 2261 2188 ventu
2276 2131 2680 2203 Mogontias2m
2696 2132 2858 2201 (Jan.
2873 2135 2951 2203 7),
2970 2132 3204 2203 nuptias
3216 2134 3347 2203 post
3359 2129 3723 2201 epiphaniam

2081 2222 2305 2278 Domini
2325 2222 2737 2292 augustissime
2755 2221 3011 2278 instituit
3029 2220 3155 2287 ;ubi
3169 2220 3341 2277 etiam
3364 2219 3459 2276 vix
3476 2219 3722 2289 aliquem

2081 2316 2180 2367 aut
2205 2316 2367 2367 certe
2391 2311 2611 2367 nullum
2633 2311 2705 2367 de
2728 2311 3097 2380 magnatibus
3115 2310 3324 2366 abesse
3348 2308 3559 2371 voluit;
3586 2323 3723 2378 quo-

2080 2416 2207 2457 rum
2240 2400 2484 2458 consilio
2514 2399 2607 2457 vel
2639 2414 2929 2457 consensu
2956 2398 3047 2432 ²¹⁶²
3070 2399 3227 2468 regis
3265 2397 3482 2468 Anglia;
3526 2396 3720 2466 ﬁliam,

2080 2487 2452 2543 Mahtbildem
2487 2485 2580 2520 ²¹⁶³
2612 2487 2860 2558 nomine,
2896 2487 3112 2543 dudum
3148 2486 3554 2558 desponsatam
3585 2482 3725 2552 legi-

2080 2575 2217 2631 time
2247 2574 2338 2609 ²¹⁶⁴
2366 2575 2476 2632 sibi
2509 2575 2889 2647 conjungens,
2952 2574 3113 2645 regni
3146 2575 3476 2630 consortem
3507 2570 3724 2627 consti-

2081 2665 2211 2722 tuit.

317 2839 583 2895 tudinem
617 2844 910 2896 tantorum
935 2840 1287 2911 primatuum
1312 2858 1367 2897 in
1389 2857 1503 2899 uno
1531 2848 1820 2900 conventu
1856 2844 2216 2901 convenisse.
2253 2846 2313 2900 In
2343 2844 2490 2917 ipsis
2517 2845 2670 2901 enim
2702 2842 2926 2916 nuptiis
2974 2846 3362 2900 convenerant

321 2928 749 3000 archiepiscOpi
783 2934 833 2998 δ,
866 2929 1124 3001 episcopi
1160 2933 1247 3000 40,
1278 2931 1458 2987 duces
1481 2936 1544 2999 :5;
1577 2933 1647 2987 de
1679 2934 1891 3003 quibus
1922 2933 2302 2990 duxBoemiae
2331 2948 2591 2990 summus
2625 2934 2896 3004 pincerna
2927 2932 3054 2987 fuit.
3081 2931 3363 2988 Comitum

319 3031 461 3072 vero
484 3020 542 3072 et
562 3017 839 3073 abbatum
863 3021 1038 3089 atque
1063 3019 1498 3090 prepositorum
1524 3035 1799 3077 numerus
1823 3037 1852 3077 a
1878 3022 2037 3079 nullo
2058 3022 2331 3094 praesenti
2356 3022 2492 3078 licet
2527 3021 2772 3078 multum
2793 3020 2984 3091 sagaci
3006 3021 3200 3091 potuit
3218 3034 3369 3076 com-

318 3104 623 3176 prehendi.
652 3107 804 3162 Dona
843 3110 1057 3177 autem,
1094 3123 1222 3179 quae
1256 3108 1470 3165 diversi
1503 3126 1671 3180 reges
1702 3118 1875 3183 atque
1908 3111 2361 3169 innumerabiles
2394 3112 2674 3182 primates
2704 3111 2915 3168 domno
2942 3110 3275 3183 imperatori
3309 3110 3362 3165 in

323 3193 471 3266 ipsis
497 3195 720 3266 nuptiis
750 3195 1051 3267 miserunt,
1089 3196 1178 3253 vel
1212 3213 1340 3268 qum
1373 3199 1498 3270 ipse
1528 3199 1847 3270 imperator
1877 3214 1946 3256 ex
1980 3215 2043 3257 se
2072 3200 2477 3257 innumerabili
2512 3201 2870 3256 multitudini
2898 3200 3286 3270 joculatorum
3310 3204 3367 3253 et

322 3281 632 3339 istrionnm
657 3287 833 3356 atque
859 3284 1095 3343 diverso
1117 3286 1317 3355 generi
1351 3286 1712 3344 diversarum
1737 3289 1997 3357 gentium
2022 3289 2347 3357 distribuit,
2382 3289 2864 3359 quemadmodum
2896 3287 3094 3344 nullus
3117 3300 3370 3343 camera-

321 3372 444 3429 rius
478 3372 664 3444 ipsius
693 3373 785 3429 vel
819 3374 914 3444 qui
949 3375 1172 3446 recepit
1201 3375 1293 3431 vel
1328 3376 1424 3446 qui
1455 3375 1755 3432 distribuit
1790 3377 1981 3448 potuit
2012 3389 2338 3446 numerare,
2375 3378 2454 3432 ita
2486 3376 2682 3435 nullus
2701 3377 2960 3448 ejusdem
2994 3376 3367 3448 imperatoris

318 3460 805 3533 chronographus
839 3464 1027 3534 potuit
1060 3464 1277 3520 litteris
1309 3465 1826 3537 comprehendere.

391 3549 603 3605 Eodem
626 3549 718 3582 ²¹¹⁵²
751 3567 978 3622 quoque
1028 3567 1177 3610 anno
1211 3554 1265 3609 in
1312 3555 1528 3610 eisdem
1563 3556 1785 3627 nuptiis
1809 3556 1966 3626 jura-

321 3642 532 3693 vcrunt
558 3638 875 3710 principes,
919 3641 1349 3711 expeditionem
1373 3649 1576 3699 contra
1602 3644 1870 3699 Frisones
1902 3659 1965 3699 se

320 3725 586 3781 facturos
642 3726 696 3781 in
730 3728 983 3783 secunda
1035 3730 1358 3799 septimana
1393 3736 1525 3801 post
1559 3736 1960 3802 pcntecosten.

317 3812 758 3879 Denegaveraut
780 3814 929 3869 enim
957 3817 1163 3871 domno
1192 3817 1530 3888 imperatori
1557 3819 1811 3873 debitam
1835 3821 1966 3876 sub-

313 3899 629 3968 jectionem
656 3901 989 3973 impendere
1020 3910 1078 3959 et
1106 3905 1325 3961 tributa
1373 3908 1649 3977 qutejure
1669 3910 1964 3964 annuatim

316 3987 609 4043 debebant
660 3991 1018 4060 persolvere.
1056 3994 1192 4047 Nam
1225 4010 1294 4047 ex
1328 3995 1634 4051 insolentia
1670 3997 1874 4053 tumidi
1908 4004 1966 4054 et

316 4074 575 4133 locorum
631 4080 952 4136 munitione
986 4082 1139 4152 freti,
1177 4082 1644 4152 dedignabantur
1668 4086 1837 4142 alicui
1870 4086 1968 4142 do-

316 4164 470 4221 mino
496 4166 702 4237 subjici
730 4167 818 4223 vel
844 4168 1092 4239 alicujus
1118 4170 1255 4227 licet
1278 4173 1443 4227 valde
1480 4174 1737 4244 potentis
1770 4190 1970 4246 prece-

314 4257 478 4323 ptum
507 4256 735 4326 exequi.
760 4257 898 4313 Cum
926 4262 1118 4316 autem
1150 4275 1359 4317 versus
1387 4260 1520 4318 illos
1544 4270 1842 4320 exercitus
1857 4279 1966 4320 cae-

316 4340 501 4411 pisset
536 4358 597 4399 se
631 4359 883 4415 movere,
917 4347 1280 4405 Coloniensis
1311 4351 1786 4423 archiepiscopus
1837 4368 1968 4409 cum

318 4430 667 4499 quibusdam
694 4432 825 4491 aliis
847 4435 1531 4510 principibusimpedivit
1559 4440 1672 4495 iter
1694 4440 1875 4511 illius,
1912 4445 1970 4496 et

317 4519 537 4576 acriter
560 4537 688 4579 cum
707 4524 830 4581 suis
850 4525 1079 4583 civibus
1114 4531 1174 4583 et
1197 4527 1365 4599 copia
1389 4527 1635 4584 militum
1651 4533 1828 4599 atque
1846 4544 1971 4587 suc-

317 4623 497 4667 cursu
526 4611 888 4672 diversorum
949 4616 1226 4674 comitum
1256 4616 1436 4689 coepit
1466 4616 1700 4674 domino
1731 4633 1838 4675 suo
1870 4619 1968 4675 im-

2152 3556 2363 3612 Deindc
2394 3560 2598 3613 contra
2649 3557 2929 3627 quosdam
2960 3556 3013 3611 in
3065 3554 3211 3610 locis
3239 3552 3332 3587 ²¹⁶⁶
3361 3551 3723 3625 palustribus

2080 3644 2233 3702 ultra
2289 3648 2605 3702 Fresonum
2636 3646 2728 3678 ’1“
2762 3645 2982 3701 insulas
3012 3644 3345 3700 habitantes
3404 3643 3723 3712 imperator

2077 3734 2338 3791 navalem
2396 3734 2824 3805 expeditionem
2852 3733 2944 3766 ²¹⁶⁷
2975 3733 3158 3790 multo
3207 3731 3402 3787 studio
3444 3729 3717 3785 instituit.

2080 3823 2202 3889 Quo
2227 3825 2359 3879 dum
2387 3824 2596 3894 tendit,
2615 3823 2906 3880 Coloniam
2928 3822 3298 3893 Agrippinam
3318 3819 3428 3875 sibi
3446 3817 3719 3875 rebellem

2078 3917 2135 3968 et
2172 3913 2225 3967 in
2258 3913 2367 3968 hoc
2401 3928 2568 3983 quam
2620 3914 2818 3984 plures
2846 3912 3306 3968 Transrheninos
3337 3914 3510 3979 atque
3539 3909 3723 3962 West-

2080 4000 2227 4057 l‘alos
2258 4002 2697 4057 consentientes
2745 4002 3001 4068 invenit;
3052 4015 3296 4071 quorum
3347 4002 3723 4053 numerantur

2080 4090 2525 4147 nominatissimi
2577 4090 2909 4147 Fridericus
2953 4089 3308 4146 Coloniensis
3338 4085 3723 4156 archiepisco-

2078 4194 2210 4250 pus,
2257 4179 2590 4235 Gotel‘ridus
2610 4178 2702 4212 ’1“
2749 4180 2886 4249 dux,
2918 4178 3225 4234 Heinricus
3259 4178 3403 4245 (335)
3437 4173 3718 4245 quondam

2081 4267 2197 4323 dux
2243 4272 2302 4323 et
2361 4267 2694 4324 Fridericus
2754 4268 2823 4323 de
2878 4269 3216 4337 Arnesburg
3240 4264 3350 4321 ¹¹⁶⁰.
3388 4263 3721 4318 Intermissa

2081 4355 2278 4426 itaque
2331 4356 2712 4427 profectione,
2766 4372 2992 4412 manum
3042 4356 3096 4411 in
3158 4356 3358 4410 hostes
3419 4360 3723 4423 presentcs

2080 4444 2399 4500 extendere
2430 4445 2695 4515 cupiens,
2729 4445 2981 4502 Coloniae
3005 4444 3275 4514 partibus
3298 4440 3518 4498 assedit
3544 4483 3558 4503 ,
3589 4437 3725 4494 civi-

2081 4531 2188 4586 tati
2222 4546 2361 4588 vero
2384 4531 2627 4590 miriﬁce
2664 4534 2899 4590 munitae
2922 4532 3143 4588 “7°non
3189 4529 3514 4602 prevalens,
3538 4525 3725 4596 regio-

2083 4634 2208 4676 nem
2268 4621 2721 4694 circumquaque
2774 4622 3046 4691 vastavit,
3104 4620 3452 4689 tandemque
3527 4614 3723 4673 soluto

1700 4794 1937 4851 VARIIE
1983 4797 2378 4855 LECTIONES.

394 4935 490 4973 ¹¹⁶⁴³
519 4943 1029 5023 thseguyntur,
1063 4946 1609 5023 atramentgpqulo
1640 4949 1860 5023 αἰνέονὶ
1888 4950 2117 5022 scripta
2161 4950 2327 5008 sunt.
2412 4949 2504 4985 ²¹⁸¹
2533 4953 2662 5010 Hoc
2694 4954 2811 5010 loco
2849 4953 3053 5011 exstat
3096 4950 3324 5023 tabula,
3356 4964 3480 5023 qua
3503 4947 3725 5021 nuptm

324 5008 711 5093 Atmgerdtgﬁs
739 5008 1056 5093 Etelz'neeu'e
1083 5018 1238 5093 amet.
1318 5008 1971 5093 “"‘atramentopaulo
2004 5008 2042 5077 ἃ
2070 5023 2479 5093 superioribus
2538 5008 2797 5081 dicerer}.
2854 5008 3292 5080 mil-emendus

1727 5091 1821 5123 "5°
1853 5093 2081 5165 direpta
2140 5091 2241 5165 ΕΞ.

323 5164 426 5207 sua
632 5154 727 5232 _’“’°
756 5156 922 5213 deest
945 5162 998 5232 δ.
1024 5158 1241 5232 o._jam.
1278 5164 1328 5215 7.
1367 5167 1441 5217 9°.
1520 5161 1613 5195 ’ω
1643 5164 1940 5232 moguntie
1983 5151 2032 5219 ἰ.
2112 5164 2205 5197 ²¹⁶²
2236 5180 2475 5221 assensu
2537 5167 2638 5221 E1.
2679 5171 2730 5221 ‘2.

326 5225 742 5281 machthildem
866 5225 1202 5285 mathildem
1236 5232 1331 5286 E1.
1367 5236 1417 5288 2.
1450 5235 1507 5289 et
1533 5235 1624 5292 ita
1654 5225 1844 5293 infra.
1924 5235 2014 5268 “6‘
2046 5235 2209 5291 deest
2232 5242 2283 5292 7.

322 5083 373 5135 2.
406 5088 458 5137 7.
573 5082 881 5141 n“‘ualica
934 5092 991 5141 7.
1110 5086 1480 5145 ’“5munzun
1537 5096 1612 5147 9°.

3397 5026 3441 5079 l.
3476 5036 3524 5079 e.
3558 5034 3715 5079 corr.

2835 5094 2929 5128 ¹¹⁸⁸
2957 5095 3149 5151 natale
3203 5098 3253 5151 4.
3365 5093 3457 5127 ’⁸⁸⁸
3488 5093 3648 5150 deest
3669 5096 3720 5148 4.

2845 5165 2937 5198 ²¹⁶²
2966 5167 3301 5223 mahtildem
3356 5166 3454 5221 Di.
3513 5167 3569 5220 4.
3637 5168 3717 5219 10.

2398 5235 2488 5268 ’1⁸⁵
2522 5237 2684 5293 deest
2709 5243 2761 5292 7.
2839 5237 2929 5270 ’³⁸⁸
2960 5238 3235 5294 fresolum
3266 5239 3369 5293 E2.
3450 5234 3541 5269 ’³⁸⁷
3569 5235 3727 5293 ἀθεεὶ

2360 5093 2452 5127 “'7
2483 5095 2649 5151 deest
2673 5101 2722 5150 5.

324 5297 376 5415 ξ.
411 5294 883 5415 ῖὶιςξιὺὲζιξξίίέξνῶ.
921 5318 940 5354 .·
970 5300 1173 5357 navale
1206 5303 1500 5375 prelium.)
1576 5304 1669 5338 ³1⁸⁸
1695 5306 2068 5375 gothefridus
2094 5309 2190 5363 Di.
2216 5307 2542 5376 gotefridus
2574 5313 2623 5362 7.
2662 5311 2756 5365 10.
2838 5309 2929 5341 ²¹⁶⁹
2960 5312 3248 5366 arnsburc
3271 5311 3320 5364 4.
3346 5307 3719 5365 arnesburch.

527 5365 551 5399 °
580 5367 785 5424 muniti
818 5374 895 5426 9°.

1909 5504 2130 5560 ΝΟΤᾸΕ.

416 5588 544 5734 33ιέ
566 5590 860 5674 Mousson.
895 5594 969 5652 cf.
1006 5596 1239 5655 Stenzel
1269 5598 1313 5656 Ι.
1346 5614 1401 5672 p.
1434 5602 1558 5658 687.

416 5659 519 5717 335
572 5661 652 5720 De
682 5662 974 5734 Lunburg.

415 5659 541 5734 335)
572 5661 652 5720 De
682 5662 974 5737 Limburs.
