3934 6414
139 386 227 449 l2
1013 380 1452 447 GHRONICA.
1492 417 1561 426 -
1596 354 2077 473 CHRONICON
2124 374 2680 443 UNIVERSALE.
3396 380 3553 447 1030

134 520 371 596 peratori
405 518 707 577 resistere
734 520 792 575 et
821 532 960 574 suos
990 516 1081 572 die
1112 521 1404 587 noctuque
1435 513 1782 571 vexarc.lm-
1814 518 1868 580 Α
1897 517 2190 571 conventu
2222 510 2505 585 [exercitu
2531 512 2628 585 3.]
2662 511 2978 570 recidivam
3000 508 3096 547 “7’
3113 514 3550 587 expeditionem

127 615 349 684 perator
381 608 591 679 itaque
615 622 696 664 ex
726 606 969 663 consilio
1015 610 1074 660 et
1118 619 1407 661 consensu
1455 602 1781 675 principum
1894 607 2097 658 contra
2134 601 2369 658 eosdem
2399 600 2493 634 ²¹⁷³
2542 601 2891 659 rebelliones
2940 602 3169 659 indixit.
3220 604 3341 671 Qua
3384 609 3542 665 circa

131 699 266 756 redit
295 696 684 768 Mogontiam,
718 695 934 751 infecto
958 693 1190 763 negotio
1236 697 1295 749 et
1322 694 1606 748 frustrato
1674 708 1780 749 suo
1896 690 2181 745 Kalendas
2215 690 2879 760 Octobriscmgregata,
2906 691 3187 748 Friderici
3213 697 3549 764 possessio.

125 800 466 855 suorumque
499 784 739 841 labore.
765 783 852 838 Illi
886 788 1080 838 autem
1105 782 1200 852 qui
1236 782 1383 837 hanc
1401 781 1781 837 rebellionem
1895 793 1997 833 nes
2025 778 2117 811 ²¹⁷⁸
2150 779 2506 848 aggreditur.
2538 779 2658 844 Qua
2683 779 2938 850 undique
2966 784 3217 851 vastata,
3250 788 3311 838 et
3342 782 3397 839 in
3435 800 3550 842 me-

127 873 764 944 contraimperatorem
784 870 1095 927 machinati
1113 869 1590 937 fuerant,nullam
1609 870 1781 925 aliam
1894 865 1989 921 dio
2014 865 2267 935 regionis
2310 867 2467 922 illius
2499 872 2693 922 castro
2726 866 2891 922 firmo
2943 871 3307 940 constructo,
3361 887 3547 943 eoque

129 961 481 1018 occasionem
498 958 973 1016 habebantunde
998 958 1183 1029 ipsum
1209 962 1776 1028 posseiitaccusare,
1893 953 2195 1023 militibus,
2230 954 2408 1010 armis
2429 958 2605 1024 atque
2645 954 2957 1025 stipendiis
3006 954 3319 1029 instructo,
3358 959 3545 1017 hieme

129 1049 227 1106 nisi
257 1048 410 1121 quod
448 1048 844 1104 testabantur
873 1046 1159 1117 quendam
1215 1060 1384 1102 suum
1435 1046 1783 1102 ministeria—
1894 1043 2345 1114 superveniente
2375 1044 2447 1097 ab
2479 1042 2654 1099 armis
2686 1042 3033 1100 disceditur.

129 1138 229 1193 lein
256 1136 426 1193 nimis
444 1135 740 1193 ferociter
753 1134 1140 1191 dominiumin
1160 1134 1281 1190 suis
1309 1133 1574 1205 partibus
1618 1148 1783 1190 exer-

133 1239 255 1282 cere
299 1222 415 1279 ³³⁷³.

1616 1320 1680 1373 Α.
1737 1320 1807 1374 Ι).
1839 1320 2047 1375 MCXV.

191 1419 589 1477 Considerans
622 1416 943 1488 imperator
976 1414 1281 1471 Saxoniam
1314 1414 1621 1471 manifeste
1644 1414 1866 1485 jam’m
1888 1431 1919 1472 a
1944 1432 2008 1472 se
2028 1417 2299 1486 deficere,
2332 1424 2539 1475 contra
2562 1434 2689 1478 eam
2722 1424 2787 1477 ut
2823 1420 3012 1477 iratus
3048 1421 3126 1477 ita
3151 1420 3326 1478 etiam
3357 1437 3545 1480 arma-

140 1517 242 1579 tus,
266 1510 446 1577 venit,
481 1513 546 1564 et
578 1513 707 1564 tam
724 1521 797 1562 ex
827 1505 917 1562 his
935 1520 1083 1576 quos
1099 1504 1420 1560 adduxerat
1453 1518 1623 1574 quam
1654 1504 1962 1574 quosinibi
1995 1505 2107 1561 sibi
2138 1503 2232 1538 ¹ί⁷⁶
2256 1505 2624 1564 voluntarios
2640 1508 2939 1565 invenerat
2960 1513 3156 1565 castra
3177 1524 3290 1566 non
3314 1512 3542 1570 modica

133 1598 393 1655 instituit.
430 1597 708 1653 Saxones
741 1608 882 1651 vero
922 1593 993 1649 de
1018 1591 1110 1626 “7"
1144 1590 1425 1663 periculis
1458 1591 1581 1648 suis
1595 1592 1686 1660 agi
1711 1598 2042 1658 cernentes,
2077 1592 2279 1663 copias
2309 1609 2442 1650 suas
2464 1594 2557 1627 ’³⁷³
2585 1595 2823 1653 diverso
2856 1596 3074 1664 locant,
3109 1613 3222 1654 non
3250 1601 3545 1669 pugnandi

130 1690 319 1742 contra
347 1685 663 1741 dominum
687 1697 857 1739 suum
891 1680 1154 1749 audacia,
1172 1680 1274 1736 sed
1298 1678 1724 1736 defendendise
1758 1680 2109 1736 necessitate
2138 1682 2350 1747 coacti,
2389 1686 2447 1737 ut
2477 1682 2569 1716 “7’
2593 1685 2704 1755 ipsi
2735 1698 2840 1756 per
2865 1684 3269 1743 internuncios
3299 1687 3545 1760 impera-

136 1773 238 1829 tori
258 1771 718 1829 conﬂrmabant.
753 1770 1008 1839 Cumque
1029 1767 1122 1801 “'°
1168 1782 1272 1838 per
1298 1765 1520 1839 aliquot
1554 1767 1681 1822 dies
1712 1782 1849 1839 pars
1878 1772 2126 1839 utraque
2148 1768 2317 1824 alteri
2347 1768 2439 1802 ’1“
2473 1771 2866 1830 minareturet
2898 1778 3186 1845 parceret,
3210 1774 3444 1846 quidam
3460 1776 3550 1833 vir

133 1862 287 1917 fortis
315 1860 556 1916 nomine
589 1859 788 1927 ﬂoger
815 1856 928 1927 ω’,
964 1856 1060 1927 qui
1094 1854 1818 1927 dudumintermultaquze
1851 1856 2128 1912 bellicose
2146 1862 2371 1926 egerat,
2399 1858 3163 1931 Sigifridipalatinicomitis
3197 1863 3445 1921 nece“”
3481 1880 3547 1922 se

136 1947 585 2004 famosissimum
620 1946 679 2001 in
701 1944 834 2000 aula
861 1944 1017 2012 regis
1034 1943 1229 2000 effecit
1250 1942 1360 2011 3‘“,
1397 1948 1695 2015 assumpta
1726 1944 1881 1999 omni
1912 1941 2004 1975 ’1"
2035 1942 2223 1999 electa
2251 1945 2582 2014 juventute,
2619 1962 2749 2017 quae
2782 1948 2985 2020 utipse
3010 1966 3184 2007 morai
3220 1952 3329 2007 fuit
3355 1953 3542 2024 impa-

135 2036 292 2105 tiens,
317 2036 601 2103 Saxones,
634 2046 775 2089 suos
799 2030 1065 2086 nimirum
1094 2030 1537 2100 compatriotas,
1568 2031 1849 2087 audacter
1883 2030 2096 2086 invasit
2127 2029 2317 2100 (Febr.
2354 2036 2464 2104 l1;)
2500 2034 2741 2105 ipseque
2758 2035 2985 2093 leonina
3003 2039 3313 2096 ferocitate
3343 2039 3546 2097 “"di-

136 2125 358 2192 micans,
393 2122 610 2193 gloria:
634 2119 1039 2192 cupiditatem,
1076 2134 1187 2190 qua
1217 2118 1308 2152 “'7
1342 2119 1647 2190 ﬂagrabat,
1667 2120 1868 2177 multis
1888 2134 2088 2176 secum
2102 2121 2471 2190 cadentibus,
2507 2124 2741 2194 prapria
2765 2130 2954 2181 morte
2985 2128 3395 2198 comprobavit
3419 2127 3540 2187 ω’.

142 2210 393 2268 Interfuit
425 2210 568 2267 huic
583 2207 870 2266 conflictu
891 2206 1005 2277 ω’,
1031 2207 1204 2263 immo
1220 2204 1280 2264 ut
1304 2208 1465 2263 aiunt
1483 2207 1910 2278 quodammodo
1924 2208 2161 2278 prefuit,
2180 2208 2494 2279 episcOpus
2520 2210 3015 2269 Halberstatensis
3046 2216 3416 2273 Reinhardus
3439 2215 3540 2253 “’°

142 2299 230 2370 qui
249 2299 465 2356 dudum
495 2299 574 2355 ab
607 2297 964 2381 imperatore
997 2310 1109 2351 non
1149 2295 1373 2351 modice
1400 2295 1503 2351 fuit
1539 2295 1982 2367 injuriatus;qui
2015 2296 2284 2351 nimirum
2316 2298 2441 2352 suis
2475 2312 2737 2367 magnam
2762 2299 3087 2370 predicavit
3116 2302 3377 2371 justiciie
3406 2320 3547 2361 con-

142 2384 492 2457 solationem,
529 2384 909 2457 imperatoris
940 2398 1078 2439 vero
1109 2384 1180 2438 de
1214 2388 1379 2454 parte
1410 2383 1565 2439 cesis
1595 2382 1772 2439 etiam
1804 2383 2122 2455 sepulturae
2147 2384 2454 2440 interdixit
2483 2388 3537 2464 communionem.Sicdomnusimpe-

140 2480 287 2530 rator
306 2489 418 2531 non
449 2488 665 2546 parum
688 2473 1060 2537 ainaricatus,
1084 2470 1157 2527 ad
1180 2472 1439 2527 Rhenum
1461 2469 1935 2527 convertitur”1
1970 2473 2443 2538 ;Saxonumvero
2464 2488 2790 2531 consensus
2814 2475 2884 2531 ad
2909 2477 3301 2536 resistendum
3331 2479 3418 2535 illi
3442 2478 3537 2514 ’Μ

142 2563 307 2633 magis
331 2578 398 2619 ac
427 2563 621 2633 magis
654 2562 966 2616 roboratur
992 2558 1111 2614 ²¹⁹³.
1154 2559 1235 2615 Ad
1270 2560 1390 2613 h'oc
1422 2559 1708 2629 quendam
1739 2558 2095 2615 cardinalem
2128 2560 2444 2616 Romanum
2464 2562 2693 2618 nomine
2709 2563 3062 2622 Dietericum
3085 2565 3198 2638 ’1",
3231 2568 3529 2637 legatione

143 2650 193 2707 in
221 2651 545 2707 Pannonias
570 2649 671 2683 ²¹⁸⁸
694 2650 977 2713 functum,
1012 2662 1115 2718 per
1148 2648 1389 2703 nuncios
1418 2646 1740 2712 asciscunt;
1767 2660 1880 2716 quo
1902 2648 2077 2702 etiam
2112 2649 2428 2719 prescripti
2460 2650 2692 2707 concilii
2712 2652 3006 2710 actionem
3027 2659 3083 2711 et
3118 2671 3221 2727 per
3243 2656 3340 2690 'm
3359 2658 3544 2729 ipsam

142 2736 1179 2809 imgeratorisexcommunicationem
1211 2734 1549 2805 preilicante
1578 2732 1691 2803 “’7,
1716 2740 1831 2789 tam
1846 2735 2325 2806 archiepiscOpus
2340 2737 2853 2808 Magdeburgensis
2878 2756 3050 2811 quam
3079 2748 3428 2801 cmterarum
3448 2743 3542 2784 ²ι⁹⁸

141 2826 522 2885 ecclesiarum
557 2826 832 2899 presules
856 2823 1392 2880 reconciliationem
1427 2822 1713 2892 recipiunt
1749 2822 1987 2892 ;sicque
2015 2822 2197 2878 scisso
2226 2822 2319 2856 “'9
2375 2829 2589 2882 iterum
2647 2825 2741 2859 ²²⁰⁰
2799 2842 2999 2899 regno,
3061 2830 3320 2902 undique
3376 2847 3541 2889 nova;

145 2928 232 2969 res
278 2913 367 2948 υθί
398 2916 681 2972 oriuntur
712 2913 837 2981 ;sic
874 2910 1168 2969 contraria
1201 2910 1477 2982 quaelibet
1514 2924 1567 2963 in
1590 2908 1683 2941 ²²⁰¹
1712 2910 1959 2965 invicem
1994 2914 2193 2980 partes
2223 2916 2489 2983 utraeque
2521 2913 2861 2971 moliuntur.

207 3003 426 3060 Interea
455 3003 676 3060 directi
699 3003 772 3058 ab
801 3001 966 3057 Italia
999 2999 1193 3056 nuncii
1219 3000 1444 3055 obitum
1477 2998 1626 3069 (335)
1660 2997 1817 3053 illius
1849 2997 2066 3055 inclitae
2098 3000 2391 3057 Mathildis
2425 3002 2722 3072 nunciant,
2753 3004 2999 3075 ejusque
3058 3006 3401 3076 prediorum
3427 3015 3544 3066 ter-

150 3103 237 3147 ras
262 3090 659 3163 amplissimas
679 3089 1036 3146 hereditario
1059 3088 1191 3158 jure
1222 3087 1607 3159 possidendas
1630 3100 1908 3142 czesarem
1943 3086 2343 3155 invitant.Qua
2376 3089 2647 3146 nimirum
2677 3090 2885 3147 femina
2913 3092 3069 3148 sicut
3111 3110 3278 3151 nemo
3324 3098 3544 3153 nostris

151 3178 201 3233 in
223 3181 584 3253 temporibus
605 3179 785 3236 ditior
814 3193 881 3235 ac
910 3175 1316 3243 famosior’m,
1352 3176 1430 3231 ita
1455 3189 1622 3232 nemo
1655 3174 1973 3231 virtutibus
2002 3179 2063 3231 et
2122 3174 2404 3246 religione
2453 3179 2562 3234 sub
2619 3178 2766 3235 laica
2823 3180 3187 3250 professione
3246 3185 3546 3255 reperitur

155 3266 439 3338 insignior.

214 3354 539 3415 Conventus
571 3358 710 3429 post
741 3353 861 3411 haec
895 3353 1213 3425 imperator
1246 3352 1562 3409 amicorum
1584 3350 1870 3421 consiliis,
1905 3350 2075 3407 immo
2105 3350 2196 3384 ²¹⁰⁸
2228 3351 2412 3408 totius
2442 3353 2602 3423 regni
2634 3353 2977 3424 compulsus
3025 3357 3425 3429 querimoniis,
3443 3375 3541 3428 ge-

154 3443 389 3501 neralem
419 3447 477 3502 in
508 3444 753 3501 Kalend.
788 3443 1094 3499 Novembr.
1130 3441 1352 3498 curiam
1383 3440 1691 3510 Mogontiie
1723 3439 1847 3495 fieri
1881 3439 2158 3509 instituit,
2197 3440 2292 3496 ubi
2316 3440 2560 3497 liberam
2588 3441 2858 3498 omnibus
2904 3443 3279 3516 audientiam,
3314 3446 3388 3503 de
3416 3449 3532 3504 sibi

155 3528 383 3599 objectis
411 3531 506 3567 ²²⁰⁸
527 3530 991 3591 satisfactionem
1012 3528 1123 3600 ”°°,
1158 3529 1230 3586 de
1252 3529 1376 3586 suis
1404 3528 1873 3584 extraordinarie
1903 3525 1995 3559 ¹²⁰⁷
2026 3528 2120 3584 vel
2147 3526 2683 3599 juvenilitergestis
2710 3531 3158 3602 correctionem,
3195 3533 3266 3590 ad
3295 3545 3536 3592 senatus

154 3620 471 3678 consultum
501 3619 865 3694 repromisit.
898 3619 1131 3675 Statuto
1162 3618 1360 3689 itaque
1389 3625 1653 3688 tempore
1685 3616 1820 3673 dum
1849 3616 1975 3688 ipse
1995 3617 2299 3687 Mogontiai
2333 3619 2919 3689 presenscondictum
2944 3621 3268 3678 frustram‘
3298 3630 3527 3696 presto-

154 3706 295 3763 latur
321 3715 676 3768 conventum
695 3723 898 3764 —nam
920 3712 1120 3779 preter
1151 3721 1372 3777 paucos
1400 3705 1713 3775 episcopos
1745 3720 1911 3761 nemo
1936 3705 2263 3777 principum
2317 3706 2689 3763 adventabat.
2725 3740 2794 3749 -—
2842 3710 3156 3776 Mogontini
3209 3718 3407 3784 aptum
3423 3714 3542 3770 sibi

155 3799 367 3867 tempus
397 3798 668 3854 arridere
694 3796 1147 3869 perpendentes,
1176 3793 1371 3850 subito
1405 3792 1681 3864 palatium
1712 3792 1943 3849 loricati
1978 3798 2036 3849 et
2067 3795 2275 3850 armati
2309 3794 2549 3863 vallant;
2583 3796 2681 3852 alii
2743 3798 2956 3855 atrium
2996 3798 3214 3857 furiose
3254 3800 3548 3859 irruentes

155 3882 205 3936 in
232 3888 448 3944 turmas
466 3891 529 3942 et
559 3900 778 3943 cuneos
794 3900 856 3941 se
886 3883 1233 3954 glomerant;
1259 3881 1449 3938 omnia
1484 3881 1986 3952 strepitu,cuncta
2029 3883 2383 3940 clamoribus
2407 3885 2735 3957 implentes,
2763 3887 2970 3943 aulicis
3010 3886 3292 3944 horribile
3317 3893 3545 3960 specta-

159 3970 336 4029 culum
362 3973 951 4041 demonstrantzQuid
985 3973 1165 4029 multa
1195 3969 1487 4028 ?Dubium
1510 3984 1621 4026 non
1656 3976 1747 4025 est
1775 3970 1949 4040 quod,
1986 3972 2094 4027 nisi
2128 3971 2283 4027 datis
2311 3971 2383 4027 ad
2399 3988 2645 4043 presens
2667 3974 2973 4032 obsidibus
2995 3975 3313 4047 imperator
3335 3992 3545 4049 eaqua

159 4059 260 4116 sibi
290 4062 741 4134 imponebantur
772 4062 1059 4119 facturum
1087 4076 1147 4117 se
1179 4059 1462 4116 citissime
1489 4058 2011 4128 conflrmassetm”,
2038 4060 2224 4130 ipsum
2260 4061 2504 4116 fortasse
2540 4061 2816 4132 palatium
2848 4078 2979 4119 cum
3013 4064 3417 4121 universorum
3446 4066 3545 4136 qui

161 4145 211 4202 in
239 4162 304 4205 eo
324 4161 494 4209 erant
524 4150 928 4208 crudelissima
963 4164 1103 4207 nece
1143 4148 1277 4205 ilico
1305 4147 1646 4215 corruisset,
1681 4147 1766 4202 Ita
1797 4148 2000 4203 sedato
2056 4147 2154 4202 vix
2180 4147 2426 4204 militum
2483 4147 2785 4218 plebisque
2839 4150 3265 4207 ferventissimo
3325 4151 3545 4222 furore,

159 4249 326 4294 cassat-
354 4242 426 4297 ab
457 4241 609 4299 urbe
640 4238 907 4309 secessit,
935 4243 989 4294 et
1018 4241 1150 4309 post
1182 4251 1396 4308 paucos
1426 4234 1552 4291 dies
1577 4234 1977 4303 Adelbertum,
2012 4249 2182 4304 quem
2205 4234 2322 4304 jam
2356 4250 2458 4306 per
2492 4251 2670 4292 annos
2701 4240 2827 4291 tres
2851 4236 3144 4294 artissima
3187 4240 3551 4311 mancipave-

164 4329 241 4381 rat
271 4330 562 4400 custodia,
580 4329 678 4386 vix
708 4328 977 4384 nimirum
1014 4326 1107 4360 ²²¹⁰
1137 4326 1369 4383 ossibus
1396 4325 1720 4395 herentem,
1746 4327 1806 4381 ut
1822 4323 2890 4393 coactuspromiscrat,kathedriesu:e
2905 4323 2997 4357 ’ω
3019 4326 3243 4382 remisit
3266 4326 3548 4399 [secessit

163 4417 214 4469 et
236 4414 394 4485 juxta
410 4419 693 4492 placitum
716 4417 899 4474 tercia
919 4416 1012 4473 die
1045 4415 1456 4485 Adalbcrtum,
1492 4427 1661 4484 quem
1687 4414 1802 4483 jam
1826 4412 2565 4484 perannostresartissima
2592 4412 3023 4484 mancipaverat
3079 4416 3366 4486 custodia,
3449 4418 3547 4471 vix

165 4503 418 4566 nimirum
447 4507 688 4566 ossibus
718 4507 1015 4564 bercntem
1039 4506 1334 4562 katthl‘ll‘
1367 4520 1487 4562 suae
1514 4503 1780 4573 remisit.]
1806 4502 1905 4559 Hic
1919 4517 2059 4573 ergo
2074 4517 2187 4559 non
2219 4501 2402 4558 multo
2418 4500 3181 4574 postsedism’apostolicie
3212 4503 3305 4536 'm
3348 4503 3541 4574 legato

1531 4643 1764 4701 VARIIE
1805 4644 2203 4701 LECTIONES.

227 4761 311 4797 ²¹⁷¹
338 4765 603 4842 i'jaﬂuis
620 4763 804 4842 [lyces
832 4766 1049 4842 operis.
1104 4760 1521 4842 ""rreciduam
1550 4759 2181 4842 corr,_.r_cc_idivam__7.
2212 4758 2353 4842 “’1”
2400 4758 2559 4840 deest
2607 4761 2704 4842 pl.
2756 4774 2858 4816 eos
3065 4758 3182 4842 Ἓξ.
3233 4773 3552 4842 possessio-

165 4847 312 4912 [lem
350 4828 555 4912 Elffz.
609 4828 712 4912 f1“
736 4828 1175 4912 jam’.__ni._jam.
1214 4839 1271 4889 5.
1296 4833 1325 4912 ξ
1353 4832 1397 4865 τ⁶
1422 4847 1482 4888 ιι.
1519 4846 1576 4912 s;
1615 4828 1798 4912 42""
1827 4830 1987 4912 item
2015 4834 2167 4912 4-H.
2210 4832 2271 4885 S.
2310 4846 2369 4887 v.
2403 4829 2680 4912 periculis
2733 4846 2795 4887 se
2836 4832 2965 4912 angi
2992 4834 3049 4912 4ἐ
3085 4828 3183 4912 ’f‘f‘
3344 4834 3545 4912 ‘5.ll_.

166 4902 250 4936 ’π’
275 4906 430 4965 deest
465 4910 523 4962 4.
563 4908 629 4964 7?
667 4900 845 4962 10:11.
882 4906 976 4939 ²¹⁸⁰
1003 4900 1258 4975 Comquc
1289 4909 1365 4975 9°.
1408 4934 1476 4942 —
1502 4903 1930 4975 ΗορῄιρςοηΕμ
1970 4901 2102 4959 alia
2126 4916 2313 4958 manu
2340 4900 2477 4975 add:
2514 4904 2580 4958 in
2618 4916 2812 4975 marg.
2851 4903 2975 4975 :llic
3002 4902 3155 4975 facit
3184 4900 3455 4957 callidam
3490 4904 3550 4956 et

167 4976 580 5034 fraudulentam
613 4978 1001 5034 narrationem
1024 4978 1095 5033 de
1127 4972 1396 5031 H‘einrico
1426 4987 1561 5042 rege
1608 4972 1699 5005 ’1“
1732 4972 1930 5027 haberi
1964 4977 2019 5027 5.
2060 4977 2117 5027 6.
2159 4976 2233 5027 9°.
2272 4976 2365 5027 10.
2435 4973 2592 5029 deest
2621 4974 2678 5028 4.
2712 4973 2912 5028 abheri
2936 4972 3080 5030 add.
3139 4977 3434 5027 certamen
3486 4975 3546 5027 7.

165 5042 249 5123 ξξξξ
267 5046 463 5123 boiger
498 5052 554 5104 4.
595 5053 751 5123 5.__§_.
787 5051 873 5103 9°.
914 5048 1114 5117 hogiar
1147 5050 1378 5123 19.__ll.
1408 5043 1501 5123 ’f”
1530 5044 1694 5123 deest
1720 5042 2205 5123 4._f13‘_e[l‘ecerat
2248 5045 2298 5123 4.
2333 5042 2615 5123 ξθδῃίζςε-ςι
2641 5045 2699 5098 6.
2737 5050 2813 5123 7_._
2863 5048 2965 5123 9°11
3002 5042 3191 5098 electa
3250 5042 3418 5123 de“!
3485 5047 3545 5123 Ζ.

170 5113 251 5148 ¹ί⁸⁶
278 5111 511 5189 feritate
541 5126 599 5175 7.
645 5117 735 5153 ²¹⁸⁷
777 5134 946 5189 quam
976 5111 1031 5173 (ἶ.
1073 5123 1129 5173 5.
1187 5115 1575 5189 2"’{probavit
1639 5120 1728 5189 to.
1769 5118 1852 5170 ll.
1904 5112 1998 5189 f1”
2030 5114 2311 5189 conﬂictu
2341 5120 2393 5189 7.
2417 5113 2510 5146 ²¹⁰⁰
2544 5115 2604 5189 Β.
2662 5115 2827 5189 codd.
2865 5111 2970 5189 _"“
3028 5113 3321 5189 convertit
3374 5117 3432 5167 6.
3484 5115 3546 5168 7.

174 5189 241 5240 9°.
291 5188 377 5224 "”
480 5190 643 5249 deest
714 5183 861 5246 6.7.
930 5195 1005 5245 9°.
1041 5189 1094 5245 ei
1126 5194 1175 5244 5.
1260 5186 1352 5219 ἠν
1426 5186 1596 5241 illir.
1653 5188 1820 5242 6‘27.
1893 5188 1969 5240 9°.
2027 5184 2119 5217 “"
2192 5184 2501 5241 dietricum
2551 5188 2599 5239 4.
2665 5184 3011 5242 tiedericum
3091 5189 3143 5240 7.
3230 5183 3324 5216 ²¹⁹⁵
3410 5197 3547 5255 pan-

175 5259 329 5309 nonia
360 5265 409 5309 4-
441 5261 536 5295 ’³⁸⁸
591 5260 755 5309 deest
804 5263 853 5309 4.
912 5258 1003 5294 ³1⁸⁷
1066 5259 1460 5309 nredicanlem
1496 5259 1546 5309 4.
1606 5254 1698 5288 ²¹⁹⁸
1757 5255 1997 5309 aliarum
2056 5261 2108 5309 4.
2192 5254 2283 5289 ³³⁸⁸
2310 5256 2469 5309 cisso
2523 5257 2575 5309 7.
2623 5255 2718 5289 ²²⁰⁰
2771 5256 2962 5309 denuo
3018 5257 3066 5309 4.
3119 5252 3206 5287 ²¹⁰¹
3268 5268 3375 5309 rex
3448 5255 3543 5309 ΕΩ.

175 5259 331 5317 nonia
360 5265 409 5318 4.
441 5261 536 5295 ’³⁸⁸
591 5260 755 5318 deest
804 5263 853 5315 4.
912 5258 1003 5294 "’7
1066 5259 1460 5332 predicantem
1496 5259 1546 5311 4.
1606 5254 1698 5288 ²¹⁹⁸
1757 5255 1997 5312 aliarum
2056 5261 2108 5311 4.
2192 5254 2283 5289 '1”
2310 5256 2469 5313 cisso
2523 5257 2575 5309 7.
2623 5255 2718 5289 ²²⁰⁰
2771 5256 2962 5312 denuo
3018 5257 3066 5310 4.
3119 5254 3206 5335 ²¹⁴ζ¹
3268 5268 3375 5335 rei;
3418 5254 3543 5311 ΕΞ.

170 5323 436 5396 φάοσδε
486 5337 539 5390 7.
598 5330 692 5365 ¹⁰⁰³
748 5331 1056 5387 formosior
1110 5332 1204 5386 ΕΞ.
1259 5328 1350 5361 ²²⁹⁴
1398 5326 1589 5384 nimiis
1612 5330 1661 5382 4.
1714 5325 1808 5360 ²²⁰³
1857 5326 2142 5396 subjectis
2201 5331 2335 5384 4.5.
2402 5330 2478 5381 9°.
2548 5329 2657 5396 to.”
2711 5328 2794 5381 14.
2900 5324 2993 5359 ²²⁰⁸
3045 5326 3405 5396 satisfactio
3488 5327 3539 5380 4.

170 5394 255 5502 ξε
278 5403 805 5533 ξχιέθὲξὲἐὲενθ
842 5400 936 5435 ²²⁰⁸
969 5402 1185 5459 frustra
1238 5406 1295 5457 5.
1355 5398 1448 5432 ¹²⁰⁹
1492 5399 1914 5455 conformasset
1949 5394 2044 5453 ΕΩ.
2077 5396 2170 5432 ²²¹⁰
2226 5397 2390 5455 deest
2441 5399 2499 5451 4.
2574 5395 2665 5429 ²²¹¹
2713 5395 2880 5454 deost
2925 5399 2981 5451 4.
3038 5395 3130 5428 ²²¹²
3209 5395 3370 5452 sedis
3427 5396 3532 5453 ΕΩ.

1747 5565 1969 5621 NOTAE.

241 5654 376 5733 (336)
402 5660 646 5721 Obierat
677 5657 742 5718 ἀ.
780 5661 877 5718 24.
916 5660 1045 5716 Jun.
