3948 6424
430 350 529 405 211

993 351 1048 406 S.
1088 347 1444 408 BRUNONIS
1481 343 2127 406 CARTHUSIANORUM
2164 343 2646 404 INSTITUTORIS
2683 345 2836 404 OPP.
2878 347 3053 405 PARS
3090 347 3157 403 II.

3615 349 3724 404 212

439 475 599 530 teria.
645 474 804 545 Quod
836 474 1030 530 Paulus
1059 482 1140 543 (ut
1169 473 1237 528 ad
1266 473 1494 529 meliora
1533 488 1752 543 semper
1778 476 2036 542 provocet
2061 469 2118 528 Α
2138 467 2259 534 bus,
2290 477 2342 524 et
2371 485 2481 525 non
2509 470 2808 528 vivificans.
2842 473 2908 527 Et
2936 488 3066 528 vere
3097 480 3284 544 surget
3321 487 3521 542 corpus
3552 471 3720 542 spiri-

439 563 559 633 eos)
589 579 688 634 per
714 562 1122 618 similitudinem
1144 561 1370 616 aliarum
1393 568 1770 616 creaturarum
1820 560 2031 628 impro-

443 651 537 705 bat
561 665 574 705 :
599 652 726 723 quia
747 651 1204 722 quemadmodum
1234 649 1414 706 omnia
1449 649 1706 704 animalia
1731 664 1797 703 ex
1827 647 2034 702 eisdem

442 738 724 794 elementis
762 739 904 794 facta
933 746 1076 804 sunt,
1119 738 1312 792 eadem
1345 745 1526 792 tamen
1555 735 1782 791 materia
1802 751 1911 789 non
1940 750 2033 788 au-

442 825 566 892 fert,
592 826 719 899 quin
749 827 858 882 alia
888 834 940 882 et
971 826 1079 882 alia
1129 826 1272 880 inter
1328 841 1386 880 se
1426 825 1551 879 sint.
1595 827 1656 879 In
1717 823 2035 879 coelestibus

445 915 604 971 etiam
633 915 892 971 creaturis
923 931 988 970 ex
1025 913 1234 969 eisdem
1263 913 1505 968 materiis
1551 912 1858 968 constitutis
1886 909 2038 964 diffe-

444 1003 623 1059 rentia
679 1012 762 1058 est
815 1003 885 1058 ad
934 1002 1166 1058 invicem
1236 1001 1534 1067 claritatis;
1579 1001 1741 1056 sicin
1795 998 2034 1054 homini-

443 1091 545 1146 bus
591 1098 783 1146 natura
839 1090 1017 1147 carnis
1073 1089 1326 1144 omnibus
1381 1089 1574 1144 eadem
1627 1103 1737 1144 non
1811 1087 2037 1157 impedit

444 1179 573 1251 quin
604 1179 814 1250 possint
859 1177 1213 1234 diversiﬁcari
1267 1177 1323 1231 in
1380 1177 1559 1249 gloria
1598 1174 2032 1231 resurrectionis.

447 1267 644 1321 Littera
672 1265 750 1321 sic
776 1266 1025 1336 jungitur
1049 1283 1062 1319 :
1082 1265 1226 1321 Licet
1257 1280 1446 1320 omnes
1485 1271 1777 1336 resurgant
1831 1263 1885 1317 in
1913 1277 2035 1316 ma-

438 1355 543 1425 jori
572 1353 748 1426 gloria
776 1354 972 1420 carnis,
1002 1361 1182 1408 tamen
1211 1352 1531 1408 diﬂ'erenter
1567 1369 1579 1408 :
1611 1368 1714 1407 nec
1770 1353 1875 1407 hoc
1929 1351 2036 1404 im-

445 1442 596 1514 pedit
627 1441 816 1497 eadem
849 1441 1100 1498 omnibus
1131 1441 1358 1496 materia
1388 1440 1712 1496 conditionis
1747 1457 1759 1494 :
1794 1440 1930 1495 sicut
1959 1438 2040 1493 vi-

445 1531 542 1585 des
573 1530 718 1602 quod
740 1547 854 1587 non
889 1533 1071 1588 omnis
1101 1547 1251 1598 caro,
1287 1529 1482 1585 eadem
1534 1545 1685 1595 caro,
1707 1528 1830 1584 licet
1861 1526 2038 1582 omnis

446 1636 510 1675 ex
543 1621 735 1675 eadem
779 1619 1026 1686 materia,
1058 1621 1152 1675 sed
1191 1621 1310 1674 alia
1363 1627 1446 1674 est
1477 1633 1606 1674 caro
1665 1617 1957 1673 hominum
1987 1625 2039 1671 et

446 1710 564 1764 alia
594 1716 673 1762 est
704 1724 987 1780 pecorum.
1030 1709 1158 1763 Alia
1187 1709 1368 1762 autem
1399 1715 1480 1761 est
1509 1721 1640 1762 caro
1698 1707 1989 1762 volucrum
2022 1721 2036 1758 :

452 1798 570 1852 alia
607 1803 787 1852 autem
821 1804 902 1852 est
933 1811 1064 1852 caro
1089 1796 1355 1868 piscium.
1388 1797 1456 1850 Et
1486 1795 1625 1850 sicut
1654 1801 1867 1849 terrena
1907 1809 2035 1848 cor-
2064 1819 2118 1878 B

447 1900 580 1955 pora
612 1884 754 1940 inter
783 1899 843 1940 se
873 1883 1145 1950 differunt,
1181 1884 1260 1940 sic
1289 1883 1530 1939 coelestia
1557 1899 1587 1936 a
1616 1882 1869 1937 terrenis.
1893 1883 2038 1937 Sunt

451 1973 592 2028 enim
640 1989 871 2046 corpora
917 1975 1188 2038 caelestia,
1233 1977 1288 2028 et
1337 1987 1572 2044 corpora
1619 1971 1955 2026 terrestria:
1986 1977 2039 2024 et

447 2077 573 2117 cum
601 2062 655 2116 in
686 2063 790 2117 hoc
817 2061 963 2133 quod
991 2076 1220 2132 corpora
1256 2068 1377 2114 sunt
1398 2102 1412 2120 ,
1453 2059 1778 2115 conveniant
1811 2077 1824 2113 :
1858 2067 2038 2113 tamen

448 2150 502 2204 in
533 2152 636 2206 hoc
666 2149 918 2204 differunt
949 2150 1094 2222 quod
1115 2150 1232 2205 alia
1251 2149 1471 2220 quidem
1491 2153 1576 2204 est
1596 2149 1905 2204 caelestium
1925 2163 2044 2202 cor-

448 2255 652 2313 porum
681 2240 880 2309 gloria,
937 2239 1055 2294 alia
1107 2242 1300 2293 autem
1352 2239 1731 2292 terrestrium.
1777 2237 1843 2290 Et
1902 2237 2039 2291 sicut

449 2327 688 2384 coelestia
717 2342 750 2381 a
779 2326 1010 2382 terrenis
1039 2325 1315 2392 differunt,
1357 2325 1437 2381 sic
1467 2325 1583 2395 ipsa
1612 2324 1856 2380 coelestia
1902 2324 2040 2379 inter

451 2432 530 2471 se.
559 2416 702 2470 Nam
730 2416 848 2470 alia
871 2421 954 2469 est
996 2415 1231 2470 claritas
1260 2415 1412 2479 solis,
1448 2418 1502 2469 et
1533 2414 1648 2468 alia
1699 2421 1781 2466 est
1823 2413 2039 2467 claritas

452 2505 622 2569 Iunce,
655 2511 708 2557 et
735 2503 853 2558 alia
887 2511 971 2557 est
999 2503 1243 2558 claritas
1276 2504 1595 2557 stellarum.
1625 2502 1684 2555 In
1713 2501 1846 2570 ipsis
1879 2501 2040 2555 etiam

459 2591 630 2646 stellis
658 2589 959 2645 diﬁerentia
993 2606 1005 2644 :
1038 2607 1175 2645 nam
1195 2591 1362 2646 stella
1381 2591 1626 2660 differta
1648 2590 1815 2644 stella
1834 2591 1893 2643 in
1915 2591 2039 2644 cla-

449 2683 625 2736 ritate
657 2700 674 2734 :
706 2687 760 2734 et
788 2679 926 2734 sicut
956 2679 1041 2734 hae
1067 2685 1328 2734 creatura:
1366 2679 1607 2734 vicissim
1637 2691 1671 2732 a
1697 2693 1756 2732 se
1786 2676 2042 2731 ditl‘erunt

449 2768 708 2835 claritate,
731 2770 813 2824 sic
842 2769 1018 2823 etiam
1049 2767 1388 2824 resurrectio
1406 2771 1760 2822 mortuorum
1781 2765 2040 2820 differens

450 2856 716 2926 eritjustis
731 2856 787 2910 in
803 2855 1045 2912 claritate
1063 2855 1268 2927 gloriae.
1289 2856 1358 2909 Et
1374 2855 1496 2910 licet
1510 2855 1564 2909 in
1585 2854 1762 2927 gloria
1774 2870 2044 2911 resurrec-

456 2945 617 3001 tionis
635 2944 908 3012 differant,
931 2945 1034 3000 hoc
1056 2952 1236 2999 tamen
1261 2942 1630 2999 indifferenter
1669 2943 1867 2998 habent
1898 2943 2042 3013 quod

456 3035 543 3090 hic
556 3036 877 3090 seminatur
887 3049 1087 3104 corpus
1106 3032 1336 3088 hominis
1348 3035 1410 3088 in
1428 3033 1867 3103 corruptionem,
1884 3031 1938 3086 id
1961 3039 2044 3086 est

455 3123 524 3178 ad
551 3124 655 3178 hoc
675 3129 733 3176 ut
753 3121 1087 3192 corruptioni
1105 3121 1404 3190 subjaceat.
1430 3120 1708 3176 Seminare
1729 3120 1857 3176 dicit
1903 3137 1932 3174 a
1955 3120 2042 3174 die

457 3227 566 3284 quo
596 3210 898 3281 concipitur
927 3211 1089 3265 homo
1107 3253 1119 3276 ,
1152 3226 1325 3280 usque
1354 3209 1422 3264 ad
1449 3209 1593 3264 diem
1624 3209 2044 3266 resurrectionis

461 3300 723 3356 omnium.
785 3298 1096 3354 Seminatur
1153 3298 1368 3370 quidem
1428 3298 1482 3351 in
1521 3298 1867 3368 corruptione
1902 3316 1914 3351 :
1947 3297 2044 3353 sed

459 3393 650 3461 surget
682 3388 745 3442 in
773 3389 1224 3459 incorruptione,
1258 3386 1312 3441 id
1343 3394 1426 3442 est
1464 3394 1520 3441 ut
1547 3387 1613 3440 ab
1643 3386 1792 3442 omni
1847 3403 2044 3442 corru-

454 3477 640 3549 ptione
671 3476 906 3532 alienum
927 3475 1016 3542 sit,
1045 3483 1098 3530 et
1125 3476 1230 3532 hoc
1260 3491 1482 3548 surgere
1513 3476 1616 3530 erit
1643 3475 1696 3530 in
1718 3475 1806 3530 die
1831 3475 2043 3544 judicii.

458 3567 790 3621 Seminatur
818 3580 927 3619 non
957 3564 1134 3619 solum
1162 3564 1216 3618 in
1249 3565 1591 3635 corruptione
1610 3607 1626 3630 ,
1661 3564 1758 3619 sed
1789 3564 1952 3618 etiam
1983 3565 2046 3618 in

456 3655 832 3726 ignobilitate.
867 3655 927 3708 In
956 3653 1125 3709 multa
1157 3654 1300 3710 enim
1330 3653 1531 3708 vilitate
1561 3653 1740 3708 carnis
1770 3654 1933 3706 homo
1957 3669 2044 3724 ge—

457 3751 700 3808 neratur,
716 3748 811 3798 sed
832 3750 960 3798 tunc
980 3747 1172 3813 surget
1193 3743 1254 3797 in
1272 3744 1470 3813 gloria,
1495 3749 1758 3813 perpetua
1776 3741 2043 3796 habenda.

459 3832 789 3888 Seminatur
808 3830 895 3886 hic
915 3832 977 3886 in
1009 3832 1372 3900 inﬁrmitate,
1391 3831 1644 3887 omnibus
1675 3829 1816 3884 enim
1838 3829 2048 3884 morbis

460 3927 512 3975 et
540 3919 768 3974 diversis
796 3919 884 3975 hic
917 3920 1155 3988 subjacet
1183 3919 1419 3976 miseriis
1453 3937 1466 3974 :
1497 3919 1593 3975 sed
1625 3926 1752 3974 tunc
1774 3922 1965 3988 surget
1985 3919 2048 3972 in

459 4010 674 4064 virtute
703 4008 1148 4079 impassibilitatis
1177 4017 1230 4063 et
1259 4007 1700 4063 immortalitatis.
1720 4008 2049 4062 Seminatur

459 4096 550 4153 hic
578 4113 778 4168 corpus
837 4098 1108 4163 animale,
1142 4097 1288 4169 quod
1336 4095 1666 4169 quotidianis
1687 4094 1931 4150 ciborum
1962 4094 2049 4149 fo—

461 4185 658 4241 mentis
716 4185 1009 4240 sustentari
1078 4193 1310 4256 oportet,
1366 4193 1424 4239 ut
1461 4183 1741 4255 quodlibet
1802 4183 2048 4238 animal:

463 4275 559 4330 sed
582 4281 704 4330 tunc
731 4278 921 4345 surget
951 4289 1154 4346 corpus
1186 4275 1507 4344 spirituale,
1541 4271 1687 4342 quod
1719 4271 1906 4341 spiritu
1936 4272 2052 4327 solo

464 4363 692 4434 regitur,
727 4362 844 4418 sine
893 4379 994 4418 usu
1033 4361 1285 4433 corporei
1338 4361 1464 4416 cibi.
1498 4361 1637 4416 Vere
1668 4359 1898 4414 animale
1927 4376 2052 4416 cor-

459 4467 564 4522 pus
594 4451 893 4507 seminatur
923 4468 936 4504 :
971 4450 1241 4522 siquidem
1273 4450 1376 4505 hoc
1405 4455 1644 4504 vestrum
1675 4464 1877 4519 corpus
1920 4450 2053 4504 ani-

2133 557 2307 617 tuale:
2340 573 2466 612 nam
2496 561 2831 614 novissimus
2861 562 3065 626 Adam,
3098 560 3154 614 id
3185 568 3264 616 est
3290 561 3553 624 Christus,
3579 559 3724 615 dici-

2133 652 2218 699 tur
2247 646 2437 712 Adam,
2471 648 2599 718 quia
2629 657 2788 702 natus
2816 648 2885 704 de
2913 649 3032 718 ipso
3055 649 3355 705 secundum
3385 648 3582 703 lineam
3603 663 3727 704 car-

2133 733 2220 787 nis
2255 749 2267 787 :
2302 734 2422 789 ideo
2452 744 2630 790 autem
2660 737 3008 802 novissimus,
3043 737 3168 807 quia
3199 745 3323 808 post
3354 752 3478 791 eum
3506 752 3615 792 non
3639 744 3726 792 est

2134 821 2347 876 futurus
2377 822 2516 877 alius
2546 825 2738 889 Adam,
2773 825 2865 896 qui
2900 840 3098 880 novam
3137 825 3358 880 inducat
3409 825 3726 896 generatio-

2140 925 2286 965 nem.
2311 910 2503 965 Omnis
2533 912 2676 967 enim
2711 913 2892 979 homo,
2925 913 3012 968 vel
3041 913 3277 969 carnalis
3305 914 3437 968 Adae
3465 913 3606 968 ﬁlius
3635 914 3728 968 vel

2137 998 2448 1068 spiritualis.
2489 1001 2607 1065 Hic,
2640 1001 2878 1072 inquam,
2898 1002 3224 1056 novissimus
3255 1002 3450 1067 Adam,
3483 1001 3714 1058 151

2135 1090 2325 1157 factus
2339 1093 2425 1142 est
2443 1089 2506 1142 in
2527 1090 2794 1159 spiritum
2815 1105 2925 1144 non
2957 1089 3246 1158 viventem,
3281 1089 3378 1144 sed
3427 1091 3726 1159 viviﬁcan-

2140 1179 2269 1229 tem.
2305 1176 2364 1230 In
2411 1175 2504 1230 illa
2544 1176 2688 1230 enim
2729 1178 3128 1232 resurrectione
3159 1177 3237 1233 sic
3291 1178 3467 1232 anima
3524 1193 3727 1248 corpus

2136 1262 2445 1330 viviticabit,
2478 1273 2536 1318 ut
2565 1265 2710 1319 nullo
2748 1281 2919 1336 egens
2949 1265 3205 1320 alimento
3251 1266 3397 1321 vivat
3441 1274 3723 1337 perpetuo.

2209 1351 2422 1406 Diceret
2455 1352 2589 1407 ille:
2622 1353 2771 1408 Licet
2829 1354 3074 1408 Christus
3131 1354 3222 1426 qui
3278 1355 3426 1410 Deus
3483 1354 3618 1420 fuit,
3653 1355 3730 1410 ita

2135 1439 2307 1509 potuit
2336 1439 2614 1503 viviﬁcari,
2665 1457 2770 1513 ego
2817 1457 2926 1497 non
2985 1442 3061 1498 sic
3116 1451 3345 1514 potero,
3378 1443 3470 1514 qui
3515 1450 3729 1497 tantum

2136 1527 2299 1582 homo
2356 1545 2496 1584 sum.
2548 1529 2693 1583 Nihil
2752 1529 3010 1601 impedit,
3049 1531 3122 1585 ait
3172 1531 3404 1597 Paulus,
3447 1531 3571 1602 quia
3598 1531 3729 1586 licet

2138 1616 2381 1670 Christus
2411 1617 2557 1672 Deus
2588 1617 2675 1685 sit,
2711 1626 2890 1672 tamen
2918 1636 3031 1674 non
3061 1621 3221 1691 prius
3243 1619 3339 1674 fuit
3369 1619 3496 1674 illud
3527 1635 3729 1691 corpus

2137 1705 2277 1776 quod
2305 1710 2389 1760 est
2417 1707 2739 1777 spirituale,
2780 1707 2876 1761 sed
2897 1707 3045 1777 prius
3071 1707 3168 1762 fuit
3195 1707 3326 1763 illud
3355 1723 3554 1779 corpus
3583 1715 3729 1780 quod

2138 1799 2220 1845 est
2249 1794 2500 1849 animale
2530 1813 2547 1848 :
2578 1802 2628 1848 et
2686 1795 2884 1849 deinde
2927 1794 3023 1848 fuit
3056 1795 3189 1850 illud
3219 1812 3439 1867 corpus,
3465 1798 3606 1870 quod
3638 1804 3726 1851 est

2138 1881 2458 1950 spirituale.
2485 1881 2625 1936 Vere
2654 1882 2860 1952 primus
2891 1884 3052 1938 homo
3082 1883 3258 1939 factus
3287 1892 3367 1939 est
3397 1885 3452 1939 in
3488 1885 3731 1940 animam

2139 1968 2428 2035 viventem,
2464 1985 2590 2024 nam
2633 1970 2842 2040 primus
2884 1971 3048 2026 homo
3097 1971 3272 2027 factus
3328 1980 3410 2027 est
3455 1971 3522 2028 de
3571 1977 3731 2028 terra

2143 2060 2424 2121 terrenus,
2461 2066 2512 2111 et
2543 2059 2816 2113 secundus
2856 2059 3028 2114 Adam
3061 2059 3232 2115 factus
3261 2069 3342 2115 est
3379 2061 3432 2115 in
3479 2061 3731 2131 spiritum

2140 2143 2524 2200 vivificantem.
2560 2147 2701 2201 Nam
2729 2147 3010 2204 secundus
3043 2149 3202 2204 homo
3231 2149 3407 2205 factus
3427 2157 3508 2204 est
3537 2151 3728 2204 caeles-

2141 2235 2214 2288 tis
2240 2234 2463 2288 veniens
2494 2235 2558 2289 de
2575 2237 2729 2292 caelo.
2756 2236 2820 2290 Et
2851 2239 3033 2308 qualis
3056 2237 3153 2291 fuit
3198 2237 3405 2308 primus
3435 2238 3524 2292 ille
3546 2242 3732 2293 terre-

2139 2338 2266 2386 nus,
2303 2324 2445 2377 tales
2477 2332 2600 2376 sunt
2630 2328 2686 2378 et
2710 2325 2944 2392 terreni,
2979 2325 3069 2397 qui
3099 2325 3380 2381 adhmrent
3409 2327 3526 2394 ejus
3550 2334 3732 2380 terre-

2140 2410 2314 2464 nitati.
2331 2413 2399 2465 Et
2412 2412 2593 2482 qualis
2611 2410 2706 2466 fuit
2725 2413 2995 2468 secundus
3011 2414 3099 2469 ille
3115 2416 3373 2480 caelestis,
3394 2416 3535 2469 tales
3557 2417 3734 2469 etiam

2141 2506 2296 2553 erunt
2354 2498 2647 2554 imitatores
2693 2501 2808 2569 ejus
2854 2503 3125 2556 caelestes.
3182 2503 3253 2556 Et
3290 2502 3735 2573 quandoquidem

2141 2586 2232 2658 qui
2263 2594 2539 2642 terrenum
2562 2588 2872 2656 sectabitur,
2899 2598 3146 2644 terrenus
3175 2591 3314 2656 erit;
3348 2598 3397 2645 et
3420 2591 3508 2662 qui
3529 2591 3734 2646 coeles-

2143 2683 2269 2739 tem,
2294 2675 2568 2740 caelestis;
2601 2679 2777 2747 igitur
2806 2680 2956 2732 sicut
3013 2680 3366 2750 portavimus
3423 2680 3735 2750 imaginem

2145 2765 2360 2818 terreni
2382 2763 2512 2817 Adae
2533 2780 2632 2834 per
2647 2774 2942 2834 peccatum,
2968 2769 3047 2821 sic
3069 2768 3264 2821 amodo
3283 2772 3570 2839 portemus
3590 2770 3736 2823 ima-

2141 2853 2331 2923 ginem
2355 2853 2596 2907 caelestis
2620 2853 2770 2918 Adae,
2795 2871 2894 2924 per
2909 2854 3170 2922 justitiam
3193 2855 3314 2910 vitae
3346 2873 3359 2910 :
3383 2865 3460 2920 ut,
3484 2857 3736 2926 deposito

2145 2955 2310 2995 onere
2331 2940 2682 3004 terrenitatis,
2713 2942 3048 3013 gaudeamus
3079 2943 3133 2996 in
3161 2943 3380 2998 levitate
3411 2944 3602 3016 gloriae
3617 2961 3736 2999 coe-

2145 3027 2316 3081 lestis.
2351 3027 2486 3095 Quia
2516 3029 2680 3084 modo
2710 3029 2918 3083 dixerat
2948 3030 3120 3101 qualis
3152 3029 3250 3084 fuit
3297 3032 3555 3098 cmlestis,
3597 3033 3737 3088 tales

2147 3124 2302 3170 erunt
2334 3116 2672 3171 adhzerentes
2703 3117 2772 3172 ei.
2807 3117 3026 3172 Dixerat
3056 3118 3219 3174 etiam
3241 3129 3519 3190 portemus
3535 3120 3734 3194 imagi-

2147 3220 2271 3259 nem
2304 3205 2574 3260 caelestis:
2608 3222 2676 3260 ne
2697 3205 2986 3261 occasione
3025 3208 3220 3262 horum
3248 3209 3541 3264 verborum
3570 3219 3736 3280 puta-

2147 3309 2329 3348 remus
2358 3293 2514 3348 nobis
2541 3293 2609 3347 ad
2638 3294 2989 3350 salvationem
3012 3295 3256 3352 sufﬁcere
3286 3307 3523 3352 veterem
3554 3299 3737 3354 homi-

2147 3397 2272 3436 nem
2302 3381 2357 3435 in
2387 3381 2652 3452 baptismo
2672 3383 2964 3453 deponere,
2999 3393 3050 3440 et
3078 3401 3279 3441 novum
3308 3387 3583 3442 hominem
3628 3389 3738 3443 ibi-

2148 3471 2272 3525 dem
2293 3486 2596 3526 assumere.
2623 3472 2960 3528 Determinat
2982 3473 3181 3530 Paulus
3202 3491 3309 3530 non
3332 3475 3466 3530 satis
3487 3493 3611 3532 esse
3632 3478 3739 3534 hoc

2147 3559 2311 3613 modo
2340 3559 2631 3629 imaginem
2661 3561 2900 3616 caelestis
2933 3571 3169 3632 portare,
3212 3563 3317 3618 nisi
3345 3565 3596 3620 continua
3617 3566 3740 3621 imi-

2148 3647 2350 3702 tatione
2406 3663 2633 3718 operum
2708 3658 3006 3719 portemus.
3067 3651 3268 3706 Littera
3311 3652 3390 3707 sic
3441 3654 3736 3724 jungitur:

2149 3735 2297 3791 Licet
2343 3735 2572 3791 dixerim
2603 3777 2619 3803 ,
2677 3747 2958 3808 portemus
3023 3739 3320 3811 imaginem
3377 3742 3633 3809 caelestis,
3688 3753 3741 3800 et

2150 3825 2352 3879 erimus
2375 3815 2642 3891 cculestes,
2678 3834 2855 3882 tamen
2888 3829 2986 3884 hoc
3037 3829 3178 3897 dico,
3234 3829 3289 3884 id
3320 3838 3401 3884 est
3432 3831 3740 3888 determine

2150 3913 2323 3978 vobis,
2357 3917 2589 3984 fratres,
2625 3917 2910 3988 quoniam,
2946 3917 3002 3970 id
3054 3925 3134 3971 est
3164 3919 3330 3989 quod,
3362 3935 3492 3976 caro
3521 3925 3577 3975 et
3605 3938 3742 3976 sane

2149 4003 2292 4072 guis,
2328 4002 2381 4056 id
2414 4011 2514 4071 est,
2539 4003 2630 4074 qui
2660 4005 2808 4059 carni
2839 4005 3187 4076 acquiescunt
3217 4017 3270 4061 et
3299 4008 3567 4079 sanguini,
3593 4026 3744 4080 qum-

2151 4090 2278 4144 dam
2306 4091 2450 4145 enim
2476 4100 2698 4162 peccata
2731 4101 2855 4147 sunt
2882 4110 2949 4148 ex
2977 4093 3312 4162 carnalitate,
3348 4105 3405 4150 ut
3451 4097 3633 4152 mollis
3651 4098 3743 4153 lu-

2151 4179 2305 4233 xuria
2331 4195 2342 4232 :
2368 4180 2618 4251 quaedam
2650 4197 2714 4236 ex
2746 4181 2874 4236 vitio
2899 4183 3197 4253 sanguinis,
3232 4192 3288 4238 ut
3314 4185 3393 4240 ira
3431 4201 3496 4240 ex
3525 4186 3743 4242 melan-

2153 4267 2331 4322 cholia
2358 4286 2370 4322 :
2395 4276 2447 4322 et
2477 4269 2782 4342 quicunque
2816 4286 3038 4326 carnem
3070 4280 3122 4326 et
3153 4273 3476 4344 sanguinem
3532 4277 3746 4344 peccati

2155 4365 2448 4421 sectantur,
2481 4358 2534 4411 hi
2565 4376 2680 4413 non
2706 4364 2947 4430 possunt
2974 4362 3257 4432 possidere
3288 4378 3524 4424 regnum
3545 4365 3662 4429 Dei,
3688 4365 3745 4419 id

2155 4453 2236 4499 est
2265 4446 2476 4516 seipsos
2505 4447 2561 4500 in
2582 4446 2756 4501 futura
2786 4448 2975 4520 gloria.
3012 4449 3260 4521 Regnum
3290 4451 3434 4504 enim
3464 4451 3563 4505 Dei
3611 4451 3747 4508 nihil

461 4541 612 4595 male
633 4543 737 4608 est,
767 4543 960 4611 surget
991 4538 1135 4595 idem
1176 4539 1480 4610 spirituale
1510 4552 1707 4607 corpus
1740 4553 1753 4590 :
1784 4537 2052 4608 siquidem
2080 4529 2133 4589 D
2156 4534 2297 4588 aliud
2329 4543 2440 4601 est,
2475 4551 2634 4606 quam
2693 4537 2795 4606 ipsi
2847 4537 3096 4592 homines
3122 4581 3134 4603 ,
3175 4538 3231 4592 in
3277 4539 3381 4594 hac
3429 4539 3536 4594 vita
3585 4556 3747 4597 nemo

464 4627 745 4699 spirituale
777 4635 904 4683 tunc
934 4627 1054 4682 erit.
1092 4627 1187 4682 Vel
1217 4626 1375 4680 aliter
1409 4640 1421 4679 :
1458 4627 1598 4680 Vere
1639 4640 1834 4696 corpus
1866 4635 2056 4699 surget

466 4715 778 4787 spirituale;
809 4731 936 4770 nam
967 4715 1012 4768 si
1032 4730 1232 4785 corpus
1253 4713 1418 4770 modo
1449 4713 1642 4768 dicitur
1670 4713 1917 4780 animale,
1954 4731 2055 4770 vo-

466 4805 698 4860 candum
729 4811 812 4859 est
841 4803 1000 4858 etiam
1031 4803 1175 4858 idem
1207 4819 1406 4873 corpus
1429 4801 1709 4872 spirituale
1744 4819 1756 4857 :
1788 4818 1911 4856 nam
1933 4803 2056 4857 ani-

465 4893 611 4948 male
658 4907 768 4947 non
824 4891 1118 4956 diceretur,
1178 4891 1284 4945 nisi
1343 4899 1592 4960 respectu
1647 4890 1966 4960 spiritualis,
2000 4899 2058 4946 ut

469 4980 626 5052 quasi
657 4980 765 5036 vim
809 4979 1154 5034 relativorum
1210 4979 1461 5044 habeant,
1522 4979 1756 5034 animale
1786 4987 1837 5034 et
1895 4980 2057 5050 spiri-

469 5068 615 5124 tuale
647 5085 660 5122 :
695 5083 822 5123 vere
851 5081 1047 5138 corpus
1077 5068 1179 5123 hoc
1210 5076 1291 5122 est
1319 5067 1574 5134 animale,
1600 5069 1748 5124 sicut
1784 5071 2058 5140 scriptum

473 5156 635 5213 estin
666 5155 867 5211 Genesi
897 5157 1063 5224 (Gen.
1103 5172 1162 5222 ιι,
1197 5159 1284 5226 '7):
1320 5157 1545 5212 Primus
1573 5156 1753 5222 homo,
1774 5157 1859 5212 hic
1877 5166 2058 5212 autem

469 5245 648 5300 dictus
677 5252 760 5298 est
791 5244 991 5310 Adam,
1020 5248 1212 5316 factus
1241 5250 1324 5300 est
1344 5245 1398 5299 in
1430 5245 1667 5300 animam
1718 5262 1828 5300 non
1878 5245 2052 5301 viviti-

470 5341 683 5389 cantem
714 5348 913 5404 corpus
947 5350 959 5389 :
995 5333 1122 5405 quia
1153 5335 1260 5390 cito
1287 5342 1462 5389 morte
1484 5335 1807 5389 dissolutum
1829 5343 1930 5399 est,
1964 5335 2060 5389 sed

471 5423 534 5475 in
561 5421 817 5476 animam
853 5424 1149 5488 viventem,
1183 5423 1237 5477 id
1268 5431 1350 5478 est
1371 5439 1490 5493 qua:
1520 5423 1728 5478 viveret
1756 5422 1832 5476 ibi
1862 5422 1916 5476 in
1947 5439 2060 5477 car-

472 5525 540 5562 ne
572 5526 584 5561 :
621 5509 723 5564 nisi
755 5517 898 5565 enim
927 5528 1127 5583 corpus
1158 5512 1292 5569 cibis
1341 5512 1594 5576 aleretur,
1627 5510 1808 5564 anima
1838 5526 1945 5565 non
1975 5511 2060 5564 vi-

473 5605 622 5652 veret
640 5597 734 5653 ibi.
785 5599 852 5655 Et
881 5601 1002 5659 ideo
1035 5601 1233 5658 dicitur
1271 5601 1478 5666 vivens,
1513 5598 1669 5672 quasi
1700 5598 1892 5655 alienis
1921 5599 2056 5656 viri-

2156 4623 2399 4694 possidet
2423 4640 2482 4678 se
2511 4640 2522 4678 :
2549 4624 2674 4694 quia
2695 4625 2845 4678 nulla
2875 4625 2993 4680 dies
3041 4634 3140 4694 est,
3216 4643 3321 4697 qua
3349 4642 3457 4682 non
3515 4628 3749 4700 quisque

2155 4712 2500 4782 possideatur
2557 4727 2590 4766 a
2656 4720 2901 4782 peccato,
2937 4715 3034 4769 sed
3090 4714 3142 4768 in
3201 4714 3377 4770 futura
3417 4716 3749 4774 beatitudine

2159 4801 2388 4872 quisque
2413 4801 2681 4868 justorum
2705 4801 3004 4872 possidebit
3027 4819 3104 4857 se.
3139 4803 3242 4858 Ubi
3270 4820 3432 4859 nemo
3454 4805 3750 4862 tentatione

2158 4889 2340 4943 carnis
2369 4888 2773 4960 inquietabitur.
2810 4891 2946 4944 Vere
2971 4905 3096 4947 caro
3126 4900 3178 4946 et
3225 4893 3447 4965 sanguis
3476 4909 3585 4948 non
3613 4910 3750 4964 pos-

2159 4977 2412 5031 sidebunt
2470 4994 2698 5049 regnum
2753 4979 2852 5032 Dei
2887 4995 2898 5034 :
2933 4995 3058 5033 nam
3116 4997 3242 5035 caro
3290 4989 3344 5036 et
3403 4982 3625 5055 sanguis
3668 4993 3753 5038 est

2160 5065 2453 5136 corruptio.
2490 5067 2738 5135 Regnum
2769 5075 2947 5121 autem
2980 5068 3078 5122 Dei
3120 5077 3201 5122 est
3231 5069 3579 5139 incorruptio.
3614 5073 3752 5126 Cor-

2160 5155 2351 5225 ruptio
2381 5170 2512 5209 vero
2542 5171 2655 5208 non
2709 5156 3007 5226 possidebit
3066 5158 3513 5222 incorruptelam
3544 5178 3562 5213 :
3588 5158 3755 5230 igitur

2161 5257 2288 5298 caro
2361 5251 2414 5297 et
2460 5244 2685 5313 sanguis
2743 5259 2853 5299 non
2928 5245 3284 5314 possidebunt
3337 5263 3566 5319 regnum
3629 5247 3750 5302 Dei.

2163 5331 2303 5398 Quia
2364 5333 2528 5386 modo
2578 5333 2828 5402 superius
2902 5333 3113 5388 dixerat
3167 5351 3180 5389 :
3242 5334 3560 5406 Quicunque
3617 5352 3755 5406 por-

2163 5420 2352 5474 taverit
2413 5419 2704 5491 imaginem
2788 5421 3043 5487 cmlestis,
3113 5432 3361 5493 resurget
3418 5424 3474 5476 in
3558 5424 3751 5496 gloria.

2162 5508 2383 5562 Dixerat
2413 5509 2603 5564 iterum
2637 5510 2781 5581 quod
2836 5527 2964 5566 caro
3011 5520 3061 5565 et
3119 5513 3344 5582 sanguis
3413 5513 3561 5567 nullo
3591 5515 3757 5570 modo

2162 5597 2518 5668 possidebunt
2588 5615 2817 5671 regnum
2873 5599 2972 5656 Dei
3037 5615 3049 5655 :
3110 5617 3179 5656 ne
3254 5602 3368 5656 haec
3451 5601 3617 5656 verba
3666 5603 3756 5659 in-
