3934 6412
198 395 342 467 1041
1093 402 1538 473 CHRONICA.
1568 438 1641 454 --
1671 399 1751 470 CI

2073 401 2148 470 »Ν
2192 397 2745 469 UNIVERSALE.
3468 382 3626 455 1042

403 535 701 617 stitutor,
737 543 871 617 tunc
904 546 1095 599 autem
1124 540 1355 617 noviter
1381 554 1700 617 conversus
1723 540 1779 597 in
1806 541 2112 617 peregrino
2142 540 2365 617 habitu,
2400 539 2598 617 ibique
2620 534 2690 596 ab
2713 529 3060 617 omnibusin
3084 525 3286 617 multis
3313 526 3629 617 accusabaf

404 619 528 680 tur,
565 610 650 687 _de
686 601 900 687 quibus
938 629 998 669 se
1044 614 1360 683 prudenter
1410 614 1749 687 excusabat.
1806 601 1978 671 Unde?
2010 620 2068 671 et
2117 601 2401 687 scriptum
2454 601 2670 681 legitur
2700 610 2769 668 de
2811 624 2903 676 eo,
2937 606 3070 680 quia
3104 624 3117 660 :
3152 603 3372 663 Manus
3416 601 3627 661 [eorum

403 684 693 741 omnium
726 686 931 743 contra
962 701 1089 741 eum
1120 687 1176 741 et
1205 687 1327 757 ipse
1354 687 1558 743 contra
1580 686 1683 741 hos
1704 700 1916 743 omnes.

261 779 543 849 Ejusdem
584 789 789 839 tamen
824 784 1109 841 actionem
1142 782 1373 839 concilii
1398 782 1446 839 si
1472 782 1601 854 quis
1635 782 1893 854 plenarie
1923 798 2277 854 cognoscere
2310 782 2527 854 querit,
2551 782 2607 837 in
2630 777 2849 836 litteris
2876 772 3178 847 cujusdam
3203 770 3502 830 scolastici
3526 786 3627 828 uo-

194 871 339 925 mine
362 871 668 928 IIessonis
697 874 846 943 (345)
870 873 1166 941 eleganter
1188 871 1555 928 enucleatum
1582 870 1842 943 reperire
1870 874 2083 943 poterit
2108 872 2198 906 ²⁴³³
2233 872 2395 945 [σοιὶ.
2427 872 2498 927 Ε.
2533 870 2687 926 Idem
2718 866 3027 924 concilium
3055 865 3340 918 Remense
3370 859 3625 932 qualiter

191 964 381 1014 actum
406 959 485 1015 sit
510 960 685 1016 scire
716 960 1069 1029 volentibus,
1106 959 1335 1016 difficile
1360 975 1471 1015 non
1495 965 1584 1015 est
1608 960 1868 1016 invenire
1893 962 2115 1033 scripta
2137 962 2443 1031 cujusdam
2470 958 2762 1017 scolastici
2786 954 3064 1012 Hcssonis
3087 952 3337 1015 nomine,
3364 953 3534 1021 prout
3559 963 3622 1006 se

192 1047 539 1104 interfuisse
565 1051 856 1119 testatur,
880 1048 1223 1105 enueleatim
1250 1048 1438 1103 omnia
1463 1048 1852 1107 describentis
1874 1051 1973 1121 'l],
2002 1052 2057 1107 id
2081 1056 2171 1107 est
2195 1051 2450 1122 qualiter
2473 1065 2573 1105 rex
2592 1048 2682 1081 ¹⁴⁸⁴
2706 1048 2857 1102 inter
2879 1056 3119 1115 regnum
3143 1045 3199 1096 et
3226 1037 3619 1096 sacerdotium

191 1136 258 1190 de
288 1137 624 1193 concordia
667 1137 926 1193 facienda
959 1137 1348 1200 consenserit;
1385 1137 1620 1207 insuper
1648 1138 1835 1194 eidem
1867 1140 2135 1209 concilio,
2172 1142 2265 1196 cui
2286 1139 2379 1173 ’⁸⁵³
2401 1138 2673 1195 videlicet
2711 1140 2775 1191 13
2806 1133 2927 1190 Kal.
2960 1134 3100 1188 Nov.
3137 1128 3440 1201 predictus
3472 1141 3617 1199 papa

191 1223 444 1280 Caiistus
477 1225 580 1258 "“
616 1228 668 1281 II
702 1226 953 1283 vallatus
986 1229 1087 1281 426
1122 1225 1405 1295 patribus,
1460 1240 1654 1279 coram
1707 1226 2007 1284 innumera
2055 1230 2427 1286 multitudine
2478 1226 2620 1283 cieri
2662 1240 2727 1281 ac
2769 1221 2966 1295 populi
3016 1217 3297 1292 presedit,
3331 1232 3442 1272 non
3474 1216 3619 1272 adeo

192 1330 248 1369 se
271 1314 364 1347 ²⁴⁵τ
391 1319 773 1385 presentcm,
806 1316 1054 1371 vicinum
1087 1319 1298 1383 tamen,
1333 1314 1694 1381 exhibuerit;
1732 1316 1824 1371 ubi
1851 1322 1907 1372 et
1932 1317 2221 1388 colloquio
2253 1333 2358 1374 suo
2390 1316 2585 1372 domui
2616 1328 2779 1386 papm
2811 1310 3021 1379 legatis
3043 1306 3136 1341 ’⁸⁸⁸
3157 1320 3459 1375 οοηοθεεο,
3496 1308 3620 1360 tan"

192 1402 314 1459 dClIl
350 1403 641 1460 inducias
673 1404 863 1459 denuo
897 1403 1178 1474 quesierit
1217 1408 1454 1473 prepter
1485 1404 1757 1471 generale
1790 1406 2143 1478 colloquium
2167 1423 2294 1462 cum
2322 1405 2686 1477 principibus
2718 1398 3066 1468 habendum,
3102 1412 3209 1469 pro
3249 1394 3618 1451 investituris

190 1494 421 1549 scilicet
446 1493 927 1561 :ecclesiasticis,
953 1507 1095 1563 quas
1125 1494 1425 1560 tantopere
1451 1493 1772 1559 cogebatur
1794 1494 2095 1562 amittere;
2121 1495 2188 1550 ad
2218 1493 2480 1550 ultimum
2505 1508 2643 1548 vero
2668 1490 2817 1546 idem
2843 1486 3226 1560 apostolicus,
3249 1484 3438 1540 inacta
3463 1483 3619 1539 inter

190 1596 247 1637 se
273 1587 330 1636 et
356 1596 569 1650 regem
598 1581 948 1646 concordia;
975 1578 1272 1653 synodalia
1298 1579 1781 1649 predecessorum
1806 1597 2040 1639 suorum
2067 1584 2300 1639 decreta
2324 1580 2752 1638 conﬁrmaverit
2780 1578 2923 1649 (Oct.
2951 1578 3062 1647 30),
3091 1574 3319 1645 aliaque
3341 1570 3615 1628 nonnulla

189 1686 314 1741 qua:
346 1686 447 1726 res
481 1670 773 1740 exigebat
808 1670 1034 1726 noviter
1064 1669 1156 1703 "‘9
1189 1672 1497 1729 addiderit.
1536 1671 1625 1727 Sic
1657 1670 1852 1743 itaque
1888 1678 2020 1743 post
2053 1673 2175 1728 dies
2210 1673 2327 1727 fere
2362 1675 2424 1725 12
2454 1671 2508 1727 in
2541 1669 2760 1726 virtute
2796 1666 3050 1738 Spiritus
3091 1662 3275 1720 sancti
3309 1661 3421 1718 rite
3455 1660 3616 1716 linito

188 1759 461 1829 concilia,
491 1764 757 1816 cunctos
780 1759 1099 1831 apostolica
1123 1761 1528 1819 benedictione
1554 1761 1927 1816 confirmatos
1953 1760 2021 1816 ad
2047 1761 2281 1832 prepria
2311 1760 2500 1815 redire
2525 1756 2809 1830 permisit,
2842 1764 3306 1824 unumquemque
3329 1765 3457 1806 cum
3480 1763 3617 1819 gau-

190 1848 301 1901 dio.
350 1850 483 1919 Ipse
533 1864 779 1919 quoque
817 1863 928 1905 non
971 1850 1151 1907 multo
1194 1858 1325 1922 post
1358 1852 1427 1908 ad
1467 1851 1686 1907 Italiam
1728 1867 2063 1919 conversus,
2102 1850 2445 1907 incredibile
2477 1852 2800 1905 memoratu
2829 1844 2923 1878 ²⁸⁶⁰
2951 1848 3058 1911 est,
3106 1845 3323 1913 quanto
3351 1838 3615 1911 tripudio

189 1952 482 2007 quamque
520 1937 811 1993 immensa
850 1954 1051 2009 pompa
1088 1954 1195 1995 non
1227 1941 1414 1997 solum
1443 1942 1629 1996 totius
1658 1942 1870 2011 Romze,
1906 1955 2106 1996 verum
2127 1939 2217 1972 ²⁸⁶¹
2242 1940 2415 1997 etiam
2441 1938 2841 1994 universarum
2864 1930 3296 2007 provinciarum
3321 1943 3464 2000 quas
3488 1942 3615 1999 per-

189 2026 538 2095 transierat,
599 2026 820 2082 Christi
853 2028 979 2083 vice
1014 2028 1089 2082 sit
1124 2033 1453 2100 susceptus.
1500 2029 1581 2084 Ab
1613 2029 1713 2085 illo
1748 2034 2012 2101 tempore
2045 2031 2161 2087 tam
2193 2029 2321 2097 ipse
2348 2028 2462 2098 jam
2493 2040 2630 2083 vere
2680 2022 3043 2097 apostolicus
3088 2033 3258 2090 quam
3308 2016 3614 2074 universus

190 2113 347 2169 illum
390 2129 664 2185 sequens
706 2115 921 2171 Christi
958 2132 1101 2186 grex
1134 2117 1205 2174 de
1237 2118 1328 2174 die
1361 2119 1415 2173 in
1450 2118 1599 2173 diem
1644 2118 1927 2190 proiicere
1958 2118 2154 2189 coepit,
2198 2116 2381 2173 donec
2412 2120 2619 2173 cuncta
2655 2128 2787 2186 pars
2816 2109 3052 2168 Burdini
3082 2108 3193 2178 Μ’,
3230 2121 3399 2178 quem
3433 2104 3611 2175 aliqui

190 2201 429 2258 Ydoluzn
486 2204 912 2271 cognominare
964 2205 1173 2275 solent,
1210 2207 1265 2261 in
1298 2206 1423 2263 dies
1454 2206 1741 2262 inﬁrmata
1770 2206 1883 2277 "‘3,
1920 2207 2117 2262 conari
2165 2210 2366 2261 contra
2407 2204 2731 2262 aecclesiam
2762 2200 2966 2267 desiit;
3001 2197 3160 2269 regni
3193 2200 3387 2252 tamen
3418 2196 3608 2266 coepta

188 2292 506 2347 commotio
539 2324 618 2332 —
649 2293 758 2349 ahe
788 2292 878 2325 ²⁶⁶⁴
909 2293 1134 2350 scelus!
1170 2326 1236 2334 —
1270 2294 1602 2351 nullatenus
1636 2294 1872 2366 quievit.

324 2392 404 2459 'l)
440 2391 543 2463 Et.
588 2390 734 2463 Alia
780 2404 961 2463 manu
1008 2391 1225 2447 addit:
1264 2391 1581 2459 Adelgotus
1611 2393 1677 2448 XI
1710 2392 1927 2462 Magad.
1981 2390 2459 2463 archiepiscopus
2506 2389 2653 2446 obiit
2684 2391 2740 2445 et
2771 2386 2974 2444 eodem
3023 2397 3172 2441 anno
3221 2380 3395 2439 etiam
3446 2380 3607 2450 Iiugo

398 2462 596 2518 abbas
631 2462 700 2516 XI
738 2460 901 2515 obiit.
936 2476 1069 2532 qua
1100 2464 1193 2517 EQ.
1227 2464 1464 2534 recepit.

259 2558 373 2612 Hoc
406 2573 565 2613 anno
599 2557 858 2628 Adelgoz
888 2557 1401 2628 Magdeburgensis
1434 2559 1927 2631 archiepiscopus.
1964 2560 2135 2616 homo
2163 2558 2393 2630 juvenis
2425 2562 2483 2614 et
2516 2561 2631 2614 tam
2665 2559 2780 2613 Deo
2814 2570 2982 2627 quam
3015 2551 3283 2609 omnibus
3311 2547 3404 2583 "“
3436 2545 3604 2604 bonis

190 2645 601 2715 acceptabilis,
660 2646 966 2702 immaturo
1014 2651 1330 2717 preventus
1380 2662 1608 2717 occasu,
1660 2648 1836 2704 vitam
1888 2652 2220 2720 prcsentem
2249 2646 2341 2679 "“
2382 2647 2437 2703 in
2469 2646 2710 2703 Domino
2763 2643 2965 2701 finivit.
3022 2641 3121 2700 Cui
3172 2640 3347 2695 etiam
3380 2638 3604 2706 Rugge-

190 2747 286 2789 rus
313 2733 408 2765 "‘7
440 2734 776 2791 canonicus
804 2735 1078 2791 canonica
1111 2735 1397 2792 electione
1430 2736 1737 2793 successit.

1670 2855 1757 2907 -A.
1796 2853 1865 2907 D.
1904 2852 2116 2908 MCXX.

258 2947 595 3019 imperator
636 2946 890 3003 natalem
929 2947 1157 3004 Domini
1199 2948 1533 3005 Wormacim
1566 2963 1678 3003 non
1711 2949 2094 3020 imperialiter
2132 2948 2472 3005 celebravit.
2514 2949 2727 3004 Postea
2756 2944 2936 3003 ductu
2966 2942 3059 2978 "“
3091 2940 3367 2998 Friderici
3402 2938 3471 2995 de
3504 2940 3607 2995 Ar-

191 3037 438 3106 nesberg
466 3036 566 3071 ³⁸⁸⁸
600 3036 908 3093 Saxoniam
946 3037 1272 3107 ingressus,
1313 3038 1510 3107 ibique
1538 3039 1609 3093 ab
1640 3037 1733 3071 "7°
1761 3040 2054 3111 episc0pis
2095 3040 2349 3109 regionis
2388 3038 2566 3109 illius,
2603 3038 2673 3093 ab
2704 3037 2831 3107 ejus
2870 3033 3271 3092 communione
3310 3029 3605 3088 abstinen-

192 3123 363 3195 tibus,
407 3126 465 3182 in
510 3126 819 3182 Franciam
861 3126 1257 3191 convertitur;
1305 3126 1399 3182 ubi
1434 3126 1725 3183 nonnullis
1757 3132 2056 3199 acceptus,
2089 3128 2493 3199 compluribus
2524 3127 2699 3183 etiam
2732 3125 2956 3181 invisus
2986 3122 3331 3179 habebatur.
3368 3121 3482 3175 Nec
3514 3116 3603 3150 "7‘

187 3211 368 3269 minus
398 3214 633 3271 interea
670 3214 1013 3271 scissionem
1050 3213 1423 3271 inconsutilis
1453 3214 1665 3271 tunicae
1696 3228 1815 3271 suae
1848 3216 2121 3273 Dominus
2145 3217 2268 3286 ipse
2293 3217 2642 3285 detestatus,
2679 3214 2830 3270 inter
2859 3212 3060 3282 multa,
3095 3210 3309 3281 quibus
3339 3224 3443 3281 pro
3474 3207 3601 3279 ipso

183 3300 340 3357 orbis
373 3307 677 3360 terrarum
712 3301 937 3371 ﬂagella
972 3303 1270 3373 pugnavit,
1306 3303 1360 3358 in
1390 3303 1736 3373 episcopatu
1763 3304 2088 3361 Trevirensi
2124 3305 2212 3337 ²⁴⁷²
2243 3320 2441 3360 mense
2469 3303 2637 3359 Iunio
2667 3302 2951 3359 suscitata
2980 3303 3333 3369 tempestate
3361 3294 3452 3331 ²⁴⁷³
3480 3296 3601 3368 gla-

184 3388 324 3444 ciem
376 3391 543 3448 mirze
594 3390 1016 3460 magnitudinis
1048 3391 1275 3461 effudit,
1310 3406 1437 3461 qua:
1465 3394 1521 3448 et
1554 3390 1644 3423 "7‘
1674 3392 1918 3448 aedificia
1951 3393 2167 3449 evertit
2198 3396 2255 3448 et
2291 3392 2398 3448 alia
2432 3389 2691 3463 pericula
2741 3387 2960 3444 intulit.
3012 3385 3316 3443 Saxoniam
3367 3398 3597 3455 quoque

184 3480 241 3531 et
271 3480 523 3536 maxime
556 3480 620 3536 in
650 3480 994 3552 episcopatu
1045 3480 1512 3537 Halberstatensi
1545 3480 1634 3513 ³⁸⁷³
1668 3481 1793 3538 dira
1842 3483 2124 3551 grandine
2174 3481 2509 3553 ﬂagellavit,
2546 3480 2601 3535 in
2634 3481 2859 3535 tantum
2893 3479 2954 3533 ut
2985 3476 3042 3532 in
3073 3489 3276 3530 novem
3326 3471 3594 3529 villarum

186 3564 392 3624 ﬁnibus
445 3584 565 3626 non
622 3568 807 3625 solum
860 3570 1147 3626 frumenta
1181 3569 1280 3624 sed
1314 3573 1373 3624 et
1408 3570 1625 3625 bestias
1673 3570 1795 3640 agri
1830 3586 1956 3627 cum
2010 3571 2346 3627 volatilibus
2395 3567 2713 3625 innumeris
2761 3563 3212 3636 consumpserit.
3249 3562 3369 3628 Qua
3402 3575 3595 3619 corre-

184 3653 376 3722 ptione
400 3655 495 3689 ²⁴⁷⁶
522 3656 810 3713 stimulati
842 3658 1116 3725 Saxones,
1150 3658 1391 3713 crebros
1421 3664 1747 3714 conventus
1776 3660 1850 3715 ob
1880 3659 2249 3715 concordiam
2284 3660 2495 3727 facere,
2531 3655 2887 3714 dissidentes
2918 3653 3070 3710 inter
3103 3667 3163 3708 se
3196 3663 3426 3723 pacare,
3459 3649 3595 3705 dex-

185 3745 299 3798 tras
331 3743 592 3801 invicem
623 3744 783 3814 dare,
819 3745 1110 3816 predones
1139 3745 1551 3815 exterminare,
1591 3748 2022 3818 subpressoque
2053 3747 2142 3780 "7"
2176 3746 2549 3819 imperatoris
2590 3759 2857 3818 persona,
2900 3746 3105 3801 contra
3144 3754 3374 3797 omnem
3415 3737 3595 3795 homi-
3698 3816 3714 3833 κ

185 3840 305 3886 nem
341 3836 548 3890 terras
590 3847 728 3889 suae
765 3833 1039 3891 invadere
1083 3833 1411 3890 molientem
1445 3849 1503 3891 se
1538 3836 1887 3892 unanimiter
1919 3852 2144 3893 armare
2172 3842 2507 3909 cmperunt;
2542 3850 2607 3891 ac
2643 3835 2795 3891 inter
2824 3835 2947 3891 haec
2978 3831 3150 3889 etiam
3184 3829 3466 3902 quosdam
3494 3829 3595 3885 mi-

186 3916 315 3975 lites
359 3922 730 3979 caesarianos
778 3922 1147 3993 Tburingiam
1181 3922 1272 3956 ²⁴⁷⁸
1301 3927 1603 3980 vastantes
1636 3924 1691 3979 in
1723 3925 1969 3981 castello
2018 3928 2406 3983 Wassenbure
2435 3925 2527 3959 "7’
2555 3924 2702 3996 (346)
2733 3923 2982 3993 singulis
3028 3920 3301 3995 presidiis
3350 3919 3594 3976 circum-

183 4005 512 4081 cludentes,
573 4009 807 4065 tandem
866 4011 1103 4081 penuria
1163 4011 1411 4070 afﬂictos
1463 4012 1844 4083 expulerunt;
1904 4014 2106 4084 sicque
2151 4014 2206 4070 in
2260 4014 2418 4070 brevi
2470 4028 2670 4085 pacem
2714 4011 3215 4082 jocundissimam,
3264 4009 3404 4065 licet
3453 4007 3590 4065 alibi

184 4107 366 4153 werra
399 4098 503 4132 ²⁴⁸⁰
534 4098 709 4153 solita
740 4104 1068 4169 grassante,
1104 4099 1226 4155 suis
1257 4100 1312 4156 in
1348 4100 1617 4172 partibus
1648 4100 2052 4157 instituerunt.
2089 4101 2327 4157 Litteris
2359 4101 2532 4157 etiam
2565 4115 2632 4156 ac
2663 4099 2751 4132 ²⁴⁸ι
2784 4097 3177 4168 legationibus
3220 4110 3382 4168 papas
3421 4095 3585 4151 robo-

183 4184 308 4255 rati,
351 4186 710 4243 vacantibus
752 4186 1049 4244 kathedris
1080 4187 1171 4220 ²⁴⁸²
1200 4189 1477 4245 canonice
1509 4193 1780 4260 pastores
1823 4189 2158 4258 elegerunt;
2195 4205 2358 4260 quos,
2394 4189 2685 4245 mediante
2716 4186 3047 4257 Mogontino
3075 4183 3309 4256 presule
3342 4182 3452 4254 "'3,
3490 4182 3587 4254 qui

182 4276 313 4329 tunc
346 4274 447 4331 illo
494 4275 654 4343 regis
688 4274 1080 4333 declinaverat
1110 4276 1274 4345 iram,
1318 4278 1699 4349 probabiliter
1729 4283 1789 4334 et
1818 4278 2235 4334 ecclesiastica
2270 4278 2544 4334 libertate
2577 4276 2911 4333 consecrari
2945 4276 3229 4332 fecerunt.

247 4362 344 4419 His
388 4363 766 4434 temporibus
807 4364 1138 4422 Fridericus
1175 4366 1469 4437 palatinus
1503 4381 1718 4436 comes,
1756 4367 1850 4438 qui
1886 4382 2069 4438 nuper
2100 4382 2160 4423 se
2190 4382 2219 4422 a
2250 4366 2482 4423 caeteris
2522 4365 2865 4435 dissocians,
2899 4364 3057 4435 regis
3088 4362 3358 4420 ﬁdelitati
3391 4361 3587 4419 devin-

183 4456 346 4506 xerat
376 4452 499 4522 ἀι,
533 4452 702 4521 obiit,
733 4453 848 4523 jam
884 4458 1199 4524 provectus
1239 4459 1433 4524 aetate,
1476 4460 1534 4510 et
1580 4461 1641 4512 ut
1678 4456 1907 4512 cuidam
1950 4470 2118 4511 servo
2161 4455 2256 4510 Dei
2300 4454 2601 4510 evidenter
2643 4453 2964 4510 revelatum
3007 4452 3312 4522 afﬁrmant,
3347 4450 3419 4507 ad
3460 4450 3583 4507 loca

181 4541 422 4607 poenalia
459 4539 559 4575 ’m
592 4542 779 4597 fertur
810 4542 1201 4599 descendisse.
1231 4544 1399 4601 Bonae
1433 4544 1723 4601 memorias
1754 4544 2071 4613 Dieggerus
2100 4542 2208 4614 "",
2240 4542 2486 4615 primum
2517 4540 2607 4575 "'7
2638 4542 2818 4598 abbas
2846 4540 3076 4598 cenobii
3109 4540 3295 4596 sancti
3329 4537 3581 4608 Georgii,

183 4624 425 4701 indeque
449 4643 564 4702 per
588 4628 841 4699 legatum
866 4630 1249 4702 apostolicum
1272 4632 1362 4665 ³⁸⁸⁸
1382 4632 1620 4690 Meteusi
1654 4631 1933 4689 acclesiae
1965 4632 2289 4702 ordinatus,
2325 4638 2456 4705 post
2490 4631 2703 4689 multas
2722 4645 2751 4686 a
2778 4629 2934 4700 regis
2958 4628 3230 4687 fidelibus
3253 4626 3447 4683 illatas
3471 4625 3581 4683 sibi

1555 4749 1788 4805 VARIJE
1820 4748 2216 4805 LECTIONES.

246 4839 334 4875 ""
372 4841 587 4946 Potuit
620 4846 719 4922 9°.
837 4841 927 4875 ²⁴⁸⁴
975 4842 1137 4899 deest
1180 4846 1266 4924 4..
1355 4842 1446 4877 ’⁸⁵³
1484 4844 1645 4901 deest
1688 4850 1744 4899 7.
1802 4849 1884 4900 9°.
2005 4844 2097 4877 ³⁸⁵⁸
2128 4845 2383 4901 kalixtus
2426 4848 2485 4925 7.
2537 4915 2547 4926 .
2605 4842 2695 4877 ²⁴⁸τ
2745 4857 2807 4899 se
2859 4856 2955 4901 res
3001 4858 3063 4915 p.
3125 4844 3182 4898 4.
3300 4838 3392 4873 ""
3421 4840 3585 4898 deest

349 4914 446 4946 2”
502 4916 731 4946 ncnnlnn
783 4914 912 4946 μμ
1071 4912 1163 4946 21οο
1210 4914 1370 4946 Auni“
1427 4918 1446 4946 ι
1597 4915 1685 4946 2661
1735 4916 1834 4946 and
1891 4919 1911 4946 ι
2063 4915 2153 4946 2M!
2201 4915 2547 4946 Ιυηυ-ηηπιιη.
2590 4921 2647 4946 nn
2792 4913 2881 4946 266³
2931 4913 3150 4946 ηυντ-σία
3202 4925 3415 4946 nnnonn
3468 4911 3535 4946 n4

349 4911 446 4947 m'
502 4912 731 4968 naviter
780 4914 949 4969 4-11.
1071 4912 1163 4946 ²⁸⁶⁰
1209 4914 1371 4972 dictu
1422 4918 1477 4969 4.
1597 4915 1685 4948 "‘1
1735 4916 1838 4971 sed
1886 4919 1943 4972 4.
2063 4915 2153 4947 ""
2200 4915 2549 4986 burgundiui
2590 4921 2672 4971 9°.
2792 4913 2881 4947 ³⁸⁸³
2931 4911 3152 4970 ﬁrmata
3202 4925 3415 4969 conare
3464 4911 3570 4967 Di.

182 4976 341 5039 "“i.
398 5000 460 5041 e.
522 4984 647 5041 ach.
701 4984 763 5038 o!
816 4998 880 5041 ac
932 4987 1102 5040 4-11.
1219 4985 1403 5041 ""0.
1460 4986 1790 5041 hominibus
1837 5002 1896 5041 ο.
1955 4988 2015 5041 b.
2074 4990 2130 5041 6.
2185 4992 2244 5041 7.
2301 4992 2380 5041 9°.
2500 4986 2590 5019 ²⁴⁶⁸
2620 4988 2676 5041 in
2726 5001 2786 5041 n.
2843 5000 2903 5041 ο.
2960 4987 3016 5041 4.
3135 4982 3224 5017 ²⁴⁶⁷
3256 4996 3570 5041 ruomerus

182 4983 341 5039 "“i.
398 5000 460 5041 e.
522 4984 647 5051 ach,
701 4984 763 5038 o!
816 4998 880 5041 ac
932 4987 1102 5065 4-11.
1219 4985 1403 5089 ""q.
1460 4986 1790 5043 hominibus
1837 5002 1896 5042 o.
1955 4988 2015 5042 b.
2074 4990 2130 5041 6.
2185 4992 2244 5042 7.
2301 4983 2380 5043 9°.
2500 4986 2676 5042 ""in
2726 5001 2786 5057 p.
2841 5000 2903 5058 p.
2960 4987 3016 5041 4.
3135 4983 3224 5017 ²⁴⁶⁴¹
3256 4996 3581 5053 ruoggerus

182 5052 234 5104 4.
278 5052 335 5106 6.
383 5063 449 5112 7.
504 5060 586 5110 9°.
640 5058 730 5108 10.
851 5054 942 5087 ’⁸⁸⁸
973 5054 1132 5111 dictu
1173 5061 1231 5111 7.
1376 5057 1441 5090 ⁴⁶⁹
1472 5059 1799 5114 arnesburg
1839 5060 1941 5114 ΕΞ.
1990 5059 2278 5114 arnsbure
2320 5061 2375 5113 4.
2426 5059 2742 5114 arnesberc
2783 5062 2841 5112 7.
2961 5055 3053 5090 "7°
3079 5054 3242 5113 deest
3273 5059 3331 5109 6.
3380 5059 3437 5109 7.
3484 5057 3569 5108 9°.

182 5072 234 5104 4.
278 5072 335 5106 0.
383 5072 449 5112 7.
504 5072 586 5110 9°.
640 5072 730 5108 ‘IU.
853 5072 942 5087 ι’νσ
973 5072 1132 5111 υιοιιι
1173 5072 1231 5111 7.
1352 5072 1441 5090 ιη’
1472 5072 1799 5127 arnesnurg
1839 5072 1941 5114 152.
1990 5072 2278 5127 arnsnurg
2320 5072 2375 5113 4.
2426 5072 2742 5114 arnesnerc
2783 5072 2841 5112 7.
2961 5072 3053 5090 ι’σν
3079 5072 3242 5113 αεσδι
3273 5072 3331 5109 o.
3381 5072 3437 5109 Ἰ.
3484 5072 3568 5108 νυ.

180 5120 262 5198 ff“
285 5125 397 5183 Hec
420 5131 529 5198 7.__
561 5124 654 5156 "7’
680 5125 1002 5198 treverensi
1034 5129 1225 5198 4-H.
1289 5127 1380 5160 ³⁸⁷³
1401 5132 1721 5198 tempestas
1744 5131 1839 5184 Et.
1866 5134 1907 5184 t.
1936 5130 1990 5184 in
2014 5129 2256 5197 glaciem
2280 5134 2337 5185 7.
2422 5128 2512 5161 ’⁵⁷⁸
2536 5129 2699 5186 deest
2720 5132 2777 5186 4.
2858 5126 2951 5161 ’⁸⁷⁸
2972 5123 3438 5183 halberstadeusi
3462 5125 3568 5180 ω.

178 5190 267 5247 Et.
302 5198 351 5250 2.
436 5194 532 5229 ²⁶⁷⁶
561 5196 927 5277 correctione
960 5198 1056 5252 D1.
1136 5197 1227 5229 "7"
1255 5198 1345 5255 ita
1365 5200 1464 5253 Dt.
1490 5190 1584 5255 Εἰ.
1613 5204 1663 5254 2.
1692 5201 1740 5253 7.
1772 5206 1853 5255 10.
1889 5190 2318 5270 subpressoque
2347 5213 2494 5256 corr.
2532 5201 2965 5271 subpressaque
2983 5203 3034 5253 6.
3067 5199 3498 5300 sub’pressaque
3522 5200 3572 5251 δ.
3676 5220 3679 5223 -

179 5265 207 5300 ﬁ
257 5267 313 5300 ne
371 5273 429 5300 44
543 5265 636 5299 2678
668 5271 979 5300 Innsnnanm
1015 5270 1038 5300 ι
1152 5268 1243 5300 ιιτο
1274 5271 1661 5300 ..νησοηηιιηηη
1698 5274 1716 5300 ι
1780 5276 1807 5300 ιε
1863 5274 1893 5300 n
1950 5276 2018 5300 ιη
2075 5276 2126 5300 ιι
2190 5272 2526 5300 ..νηοιηιιι-...η
2558 5274 2591 5300 η
2642 5272 3075 5300 ..νησηηηιυηιοη
3193 5265 3341 5300 ιοοιη
3377 5281 3435 5300 ny
3484 5270 3544 5300 ac

179 5265 337 5348 gnem
371 5273 460 5322 11.
543 5265 636 5299 ’⁸⁷⁸
668 5267 981 5348 t_uringi_am
1009 5270 1098 5348 4..”
1131 5268 1243 5348 _"T°_
1274 5271 1827 5348 \v‘assenbur_g_4._5.
1862 5274 1913 5348 6.
1950 5265 2034 5327 10.
2074 5276 2154 5348 ll.
2190 5265 2526 5348 \jasseburc
2558 5274 2618 5348 7.
2642 5265 2991 5348 ivassenbur
3016 5272 3091 5348 9°.
3127 5339 3140 5348 _
3170 5265 3262 5348 if”
3288 5267 3345 5323 in
3377 5265 3451 5348 vv.
3484 5270 3567 5348 9°.

177 5330 258 5410 ffff
289 5349 344 5391 e.
381 5352 553 5410 papas
587 5352 657 5410 ac
687 5337 730 5393 ι.
773 5330 939 5410 ι·.ί4.
995 5337 1099 5410 f‘”
1130 5337 1424 5395 kathedrze
1450 5346 1535 5396 10.
1613 5330 1702 5373 ’7“
1735 5342 1888 5399 deest
1908 5348 1997 5397 10.
2028 5347 2119 5398 11.
2204 5341 2293 5373 ²⁴⁸⁶
2326 5341 2629 5398 devixerat
2660 5342 2754 5398 E2.
2793 5340 3078 5397 ﬁdelitate
3109 5337 3455 5410 dejunxerat
3484 5342 3566 5392 9°.

172 5399 260 5438 ³⁸⁸³
288 5422 341 5479 p.
378 5399 685 5465 descendit
722 5410 770 5465 4.
850 5407 943 5443 ²⁴⁸⁶
974 5408 1274 5479 dietgerus
1309 5416 1361 5466 7.
1439 5410 1530 5444 ³⁸⁸⁷
1559 5410 1726 5471 deest
1748 5416 1796 5467 4.
1877 5413 1969 5446 ³⁸⁸⁸
2006 5411 2314 5482 apostolici
2344 5415 2429 5467 9°.

1763 5521 1982 5577 NOTxE.

218 5607 387 5690 .(345)
420 5611 705 5690 Hessonis
730 5610 880 5690 liber
903 5627 932 5669 a
956 5612 1342 5690 'I‘engnagelio
1372 5616 1588 5690 editus,
1624 5618 1805 5674 notis-
1953 5688 1959 5690 _
2012 5616 2161 5690 (346)
2196 5617 2404 5690 Eadem
2441 5617 2685 5675 fortasse
2725 5632 2853 5688 quas
2883 5615 3327 5687 Wachsenburg
3358 5616 3573 5674 dicitur

185 5682 496 5743 simus'est.
536 5683 620 5742 Cf.
656 5687 785 5740 acta
815 5682 1050 5741 concilii
1083 5682 1383 5760 aprausi
1415 5690 1553 5759 XXI,
1575 5682 1640 5762 'p.
1675 5692 1798 5745 235.
1948 5688 2002 5744 in
2023 5682 2255 5747 ducatu
2283 5689 2570 5747 Gothano.
