3934 6418
349 379 500 447 1043
1505 375 1991 443 EKKEHARDI
2032 373 2599 443 URAUGIENSIS
3598 364 3752 435 10“

341 514 585 588 injurias
618 512 909 589 requievit
942 511 998 572 in
1028 512 1291 585 Domino,
1327 512 1382 572 in
1417 513 1641 588 [eadem
1671 512 1785 586 ²⁴⁸⁹]
1819 510 2086 573 :ecclesia
2108 510 2202 547 ²¹⁹⁰
2221 511 2315 571 cui
2342 509 2678 585 presidebat
2711 505 3011 583 sepultus;
3043 503 3134 567 vir
3160 501 3420 581 adprime
3448 501 3749 567 litteratus

342 611 401 664 et
434 605 491 661 in
523 608 727 661 sancta
759 602 1208 660 conversatione
1239 619 1426 676 usque
1459 605 1531 661 ad
1562 603 1823 661 ultimam
1855 606 2089 661 aetatem
2121 601 2668 657 constantissimus.

417 695 562 752 Sunt
590 693 644 748 in
679 691 928 748 Saxonis
950 691 1080 749 duas
1104 693 1368 763 quaedam
1399 693 1754 750 munitiones
1777 707 1886 748 non
1913 692 2086 762 longe
2105 689 2198 724 ²⁴⁹¹
2221 705 2249 746 a
2275 705 2339 747 se
2363 688 2690 747 intersticio
2717 691 2980 756 remotic,
3015 699 3259 758 quarum
3289 682 3568 742 vocabula
3599 699 3748 742 nunc

344 784 576 840 minime
609 785 929 839 occurrunt
964 782 1279 838 memoriae.
1314 782 1495 839 Media
1529 784 1649 840 fere
1681 788 1850 840 nocte
1882 780 2195 838 videbatur
2226 781 2532 851 utriusque
2559 778 2787 836 castelli
2821 777 3095 847 vigilibus
3121 774 3235 846 ²⁴⁹¹,
3265 790 3378 831 non
3410 775 3747 846 imaginarie

344 874 446 931 sed
481 886 617 929 vere
647 868 760 941 ²⁶⁹³,
792 885 1039 942 persona
1069 871 1179 927 viri
1204 887 1235 928 a
1262 886 1426 929 muro
1455 872 1627 929 unius
1662 870 2064 944 progrediens,
2089 874 2147 926 et
2170 868 2240 926 ad
2267 868 2516 926 alterum
2551 883 2654 940 per
2683 871 2870 923 totam
2900 857 3088 937 campi
3122 863 3522 936 interjacentis
3551 863 3748 921 latitu-

345 963 533 1019 dinem
578 959 919 1032 proccdens,
966 962 1092 1015 toto
1132 975 1379 1034 corpore
1412 961 1466 1016 in
1502 960 1731 1017 modum
1775 958 1981 1016 facula;
2012 958 2101 1014 vel
2136 972 2339 1015 massae
2375 957 2683 1015 candentis
2711 954 2803 989 ’⁸⁸⁸
2834 953 3142 1024 exardens,
3186 968 3315 1025 quae
3350 952 3525 1010 etiam
3566 967 3748 1027 prope

341 1048 653 1109 castellum
685 1048 1021 1122 oppositum
1053 1048 1363 1122 disparuit.
1399 1050 1534 1108 Haec
1564 1049 1714 1107 visio
1745 1063 1855 1107 non
1888 1046 2087 1118 semel,
2121 1045 2222 1105 sed
2255 1045 2345 1104 bis
2368 1045 2467 1103 vel
2499 1045 2687 1104 tercio
2721 1043 2995 1102 similiter
3021 1042 3115 1076 ²⁴⁹⁵
3146 1041 3437 1117 apparuit.

1841 1202 1904 1256 Α.
1933 1200 1997 1255 D.
2030 1199 2262 1257 MCXXI.

417 1352 672 1406 Domnus
720 1349 1063 1407 Thidericus
1089 1349 1203 1422 Μ’,
1238 1350 1337 1422 qui
1369 1350 1666 1408 Burkardo
1695 1349 1788 1386 "’7
1818 1351 1989 1422 Rufo,
2033 1349 2250 1409 dudum
2281 1350 2338 1406 in
2369 1347 2658 1421 legatione
2698 1347 2951 1406 Heinrici
2992 1346 3363 1419 imperatoris
3407 1343 3558 1419 apud
3606 1345 3747 1402 Con-

348 1440 793 1511 stantinopolim
827 1440 1124 1512 defu::cto,
1161 1457 1264 1513 per
1294 1442 1643 1498 electionem
1675 1441 2155 1499 aecclesiasticam
2188 1441 2246 1498 in
2277 1440 2616 1498 cathedram
2646 1438 2740 1474 ³⁸⁵⁸
2763 1438 3275 1495 Monasteriensem
3306 1438 3690 1505 successerat,
3715 1447 3747 1488 a

347 1528 472 1586 suis
503 1528 738 1599 indigne
780 1533 1092 1600 tractatus,
1128 1529 1428 1587 Saxonicis
1459 1530 1824 1603 principibus
1857 1530 2278 1601 querimoniam
2312 1530 2652 1600 iniuriarum
2695 1543 2927 1586 suarum
2970 1526 3213 1593 detulit;
3254 1530 3311 1582 et
3343 1526 3475 1597 quia
3508 1525 3594 1581 vir
3621 1523 3747 1578 illu-

347 1621 488 1678 stris
521 1626 659 1676 natu
691 1623 747 1676 et
780 1619 1104 1678 virtutibus
1137 1620 1394 1679 famosus
1420 1621 1640 1691 extitit,
1678 1635 1778 1693 per
1810 1619 2144 1678 Lotharium
2176 1619 2383 1674 ducem
2413 1620 2772 1689 congregato
2810 1615 3094 1687 exercitu,
3140 1614 3335 1672 sedem
3377 1628 3537 1671 suam
3574 1613 3745 1669 etiam

348 1714 556 1767 contra
599 1709 754 1780 regis
794 1709 1159 1767 voluntatem
1202 1711 1461 1782 repetiit.
1507 1710 1766 1781 Contigit
1805 1714 1997 1767 autem
2040 1708 2274 1766 occulto
2305 1708 2399 1742 ²⁶⁹⁹
2428 1708 2527 1764 Dei
2564 1707 2809 1779 judicio,
2844 1707 2979 1763 dum
3011 1704 3273 1761 inimicas
3313 1705 3466 1761 acies
3501 1701 3746 1760 videndo

343 1799 502 1856 cives
537 1802 906 1855 terrerentur
936 1813 1004 1855 ac
1038 1813 1141 1871 pro
1174 1798 1495 1855 imminenti
1537 1798 1799 1871 pericqu
1840 1797 2053 1867 singuli
2090 1813 2195 1855 sua
2225 1796 2319 1831 ²⁶⁰⁰
2351 1797 2716 1867 molirentur,
2749 1811 2916 1853 casas
2942 1794 3168 1867 aliquas
3202 1795 3428 1850 incaute
3455 1792 3742 1861 succendi,

348 1887 747 1960 paulatimque
776 1886 1112 1944 dominante
1140 1887 1365 1943 ﬂamma
1398 1888 1573 1945 etiam
1608 1886 1904 1945 basilicam
1938 1885 2234 1957 majorem,
2268 1902 2397 1957 qua:
2428 1886 2599 1942 sedes
2630 1886 2790 1943 illius
2822 1889 2948 1943 erat
2979 1884 3277 1954 aecclcsize,
3317 1882 3571 1939 funditus
3600 1896 3747 1937 com-

350 1977 480 2033 buri
508 1975 620 2031 ποι.
658 1976 750 2033 Sic
771 1990 1003 2048 quoque
1028 1975 1348 2033 miserabili
1372 1976 1543 2048 potiti
1570 1975 1840 2045 victoria,
1877 1975 2206 2047 pontificem
2234 1975 2460 2047 pulsum
2485 1975 2830 2044 restituunt,
2864 1974 3100 2030 multam
3125 1981 3315 2029 autem
3337 1971 3429 2005 ²⁵⁰²
3449 1971 3745 2043 pecuniam

348 2066 421 2125 ad
453 2064 945 2124 restaurationem
976 2064 1261 2122 aacclesiae
1291 2066 1632 2131 conferunt;
1666 2065 2126 2136 interpretantes
2154 2065 2415 2121 nonnulli
2447 2079 2681 2121 causam
2714 2063 2860 2119 tanti
2892 2062 3104 2118 excidii
3136 2076 3244 2117 non
3276 2075 3423 2131 esse,
3456 2060 3563 2116 nisi
3597 2057 3745 2130 quod

349 2154 610 2211 defuncti
634 2152 892 2226 presulis
915 2153 1200 2210 Burkardi
1230 2152 1343 2225 ποθ,
1375 2152 1470 2225 qui
1500 2153 1677 2210 multa
1705 2152 1825 2209 illic
1848 2168 1919 2209 ex
1943 2153 2255 2225 iniquitate
2287 2156 2739 2226 comportasset,
2767 2150 2990 2210 oblatio
3013 2150 3483 2208 manifestaretur
3505 2151 3618 2205 Deo
3642 2161 3748 2203 non

349 2242 662 2315 placuisse.

420 2332 672 2389 Auditur
700 2330 923 2387 interea
956 2344 1182 2388 necnon
1211 2335 1271 2388 et
1298 2330 1530 2389 nunciis
1554 2344 1586 2387 a
1608 2332 1785 2387 Roma
1816 2330 2190 2387 venientibus
2223 2331 2602 2403 approbatur,
2639 2330 2801 2388 illum
2834 2330 3266 2404 pseudopapam
3298 2327 3628 2398 Burdiuum,
3664 2341 3751 2383 ca-

346 2421 521 2479 stello
541 2421 635 2456 ²⁸⁰⁴
659 2421 889 2491 Sutriae,
926 2435 1039 2492 quo
1073 2420 1402 2476 miserrimo
1426 2435 1532 2477 suo
1557 2419 1883 2476 inserviens
1905 2420 2092 2477 officio
2117 2420 2414 2477 residebat
2442 2419 2556 2491 ²⁵⁰⁸,
2593 2436 2694 2493 per
2724 2420 2961 2476 Romani
2992 2419 3286 2476 exercitus
3316 2417 3500 2475 zelum
3533 2417 3752 2475 destru-

347 2516 444 2569 cto
476 2510 691 2583 (Apr),
725 2514 981 2581 captum,
1024 2513 1083 2565 et
1119 2511 1254 2581 post
1301 2507 1499 2581 plures
1529 2524 1557 2565 a
1590 2509 1766 2579 vulgo
1805 2508 1916 2565 sibi
1959 2508 2344 2566 contumelias
2374 2515 2434 2566 et
2464 2508 2769 2567 illusiones
2810 2509 3027 2580 illatas,
3071 2508 3164 2565 vix
3196 2523 3224 2564 a
3259 2506 3520 2564 manibus
3556 2520 3749 2562 eorum

349 2601 561 2657 domno
596 2598 918 2672 apostolico
946 2597 1112 2656 illum
1143 2597 1452 2671 eripiente,
1480 2599 1555 2654 ob
1588 2598 1868 2668 agendam
1900 2598 2301 2670 paenitentiam
2331 2598 2507 2655 exilio
2539 2598 2860 2669 relegatum
2885 2598 2997 2654 ³⁸⁸⁸.
3034 2597 3180 2654 Sunt
3209 2596 3384 2652 etiam
3418 2595 3512 2667 qui
3540 2596 3752 2653 talibus

349 2705 479 2746 eum
513 2692 782 2746 asserant
813 2689 1243 2760 deprehensum
1274 2686 1539 2758 ﬂagiciis,
1577 2701 1707 2758 qum
1739 2687 1958 2743 nostris
1990 2686 2287 2757 indignum
2319 2687 2590 2745 duximus
2620 2688 2856 2745 tradere
2887 2689 3154 2761 scriptis.

421 2779 606 2849 Igitur
629 2777 936 2834 Heinricus
960 2777 1301 2848 imperator,
1328 2775 1474 2831 inito
1498 2774 1754 2832 fidelium
1780 2792 2018 2833 suorum
2049 2777 2297 2834 consilio
2329 2778 2542 2850 (Jun),
2578 2778 2832 2835 rebelles
2854 2779 2964 2836 sibi
2988 2779 3351 2848 Mogontinos
3371 2777 3623 2848 afﬂigere
3649 2781 3755 2830 tra-

348 2868 533 2924 ctavit
553 2865 678 2932 ’“7;
712 2880 777 2922 ac
810 2866 997 2936 primo
1020 2865 1252 2922 navium
1276 2870 1659 2921 commeatum
1682 2865 1951 2922 omnibus
1975 2867 2159 2923 modis
2182 2867 2538 2939 interclusit,
2572 2868 2781 2925 deinde
2805 2867 3079 2939 presidiis
3099 2866 3475 2925 circumcirca
3499 2864 3751 2931 munitis,

224 2950 239 2967 ¹
350 2954 684 3027 bujusmodi
716 2953 948 3010 insidiis
978 2953 1267 3011 nundinas
1298 2953 1421 3009 sive
1454 2957 1747 3010 mercatus
1779 2954 1904 3012 fieri
1938 2955 2061 3011 sive
2093 2956 2402 3027 quicquam
2437 2956 2778 3013 victualium
2813 2957 2866 3012 in
2901 2956 3198 3014 civitatem
3232 2956 3440 3013 deferri
3473 2953 3753 3018 inhibuit;

349 3044 421 3104 ad
454 3049 780 3101 extremum
810 3057 951 3099 vero
970 3040 1065 3076 ’⁸⁸⁸
1087 3041 1143 3098 in
1165 3041 1259 3077 ³⁸⁸⁸
1280 3041 1645 3100 obsidionem
1674 3043 1934 3113 ejusdem
1965 3043 2130 3100 urbis
2165 3043 2455 3115 publieam
2486 3044 2920 3117 expeditionem
2952 3045 3206 3116 undique
3235 3044 3408 3102 indici
3435 3043 3751 3102 constituit.

350 3134 453 3192 His
475 3132 712 3203 auditis,
740 3130 940 3204 presul
965 3129 1322 3189 Adalbertus
1347 3135 1528 3188 totam
1553 3131 1877 3202 Saxoniam,
1916 3132 2009 3189 ubi
2044 3137 2185 3189 tunc
2217 3134 2506 3204 manebat,
2540 3139 2867 3190 commovet
2890 3132 3002 3206 ²⁵¹⁰,
3026 3139 3086 3191 et
3109 3135 3241 3206 quia
3266 3134 3605 3206 legationem
3631 3147 3756 3203 apo-

349 3222 619 3280 stolicam
641 3222 714 3277 ab
739 3220 866 3293 ipso
889 3234 1035 3293 papa
1059 3220 1277 3278 dudum
1304 3225 1635 3292 acceperat,
1670 3219 1776 3275 hac
1800 3221 2153 3277 auctoritate
2187 3221 2495 3293 pontifices
2519 3228 2580 3279 et
2603 3222 2900 3295 principes
2933 3222 3118 3295 ipsius
3147 3222 3459 3294 provinciae
3482 3237 3586 3295 pro
3610 3221 3758 3278 utili-

350 3311 576 3368 tatibus
618 3310 825 3367 matris
856 3307 946 3343 ²⁸¹¹
979 3309 1265 3368 aecclesiae
1306 3309 1648 3381 frequenter
1687 3314 2005 3377 convocat;
2058 3309 2155 3365 ubi
2196 3309 2286 3366 vir
2322 3310 2604 3383 eloquens
2642 3318 2699 3367 et
2742 3312 3053 3384 primatum
3093 3311 3146 3367 in
3188 3310 3493 3384 Cisalpinis
3515 3309 3607 3345 ²⁸¹²
3639 3324 3756 3383 par-

350 3401 511 3458 tibus
563 3398 1002 3457 multiformiter
1042 3404 1268 3470 tenens,
1313 3400 1384 3457 ad
1425 3398 1814 3456 defensionem
1854 3398 2043 3456 totius
2083 3400 2402 3459 Germania
2453 3400 2797 3473 metr0polis
2847 3400 3071 3457 animos
3118 3400 3373 3457 omnium
3421 3399 3754 3457 catholicam

350 3488 745 3546 obedientiam
778 3488 1177 3561 profitentium
1210 3489 1442 3545 tandem
1478 3488 1701 3545 excitat
1726 3486 1837 3542 "1'.
1872 3490 1995 3544 Huc
2016 3487 2192 3544 etiam
2215 3488 2489 3560 accessit,
2519 3489 2671 3559 quod
2697 3487 2962 3560 episcopi
2985 3488 3276 3559 Spirensis
3296 3493 3356 3544 et
3378 3488 3759 3544 Wormacien-

347 3578 452 3649 sis,
488 3582 544 3634 et
578 3576 624 3633 si
655 3576 749 3648 qui
784 3576 879 3632 alii
910 3576 1190 3634 resistere
1210 3576 1301 3611 ³⁸1⁸
1329 3592 1439 3634 non
1470 3578 1739 3634 valentes
1769 3580 1962 3633 tamen
1992 3575 2084 3611 ²⁵¹⁵
2114 3576 2497 3650 apostolicam
2529 3577 2925 3634 obedientiam
2960 3577 3201 3649 professi
3224 3575 3336 3648 πη,
3360 3576 3507 3649 pulsi
3527 3576 3617 3609 "‘7
3640 3576 3758 3632 suis

351 3667 597 3725 sedibus
634 3666 998 3736 vagabantur
1037 3669 1340 3731 extorres;
1382 3681 1530 3738 quos
1571 3666 1811 3739 preprio
1854 3679 2142 3737 quemque
2181 3664 2309 3722 loco
2351 3666 2666 3723 restituere
2707 3665 3094 3736 disponebant
3125 3664 3274 3721 idem
3317 3664 3624 3737 principes,
3660 3678 3754 3735 pro

351 3755 593 3812 Domino
624 3756 741 3811 Deo
770 3752 864 3787 ³⁸η
894 3755 1257 3812 exercituum
1298 3755 1424 3812 zelo
1466 3755 1747 3812 zelantes.
1793 3755 2052 3827 Denique
2092 3755 2249 3811 circa
2289 3753 2618 3811 solsticium
2652 3754 2932 3824 aestivale,
2967 3767 3099 3810 cara
3127 3754 3243 3825 jam
3277 3754 3492 3825 ubique
3517 3752 3627 3823 ³⁵η,
3658 3766 3753 3825 per

351 3848 615 3902 vastatas
642 3843 913 3899 nimirum
947 3843 1241 3915 regiones,
1286 3858 1531 3915 annona,
1571 3844 1839 3915 geminus
1872 3844 2123 3914 tibimet,
2157 3859 2191 3899 o
2224 3842 2439 3900 nobilis
2472 3843 2782 3913 Mogontia,
2814 3843 3101 3900 conflatur
3130 3841 3444 3913 exercitus,
3478 3840 3627 3899 alter
3653 3840 3754 3897 sci-

351 3932 489 3991 licet
526 3932 581 3987 in
615 3931 867 4003 Alsacia,
904 3936 990 3989 ast
1022 3931 1116 3966 ²⁵²⁰
1145 3932 1295 3989 alter
1329 3933 1384 3989 in
1419 3932 1685 4006 Saxonia,
1722 3933 1943 4005 dispari
1976 3933 2166 3991 animo
2197 3947 2436 3990 annosae
2464 3930 2557 3965 ²⁶²¹
2588 3931 2896 4002 dignitatis
2925 3937 3039 3988 tuae
3074 3931 3257 3987 menia
3293 3931 3543 4003 superba
3575 3928 3754 4001 queri-

354 4025 584 4090 tantes;
615 4020 766 4077 alter
789 4021 1250 4079 destructionem
1274 4025 1454 4094 tuam,
1480 4022 1631 4081 alter
1653 4024 2047 4081 defensionem
2074 4023 2456 4093 intentantes,
2481 4021 2603 4078 acsi
2627 4020 3038 4092 conquerenda
3061 4020 3279 4078 dicenti
3303 4020 3410 4076 tibi
3439 4037 3451 4073 :
3472 4017 3621 4077 Filii
3640 4032 3753 4074 ma-

354 4112 468 4171 tris
485 4124 579 4167 me
592 4125 629 4167 τ
636 4111 1076 4184 pugnaverunt
1088 4111 1295 4170 contra
1312 4120 1435 4169 me!
1458 4112 1654 4183 (Cant.
1682 4127 1720 4182 ι,
1749 4114 1827 4184 5.)
1853 4113 2029 4169 rebus
2055 4109 2442 4183 responderet
2467 4109 2735 4166 Christus
2757 4128 2768 4163 :
2790 4110 2940 4167 Ecce
2957 4109 3177 4166 iterum
3191 4107 3282 4142 ³⁸⁷⁸
3296 4104 3405 4166 isti
3423 4107 3755 4179 congregati

357 4199 436 4273 [σ.
471 4200 640 4259 sunt.
679 4201 747 4255 Ι).
790 4199 887 4271 Ε.]
917 4201 1212 4259 venerunt
1235 4200 1379 4259 tibi!
1411 4201 1517 4271 (Is.
1551 4217 1702 4274 χιιι,
1737 4204 1849 4272 18.)
1882 4201 2125 4258 Fiebant
2163 4199 2400 4257 interim
2436 4213 2539 4271 per
2568 4212 2768 4255 omnes
2799 4197 3098 4255 aecclesias
3120 4195 3358 4268 jejunis,
3393 4195 3757 4269 supplicatio-

356 4304 479 4357 nes,
511 4288 606 4346 vel
639 4289 870 4346 letaniae
898 4288 1018 4356 ²⁸²⁸ς
1050 4304 1157 4346 nec
1183 4294 1311 4347 erat
1344 4289 1463 4349 ulla
1492 4291 1605 4348 filia
1639 4292 1810 4362 Syon,
1844 4305 1974 4362 quae
2001 4304 2063 4347 se
2094 4290 2315 4346 faceret
2342 4291 2644 4361 expertem
2666 4287 2814 4343 tanti
2841 4286 3085 4359 periculi
3110 4286 3316 4343 matris
3336 4300 3474 4343 sum.
3512 4285 3757 4355 Quapro-

359 4383 491 4452 pter
530 4378 789 4450 respexit
831 4381 1108 4436 Dominus
1149 4379 1205 4436 in
1244 4380 1567 4437 orationem
1603 4379 1905 4438 humilium
1947 4384 2007 4436 et
2046 4392 2157 4434 non
2202 4377 2424 4449 sprevit
2469 4390 2699 4450 precem
2727 4375 2817 4410 ⁸⁸³⁸
2846 4389 3068 4445 eorum,
3112 4375 3213 4432 sed
3254 4374 3430 4432 misso
3461 4372 3755 4447 principali

358 4482 464 4525 suo
494 4466 709 4541 spiritu
741 4465 853 4538 ³⁸³⁸,
888 4467 1102 4541 spiritu
1132 4466 1384 4540 consilii,
1418 4469 1630 4541 Spiritu
1662 4468 1840 4542 pacis,
1878 4468 2031 4523 inter
2058 4465 2150 4500 ²⁸¹⁶
2181 4466 2478 4540 principes
2521 4465 2827 4537 utriusque
2856 4463 2946 4498 ’⁵³η
2977 4463 3199 4537 populi,
3228 4463 3362 4521 dum
3388 4462 3503 4534 jam
3533 4477 3643 4519 non
3672 4460 3758 4495 ³⁸³⁸

356 4557 529 4628 longe
560 4557 635 4613 ab
666 4555 913 4613 invicem
948 4560 1196 4628 uterque
1226 4556 1595 4615 consedisset
1627 4556 1946 4627 exercitus,
1984 4571 2089 4628 pro
2117 4569 2187 4613 eo
2216 4555 2371 4627 quod
2397 4555 2453 4611 in
2477 4554 2827 4612 alterutrum
2859 4552 3018 4611 acies
3050 4552 3306 4624 dirigere
3335 4551 3754 4624 disposuerant,

358 4644 553 4703 missis
585 4645 879 4717 utrimque
912 4644 1243 4718 quibusque
1269 4644 1363 4680 ²⁸²⁹
1392 4644 1845 4718 sapientissimis
1876 4649 2052 4717 atque
2086 4643 2380 4715 religiosis
2418 4643 2785 4717 proceribus,
2822 4641 2893 4700 de
2922 4641 3235 4700 concordia
3266 4655 3371 4700 sua
3400 4640 3622 4700 scilicet
3655 4639 3758 4695 fra-

1720 4814 1957 4871 VARIE
1990 4814 2375 4872 LECTIONES
2387 4854 2403 4871 .

432 4962 524 4998 ³⁸⁸⁸
553 4964 597 5019 D
627 4963 794 5045 deest
819 4967 872 5021 1.
949 4962 1044 4997 ³⁸⁸⁸
1073 4963 1129 5020 in
1160 4963 1432 5046 {ecclesia
1480 4963 1948 5024 Cluniacensium
1999 4965 2371 5034 (cloniacensi
2402 4967 2481 5070 η
2530 4961 2813 5036 sepultus.
2857 4961 2953 5021 cui
2992 4960 3346 5036 praesidebat
3382 4958 3470 5016 vir
3506 4959 3756 5064 adprime

447 5038 579 5070 ΔΑΜ
644 5050 699 5070 m
742 5050 859 5070 ωηο
923 5034 975 5070 οι
1042 5051 1067 5070 n
1129 5051 1222 5070 ιη.-
1263 5051 1289 5070 ο
1362 5042 1424 5070 4η
1487 5042 1543 5070 44
1686 5038 1776 5070 sm
1820 5038 1989 5070 lnnnn
2029 5038 2071 5070 n
2138 5040 2268 5070 1.-“
2413 5037 2455 5070 ιι
2484 5036 2505 5069 2
2539 5036 2672 5070 mna}
2715 5035 2838 5070 αλλ
2894 5040 2928 5070 η
3061 5031 3154 5067 me
3189 5032 3352 5070 λιιρέ
3391 5033 3420 5070 Α
3551 5031 3639 5064 IN
3673 5046 3756 5070 nn.

360 5032 397 5109 ι.
444 5038 597 5109 ι-ξοο.
644 5035 700 5092 in
741 5050 881 5109 recc.
910 5034 998 5109 cl.
1028 5051 1087 5109 _s.
1129 5035 1318 5109 virga.
1354 5042 1442 5109 10.
1487 5042 1574 5109 11.
1686 5038 1776 5071 ²⁴⁹¹
1820 5031 2089 5109 longe‘D.
2134 5040 2298 5094 4-11.
2413 5031 2505 5070 ²⁴δ²
2532 5031 2853 5109 postedd.
2894 5040 2947 5091 7.
2992 5031 3154 5109 ’,ξω
3188 5032 3352 5109 deest
3388 5033 3439 5087 4.
3551 5031 3760 5109 "_"_ca-

362 5106 557 5163 dentis
588 5109 640 5163 4.
752 5106 845 5139 ²⁴⁰⁸
875 5106 1041 5165 deest
1066 5110 1115 5163 4.
1231 5107 1323 5141 ²⁴⁰⁶
1354 5107 1650 5166 heinricus
1676 5110 1738 5166 D.
1783 5102 1949 5165 4-11ἶ
1999 5110 2178 5174 Quem
2214 5122 2473 5165 errorem
2508 5102 2913 5165 E’ueltardus
2949 5105 3172 5163 ultima
3209 5105 3440 5162 demum
3473 5102 3759 5174 revision:

358 5178 993 5253 senuisse-piatur,
1109 5175 1584 5253 ""{__burchardo
1634 5182 1940 5253 DLA-lt.
2027 5173 2122 5253 ’Ψ
2167 5180 2492 5253 ethedram
2528 5181 2578 5253 4.
2692 5177 2785 5211 ³⁸⁸³
2831 5177 3129 5253 deestu7._
3156 5246 3169 5253 _
3212 5175 3306 5253 3‘09
3344 5187 3606 5253 servare.
3634 5173 3763 5253 post

358 5249 498 5305 add.
534 5255 585 5306 7.
700 5247 793 5283 ’θοι
824 5249 997 5306 obrui
1021 5253 1074 5306 7.
1188 5247 1280 5283 ²³⁰²
1307 5252 1470 5309 deest
1495 5257 1549 5308 7.
1661 5250 1753 5284 ²⁸⁰³
1782 5250 2095 5308 burcbardi
2128 5254 2291 5308 4-11.
2404 5250 2496 5283 ²⁸⁰⁴
2527 5250 2583 5305 in
2605 5264 2658 5306 c.
2688 5254 2770 5305 10.
2799 5253 2883 5304 11.
2962 5246 3054 5281 ²⁸⁰⁶
3083 5246 3314 5304 sidebat
3344 5246 3438 5302 E2.
3516 5242 3606 5277 ²⁸⁰⁸
3635 5242 3760 5299 reli-

361 5327 560 5386 gatum
608 5320 705 5377 Et.
758 5324 809 5377 2.
926 5319 1018 5355 ἐστ
1046 5321 1274 5378 curavit
1324 5324 1421 5378 E1.
1474 5328 1526 5378 2.
1639 5321 1732 5356 ²⁵⁰⁸
1760 5322 1922 5380 deest
1966 5326 2015 5378 4.
2129 5321 2221 5354 ²⁸⁰⁹
2249 5321 2407 5379 deest
2451 5327 2501 5378 7.
2557 5324 2633 5376 9°.
2746 5319 2839 5353 ²⁸¹⁰
2870 5318 3184 5376 commovit
3230 5321 3282 5373 6.
3395 5313 3485 5349 ²⁸¹¹
3513 5314 3670 5372 deest
3698 5317 3747 5386 ,5,

362 5384 456 5423 5‘“
485 5390 818 5465 cisalpinis
850 5396 926 5448 9°.
1040 5389 1442 5465 'fff_excitavit
1473 5396 1523 5449 4.
1558 5392 1721 5465 deest
1747 5397 1798 5449 6.
1830 5397 1907 5465 99.
1947 5398 2027 5449 10.
2062 5392 2268 5465 incitat
2286 5392 2429 5465 post
2452 5392 2684 5465 add].
2725 5407 2786 5463 p.
2824 5390 2998 5465 erigit
3033 5388 3267 5465 tandem
3296 5392 3457 5465 ξεί-Δρ.
3503 5384 3758 5465 accendit

366 5465 458 5517 11.
540 5460 633 5537 ’⁵ίέ
666 5458 872 5537 honr.
918 5468 978 5537 7.
1062 5461 1154 5496 'm
1188 5468 1514 5537 propter}.
1598 5463 1688 5497 ³⁸³⁸
1719 5464 1967 5537 deest}.
2028 5464 2210 5537 ἔδυτε..
2246 5458 2404 5537 p17.
2438 5463 2559 5537 _‘m
2590 5458 3172 5537 deqﬁxercidesunt
3199 5462 3248 5515 4.
3272 5535 3285 5537 ᾼ
3329 5458 3507 5537 "una:
3540 5461 3751 5513 vastat-1

364 5545 419 5586 n.
454 5545 579 5603 per.
613 5532 872 5605 £.__’"°
901 5533 1050 5591 alter
1079 5527 1220 5592 vero
1250 5527 1314 5605 4,‘
1380 5533 1469 5568 ²⁶²¹
1501 5548 1721 5605 annosa
1750 5541 1801 5591 5.
1880 5534 1972 5568 ²⁸’²
2000 5536 2161 5594 deest
2183 5527 2261 5592 7.’
2316 5533 2407 5568 ²⁵¹³
2436 5533 2656 5591 letatue
2683 5534 2779 5605 E2.
2856 5603 2864 5605 Α
2895 5531 2987 5565 ³⁸³⁸
3021 5545 3227 5605 preces
3253 5535 3306 5605 7,
3416 5527 3510 5605 ῗ⁵²⁸
3541 5543 3623 5605 δρα
3654 5541 3752 5605 svo

365 5599 641 5734 34811ἕιιιί
647 5602 847 5734 {ﬁdit
840 5604 1036 5732 "linger-
1061 5605 1160 5664 E2.
1275 5599 1365 5641 ί⁸²⁷
1397 5622 1451 5664 u.
1485 5604 1781 5677 principes
1811 5621 1943 5679 pep.
1976 5609 2009 5663 4
2083 5613 2142 5665 11
2259 5605 2351 5640 ³⁸³⁸
2378 5606 2453 5663 ab
2485 5606 2579 5662 Et.
2614 5608 2666 5661 2.
2703 5603 2868 5663 deest
2888 5608 2942 5661 7.
3021 5599 3035 5605 '
3056 5601 3148 5636 ³⁵³⁸
3181 5599 3527 5673 quibusdam
3559 5599 3746 5656 6-11.

366 5688 421 5731 u.
457 5688 505 5732 s.
542 5688 894 5745 quibusdam
923 5688 975 5731 rs.
