3934 6410
172 416 325 486 »1049
1049 424 1491 492 CHRONICA.
1523 464 1602 478 —
1626 427 1725 493 CH

2020 425 2101 492 )N
2147 423 2694 490 UNIVERSALE.
3420 415 3573 484 1050

177 557 299 613 tunt
323 552 434 612 ¹⁶³⁴.
465 555 706 616 Exinde
737 556 886 617 idem
919 559 1222 632 Ruggerus
1251 576 1376 620 eam
1396 561 1490 598 ³⁸⁸⁸
1512 571 1734 637 partem
1765 562 2042 636 episcOpii
2076 577 2202 634 quae
2238 563 2456 618 Necaro
2485 557 2580 594 ³⁸³⁸
2606 556 2778 616 lluvio
2807 555 3187 630 circumjacet
3219 555 3273 612 in
3307 555 3580 629 proprios

178 659 308 704 usus
337 648 526 702 tenuit
559 645 694 714 m";
731 649 1106 707 Gebchardus
1134 666 1273 709 vero
1306 654 1508 710 urbem
1536 659 1594 710 et
1627 669 1754 725 quae
1787 653 1869 709 illi
1901 653 2176 721 contigua
2203 656 2338 709 sunt
2368 665 2574 706 secure
2605 649 2894 722 possedit.

236 735 458 792 lnterea
487 736 698 807 presul
727 739 1092 808 Mogontinus
1113 740 1184 797 ad
1211 741 1606 812 indignatione
1637 744 1872 799 causaris
1913 742 2144 799 sibimet
2179 740 2431 810 undique
2452 738 2544 771 ’⁸³⁸
2570 738 2944 810 prospiciens,
2981 742 3240 794 castrum
3275 735 3578 804 antiquum

172 821 350 893 etjam
375 837 482 896 per
503 823 602 858 ’⁸³⁸
631 826 852 884 multas
871 829 1280 898 generationes
1305 845 1447 902 pene
1474 831 1732 888 funditus
1765 831 2044 902 dirutum,
2080 829 2234 902 quod
2255 830 2398 886 vela
2423 829 2547 885 rivo
2569 827 2822 884 allucnte
2858 827 3084 894 Ascafa,
3111 825 3232 882 sive
3257 831 3319 881 ut
3346 822 3580 895 quidam

173 911 362 968 volunt
395 914 469 970 ab
503 915 769 972 Ascanio
798 917 1122 988 conditore,
1159 919 1504 990 Askenburg
1532 920 1623 954 ²⁶⁶⁰
1653 921 1800 992 (349)
1833 920 2070 990 dicitur,
2102 920 2247 976 miro
2275 921 2488 976 conatu
2519 917 2692 989 cmpit
2731 917 2984 983 munire;
3019 930 3126 971 rex
3159 928 3391 985 quoque
3417 912 3473 968 id
3499 911 3584 984 ip-

171 1014 288 1058 sum
311 999 398 1034 ²⁸⁴¹
421 1003 500 1058 ob
525 1002 808 1074 injuriam
832 1005 922 1062 sui
945 1011 1002 1062 et
1026 1013 1228 1064 contra
1254 1023 1371 1064 rem
1396 1010 1683 1082 publicam
1709 1010 1832 1066 fieri
1857 1010 2206 1082 dijudicans,
2237 1007 2597 1066 obsidionem
2619 1023 2649 1064 e
2671 1006 2967 1064 contrario
2990 1005 3265 1062 ordinare
3289 1002 3579 1061 decrevit.

172 1091 238 1145 At
271 1091 558 1160 benignus
578 1097 644 1148 et
671 1099 897 1151 amator
920 1095 1208 1153 hominum
1229 1099 1398 1155 Iesus
1421 1115 1521 1170 per
1545 1099 1890 1156 industriam
1923 1114 2222 1156 servorum
2255 1115 2510 1168 suorum,
2546 1098 2700 1154 sedis
2734 1095 3072 1168 apostolicae
3105 1095 3433 1165 legatorum
3462 1092 3579 1166 ²⁶⁴²,

174 1177 262 1248 qui
287 1183 422 1235 tunc
445 1181 770 1250 Mogontize
794 1186 1190 1257 morabantur,
1228 1186 1397 1243 immo
1416 1203 1520 1260 per
1544 1189 1964 1245 inhabitantem
1989 1189 2044 1246 in
2068 1189 2159 1222 ²⁶⁴³
2180 1190 2266 1245 eis
2287 1189 2566 1260 Spiritum
2589 1203 2776 1256 suum,
2804 1185 3074 1256 spiritum
3102 1183 3427 1256 principum
3453 1193 3580 1256 paci
3688 1225 3702 1240 .

171 1267 526 1324 contrarium
561 1272 825 1343 auferre,
859 1274 1163 1330 caritatem
1198 1291 1426 1348 quoque
1460 1277 1867 1333 nichilominus
1899 1278 1952 1332 in
1986 1293 2185 1334 eorum
2218 1278 2495 1334 cordibus
2527 1276 2848 1333 diffundere
2881 1275 3078 1346 coepit,
3115 1273 3247 1344 quia
3281 1272 3576 1335 nimirum,

175 1360 231 1410 ut
257 1371 392 1412 vere
433 1359 735 1431 creditur,
779 1367 908 1433 post
948 1368 1034 1420 tot
1064 1364 1152 1397 ²⁶⁴⁸
1188 1365 1399 1420 Christi
1446 1355 1656 1422 tunica:
1699 1367 2007 1438 scissuras,
2053 1374 2183 1438 post
2223 1371 2307 1423 tot
2350 1366 2799 1424 Christianorum
2841 1363 3116 1419 intestina
3160 1361 3310 1418 bella
3352 1366 3582 1434 tempus

172 1443 475 1503 miserendi
513 1451 696 1521 Syon,
731 1467 860 1521 qua:
889 1455 978 1508 est
1009 1451 1098 1485 ²⁶⁴⁸
1129 1452 1414 1524 ecclesia,
1451 1454 1587 1510 licet
1621 1471 1774 1525 sero,
1804 1456 1919 1525 jam
1952 1457 2136 1512 venit.

235 1535 406 1590 Facto
433 1537 627 1605 igitur
655 1540 971 1598 universali
995 1550 1286 1600 conventu
1311 1545 1461 1616 apud
1489 1547 1688 1601 urbem
1714 1546 2092 1616 Wangionum
2120 1546 2352 1617 (Sept),
2380 1559 2508 1614 quae
2531 1559 2680 1600 nunc
2703 1541 3024 1598 Wormacia
3047 1541 3141 1575 ²⁶⁴⁶
3165 1539 3399 1607 dicitur,
3428 1539 3577 1596 sicut

172 1619 396 1692 longum
428 1623 511 1680 ita
544 1628 606 1681 et
647 1626 989 1685 incredibile
1023 1637 1344 1688 memoratu
1375 1631 1467 1666 ³⁸⁸⁷
1497 1637 1608 1702 est,
1644 1649 1811 1704 quam
1850 1633 2143 1706 prudenti,
2179 1647 2348 1704 quam
2382 1632 2615 1688 instanti
2651 1645 2938 1702 quamque
2971 1645 3074 1701 per
3104 1628 3292 1685 omnia
3325 1627 3580 1684 sollicito

171 1714 508 1768 cunctorum
543 1730 860 1786 procerum
891 1718 1157 1788 consilio,
1195 1735 1299 1790 pro
1333 1736 1471 1792 pace
1493 1727 1551 1776 et
1576 1723 1886 1779 concordia
1913 1738 2017 1794 per
2043 1736 2209 1778 unam
2235 1719 2324 1777 vel
2348 1721 2596 1792 amplius
2625 1720 3002 1776 ebdomadam
3031 1722 3320 1774 certatum
3354 1717 3450 1786 sit,
3483 1717 3584 1772 do-

172 1810 270 1856 nec
292 1799 415 1871 ipse
440 1801 498 1856 in
522 1803 702 1874 cujus
727 1819 896 1860 manu
918 1821 1022 1862 cur
1045 1808 1200 1876 regis
1221 1813 1332 1877 est,
1363 1825 1588 1866 omnem
1614 1811 2041 1866 animositatem
2071 1810 2304 1879 augusti
2331 1811 2440 1866 sub
2467 1808 2800 1880 apostolica:
2827 1807 3169 1863 reverentiae
3193 1805 3580 1862 obedientiam

173 1901 335 1944 causa
360 1892 571 1948 matris
593 1892 900 1964 iecclesiaa,
921 1893 1096 1952 etiam
1123 1897 1272 1952 ultra
1299 1911 1459 1969 spem
1483 1899 1884 1970 plurimorum,
1911 1899 2154 1954 inﬂexit.
2183 1900 2307 1953 Mox
2335 1904 2522 1954 tamen
2545 1899 2617 1953 ab
2637 1896 2976 1968 apostolica)
3001 1895 3160 1950 sedis
3187 1892 3586 1965 apocrisiariis

176 1974 226 2034 in
243 1981 717 2040 communionem
744 1989 1016 2056 receptus
1041 1990 1155 2041 tam
1180 1986 1302 2058 ipse
1325 1987 1644 2058 imperator
1668 2003 1837 2058 quam
1864 1989 2177 2044 universus
2203 1987 2313 2043 sibi
2337 1986 2638 2055 subjectus
2659 1985 2975 2054 exercitus,
3009 1984 3178 2039 immo
3201 1980 3460 2052 generali
3487 1981 3588 2037 ab-

173 2065 454 2124 solutione
474 2072 722 2128 cunctis
743 2071 854 2129 hoc
876 2073 1154 2130 scismate
1178 2075 1416 2146 pollutis
1440 2091 1542 2148 per
1565 2077 1978 2133 auctoritatem
2005 2076 2381 2148 apostolicam
2407 2076 2576 2136 facta,
2602 2073 2855 2145 qualiter
2875 2071 3329 2128 aecclesiasticas
3349 2069 3586 2126 investi-

175 2157 329 2211 turas
357 2162 706 2230 ceteraque
735 2159 828 2193 ""
859 2161 1146 2232 Spiritalia
1181 2165 1440 2234 negocia,
1473 2181 1600 2236 quae
1633 2171 1796 2222 tanto
1829 2171 2088 2237 tempore
2121 2165 2212 2198 ²⁶⁶⁹
2241 2179 2411 2232 rcges
2437 2163 2529 2196 ²⁶⁵⁰
2559 2161 2854 2218 Teutonici
2886 2160 3434 2216 administraverant
3467 2157 3582 2229 ³⁸⁵1,

177 2255 409 2314 quisque
453 2247 604 2316 ipse,
652 2261 723 2303 ne
764 2249 923 2317 regni
954 2249 1045 2283 ³⁸⁸³
1075 2251 1502 2309 diminueretur
1542 2254 1743 2323 honor,
1786 2268 2074 2324 nunquam
2119 2253 2235 2308 vita
2268 2251 2360 2284 ²⁶⁵³
2387 2251 2600 2307 comite
2641 2249 3014 2306 dimissurum
3047 2247 3137 2282 '°“
3171 2252 3584 2320 proposuerat,

177 2323 510 2389 humiliatus
542 2349 656 2405 pro
687 2335 920 2391 Christo
941 2352 1132 2394 coram
1158 2340 1531 2397 multitudine
1556 2341 1800 2396 maxima
1824 2323 2200 2410 abnegaverit
2221 2340 2336 2410 ³⁸⁵⁵,
2357 2345 2418 2395 ει
2441 2341 2494 2394 in
2521 2355 2724 2394 manus
2753 2337 2945 2394 domui
2975 2337 3235 2408 episcopi
3267 2335 3575 2406 Ostiensis,

179 2431 240 2473 ac
270 2434 369 2490 per
399 2421 592 2492 ipsum
627 2423 857 2481 domino
881 2425 972 2459 ’m
995 2433 1194 2484 nostro
1214 2431 1346 2485 Jcsu
1369 2431 1599 2487 Christo
1630 2446 1866 2501 suaeque
1891 2431 1945 2486 in
1973 2436 2313 2501 perpetuum
2338 2429 2434 2500 jus
2455 2428 2545 2462 ³⁸⁵⁷
2569 2427 2851 2484 ωεειεεὶῑε
2884 2425 3189 2494 dimiserit,
3227 2437 3575 2494 rursumque

180 2507 357 2577 qualia
387 2511 500 2567 sibi
531 2514 613 2568 ob
645 2513 922 2570 honorem
965 2517 1127 2585 regni
1161 2519 1624 2575 conservandum
1666 2520 1986 2576 auctoritas
2027 2518 2348 2590 apostolica
2389 2515 2765 2585 concesserit,
2810 2513 3117 2584 utriusque
3150 2511 3335 2586 partis
3366 2509 3575 2566 melius

180 2595 498 2654 edocebunt
531 2600 632 2634 ³⁸⁵⁸
662 2603 868 2659 subter
896 2602 986 2638 ²⁶⁸⁰
1011 2610 1287 2662 annotata
1321 2607 1539 2679 scripta
1572 2609 1718 2680 (350)
1753 2627 1765 2662 :

239 2683 364 2755 Ego
382 2687 723 2747 Heinricus
743 2692 854 2748 Dei
869 2693 1083 2764 gratia
1103 2695 1500 2752 Romanorum
1523 2697 1846 2768 imperator
1865 2697 2160 2768 augustas
2177 2694 2285 2764 ²⁶⁶⁰,
2309 2709 2414 2766 pro
2435 2707 2629 2751 amore
2648 2694 2760 2750 Dei
2781 2692 2841 2749 et
2854 2691 3075 2750 sancte
3089 2691 3369 2747 Romane
3388 2685 3579 2744 eccle‘

177 2770 276 2828 sie
294 2775 352 2832 et
369 2776 573 2836 damni
583 2793 765 2850 pape
788 2781 1008 2838 Calisti
1030 2783 1090 2838 et
1094 2797 1208 2854 pro
1229 2785 1488 2842 remedio
1508 2789 1724 2842 anime
1743 2799 1898 2855 mee,
1934 2785 2168 2840 dimitto
2188 2785 2306 2840 Deo
2328 2785 2388 2839 et
2401 2783 2629 2840 sanctis
2650 2781 2778 2852 ejus
2800 2780 3086 2852 apostolis
3108 2779 3285 2834 Petro
3307 2778 3366 2833 et
3385 2774 3579 2832 Paulo

177 2864 506 2935 sancteque
527 2866 626 2900 ²⁶⁶¹
648 2868 957 2926 σαιΙιοιίοιε
982 2871 1256 2929 ecclesie
1283 2887 1508 2928 omnem
1535 2874 1954 2930 incestituram
1970 2888 2076 2944 per
2099 2873 2347 2930 anulum
2369 2872 2428 2927 et
2445 2870 2739 2938 baculum,
2762 2868 2823 2924 et
2839 2866 3078 2926 concedo
3100 2868 3166 2924 in
3185 2863 3452 2921 omnibus
3479 2877 3582 2922 ec-

181 2947 528 3023 clesiisﬂeri
550 2956 895 3013 electionem
916 2959 975 3013 et
993 2957 1244 3016 liberam
1273 2962 1786 3018 consecrationem.
1826 2963 2232 3019 Possessiones
2254 2961 2312 3016 et
2328 2957 2569 3030 regalia
2591 2957 2747 3013 beati
2769 2955 2860 2988 ’⁵⁸³
2881 2954 3052 3012 Petri
3075 2967 3206 3024 que
3226 2952 3582 3024 aprincipio

181 3032 354 3107 huius
377 3041 701 3100 discordie
719 3059 907 3116 usque
921 3046 1003 3102 ad
1018 3047 1367 3105 nodiernam
1385 3049 1559 3120 diem,
1573 3051 1697 3107 sice
1717 3051 1968 3122 tempore
1979 3051 2178 3122 patris
2194 3050 2305 3106 mei
2321 3050 2444 3105 sice
2461 3047 2635 3103 etiam
2652 3058 2794 3114 meo,
2819 3043 3029 3101 ablata
3046 3043 3204 3111 sunt,
3229 3055 3362 3112 que
3377 3039 3577 3109 habeo,

185 3123 359 3183 eidem
374 3133 603 3190 sancte
622 3134 900 3190 Romane
917 3135 1192 3192 ecclesie
1205 3138 1492 3205 restituo;
1510 3153 1641 3210 que
1657 3139 1849 3195 autem
1869 3154 1986 3195 non
2004 3137 2206 3206 habeo,
2227 3138 2296 3193 ut
2308 3135 2708 3194 restituantur
2726 3130 3228 3202 ﬂlleliterjuz'abo.
3257 3129 3583 3187 Possessio-

185 3225 280 3271 nes
297 3216 475 3276 etiam
498 3221 764 3278 omnium
791 3223 1059 3280 aliarum
1083 3225 1483 3282 ecclesiarum
1511 3227 1571 3284 et
1581 3229 1929 3298 principum
1950 3228 2010 3283 et
2026 3227 2284 3283 aliorum
2316 3226 2436 3280 tam
2467 3223 2818 3280 clericorum
2844 3235 3028 3291 quam
3057 3219 3358 3286 laicorum,
3394 3217 3584 3274 consi-

187 3298 260 3356 lio
276 3307 622 3380 principum
641 3311 702 3366 et
707 3311 990 3383 justicia,
1013 3326 1145 3382 que
1163 3311 1379 3382 habeo;
1401 3315 1645 3372 reddam
1669 3315 1762 3348 ³⁸⁸³
1782 3329 1913 3388 que
1932 3330 2049 3372 non
2069 3314 2272 3382 habeo,
2298 3313 2368 3369 ut
2385 3311 2718 3368 reddantur
2736 3309 3004 3380 ﬁdeliter
3023 3305 3270 3379 jucabo.
3297 3306 3382 3362 Et
3397 3305 3469 3360 do
3490 3317 3582 3361 ve-

185 3403 524 3464 rampaeem
549 3397 783 3455 Calisto
811 3400 1146 3470 sancteque
1166 3400 1254 3434 ²⁶⁶⁴
1277 3403 1556 3459 Romane
1581 3404 1856 3461 ecclesie
1883 3404 1942 3460 et
1969 3403 2235 3458 omnibus
2255 3399 2346 3434 ’⁸⁸⁸
2367 3401 2474 3470 qui
2503 3401 2569 3455 in
2591 3398 2760 3469 parte
2790 3398 2984 3469 ipsius
3010 3397 3155 3454 sunt
3176 3395 3273 3450 cel
3279 3393 3570 3464 fuerunt.

184 3477 264 3534 Et
283 3481 347 3538 in
373 3485 600 3554 quibus
625 3488 837 3545 sancta
865 3489 1134 3546 Romana
1164 3491 1425 3548 ecclesia
1453 3491 1754 3548 auxilium
1775 3491 2190 3562 postulaverit,
2211 3489 2482 3562 ﬁdeliter
2501 3487 2752 3558 jucabo.

245 3568 366 3639 Ego
391 3573 668 3632 Calistus
689 3574 781 3608 ³⁸⁸⁸
799 3589 1005 3634 servus
1029 3591 1326 3635 servorum
1347 3579 1476 3648 Dei,
1504 3579 1714 3636 dilecto
1723 3581 1863 3650 filio
1883 3594 1987 3637 suo
2013 3579 2295 3638 Heinrico
2317 3581 2428 3637 Dei
2445 3579 2656 3652 gratia
2691 3580 3085 3634 Romanorum
3103 3571 3453 3645 imperatori
3474 3586 3580 3629 au-

181 3659 362 3724 gusto.
397 3663 688 3732 Concedo,
713 3665 1024 3724 electiones
1046 3668 1446 3740 episcoporum
1465 3668 1526 3724 et
1541 3667 1822 3725 abbatum
1857 3669 2158 3726 Teutonici
2183 3669 2354 3739 regni
2379 3671 2484 3740 qui
2506 3669 2588 3726 ad
2603 3681 2852 3738 regnum
2867 3665 3176 3738 pertinent
3193 3665 3259 3720 in
3269 3660 3580 3734 presentia

187 3744 279 3802 tua
287 3749 448 3818 ﬁeri,
471 3751 706 3823 absque
723 3755 998 3824 symonia
1015 3755 1074 3811 et
1085 3754 1299 3828 aliqua
1315 3755 1406 3788 ³⁸⁸⁷
1422 3757 1734 3826 violentia,
1758 3757 1841 3827 ut,
1855 3758 1911 3814 si
1927 3773 2049 3828 qua
2068 3760 2224 3815 inter
2236 3760 2446 3830 partes
2469 3757 2774 3816 discordia
2795 3755 3120 3825 emerserit,
3138 3750 3580 3824 metropolitani

185 3835 239 3889 et
251 3841 839 3910 comprovincialium
855 3840 946 3875 ³⁸⁸⁸
960 3843 1209 3900 consilio
1230 3841 1325 3900 cel
1331 3843 1571 3914 judicio
1591 3845 1824 3902 saniori
1838 3847 2003 3909 parti
2020 3848 2402 3916 assensumfet
2415 3845 2998 3918 aueiliumprebeas.
3025 3844 3266 3901 Electus
3283 3841 3479 3898 autem
3493 3852 3582 3896 re-

182 3923 343 3990 galia
346 3943 460 3998 per
477 3929 778 4000 sceptrum
793 3943 832 3987 a
851 3930 901 3986 te
911 3931 1188 4003 recipiat,
1209 3945 1382 4004 sweep
1391 3933 1468 3990 tis
1483 3933 1751 3991 omnibus
1767 3948 1898 4006 que
1915 3935 1999 3992 ad
2015 3938 2344 3993 Romanam
2359 3935 2686 3993 ecclesiam
2690 3935 2999 4006 pertinere
3015 3933 3367 3999 noscuntur;
3382 3930 3442 3986 et
3453 3943 3488 3998 q
3498 3941 3584 3984 ue

187 4023 256 4068 ea:
272 4013 366 4074 bis
374 4020 526 4090 jure
549 4018 660 4075 tibi
683 4017 864 4090 debet,
891 4020 1111 4088 faciat.
1141 4021 1241 4077 Ea:
1260 4020 1408 4078 aliis
1428 4035 1562 4077 coro
1579 4022 1856 4093 partibus
1887 4023 2128 4094 imperii
2156 4025 2531 4082 consecratus
2550 4023 2642 4058 ²⁶⁶⁰
2661 4024 2837 4096 infra
2854 4036 2962 4080 see
2979 4034 3205 4078 menses
3223 4019 3462 4090 regalia
3470 4030 3585 4087 per

188 4103 471 4174 sceptrum
495 4105 588 4140 "7°
605 4121 644 4164 a
667 4109 722 4164 te
741 4108 1013 4180 recipiat.
1045 4111 1134 4168 De
1160 4109 1376 4181 quibus
1403 4123 1539 4167 vero
1566 4110 1752 4169 michi
1773 4110 1861 4144 ²⁶⁷¹
1882 4112 2319 4182 querimoniam
2333 4112 2564 4185 feceris
2576 4128 2598 4176 ,ο
2623 4110 2945 4168 secundum
2971 4109 3152 4180 apicii
3177 4108 3292 4164 mei
3321 4105 3584 4162 debitum

189 4192 489 4252 ancilium
513 4210 710 4253 meum
725 4197 1030 4268 prestabo.
1061 4199 1150 4256 Do
1181 4197 1292 4256 tibi
1318 4211 1519 4256 ceram
1541 4213 1747 4271 pacem
1772 4201 1830 4258 et
1850 4198 2118 4256 omnibus
2138 4201 2246 4272 qui
2266 4201 2332 4258 in
2339 4199 2520 4272 parte
2538 4200 2643 4255 tua
2660 4198 2805 4255 sunt
2817 4195 3184 4270 celfuerunt
3203 4196 3454 4265 tempore
3473 4193 3583 4251 liu-

183 4275 280 4346 jus
307 4281 651 4342 discordie.

252 4367 408 4460 Data
435 4385 597 4430 anno
629 4375 784 4430 1122.
817 4375 852 4427 9
881 4371 1192 4430 Kalendas
1221 4372 1508 4432 Octobris.

1015 4372 1192 4430 endas
1221 4372 1508 4432 Octobris.
2551 4445 2568 4460 ο

256 4455 598 4528 Hujusmodi
631 4460 850 4532 scripta
885 4464 1059 4531 atque
1091 4461 1379 4532 rescripta
1414 4467 1654 4534 propter
1684 4463 1924 4522 inﬁnitas
1958 4463 2350 4522 multitudinis
2379 4455 2722 4522 conventum
2753 4463 2878 4519 loco
2901 4460 3218 4534 campestri
3242 4460 3405 4531 juxta
3437 4459 3585 4516 Rhe-

195 4554 319 4601 num
341 4547 498 4606 lecta
521 4553 680 4619 sunt,
713 4549 848 4606 data
871 4553 931 4607 et
952 4554 1227 4622 accepta;
1261 4555 1511 4622 postque
1541 4551 1912 4609 multimodas
1943 4553 2144 4609 laudes
2178 4569 2370 4610 rerum
2392 4552 2483 4586 ²⁶⁷²
2501 4551 2882 4623 gubernatori
2906 4551 3186 4618 redditas,
3213 4549 3532 4606 celebratis
3551 4562 3584 4604 a

197 4627 390 4694 domno
434 4637 698 4694 Ostiensi
729 4637 820 4672 ²⁶⁷⁸
850 4637 1062 4695 divinis
1103 4639 1506 4709 sacramentis,
1551 4640 1704 4696 inter
1742 4656 1870 4712 qua:
1911 4641 2183 4699 domuum
2222 4643 2633 4714 imperatorem
2672 4655 2801 4698 cum
2843 4639 3002 4713 pacis
3031 4639 3230 4698 osculo
3263 4642 3583 4708 sanctaque

195 4726 592 4784 communione
619 4725 954 4798 plenissime
985 4727 1402 4800 reconciliavit,
1437 4728 1756 4786 discessum
1789 4735 1884 4786 est
1910 4732 1982 4786 ab
2013 4731 2283 4788 omnibus
2313 4745 2443 4788 cum
2475 4729 2686 4786 lteticia
2719 4729 2970 4786 inﬁnita.

1545 4825 1780 4882 VARIIE
1811 4827 2217 4885 LECTIONES.

255 4913 782 4992 f‘“_converti_t_9°.
864 4919 956 4954 ’⁸³⁸
987 4925 1103 4978 tam
1151 4926 1210 4978 9°
1255 4936 1379 4978 eam
1425 4935 1582 4980 corr.
1634 4921 1749 4992 jam
1797 4927 1857 4980 7.
1939 4924 2032 4958 ³⁸³⁸
2061 4940 2272 4982 necare
2320 4929 2422 4983 E2.
2481 4941 2728 4984 neccaro
2775 4926 2836 4980 6.
2889 4927 2950 4980 7.
3006 4927 3090 4980 9°.
3173 4920 3262 4956 ’⁸³⁷
3295 4925 3346 4976 ι.
3386 4938 3447 4978 u.
3488 4925 3574 4979 9°.

192 4978 598 5078 ifideestym
740 5005 892 5078 pene
925 5006 1028 5078 per
1049 5007 1138 5078 in.
1173 5007 1234 5062 g.
1254 4978 1442 5078 ητα..
1503 4978 1948 5078 ξθιορδιίεηῠίιιδε
1972 4997 2038 5051 Et
2061 4978 3092 5078 :2:asceiiburgj.‘a—schenburgiii.
3131 4994 3494 5078 asclienburc
3517 5001 3575 5078 7.

195 5063 508 5118 asccnburc
539 5065 598 5117 9°
628 5063 1018 5132 ascal‘enburg
1047 5068 1104 5118 ὅ.
1145 5063 1476 5120 asaﬁnburc
1508 5065 1572 5121 in
1601 5063 1722 5122 loco
1761 5079 1945 5122 vacuo
1976 5068 2116 5138 post
2146 5070 2438 5139 scriptum
2483 5063 2572 5124 1'0.
2623 5063 3000 5124 asasinbnrcli
3036 5071 3122 5120 11.
3207 5063 3296 5097 ²⁶⁸¹
3329 5064 3490 5119 deest
3518 5067 3574 5120 4.

197 5123 278 5159 ²⁶⁴²
310 5131 623 5194 ligatorum
658 5133 760 5188 E2.
842 5132 934 5166 ²⁶⁴⁸
962 5135 1017 5188 in
1045 5134 1131 5190 eis
1162 5135 1380 5191 desunt
1401 5140 1460 5190 7.
1544 5134 1634 5168 ³⁸⁸⁸
1665 5137 1827 5191 deest
1861 5141 1919 5193 6.
1965 5143 2024 5194 7.
2070 5144 2154 5194 9°.
2205 5145 2334 5194 tun.
2381 5139 2584 5194 christi
2616 5143 2674 5193 7.
2756 5138 2847 5170 ²⁶⁴⁵
2879 5152 3007 5194 quae
3035 5140 3127 5192 est
3159 5135 3372 5191 desunt
3407 5141 3491 5190 lo.
3534 5137 3574 5192 i.

333 5149 623 5194 ιιξθιονυω
658 5149 760 5188 152.
843 5149 934 5166 ¹⁹⁴⁹⁹
962 5149 1017 5188 in
1045 5149 1131 5190 eis
1162 5149 1460 5191 αεετιπιγ.
1545 5149 1634 5168 ‘°"
1665 5149 1827 5191 (ιεεδι
1861 5149 1919 5193 6.
1965 5149 2024 5194 7.
2070 5149 2154 5194 9°.
2205 5149 2334 5194 tun.
2381 5149 2584 5194 Clll‘lSll
2616 5149 2674 5193 7.
2756 5149 2847 5170 ²⁰⁵⁹
2879 5152 3007 5194 011$
3035 5149 3127 5192 εει
3159 5149 3372 5191 (ιθδυτιφιι
3407 5149 3491 5190 Ιυ.
3534 5153 3576 5192 Ι.

198 5147 278 5159 --νι
310 5147 623 5202 nugatorem
658 5147 760 5188 ω.
843 5147 934 5166 π’·
962 5149 1017 5188 ιη
1045 5149 1131 5190 eis
1162 5147 1460 5191 desunt7.
1545 5147 1634 5168 ’σοι
1665 5147 1827 5191 deest
1861 5147 1919 5193 6.
1965 5147 2024 5194 7.
2070 5147 2154 5194 9°.
2205 5147 2334 5194 tun.
2381 5147 2584 5195 cbristi
2616 5147 2674 5193 7.
2756 5147 2847 5170 τωδ
2879 5152 3007 5208 quae
3035 5147 3127 5192 est
3159 5147 3372 5191 desunt
3407 5147 3491 5190 l0.
3534 5153 3575 5192 ι.

198 5201 456 5280 εςςιεείίε
485 5207 573 5258 11.
657 5202 750 5236 ’⁸⁸⁸
779 5205 1202 5280 warmatiaE4.
1283 5203 1374 5280 3“?
1405 5203 1566 5261 dictu
1589 5209 1646 5262 4.
1725 5207 1814 5280 "is
1844 5207 2072 5280 aliaque
2096 5211 2153 5280 4.
2235 5209 2326 5244 ³⁸⁸⁸
2354 5225 2407 5265 r.
2445 5215 2494 5266 t.
2537 5225 2594 5265 a.
2637 5225 2699 5280 q.
2739 5209 2787 5280 i.
2822 5223 2892 5264 ne
2921 5224 2978 5262 r.
3020 5207 3186 5280 (μέν.
3215 5208 3486 5280 margine
3517 5212 3575 5262 6.

196 5261 280 5347 ξξξῗ
307 5274 469 5347 regis
509 5287 668 5332 corr.
720 5278 1019 5347 reges],
1065 5275 1156 5308 ²⁶⁵ι
1187 5261 1698 5331 θιιιὶηἰειιεθνιτὲιηι
1745 5279 1801 5332 4.
1850 5261 2150 5347 “mi'iégi
2178 5280 2284 5334 Dl-
2354 5261 2604 5336 Em"vite
2644 5261 2976 5336 demit—(5'47?
3032 5261 3214 5332 "sise
3256 5261 3469 5332 dflil.
3516 5261 3574 5332 2.

198 5333 280 5374 ’⁸⁸⁸
305 5333 702 5414 abnegaverat
735 5333 815 5401 4?"
871 5344 1201 5418 “ffgdomno
1233 5348 1289 5401 4.
1328 5349 1387 5400 7.
1430 5351 1520 5402 10.
1578 5347 1692 5418 ἶὲδτ
1725 5347 1962 5406 deest4.
2041 5333 2132 5382 έδῖθ
2162 5333 2431 5407 edocebit
2461 5333 2598 5408 Dii.
2645 5333 2944 5418 imsuper
2975 5349 3076 5404 nt.
3117 5351 3149 5404 4
3239 5353 3322 5403 9°.
3406 5347 3498 5380 τ⁶⁶⁰
3527 5354 3586 5404 ct

199 5420 416 5486 semper
439 5420 729 5486 angustus
751 5421 834 5471 9°.
916 5415 1006 5450 "“
1029 5420 1247 5474 sancte
1272 5418 1362 5472 10.
1397 5421 1486 5471 11.
1571 5417 1662 5450 ²⁶⁶²
1684 5419 1873 5475 sancti
1898 5423 1954 5476 4.
1984 5425 2068 5476 9°.
2151 5419 2242 5454 ³⁸⁸³
2269 5422 2784 5478 reddam—habeo
2806 5415 3130 5476 d'esuntlo.
3163 5423 3220 5474 11
3243 5459 3256 5472 .
3339 5419 3430 5452 ’⁸⁸⁸
3459 5434 3586 5476 san-

199 5483 407 5561 ἕξω.
447 5483 540 5542 11.
628 5483 719 5561 mf
745 5490 806 5542 et
828 5485 971 5561 inp.
1002 5489 1072 5544 D.
1103 5489 1208 5544 E1.
1236 5492 1295 5561 2_.
1325 5491 1384 5542 5.
1417 5491 1529 5561 l_O_._
1588 5486 1679 5561 _’“°
1707 5489 1959 5561 calixtus
1982 5493 2084 5548 El.
2114 5495 2172 5546 2.
2253 5492 2342 5526 ³⁸⁸⁷
2365 5493 2514 5550 omni
2539 5497 2598 5548 5.
2681 5489 2774 5525 ²⁶⁶⁸
2806 5489 3246 5561 provincialium
3270 5491 3337 5544 7?
3360 5493 3452 5547 l0.
3485 5499 3504 5548 -1
3527 5497 3543 5550 l
3565 5532 3578 5549 .

176 5547 281 5619 .²⁶⁸’
303 5571 664 5615 consecrans
693 5559 751 5612 6.
834 5555 928 5590 ἀτο
957 5563 1222 5631 ceptrum
1255 5559 1359 5616 El.
1441 5556 1534 5593 ²⁸⁷¹
1563 5559 1730 5616 deest
1749 5563 1806 5617 4.
1886 5561 1980 5594 ³⁸⁷³
2009 5547 2290 5620 omnium.
2330 5547 2561 5620 4.73m
2588 5547 2867 5623 ostiensis
2897 5574 3058 5622 corr.
3094 5561 3350 5620 ostiense
3378 5565 3438 5620 7.

259 5721 406 5867 $49;
445 5722 933 5805 Aschat‘l'enburg.
1137 5795 1147 5806 υ
1218 5795 1228 5806 _
1425 5795 1436 5807 .
1773 5657 2002 5716 NOTAE.

280 5800 386 5859 350
449 5797 538 5856 Ct‘.
574 5795 893 5856 editionem
923 5809 997 5856 ex
1025 5800 1264 5867 optimis
1295 5795 1556 5856 fontibus
1594 5798 1859 5859 haustam
1889 5802 2002 5859 Mor

280 5729 381 5786 349
445 5729 933 5797 Aschaﬂ‘enburg.

280 5729 406 5874 350;
449 5797 538 5856 Ct‘.
574 5793 893 5856 editionem
923 5809 997 5856 ex
1025 5795 1264 5871 optimis
1295 5795 1556 5856 fontibus
1594 5798 1859 5859 haustam
1889 5802 2036 5859 Man.
2065 5801 2236 5876 Legg.
2270 5803 2340 5876 Il,
2375 5819 2428 5877 p.
2461 5807 2556 5861 75.
