  <div class='ocr_page' id='page_1' title='image "/cluster/home/n/w/nwhite01/storage/ocr_20150623/153-154/uc1.31175019678096/1117.png"; bbox 0 0 3934 6434; ppageno 0'>
   <div class='ocr_carea' id='block_1_1' title="bbox 352 427 1905 500">
    <p class='ocr_par' dir='ltr' id='par_1_1' title="bbox 352 430 1905 498">
     <span class='ocr_line' id='line_1_1' title="bbox 352 430 1905 498; baseline 0 -1"><span class='ocrx_word' id='word_1_1' title='bbox 352 430 502 498; x_wconf 89' lang='grc'><strong>1051</strong></span> <span class='ocrx_word' id='word_1_2' title='bbox 1512 430 1905 497; x_wconf 81' lang='lat' dir='ltr'>EKKEHAR</span> 
     </span>
    </p>
   </div>
   <div class='ocr_carea' id='block_1_2' title="bbox 2226 427 3779 500">
    <p class='ocr_par' dir='ltr' id='par_1_2' title="bbox 2226 427 3779 500">
     <span class='ocr_line' id='line_1_2' title="bbox 2226 427 3779 500; baseline 0.001 -3"><span class='ocrx_word' id='word_1_3' title='bbox 2226 427 2597 498; x_wconf 88' lang='lat' dir='ltr'>UGIENSIS</span> <span class='ocrx_word' id='word_1_4' title='bbox 3615 432 3779 500; x_wconf 86' lang='grc'>1052</span> 
     </span>
    </p>
   </div>
   <div class='ocr_carea' id='block_1_3' title="bbox 426 567 3779 646">
    <p class='ocr_par' dir='ltr' id='par_1_3' title="bbox 426 567 3779 646">
     <span class='ocr_line' id='line_1_3' title="bbox 426 567 3779 646; baseline 0.001 -19"><span class='ocrx_word' id='word_1_5' title='bbox 426 567 689 627; x_wconf 80' lang='lat' dir='ltr'>Alterum</span> <span class='ocrx_word' id='word_1_6' title='bbox 725 582 955 640; x_wconf 83' lang='lat' dir='ltr'>quoque</span> <span class='ocrx_word' id='word_1_7' title='bbox 988 581 1099 625; x_wconf 90' lang='lat' dir='ltr'>non</span> <span class='ocrx_word' id='word_1_8' title='bbox 1134 567 1315 625; x_wconf 90' lang='lat' dir='ltr'>multo</span> <span class='ocrx_word' id='word_1_9' title='bbox 1348 573 1498 642; x_wconf 90' lang='lat' dir='ltr'>post,</span> <span class='ocrx_word' id='word_1_10' title='bbox 1536 567 1591 626; x_wconf 90' lang='lat' dir='ltr'>id</span> <span class='ocrx_word' id='word_1_11' title='bbox 1616 572 1705 626; x_wconf 88' lang='lat' dir='ltr'>est</span> <span class='ocrx_word' id='word_1_12' title='bbox 1733 569 1785 625; x_wconf 93' lang='lat' dir='ltr'>in</span> <span class='ocrx_word' id='word_1_13' title='bbox 1821 571 1967 628; x_wconf 79' lang='lat' dir='ltr'>testo</span> <span class='ocrx_word' id='word_1_14' title='bbox 1996 570 2184 628; x_wconf 80' lang='lat' dir='ltr'>sancti</span> <span class='ocrx_word' id='word_1_15' title='bbox 2220 568 2469 641; x_wconf 82' lang='lat' dir='ltr'>Martini,</span> <span class='ocrx_word' id='word_1_16' title='bbox 2503 567 2860 643; x_wconf 80' lang='lat' dir='ltr'>colloquium</span> <span class='ocrx_word' id='word_1_17' title='bbox 2897 569 3215 645; x_wconf 79' lang='lat' dir='ltr'>imperator</span> <span class='ocrx_word' id='word_1_18' title='bbox 3242 587 3369 631; x_wconf 90' lang='lat' dir='ltr'>cum</span> <span class='ocrx_word' id='word_1_19' title='bbox 3401 570 3779 646; x_wconf 85' lang='lat' dir='ltr'>principibus</span> 
     </span>
    </p>
   </div>
   <div class='ocr_carea' id='block_1_4' title="bbox 356 658 3774 735">
    <p class='ocr_par' dir='ltr' id='par_1_4' title="bbox 356 658 3774 735">
     <span class='ocr_line' id='line_1_4' title="bbox 356 658 3774 735; baseline 0.001 -17"><span class='ocrx_word' id='word_1_20' title='bbox 356 660 452 733; x_wconf 89' lang='lat' dir='ltr'>qui</span> <span class='ocrx_word' id='word_1_21' title='bbox 476 658 660 732; x_wconf 89' lang='lat' dir='ltr'>priori</span> <span class='ocrx_word' id='word_1_22' title='bbox 687 674 795 715; x_wconf 89' lang='lat' dir='ltr'>non</span> <span class='ocrx_word' id='word_1_23' title='bbox 822 659 1064 716; x_wconf 91' lang='lat' dir='ltr'>aderant</span> <span class='ocrx_word' id='word_1_24' title='bbox 1100 658 1805 731; x_wconf 72' lang='lat' dir='ltr'>Babenbcrg’°7‘habuit;</span> <span class='ocrx_word' id='word_1_25' title='bbox 1840 661 1936 718; x_wconf 91' lang='lat' dir='ltr'>ubi</span> <span class='ocrx_word' id='word_1_26' title='bbox 1961 665 2018 717; x_wconf 91' lang='lat' dir='ltr'>ct</span> <span class='ocrx_word' id='word_1_27' title='bbox 2043 660 2271 717; x_wconf 90' lang='lat' dir='ltr'>cunctis</span> <span class='ocrx_word' id='word_1_28' title='bbox 2295 660 2349 715; x_wconf 94' lang='lat' dir='ltr'>in</span> <span class='ocrx_word' id='word_1_29' title='bbox 2377 675 2480 717; x_wconf 89' lang='lat' dir='ltr'>sua</span> <span class='ocrx_word' id='word_1_30' title='bbox 2505 664 2641 717; x_wconf 89' lang='lat' dir='ltr'>vota</span> <span class='ocrx_word' id='word_1_31' title='bbox 2667 662 3183 734; x_wconf 77' lang='lat' dir='ltr'>concordantibus,</span> <span class='ocrx_word' id='word_1_32' title='bbox 3219 662 3370 719; x_wconf 92' lang='lat' dir='ltr'>inter</span> <span class='ocrx_word' id='word_1_33' title='bbox 3402 662 3606 734; x_wconf 88' lang='lat' dir='ltr'>multa,</span> <span class='ocrx_word' id='word_1_34' title='bbox 3644 677 3774 735; x_wconf 74' lang='lat' dir='ltr'>quae</span> 
     </span>
    </p>
   </div>
   <div class='ocr_carea' id='block_1_5' title="bbox 357 747 3773 825">
    <p class='ocr_par' dir='ltr' id='par_1_5' title="bbox 357 747 3773 825">
     <span class='ocr_line' id='line_1_5' title="bbox 357 747 3773 825; baseline 0.001 -18"><span class='ocrx_word' id='word_1_35' title='bbox 357 755 471 807; x_wconf 88' lang='lat' dir='ltr'>tam</span> <span class='ocrx_word' id='word_1_36' title='bbox 497 748 567 805; x_wconf 89' lang='lat' dir='ltr'>ad</span> <span class='ocrx_word' id='word_1_37' title='bbox 593 747 753 818; x_wconf 83' lang='lat' dir='ltr'>regni</span> <span class='ocrx_word' id='word_1_38' title='bbox 780 763 948 818; x_wconf 88' lang='lat' dir='ltr'>quam</span> <span class='ocrx_word' id='word_1_39' title='bbox 975 747 1044 803; x_wconf 89' lang='lat' dir='ltr'>ad</span> <span class='ocrx_word' id='word_1_40' title='bbox 1069 748 1385 805; x_wconf 81' lang='lat' dir='ltr'>sacerdotii</span> <span class='ocrx_word' id='word_1_41' title='bbox 1417 750 1819 819; x_wconf 90' lang='lat' dir='ltr'>congruebant</span> <span class='ocrx_word' id='word_1_42' title='bbox 1849 750 2148 820; x_wconf 86' lang='lat' dir='ltr'>honorem,</span> <span class='ocrx_word' id='word_1_43' title='bbox 2183 763 2341 804; x_wconf 88' lang='lat' dir='ltr'>more</span> <span class='ocrx_word' id='word_1_44' title='bbox 2374 750 2655 821; x_wconf 82' lang='lat' dir='ltr'>majorum</span> <span class='ocrx_word' id='word_1_45' title='bbox 2687 750 3048 822; x_wconf 87' lang='lat' dir='ltr'>compositis,</span> <span class='ocrx_word' id='word_1_46' title='bbox 3083 750 3309 822; x_wconf 75' lang='lat' dir='ltr'>legatos</span> <span class='ocrx_word' id='word_1_47' title='bbox 3337 751 3607 825; x_wconf 89' lang='lat' dir='ltr'>proprios</span> <span class='ocrx_word' id='word_1_48' title='bbox 3641 767 3773 809; x_wconf 86' lang='lat' dir='ltr'>cum</span> 
     </span>
    </p>
   </div>
   <div class='ocr_carea' id='block_1_6' title="bbox 354 836 3772 913">
    <p class='ocr_par' dir='ltr' id='par_1_6' title="bbox 354 836 3772 913">
     <span class='ocr_line' id='line_1_6' title="bbox 354 836 3772 913; baseline 0.001 -18"><span class='ocrx_word' id='word_1_49' title='bbox 354 838 624 895; x_wconf 84' lang='lat' dir='ltr'>Romanis</span> <span class='ocrx_word' id='word_1_50' title='bbox 647 836 981 909; x_wconf 81' lang='lat' dir='ltr'>destinavit,</span> <span class='ocrx_word' id='word_1_51' title='bbox 1009 842 1067 893; x_wconf 93' lang='lat' dir='ltr'>et</span> <span class='ocrx_word' id='word_1_52' title='bbox 1092 841 1374 908; x_wconf 90' lang='lat' dir='ltr'>utrosque</span> <span class='ocrx_word' id='word_1_53' title='bbox 1397 838 1509 909; x_wconf 69' lang='lat'>“7“,</span> <span class='ocrx_word' id='word_1_54' title='bbox 1536 839 1740 895; x_wconf 91' lang='lat' dir='ltr'>nuncia</span> <span class='ocrx_word' id='word_1_55' title='bbox 1767 838 1936 896; x_wconf 90' lang='lat' dir='ltr'>simul</span> <span class='ocrx_word' id='word_1_56' title='bbox 1957 846 2013 895; x_wconf 91' lang='lat' dir='ltr'>et</span> <span class='ocrx_word' id='word_1_57' title='bbox 2034 852 2273 896; x_wconf 89' lang='lat' dir='ltr'>munera</span> <span class='ocrx_word' id='word_1_58' title='bbox 2296 839 2552 895; x_wconf 85' lang='lat' dir='ltr'>ferentes</span> <span class='ocrx_word' id='word_1_59' title='bbox 2574 838 2911 911; x_wconf 89' lang='lat' dir='ltr'>honoriﬁca,</span> <span class='ocrx_word' id='word_1_60' title='bbox 2943 839 3154 898; x_wconf 91' lang='lat' dir='ltr'>domno</span> <span class='ocrx_word' id='word_1_61' title='bbox 3179 840 3501 913; x_wconf 89' lang='lat' dir='ltr'>apostolico</span> <span class='ocrx_word' id='word_1_62' title='bbox 3525 838 3772 913; x_wconf 86' lang='lat' dir='ltr'>Calisto,</span> 
     </span>
    </p>
   </div>
   <div class='ocr_carea' id='block_1_7' title="bbox 353 926 2125 999">
    <p class='ocr_par' dir='ltr' id='par_1_7' title="bbox 353 926 2125 999">
     <span class='ocr_line' id='line_1_7' title="bbox 353 926 2125 999; baseline -0.002 -13"><span class='ocrx_word' id='word_1_63' title='bbox 353 927 785 997; x_wconf 85' lang='lat' dir='ltr'>consanguineo</span> <span class='ocrx_word' id='word_1_64' title='bbox 818 926 1051 984; x_wconf 76' lang='lat' dir='ltr'>scilicet</span> <span class='ocrx_word' id='word_1_65' title='bbox 1078 927 1195 998; x_wconf 89' lang='lat' dir='ltr'>jam</span> <span class='ocrx_word' id='word_1_66' title='bbox 1239 927 1472 985; x_wconf 88' lang='lat' dir='ltr'>sibimet</span> <span class='ocrx_word' id='word_1_67' title='bbox 1505 928 1856 999; x_wconf 90' lang='lat' dir='ltr'>unitissimo,</span> <span class='ocrx_word' id='word_1_68' title='bbox 1891 928 2125 985; x_wconf 85' lang='lat' dir='ltr'>direxit.</span> 
     </span>
    </p>
   </div>
   <div class='ocr_carea' id='block_1_8' title="bbox 330 1016 3774 1090">
    <p class='ocr_par' dir='ltr' id='par_1_8' title="bbox 330 1016 3774 1090">
     <span class='ocr_line' id='line_1_8' title="bbox 330 1016 3774 1090; baseline 0.001 -19"><span class='ocrx_word' id='word_1_69' title='bbox 330 1026 335 1032; x_wconf 85' lang='lat'>&#39;</span> <span class='ocrx_word' id='word_1_70' title='bbox 424 1016 722 1087; x_wconf 88' lang='lat' dir='ltr'>[Preterea</span> <span class='ocrx_word' id='word_1_71' title='bbox 760 1016 971 1073; x_wconf 91' lang='lat' dir='ltr'>domno</span> <span class='ocrx_word' id='word_1_72' title='bbox 1004 1016 1243 1087; x_wconf 84' lang='lat' dir='ltr'>Erlolfo,</span> <span class='ocrx_word' id='word_1_73' title='bbox 1277 1018 1373 1088; x_wconf 91' lang='lat' dir='ltr'>qui</span> <span class='ocrx_word' id='word_1_74' title='bbox 1403 1018 1789 1075; x_wconf 86' lang='lat' dir='ltr'>Fuldcnsibus</span> <span class='ocrx_word' id='word_1_75' title='bbox 1822 1018 1996 1074; x_wconf 88' lang='lat' dir='ltr'>etiam</span> <span class='ocrx_word' id='word_1_76' title='bbox 2028 1017 2229 1075; x_wconf 88' lang='lat' dir='ltr'>invitis</span> <span class='ocrx_word' id='word_1_77' title='bbox 2264 1020 2518 1090; x_wconf 89' lang='lat' dir='ltr'>preerat,</span> <span class='ocrx_word' id='word_1_78' title='bbox 2552 1020 2687 1073; x_wconf 83' lang='lat' dir='ltr'>ante</span> <span class='ocrx_word' id='word_1_79' title='bbox 2719 1030 2936 1089; x_wconf 90' lang='lat' dir='ltr'>paucos</span> <span class='ocrx_word' id='word_1_80' title='bbox 2976 1017 3101 1074; x_wconf 92' lang='lat' dir='ltr'>dies</span> <span class='ocrx_word' id='word_1_81' title='bbox 3143 1017 3438 1089; x_wconf 82' lang='lat' dir='ltr'>defuncto,</span> <span class='ocrx_word' id='word_1_82' title='bbox 3474 1032 3601 1075; x_wconf 91' lang='lat' dir='ltr'>cum</span> <span class='ocrx_word' id='word_1_83' title='bbox 3634 1032 3774 1074; x_wconf 88' lang='lat' dir='ltr'>con-</span> 
     </span>
    </p>
   </div>
   <div class='ocr_carea' id='block_1_9' title="bbox 354 1105 3772 1179">
    <p class='ocr_par' dir='ltr' id='par_1_9' title="bbox 354 1105 3772 1179">
     <span class='ocr_line' id='line_1_9' title="bbox 354 1105 3772 1179; baseline 0 -17"><span class='ocrx_word' id='word_1_84' title='bbox 354 1120 529 1162; x_wconf 89' lang='lat' dir='ltr'>sensu</span> <span class='ocrx_word' id='word_1_85' title='bbox 564 1105 922 1177; x_wconf 89' lang='lat' dir='ltr'>presentium</span> <span class='ocrx_word' id='word_1_86' title='bbox 958 1105 1304 1178; x_wconf 86' lang='lat' dir='ltr'>principum,</span> <span class='ocrx_word' id='word_1_87' title='bbox 1350 1106 1637 1164; x_wconf 87' lang='lat' dir='ltr'>electione</span> <span class='ocrx_word' id='word_1_88' title='bbox 1678 1106 1933 1178; x_wconf 82' lang='lat' dir='ltr'>regulari</span> <span class='ocrx_word' id='word_1_89' title='bbox 1973 1106 2274 1179; x_wconf 89' lang='lat' dir='ltr'>premissa,</span> <span class='ocrx_word' id='word_1_90' title='bbox 2310 1106 2556 1163; x_wconf 90' lang='lat' dir='ltr'>domnus</span> <span class='ocrx_word' id='word_1_91' title='bbox 2594 1105 2961 1179; x_wconf 92' lang='lat' dir='ltr'>Oudalricus,</span> <span class='ocrx_word' id='word_1_92' title='bbox 2996 1106 3254 1178; x_wconf 87' lang='lat' dir='ltr'>ejusdem</span> <span class='ocrx_word' id='word_1_93' title='bbox 3296 1106 3772 1177; x_wconf 82' lang='lat' dir='ltr'>congregationis</span> 
     </span>
    </p>
   </div>
   <div class='ocr_carea' id='block_1_10' title="bbox 356 1195 3774 1271">
    <p class='ocr_par' dir='ltr' id='par_1_10' title="bbox 356 1195 3774 1271">
     <span class='ocr_line' id='line_1_10' title="bbox 356 1195 3774 1271; baseline 0.001 -21"><span class='ocrx_word' id='word_1_94' title='bbox 356 1196 559 1266; x_wconf 86' lang='lat' dir='ltr'>frater,</span> <span class='ocrx_word' id='word_1_95' title='bbox 594 1195 649 1250; x_wconf 91' lang='lat' dir='ltr'>in</span> <span class='ocrx_word' id='word_1_96' title='bbox 685 1195 938 1266; x_wconf 86' lang='lat' dir='ltr'>regimen</span> <span class='ocrx_word' id='word_1_97' title='bbox 971 1198 1279 1268; x_wconf 86' lang='lat' dir='ltr'>successit,</span> <span class='ocrx_word' id='word_1_98' title='bbox 1315 1202 1374 1254; x_wconf 90' lang='lat' dir='ltr'>et</span> <span class='ocrx_word' id='word_1_99' title='bbox 1399 1198 1567 1269; x_wconf 88' lang='lat' dir='ltr'>juxta</span> <span class='ocrx_word' id='word_1_100' title='bbox 1598 1197 1969 1271; x_wconf 80' lang='lat' dir='ltr'>privilegium</span> <span class='ocrx_word' id='word_1_101' title='bbox 2001 1197 2395 1270; x_wconf 89' lang='lat' dir='ltr'>prescriptum</span> <span class='ocrx_word' id='word_1_102' title='bbox 2428 1196 2647 1268; x_wconf 83' lang='lat' dir='ltr'>regalia</span> <span class='ocrx_word' id='word_1_103' title='bbox 2676 1197 2769 1257; x_wconf 89' lang='lat' dir='ltr'>vel</span> <span class='ocrx_word' id='word_1_104' title='bbox 2800 1196 3019 1256; x_wconf 90' lang='lat' dir='ltr'>ﬁscalia</span> <span class='ocrx_word' id='word_1_105' title='bbox 3051 1197 3239 1256; x_wconf 90' lang='lat' dir='ltr'>eidem</span> <span class='ocrx_word' id='word_1_106' title='bbox 3260 1196 3353 1233; x_wconf 72' lang='grc'>⁸⁸⁷⁸</span> <span class='ocrx_word' id='word_1_107' title='bbox 3372 1197 3612 1259; x_wconf 88' lang='lat' dir='ltr'>ccnobio</span> <span class='ocrx_word' id='word_1_108' title='bbox 3641 1212 3774 1270; x_wconf 84' lang='lat' dir='ltr'>per-</span> 
     </span>
    </p>
   </div>
   <div class='ocr_carea' id='block_1_11' title="bbox 355 1283 1519 1360">
    <p class='ocr_par' dir='ltr' id='par_1_11' title="bbox 355 1283 1519 1360">
     <span class='ocr_line' id='line_1_11' title="bbox 355 1283 1519 1360; baseline 0.003 -20"><span class='ocrx_word' id='word_1_109' title='bbox 355 1283 601 1341; x_wconf 89' lang='lat' dir='ltr'>tinentia</span> <span class='ocrx_word' id='word_1_110' title='bbox 635 1286 707 1342; x_wconf 90' lang='lat' dir='ltr'>ab</span> <span class='ocrx_word' id='word_1_111' title='bbox 738 1284 1093 1358; x_wconf 84' lang='lat' dir='ltr'>imperatore</span> <span class='ocrx_word' id='word_1_112' title='bbox 1123 1287 1402 1360; x_wconf 87' lang='lat' dir='ltr'>suscepit.</span> <span class='ocrx_word' id='word_1_113' title='bbox 1434 1287 1519 1359; x_wconf 91' lang='lat' dir='ltr'>E.]</span> 
     </span>
    </p>
   </div>
   <div class='ocr_carea' id='block_1_12' title="bbox 1757 1358 2354 1460">
    <p class='ocr_par' dir='ltr' id='par_1_12' title="bbox 1757 1358 2354 1460">
     <span class='ocr_line' id='line_1_12' title="bbox 1757 1358 2354 1460; baseline -0.003 -1"><span class='ocrx_word' id='word_1_114' title='bbox 1757 1404 1821 1459; x_wconf 87' lang='lat' dir='ltr'>A.</span> <span class='ocrx_word' id='word_1_115' title='bbox 1853 1403 1915 1457; x_wconf 94' lang='lat' dir='ltr'>D.</span> <span class='ocrx_word' id='word_1_116' title='bbox 1952 1401 2044 1436; x_wconf 71' lang='lat' dir='ltr'>m7</span> <span class='ocrx_word' id='word_1_117' title='bbox 2070 1403 2354 1460; x_wconf 81' lang='lat' dir='ltr'>ucxxm.</span> 
     </span>
    </p>
   </div>
   <div class='ocr_carea' id='block_1_13' title="bbox 432 1527 3773 1602">
    <p class='ocr_par' dir='ltr' id='par_1_13' title="bbox 432 1527 3773 1602">
     <span class='ocr_line' id='line_1_13' title="bbox 432 1527 3773 1602; baseline 0.001 -21"><span class='ocrx_word' id='word_1_118' title='bbox 432 1529 756 1598; x_wconf 84' lang='lat' dir='ltr'>Imperator</span> <span class='ocrx_word' id='word_1_119' title='bbox 783 1527 1087 1585; x_wconf 84' lang='lat' dir='ltr'>lleinrieus</span> <span class='ocrx_word' id='word_1_120' title='bbox 1120 1528 1371 1584; x_wconf 89' lang='lat' dir='ltr'>natalem</span> <span class='ocrx_word' id='word_1_121' title='bbox 1405 1529 1627 1586; x_wconf 89' lang='lat' dir='ltr'>Domini</span> <span class='ocrx_word' id='word_1_122' title='bbox 1659 1528 1905 1598; x_wconf 87' lang='lat' dir='ltr'>Trajecti</span> <span class='ocrx_word' id='word_1_123' title='bbox 1941 1527 2281 1585; x_wconf 86' lang='lat' dir='ltr'>celebravit.</span> <span class='ocrx_word' id='word_1_124' title='bbox 2316 1528 2518 1585; x_wconf 88' lang='lat' dir='ltr'>Oritur</span> <span class='ocrx_word' id='word_1_125' title='bbox 2540 1529 2596 1585; x_wconf 90' lang='lat' dir='ltr'>in</span> <span class='ocrx_word' id='word_1_126' title='bbox 2620 1530 2762 1601; x_wconf 88' lang='lat' dir='ltr'>ipsis</span> <span class='ocrx_word' id='word_1_127' title='bbox 2788 1530 2953 1587; x_wconf 81' lang='lat' dir='ltr'>festis</span> <span class='ocrx_word' id='word_1_128' title='bbox 2977 1530 3185 1587; x_wconf 89' lang='lat' dir='ltr'>diebus</span> <span class='ocrx_word' id='word_1_129' title='bbox 3218 1530 3477 1602; x_wconf 72' lang='lat' dir='ltr'>quaedam</span> <span class='ocrx_word' id='word_1_130' title='bbox 3508 1529 3773 1587; x_wconf 86' lang='lat' dir='ltr'>simulta-</span> 
     </span>
    </p>
   </div>
   <div class='ocr_carea' id='block_1_14' title="bbox 356 1616 3769 1690">
    <p class='ocr_par' dir='ltr' id='par_1_14' title="bbox 356 1616 3769 1690">
     <span class='ocr_line' id='line_1_14' title="bbox 356 1616 3769 1690; baseline 0.001 -20"><span class='ocrx_word' id='word_1_131' title='bbox 356 1616 460 1688; x_wconf 87' lang='lat' dir='ltr'>tio,</span> <span class='ocrx_word' id='word_1_132' title='bbox 498 1618 652 1673; x_wconf 88' lang='lat' dir='ltr'>inter</span> <span class='ocrx_word' id='word_1_133' title='bbox 684 1616 909 1673; x_wconf 87' lang='lat' dir='ltr'>aulicos</span> <span class='ocrx_word' id='word_1_134' title='bbox 941 1617 1163 1674; x_wconf 89' lang='lat' dir='ltr'>scilicet</span> <span class='ocrx_word' id='word_1_135' title='bbox 1189 1620 1246 1673; x_wconf 88' lang='lat' dir='ltr'>et</span> <span class='ocrx_word' id='word_1_136' title='bbox 1272 1618 1529 1689; x_wconf 85' lang='lat' dir='ltr'>episcopi</span> <span class='ocrx_word' id='word_1_137' title='bbox 1566 1618 2016 1684; x_wconf 86' lang='lat' dir='ltr'>ministeriales;</span> <span class='ocrx_word' id='word_1_138' title='bbox 2048 1634 2176 1689; x_wconf 74' lang='lat' dir='ltr'>quze</span> <span class='ocrx_word' id='word_1_139' title='bbox 2204 1618 2377 1673; x_wconf 89' lang='lat' dir='ltr'>etiam</span> <span class='ocrx_word' id='word_1_140' title='bbox 2401 1634 2468 1675; x_wconf 85' lang='lat' dir='ltr'>eo</span> <span class='ocrx_word' id='word_1_141' title='bbox 2491 1620 2798 1690; x_wconf 88' lang='lat' dir='ltr'>processit,</span> <span class='ocrx_word' id='word_1_142' title='bbox 2829 1624 2889 1675; x_wconf 94' lang='lat' dir='ltr'>ut</span> <span class='ocrx_word' id='word_1_143' title='bbox 2914 1619 3005 1654; x_wconf 68' lang='lat'>&quot;73</span> <span class='ocrx_word' id='word_1_144' title='bbox 3028 1619 3299 1676; x_wconf 88' lang='lat' dir='ltr'>universa</span> <span class='ocrx_word' id='word_1_145' title='bbox 3323 1619 3481 1676; x_wconf 87' lang='lat' dir='ltr'>curia</span> <span class='ocrx_word' id='word_1_146' title='bbox 3506 1618 3677 1676; x_wconf 89' lang='lat' dir='ltr'>simul</span> <span class='ocrx_word' id='word_1_147' title='bbox 3702 1634 3769 1675; x_wconf 90' lang='lat' dir='ltr'>ac</span> 
     </span>
    </p>
   </div>
   <div class='ocr_carea' id='block_1_15' title="bbox 353 1706 3766 1778">
    <p class='ocr_par' dir='ltr' id='par_1_15' title="bbox 353 1706 3766 1778">
     <span class='ocr_line' id='line_1_15' title="bbox 353 1706 3766 1778; baseline 0.001 -17"><span class='ocrx_word' id='word_1_148' title='bbox 353 1706 595 1761; x_wconf 88' lang='lat' dir='ltr'>civitate</span> <span class='ocrx_word' id='word_1_149' title='bbox 629 1711 916 1762; x_wconf 90' lang='lat' dir='ltr'>commota</span> <span class='ocrx_word' id='word_1_150' title='bbox 946 1706 1055 1772; x_wconf 63' lang='grc' dir='ltr'>ππ,</span> <span class='ocrx_word' id='word_1_151' title='bbox 1090 1707 1400 1777; x_wconf 88' lang='lat' dir='ltr'>utriusque</span> <span class='ocrx_word' id='word_1_152' title='bbox 1432 1707 1522 1739; x_wconf 58' lang='lat'>968°</span> <span class='ocrx_word' id='word_1_153' title='bbox 1557 1707 1741 1778; x_wconf 85' lang='lat' dir='ltr'>partis</span> <span class='ocrx_word' id='word_1_154' title='bbox 1772 1710 2011 1763; x_wconf 69' lang='lat' dir='ltr'>armata)</span> <span class='ocrx_word' id='word_1_155' title='bbox 2044 1713 2466 1764; x_wconf 86' lang='lat' dir='ltr'>concurrerent</span> <span class='ocrx_word' id='word_1_156' title='bbox 2497 1709 2795 1765; x_wconf 89' lang='lat' dir='ltr'>cohortes.</span> <span class='ocrx_word' id='word_1_157' title='bbox 2832 1709 2915 1765; x_wconf 88' lang='lat' dir='ltr'>Fit</span> <span class='ocrx_word' id='word_1_158' title='bbox 2949 1710 3169 1765; x_wconf 87' lang='lat' dir='ltr'>clamor</span> <span class='ocrx_word' id='word_1_159' title='bbox 3206 1709 3505 1778; x_wconf 79' lang='lat' dir='ltr'>confusus,</span> <span class='ocrx_word' id='word_1_160' title='bbox 3541 1708 3707 1778; x_wconf 87' lang='lat' dir='ltr'>quasi</span> <span class='ocrx_word' id='word_1_161' title='bbox 3738 1723 3766 1763; x_wconf 93' lang='lat' dir='ltr'>a</span> 
     </span>
    </p>
   </div>
   <div class='ocr_carea' id='block_1_16' title="bbox 350 1795 3768 1868">
    <p class='ocr_par' dir='ltr' id='par_1_16' title="bbox 350 1795 3768 1868">
     <span class='ocr_line' id='line_1_16' title="bbox 350 1795 3768 1868; baseline 0.001 -19"><span class='ocrx_word' id='word_1_162' title='bbox 350 1796 823 1866; x_wconf 80' lang='lat' dir='ltr'>Trajectensibus</span> <span class='ocrx_word' id='word_1_163' title='bbox 846 1796 898 1850; x_wconf 93' lang='lat' dir='ltr'>in</span> <span class='ocrx_word' id='word_1_164' title='bbox 923 1795 1012 1828; x_wconf 81' lang='grc'>²⁶⁸¹</span> <span class='ocrx_word' id='word_1_165' title='bbox 1037 1796 1446 1868; x_wconf 88' lang='lat' dir='ltr'>imperatorem</span> <span class='ocrx_word' id='word_1_166' title='bbox 1480 1797 1807 1865; x_wconf 84' lang='lat' dir='ltr'>conjuratio</span> <span class='ocrx_word' id='word_1_167' title='bbox 1831 1797 1902 1853; x_wconf 91' lang='lat' dir='ltr'>sit</span> <span class='ocrx_word' id='word_1_168' title='bbox 1933 1798 2117 1865; x_wconf 75' lang='lat' dir='ltr'>facta;</span> <span class='ocrx_word' id='word_1_169' title='bbox 2151 1798 2355 1867; x_wconf 87' lang='lat' dir='ltr'>sicque</span> <span class='ocrx_word' id='word_1_170' title='bbox 2387 1796 2503 1853; x_wconf 91' lang='lat' dir='ltr'>illis</span> <span class='ocrx_word' id='word_1_171' title='bbox 2539 1798 2899 1855; x_wconf 88' lang='lat' dir='ltr'>irruentibus</span> <span class='ocrx_word' id='word_1_172' title='bbox 2922 1803 2981 1853; x_wconf 91' lang='lat' dir='ltr'>et</span> <span class='ocrx_word' id='word_1_173' title='bbox 3006 1799 3135 1855; x_wconf 89' lang='lat' dir='ltr'>istis</span> <span class='ocrx_word' id='word_1_174' title='bbox 3156 1797 3585 1867; x_wconf 86' lang='lat' dir='ltr'>resistentibus,</span> <span class='ocrx_word' id='word_1_175' title='bbox 3612 1797 3768 1853; x_wconf 88' lang='lat' dir='ltr'>acris</span> 
     </span>
    </p>
   </div>
   <div class='ocr_carea' id='block_1_17' title="bbox 354 1884 3763 1957">
    <p class='ocr_par' dir='ltr' id='par_1_17' title="bbox 354 1884 3763 1957">
     <span class='ocr_line' id='line_1_17' title="bbox 354 1884 3763 1957; baseline 0.001 -20"><span class='ocrx_word' id='word_1_176' title='bbox 354 1884 748 1940; x_wconf 84' lang='lat' dir='ltr'>committitur</span> <span class='ocrx_word' id='word_1_177' title='bbox 770 1900 982 1957; x_wconf 83' lang='lat' dir='ltr'>pugna,</span> <span class='ocrx_word' id='word_1_178' title='bbox 1007 1885 1150 1941; x_wconf 90' lang='lat' dir='ltr'>adeo</span> <span class='ocrx_word' id='word_1_179' title='bbox 1175 1890 1238 1941; x_wconf 92' lang='lat' dir='ltr'>ut</span> <span class='ocrx_word' id='word_1_180' title='bbox 1263 1886 1426 1941; x_wconf 91' lang='lat' dir='ltr'>multi</span> <span class='ocrx_word' id='word_1_181' title='bbox 1452 1887 1749 1944; x_wconf 84' lang='lat' dir='ltr'>caderent.</span> <span class='ocrx_word' id='word_1_182' title='bbox 1774 1886 1976 1956; x_wconf 88' lang='lat' dir='ltr'>plures</span> <span class='ocrx_word' id='word_1_183' title='bbox 1995 1887 2064 1941; x_wconf 87' lang='lat' dir='ltr'>de</span> <span class='ocrx_word' id='word_1_184' title='bbox 2085 1886 2394 1957; x_wconf 84' lang='lat' dir='ltr'>Oppidanis</span> <span class='ocrx_word' id='word_1_185' title='bbox 2415 1890 2787 1956; x_wconf 85' lang='lat' dir='ltr'>caperentur,</span> <span class='ocrx_word' id='word_1_186' title='bbox 2810 1885 3019 1957; x_wconf 86' lang='lat' dir='ltr'>reliqui</span> <span class='ocrx_word' id='word_1_187' title='bbox 3045 1886 3097 1941; x_wconf 89' lang='lat' dir='ltr'>in</span> <span class='ocrx_word' id='word_1_188' title='bbox 3124 1887 3331 1943; x_wconf 88' lang='lat' dir='ltr'>turrim</span> <span class='ocrx_word' id='word_1_189' title='bbox 3356 1885 3763 1953; x_wconf 89' lang='lat' dir='ltr'>ﬁrmissimam,</span> 
     </span>
    </p>
   </div>
   <div class='ocr_carea' id='block_1_18' title="bbox 354 1972 3769 2047">
    <p class='ocr_par' dir='ltr' id='par_1_18' title="bbox 354 1972 3769 2047">
     <span class='ocr_line' id='line_1_18' title="bbox 354 1972 3769 2047; baseline 0.001 -20"><span class='ocrx_word' id='word_1_190' title='bbox 354 1988 483 2043; x_wconf 67' lang='lat' dir='ltr'>qua)</span> <span class='ocrx_word' id='word_1_191' title='bbox 518 1972 609 2006; x_wconf 72' lang='grc'>²⁶⁸²</span> <span class='ocrx_word' id='word_1_192' title='bbox 642 1973 759 2030; x_wconf 91' lang='lat' dir='ltr'>illic</span> <span class='ocrx_word' id='word_1_193' title='bbox 791 1981 936 2044; x_wconf 89' lang='lat' dir='ltr'>erat,</span> <span class='ocrx_word' id='word_1_194' title='bbox 979 1977 1382 2045; x_wconf 83' lang='lat' dir='ltr'>confugerent.</span> <span class='ocrx_word' id='word_1_195' title='bbox 1420 1975 1686 2030; x_wconf 82' lang='lat' dir='ltr'>Pontifex</span> <span class='ocrx_word' id='word_1_196' title='bbox 1719 1975 1893 2031; x_wconf 89' lang='lat' dir='ltr'>etiam</span> <span class='ocrx_word' id='word_1_197' title='bbox 1929 1976 2075 2046; x_wconf 88' lang='lat' dir='ltr'>ipse,</span> <span class='ocrx_word' id='word_1_198' title='bbox 2124 1976 2286 2045; x_wconf 90' lang='lat' dir='ltr'>quasi</span> <span class='ocrx_word' id='word_1_199' title='bbox 2321 1975 2483 2046; x_wconf 87' lang='lat' dir='ltr'>pravi</span> <span class='ocrx_word' id='word_1_200' title='bbox 2516 1975 2749 2031; x_wconf 90' lang='lat' dir='ltr'>consilii</span> <span class='ocrx_word' id='word_1_201' title='bbox 2782 1977 3080 2047; x_wconf 90' lang='lat' dir='ltr'>particeps</span> <span class='ocrx_word' id='word_1_202' title='bbox 3112 1979 3170 2031; x_wconf 88' lang='lat' dir='ltr'>et</span> <span class='ocrx_word' id='word_1_203' title='bbox 3201 1976 3274 2031; x_wconf 92' lang='lat' dir='ltr'>ob</span> <span class='ocrx_word' id='word_1_204' title='bbox 3304 1975 3412 2030; x_wconf 92' lang='lat' dir='ltr'>hoc</span> <span class='ocrx_word' id='word_1_205' title='bbox 3444 1975 3769 2045; x_wconf 89' lang='lat' dir='ltr'>majestatis</span> 
     </span>
    </p>
   </div>
   <div class='ocr_carea' id='block_1_19' title="bbox 356 2063 3768 2136">
    <p class='ocr_par' dir='ltr' id='par_1_19' title="bbox 356 2063 3768 2136">
     <span class='ocr_line' id='line_1_19' title="bbox 356 2063 3768 2136; baseline 0.001 -20"><span class='ocrx_word' id='word_1_206' title='bbox 356 2077 490 2119; x_wconf 89' lang='lat' dir='ltr'>reus</span> <span class='ocrx_word' id='word_1_207' title='bbox 522 2063 776 2134; x_wconf 91' lang='lat' dir='ltr'>habitus,</span> <span class='ocrx_word' id='word_1_208' title='bbox 812 2064 1098 2121; x_wconf 65' lang='lat' dir='ltr'>custodiae</span> <span class='ocrx_word' id='word_1_209' title='bbox 1133 2065 1407 2135; x_wconf 87' lang='lat' dir='ltr'>traditur,</span> <span class='ocrx_word' id='word_1_210' title='bbox 1439 2078 1466 2119; x_wconf 90' lang='lat' dir='ltr'>a</span> <span class='ocrx_word' id='word_1_211' title='bbox 1506 2078 1615 2135; x_wconf 89' lang='lat' dir='ltr'>qua</span> <span class='ocrx_word' id='word_1_212' title='bbox 1657 2070 1856 2135; x_wconf 88' lang='lat' dir='ltr'>postea</span> <span class='ocrx_word' id='word_1_213' title='bbox 1901 2079 2103 2134; x_wconf 87' lang='lat' dir='ltr'>magna</span> <span class='ocrx_word' id='word_1_214' title='bbox 2148 2065 2405 2136; x_wconf 62' lang='lat' dir='ltr'>pecuniae</span> <span class='ocrx_word' id='word_1_215' title='bbox 2444 2079 2661 2120; x_wconf 88' lang='lat' dir='ltr'>summa</span> <span class='ocrx_word' id='word_1_216' title='bbox 2708 2064 3006 2135; x_wconf 89' lang='lat' dir='ltr'>multatus,</span> <span class='ocrx_word' id='word_1_217' title='bbox 3051 2064 3250 2120; x_wconf 91' lang='lat' dir='ltr'>multis</span> <span class='ocrx_word' id='word_1_218' title='bbox 3288 2063 3462 2120; x_wconf 90' lang='lat' dir='ltr'>etiam</span> <span class='ocrx_word' id='word_1_219' title='bbox 3505 2063 3768 2135; x_wconf 86' lang='lat' dir='ltr'>primori-</span> 
     </span>
    </p>
   </div>
   <div class='ocr_carea' id='block_1_20' title="bbox 354 2152 3761 2226">
    <p class='ocr_par' dir='ltr' id='par_1_20' title="bbox 354 2152 3761 2226">
     <span class='ocr_line' id='line_1_20' title="bbox 354 2152 3761 2226; baseline -0 -18"><span class='ocrx_word' id='word_1_220' title='bbox 354 2153 462 2209; x_wconf 89' lang='lat' dir='ltr'>bus</span> <span class='ocrx_word' id='word_1_221' title='bbox 481 2152 573 2186; x_wconf 71' lang='grc'>³⁸⁸³</span> <span class='ocrx_word' id='word_1_222' title='bbox 594 2153 824 2211; x_wconf 88' lang='lat' dir='ltr'>illarum</span> <span class='ocrx_word' id='word_1_223' title='bbox 850 2155 1102 2226; x_wconf 90' lang='lat' dir='ltr'>partium</span> <span class='ocrx_word' id='word_1_224' title='bbox 1126 2154 1670 2224; x_wconf 89' lang='lat' dir='ltr'>intervenientibus,</span> <span class='ocrx_word' id='word_1_225' title='bbox 1695 2159 1754 2209; x_wconf 91' lang='lat' dir='ltr'>et</span> <span class='ocrx_word' id='word_1_226' title='bbox 1776 2153 2021 2209; x_wconf 80' lang='lat' dir='ltr'>maxime</span> <span class='ocrx_word' id='word_1_227' title='bbox 2049 2154 2345 2211; x_wconf 82' lang='lat' dir='ltr'>Friderico</span> <span class='ocrx_word' id='word_1_228' title='bbox 2372 2154 2699 2211; x_wconf 87' lang='lat' dir='ltr'>Coloniensi</span> <span class='ocrx_word' id='word_1_229' title='bbox 2726 2154 3173 2226; x_wconf 87' lang='lat' dir='ltr'>archiepiscopo</span> <span class='ocrx_word' id='word_1_230' title='bbox 3193 2152 3303 2225; x_wconf 80' lang='grc'>²⁶⁸⁴,</span> <span class='ocrx_word' id='word_1_231' title='bbox 3323 2152 3419 2209; x_wconf 89' lang='lat' dir='ltr'>vix</span> <span class='ocrx_word' id='word_1_232' title='bbox 3439 2152 3761 2209; x_wconf 88' lang='lat' dir='ltr'>redimitur.</span> 
     </span>
    </p>
   </div>
   <div class='ocr_carea' id='block_1_21' title="bbox 357 2239 3764 2314">
    <p class='ocr_par' dir='ltr' id='par_1_21' title="bbox 357 2239 3764 2314">
     <span class='ocr_line' id='line_1_21' title="bbox 357 2239 3764 2314; baseline -0 -17"><span class='ocrx_word' id='word_1_233' title='bbox 357 2242 546 2314; x_wconf 88' lang='lat' dir='ltr'>Coepit</span> <span class='ocrx_word' id='word_1_234' title='bbox 576 2243 751 2299; x_wconf 84' lang='lat' dir='ltr'>etiam</span> <span class='ocrx_word' id='word_1_235' title='bbox 788 2248 923 2300; x_wconf 91' lang='lat' dir='ltr'>tunc</span> <span class='ocrx_word' id='word_1_236' title='bbox 954 2244 1283 2313; x_wconf 80' lang='lat' dir='ltr'>germinare</span> <span class='ocrx_word' id='word_1_237' title='bbox 1313 2244 1622 2300; x_wconf 71' lang='lat' dir='ltr'>discordia:</span> <span class='ocrx_word' id='word_1_238' title='bbox 1647 2242 1807 2299; x_wconf 92' lang='lat' dir='ltr'>illius</span> <span class='ocrx_word' id='word_1_239' title='bbox 1831 2244 2224 2313; x_wconf 88' lang='lat' dir='ltr'>seminarium,</span> <span class='ocrx_word' id='word_1_240' title='bbox 2254 2258 2380 2313; x_wconf 60' lang='lat' dir='ltr'>qum</span> <span class='ocrx_word' id='word_1_241' title='bbox 2405 2243 2670 2313; x_wconf 86' lang='lat' dir='ltr'>sequenti</span> <span class='ocrx_word' id='word_1_242' title='bbox 2702 2248 2910 2299; x_wconf 65' lang='lat' dir='ltr'>aestate</span> <span class='ocrx_word' id='word_1_243' title='bbox 2943 2242 3189 2298; x_wconf 86' lang='lat' dir='ltr'>maximo</span> <span class='ocrx_word' id='word_1_244' title='bbox 3213 2241 3372 2298; x_wconf 92' lang='lat' dir='ltr'>illius</span> <span class='ocrx_word' id='word_1_245' title='bbox 3395 2239 3485 2274; x_wconf 76' lang='grc'>³⁸⁸⁸</span> <span class='ocrx_word' id='word_1_246' title='bbox 3509 2240 3764 2311; x_wconf 84' lang='lat' dir='ltr'>regionis</span> 
     </span>
    </p>
   </div>
   <div class='ocr_carea' id='block_1_22' title="bbox 359 2328 3763 2403">
    <p class='ocr_par' dir='ltr' id='par_1_22' title="bbox 359 2328 3763 2403">
     <span class='ocr_line' id='line_1_22' title="bbox 359 2328 3763 2403; baseline -0.001 -18"><span class='ocrx_word' id='word_1_247' title='bbox 359 2330 607 2403; x_wconf 89' lang='lat' dir='ltr'>dampno</span> <span class='ocrx_word' id='word_1_248' title='bbox 631 2347 759 2402; x_wconf 69' lang='lat' dir='ltr'>quae</span> <span class='ocrx_word' id='word_1_249' title='bbox 784 2332 957 2403; x_wconf 86' lang='lat' dir='ltr'>vulgo</span> <span class='ocrx_word' id='word_1_250' title='bbox 979 2333 1211 2389; x_wconf 84' lang='lat' dir='ltr'>Hollant</span> <span class='ocrx_word' id='word_1_251' title='bbox 1229 2332 1322 2365; x_wconf 71' lang='grc'>’⁸⁸⁸</span> <span class='ocrx_word' id='word_1_252' title='bbox 1344 2336 1609 2403; x_wconf 89' lang='lat' dir='ltr'>vocatur,</span> <span class='ocrx_word' id='word_1_253' title='bbox 1642 2347 1872 2388; x_wconf 90' lang='lat' dir='ltr'>morose</span> <span class='ocrx_word' id='word_1_254' title='bbox 1898 2347 1962 2389; x_wconf 90' lang='lat' dir='ltr'>ac</span> <span class='ocrx_word' id='word_1_255' title='bbox 1984 2331 2073 2365; x_wconf 68' lang='grc'>³⁸⁸⁷</span> <span class='ocrx_word' id='word_1_256' title='bbox 2096 2332 2409 2401; x_wconf 83' lang='lat' dir='ltr'>laboriose,</span> <span class='ocrx_word' id='word_1_257' title='bbox 2444 2335 2504 2387; x_wconf 90' lang='lat' dir='ltr'>et</span> <span class='ocrx_word' id='word_1_258' title='bbox 2533 2331 2630 2387; x_wconf 85' lang='lat' dir='ltr'>vix</span> <span class='ocrx_word' id='word_1_259' title='bbox 2658 2330 2891 2387; x_wconf 90' lang='lat' dir='ltr'>tandem</span> <span class='ocrx_word' id='word_1_260' title='bbox 2926 2331 3052 2403; x_wconf 91' lang='lat' dir='ltr'>ipso</span> <span class='ocrx_word' id='word_1_261' title='bbox 3088 2330 3437 2402; x_wconf 86' lang='lat' dir='ltr'>imperatore</span> <span class='ocrx_word' id='word_1_262' title='bbox 3465 2328 3763 2401; x_wconf 89' lang='lat' dir='ltr'>copiosum</span> 
     </span>
    </p>
   </div>
   <div class='ocr_carea' id='block_1_23' title="bbox 354 2418 3769 2493">
    <p class='ocr_par' dir='ltr' id='par_1_23' title="bbox 354 2418 3769 2493">
     <span class='ocr_line' id='line_1_23' title="bbox 354 2418 3769 2493; baseline 0 -20"><span class='ocrx_word' id='word_1_263' title='bbox 354 2418 454 2474; x_wconf 91' lang='lat' dir='ltr'>illo</span> <span class='ocrx_word' id='word_1_264' title='bbox 489 2422 814 2478; x_wconf 85' lang='lat' dir='ltr'>exercitum</span> <span class='ocrx_word' id='word_1_265' title='bbox 847 2421 1121 2493; x_wconf 89' lang='lat' dir='ltr'>ducente,</span> <span class='ocrx_word' id='word_1_266' title='bbox 1156 2421 1612 2487; x_wconf 86' lang='lat' dir='ltr'>terminabatur;</span> <span class='ocrx_word' id='word_1_267' title='bbox 1647 2421 1744 2478; x_wconf 92' lang='lat' dir='ltr'>ubi</span> <span class='ocrx_word' id='word_1_268' title='bbox 1776 2425 2037 2478; x_wconf 87' lang='lat' dir='ltr'>matrona</span> <span class='ocrx_word' id='word_1_269' title='bbox 2073 2422 2317 2492; x_wconf 89' lang='lat' dir='ltr'>quedam</span> <span class='ocrx_word' id='word_1_270' title='bbox 2342 2422 2512 2492; x_wconf 89' lang='lat' dir='ltr'>cujus</span> <span class='ocrx_word' id='word_1_271' title='bbox 2535 2436 2741 2478; x_wconf 90' lang='lat' dir='ltr'>nomen</span> <span class='ocrx_word' id='word_1_272' title='bbox 2764 2420 2979 2478; x_wconf 85' lang='lat' dir='ltr'>excidit</span> <span class='ocrx_word' id='word_1_273' title='bbox 3014 2419 3359 2491; x_wconf 84' lang='lat' dir='ltr'>[exercitum</span> <span class='ocrx_word' id='word_1_274' title='bbox 3383 2418 3629 2475; x_wconf 86' lang='lat' dir='ltr'>ducente</span> <span class='ocrx_word' id='word_1_275' title='bbox 3651 2422 3769 2473; x_wconf 88' lang='lat' dir='ltr'>ter-</span> 
     </span>
    </p>
   </div>
   <div class='ocr_carea' id='block_1_24' title="bbox 356 2506 3768 2583">
    <p class='ocr_par' dir='ltr' id='par_1_24' title="bbox 356 2506 3768 2583">
     <span class='ocr_line' id='line_1_24' title="bbox 356 2506 3768 2583; baseline 0 -20"><span class='ocrx_word' id='word_1_276' title='bbox 356 2509 708 2579; x_wconf 89' lang='lat' dir='ltr'>minabatur,</span> <span class='ocrx_word' id='word_1_277' title='bbox 737 2511 834 2567; x_wconf 92' lang='lat' dir='ltr'>ubi</span> <span class='ocrx_word' id='word_1_278' title='bbox 859 2515 1122 2568; x_wconf 89' lang='lat' dir='ltr'>matrona</span> <span class='ocrx_word' id='word_1_279' title='bbox 1147 2512 1393 2583; x_wconf 88' lang='lat' dir='ltr'>quedam</span> <span class='ocrx_word' id='word_1_280' title='bbox 1418 2511 1725 2567; x_wconf 85' lang='lat' dir='ltr'>Certrudis</span> <span class='ocrx_word' id='word_1_281' title='bbox 1750 2511 1978 2567; x_wconf 86' lang='lat' dir='ltr'>nomine</span> <span class='ocrx_word' id='word_1_282' title='bbox 2002 2511 2158 2583; x_wconf 89' lang='lat' dir='ltr'>(E.)],</span> <span class='ocrx_word' id='word_1_283' title='bbox 2194 2525 2362 2567; x_wconf 92' lang='lat' dir='ltr'>soror</span> <span class='ocrx_word' id='word_1_284' title='bbox 2390 2510 2660 2569; x_wconf 89' lang='lat' dir='ltr'>nimirum</span> <span class='ocrx_word' id='word_1_285' title='bbox 2686 2509 2942 2567; x_wconf 89' lang='lat' dir='ltr'>Lotharii</span> <span class='ocrx_word' id='word_1_286' title='bbox 2975 2510 3162 2581; x_wconf 72' lang='lat' dir='ltr'>ducis,</span> <span class='ocrx_word' id='word_1_287' title='bbox 3188 2507 3355 2579; x_wconf 89' lang='lat' dir='ltr'>cujus</span> <span class='ocrx_word' id='word_1_288' title='bbox 3376 2506 3469 2542; x_wconf 68' lang='grc'>’⁸⁸⁸</span> <span class='ocrx_word' id='word_1_289' title='bbox 3488 2511 3546 2565; x_wconf 90' lang='lat' dir='ltr'>et</span> <span class='ocrx_word' id='word_1_290' title='bbox 3571 2512 3768 2581; x_wconf 88' lang='lat' dir='ltr'>patro-</span> 
     </span>
    </p>
   </div>
   <div class='ocr_carea' id='block_1_25' title="bbox 355 2598 1910 2672">
    <p class='ocr_par' dir='ltr' id='par_1_25' title="bbox 355 2598 1910 2672">
     <span class='ocr_line' id='line_1_25' title="bbox 355 2598 1910 2672; baseline 0.002 -22"><span class='ocrx_word' id='word_1_291' title='bbox 355 2598 510 2653; x_wconf 84' lang='lat' dir='ltr'>cinio</span> <span class='ocrx_word' id='word_1_292' title='bbox 543 2599 782 2670; x_wconf 82' lang='lat' dir='ltr'>confisa,</span> <span class='ocrx_word' id='word_1_293' title='bbox 818 2600 1158 2672; x_wconf 89' lang='lat' dir='ltr'>imperatori</span> <span class='ocrx_word' id='word_1_294' title='bbox 1190 2599 1477 2655; x_wconf 88' lang='lat' dir='ltr'>rebellare</span> <span class='ocrx_word' id='word_1_295' title='bbox 1518 2599 1910 2670; x_wconf 85' lang='lat' dir='ltr'>presumebat.</span> 
     </span>
    </p>
   </div>
   <div class='ocr_carea' id='block_1_26' title="bbox 428 2684 3762 2761">
    <p class='ocr_par' dir='ltr' id='par_1_26' title="bbox 428 2684 3762 2761">
     <span class='ocr_line' id='line_1_26' title="bbox 428 2684 3762 2761; baseline -0.001 -19"><span class='ocrx_word' id='word_1_296' title='bbox 428 2687 508 2743; x_wconf 87' lang='lat' dir='ltr'>Eo</span> <span class='ocrx_word' id='word_1_297' title='bbox 540 2688 738 2759; x_wconf 90' lang='lat' dir='ltr'>itaque</span> <span class='ocrx_word' id='word_1_298' title='bbox 766 2692 1027 2761; x_wconf 89' lang='lat' dir='ltr'>tempore</span> <span class='ocrx_word' id='word_1_299' title='bbox 1056 2689 1243 2761; x_wconf 89' lang='lat' dir='ltr'>primo</span> <span class='ocrx_word' id='word_1_300' title='bbox 1271 2704 1377 2761; x_wconf 87' lang='lat' dir='ltr'>per</span> <span class='ocrx_word' id='word_1_301' title='bbox 1409 2688 1732 2757; x_wconf 85' lang='lat' dir='ltr'>Saxoniam,</span> <span class='ocrx_word' id='word_1_302' title='bbox 1764 2687 1974 2743; x_wconf 89' lang='lat' dir='ltr'>deinde</span> <span class='ocrx_word' id='word_1_303' title='bbox 2007 2701 2110 2759; x_wconf 91' lang='lat' dir='ltr'>per</span> <span class='ocrx_word' id='word_1_304' title='bbox 2140 2690 2321 2743; x_wconf 89' lang='lat' dir='ltr'>totam</span> <span class='ocrx_word' id='word_1_305' title='bbox 2354 2702 2500 2759; x_wconf 90' lang='lat' dir='ltr'>pene</span> <span class='ocrx_word' id='word_1_306' title='bbox 2530 2686 2624 2721; x_wconf 80' lang='grc'>²⁶⁸⁹</span> <span class='ocrx_word' id='word_1_307' title='bbox 2654 2687 3017 2755; x_wconf 79' lang='lat' dir='ltr'>Germaniam</span> <span class='ocrx_word' id='word_1_308' title='bbox 3045 2685 3304 2744; x_wconf 84' lang='lat' dir='ltr'>externis</span> <span class='ocrx_word' id='word_1_309' title='bbox 3332 2684 3762 2757; x_wconf 88' lang='lat' dir='ltr'>quiescentibus</span> 
     </span>
    </p>
   </div>
   <div class='ocr_carea' id='block_1_27' title="bbox 359 2775 3763 2851">
    <p class='ocr_par' dir='ltr' id='par_1_27' title="bbox 359 2775 3763 2851">
     <span class='ocr_line' id='line_1_27' title="bbox 359 2775 3763 2851; baseline -0.001 -20"><span class='ocrx_word' id='word_1_310' title='bbox 359 2775 554 2845; x_wconf 90' lang='lat' dir='ltr'>[bellis</span> <span class='ocrx_word' id='word_1_311' title='bbox 576 2777 712 2851; x_wconf 77' lang='grc'>²⁶⁹⁰],</span> <span class='ocrx_word' id='word_1_312' title='bbox 750 2779 1006 2835; x_wconf 89' lang='lat' dir='ltr'>civilium</span> <span class='ocrx_word' id='word_1_313' title='bbox 1040 2781 1258 2850; x_wconf 85' lang='lat' dir='ltr'>ubique</span> <span class='ocrx_word' id='word_1_314' title='bbox 1292 2779 1644 2836; x_wconf 90' lang='lat' dir='ltr'>seditionum</span> <span class='ocrx_word' id='word_1_315' title='bbox 1678 2783 1998 2849; x_wconf 87' lang='lat' dir='ltr'>tempestas</span> <span class='ocrx_word' id='word_1_316' title='bbox 2028 2778 2306 2845; x_wconf 81' lang='lat' dir='ltr'>increvit;</span> <span class='ocrx_word' id='word_1_317' title='bbox 2339 2782 2393 2832; x_wconf 74' lang='lat' dir='ltr'>rt</span> <span class='ocrx_word' id='word_1_318' title='bbox 2422 2780 2483 2834; x_wconf 91' lang='lat' dir='ltr'>ut</span> <span class='ocrx_word' id='word_1_319' title='bbox 2509 2778 2585 2833; x_wconf 88' lang='lat' dir='ltr'>ait</span> <span class='ocrx_word' id='word_1_320' title='bbox 2612 2778 2897 2849; x_wconf 88' lang='lat' dir='ltr'>propheta</span> <span class='ocrx_word' id='word_1_321' title='bbox 2927 2796 2937 2831; x_wconf 94' lang='lat'>:</span> <span class='ocrx_word' id='word_1_322' title='bbox 2962 2777 3336 2833; x_wconf 75' lang='lat' dir='ltr'>mendacium</span> <span class='ocrx_word' id='word_1_323' title='bbox 3358 2776 3416 2832; x_wconf 86' lang='lat' dir='ltr'>et</span> <span class='ocrx_word' id='word_1_324' title='bbox 3432 2775 3763 2846; x_wconf 79' lang='lat' dir='ltr'>perjurium</span> 
     </span>
    </p>
   </div>
   <div class='ocr_carea' id='block_1_28' title="bbox 359 2864 3758 2939">
    <p class='ocr_par' dir='ltr' id='par_1_28' title="bbox 359 2864 3758 2939">
     <span class='ocr_line' id='line_1_28' title="bbox 359 2864 3758 2939; baseline -0.002 -16"><span class='ocrx_word' id='word_1_325' title='bbox 359 2868 825 2938; x_wconf 71' lang='lat' dir='ltr'>inundat-eruat,</span> <span class='ocrx_word' id='word_1_326' title='bbox 861 2870 921 2925; x_wconf 88' lang='lat' dir='ltr'>et</span> <span class='ocrx_word' id='word_1_327' title='bbox 946 2868 1037 2901; x_wconf 63' lang='lat'>’6“</span> <span class='ocrx_word' id='word_1_328' title='bbox 1065 2872 1317 2939; x_wconf 75' lang='lat' dir='ltr'>sanguis</span> <span class='ocrx_word' id='word_1_329' title='bbox 1346 2869 1702 2938; x_wconf 71' lang='lat' dir='ltr'>sanguinem</span> <span class='ocrx_word' id='word_1_330' title='bbox 1734 2869 1936 2938; x_wconf 85' lang='lat' dir='ltr'>tetigit</span> <span class='ocrx_word' id='word_1_331' title='bbox 1967 2868 2131 2936; x_wconf 81' lang='lat' dir='ltr'>(Osee</span> <span class='ocrx_word' id='word_1_332' title='bbox 2162 2884 2236 2937; x_wconf 82' lang='lat' dir='ltr'>iV,</span> <span class='ocrx_word' id='word_1_333' title='bbox 2271 2870 2345 2939; x_wconf 72' lang='grc'><strong>2).</strong></span> <span class='ocrx_word' id='word_1_334' title='bbox 2382 2867 2677 2923; x_wconf 87' lang='lat' dir='ltr'>Predones</span> <span class='ocrx_word' id='word_1_335' title='bbox 2710 2868 2947 2938; x_wconf 89' lang='lat' dir='ltr'>quippe,</span> <span class='ocrx_word' id='word_1_336' title='bbox 2980 2867 3075 2936; x_wconf 88' lang='lat' dir='ltr'>qui</span> <span class='ocrx_word' id='word_1_337' title='bbox 3109 2867 3217 2923; x_wconf 93' lang='lat' dir='ltr'>sub</span> <span class='ocrx_word' id='word_1_338' title='bbox 3246 2865 3474 2921; x_wconf 89' lang='lat' dir='ltr'>nomine</span> <span class='ocrx_word' id='word_1_339' title='bbox 3505 2864 3758 2935; x_wconf 90' lang='lat' dir='ltr'>equitum</span> 
     </span>
    </p>
   </div>
   <div class='ocr_carea' id='block_1_29' title="bbox 359 2952 3758 3027">
    <p class='ocr_par' dir='ltr' id='par_1_29' title="bbox 359 2952 3758 3027">
     <span class='ocr_line' id='line_1_29' title="bbox 359 2952 3758 3027; baseline -0.001 -15"><span class='ocrx_word' id='word_1_340' title='bbox 359 2954 616 3025; x_wconf 81' lang='lat' dir='ltr'>undique</span> <span class='ocrx_word' id='word_1_341' title='bbox 658 2957 1275 3027; x_wconf 87' lang='lat' dir='ltr'>superhabundabant,</span> <span class='ocrx_word' id='word_1_342' title='bbox 1321 2957 1487 3012; x_wconf 82' lang='lat' dir='ltr'>villas</span> <span class='ocrx_word' id='word_1_343' title='bbox 1525 2960 1582 3011; x_wconf 87' lang='lat' dir='ltr'>et</span> <span class='ocrx_word' id='word_1_344' title='bbox 1626 2972 1797 3026; x_wconf 87' lang='lat' dir='ltr'>agros</span> <span class='ocrx_word' id='word_1_345' title='bbox 1834 2957 2233 3013; x_wconf 67' lang='lat' dir='ltr'>aacclcsiarum</span> <span class='ocrx_word' id='word_1_346' title='bbox 2282 2956 2653 3027; x_wconf 86' lang='lat' dir='ltr'>invadebant,</span> <span class='ocrx_word' id='word_1_347' title='bbox 2691 2956 2931 3013; x_wconf 89' lang='lat' dir='ltr'>colonos</span> <span class='ocrx_word' id='word_1_348' title='bbox 2961 2956 3052 2989; x_wconf 66' lang='grc'>³⁸9³</span> <span class='ocrx_word' id='word_1_349' title='bbox 3084 2955 3234 3011; x_wconf 91' lang='lat' dir='ltr'>domi</span> <span class='ocrx_word' id='word_1_350' title='bbox 3269 2954 3524 3025; x_wconf 81' lang='lat' dir='ltr'>forisque</span> <span class='ocrx_word' id='word_1_351' title='bbox 3553 2952 3758 3025; x_wconf 86' lang='lat' dir='ltr'>spolia-</span> 
     </span>
    </p>
   </div>
   <div class='ocr_carea' id='block_1_30' title="bbox 358 3041 3755 3117">
    <p class='ocr_par' dir='ltr' id='par_1_30' title="bbox 358 3041 3755 3117">
     <span class='ocr_line' id='line_1_30' title="bbox 358 3041 3755 3117; baseline -0.001 -18"><span class='ocrx_word' id='word_1_352' title='bbox 358 3045 518 3112; x_wconf 87' lang='lat' dir='ltr'>bant,</span> <span class='ocrx_word' id='word_1_353' title='bbox 548 3050 604 3099; x_wconf 92' lang='lat' dir='ltr'>et</span> <span class='ocrx_word' id='word_1_354' title='bbox 630 3045 699 3100; x_wconf 91' lang='lat' dir='ltr'>ah</span> <span class='ocrx_word' id='word_1_355' title='bbox 724 3044 815 3078; x_wconf 78' lang='grc'>²⁶⁹³</span> <span class='ocrx_word' id='word_1_356' title='bbox 839 3045 1033 3102; x_wconf 90' lang='lat' dir='ltr'>scelus</span> <span class='ocrx_word' id='word_1_357' title='bbox 1059 3050 1069 3102; x_wconf 93' lang='lat'><strong>!</strong></span> <span class='ocrx_word' id='word_1_358' title='bbox 1098 3047 1168 3101; x_wconf 88' lang='lat' dir='ltr'>ab</span> <span class='ocrx_word' id='word_1_359' title='bbox 1203 3046 1291 3102; x_wconf 89' lang='lat' dir='ltr'>his</span> <span class='ocrx_word' id='word_1_360' title='bbox 1322 3045 1412 3078; x_wconf 69' lang='grc'>²⁶⁹⁸</span> <span class='ocrx_word' id='word_1_361' title='bbox 1435 3046 1529 3115; x_wconf 84' lang='lat' dir='ltr'>qui</span> <span class='ocrx_word' id='word_1_362' title='bbox 1567 3060 1709 3116; x_wconf 89' lang='lat' dir='ltr'>pane</span> <span class='ocrx_word' id='word_1_363' title='bbox 1742 3047 1868 3101; x_wconf 92' lang='lat' dir='ltr'>solo</span> <span class='ocrx_word' id='word_1_364' title='bbox 1901 3052 1960 3101; x_wconf 92' lang='lat' dir='ltr'>et</span> <span class='ocrx_word' id='word_1_365' title='bbox 1992 3062 2135 3117; x_wconf 79' lang='lat' dir='ltr'>aqua</span> <span class='ocrx_word' id='word_1_366' title='bbox 2168 3046 2258 3079; x_wconf 75' lang='grc' dir='ltr'>²⁶⁰δ</span> <span class='ocrx_word' id='word_1_367' title='bbox 2287 3046 2559 3102; x_wconf 86' lang='lat' dir='ltr'>victitare</span> <span class='ocrx_word' id='word_1_368' title='bbox 2590 3046 2881 3117; x_wconf 89' lang='lat' dir='ltr'>solebant,</span> <span class='ocrx_word' id='word_1_369' title='bbox 2913 3045 3158 3102; x_wconf 89' lang='lat' dir='ltr'>delicias</span> <span class='ocrx_word' id='word_1_370' title='bbox 3188 3045 3421 3101; x_wconf 83' lang='lat' dir='ltr'>sibimet</span> <span class='ocrx_word' id='word_1_371' title='bbox 3450 3041 3755 3099; x_wconf 85' lang='lat' dir='ltr'>ministrari</span> 
     </span>
    </p>
   </div>
   <div class='ocr_carea' id='block_1_31' title="bbox 357 3130 3757 3206">
    <p class='ocr_par' dir='ltr' id='par_1_31' title="bbox 357 3130 3757 3206">
     <span class='ocr_line' id='line_1_31' title="bbox 357 3130 3757 3206; baseline 0 -21"><span class='ocrx_word' id='word_1_372' title='bbox 357 3133 671 3189; x_wconf 88' lang='lat' dir='ltr'>tormentis</span> <span class='ocrx_word' id='word_1_373' title='bbox 712 3134 1024 3203; x_wconf 84' lang='lat' dir='ltr'>exigebant</span> <span class='ocrx_word' id='word_1_374' title='bbox 1068 3133 1190 3201; x_wconf 75' lang='grc' dir='ltr'>²⁶⁹⁶ς</span> <span class='ocrx_word' id='word_1_375' title='bbox 1236 3135 1437 3205; x_wconf 86' lang='lat' dir='ltr'>sicque</span> <span class='ocrx_word' id='word_1_376' title='bbox 1483 3132 1680 3205; x_wconf 88' lang='lat' dir='ltr'>predis</span> <span class='ocrx_word' id='word_1_377' title='bbox 1720 3140 1776 3190; x_wconf 87' lang='lat' dir='ltr'>et</span> <span class='ocrx_word' id='word_1_378' title='bbox 1823 3135 2104 3191; x_wconf 87' lang='lat' dir='ltr'>incendiis</span> <span class='ocrx_word' id='word_1_379' title='bbox 2146 3149 2493 3206; x_wconf 68' lang='lat' dir='ltr'>unoquoque</span> <span class='ocrx_word' id='word_1_380' title='bbox 2535 3149 2672 3191; x_wconf 90' lang='lat' dir='ltr'>suas</span> <span class='ocrx_word' id='word_1_381' title='bbox 2714 3134 2956 3204; x_wconf 89' lang='lat' dir='ltr'>injurias</span> <span class='ocrx_word' id='word_1_382' title='bbox 2998 3134 3350 3203; x_wconf 87' lang='lat' dir='ltr'>viudicante,</span> <span class='ocrx_word' id='word_1_383' title='bbox 3383 3131 3561 3203; x_wconf 67' lang='lat' dir='ltr'>coepit</span> <span class='ocrx_word' id='word_1_384' title='bbox 3601 3130 3757 3187; x_wconf 88' lang='lat' dir='ltr'>undi-</span> 
     </span>
    </p>
   </div>
   <div class='ocr_carea' id='block_1_32' title="bbox 356 3220 3756 3297">
    <p class='ocr_par' dir='ltr' id='par_1_32' title="bbox 356 3220 3756 3297">
     <span class='ocr_line' id='line_1_32' title="bbox 356 3220 3756 3297; baseline -0.001 -20"><span class='ocrx_word' id='word_1_385' title='bbox 356 3234 468 3291; x_wconf 87' lang='lat' dir='ltr'>que</span> <span class='ocrx_word' id='word_1_386' title='bbox 500 3222 717 3278; x_wconf 89' lang='lat' dir='ltr'>caritas</span> <span class='ocrx_word' id='word_1_387' title='bbox 752 3222 923 3279; x_wconf 88' lang='lat' dir='ltr'>immo</span> <span class='ocrx_word' id='word_1_388' title='bbox 953 3224 1168 3280; x_wconf 90' lang='lat' dir='ltr'>raritas</span> <span class='ocrx_word' id='word_1_389' title='bbox 1196 3239 1438 3280; x_wconf 71' lang='lat' dir='ltr'>annona:</span> <span class='ocrx_word' id='word_1_390' title='bbox 1468 3239 1863 3281; x_wconf 88' lang='lat' dir='ltr'>succrescere.</span> <span class='ocrx_word' id='word_1_391' title='bbox 1892 3256 1957 3265; x_wconf 88' lang='lat'>—-</span> <span class='ocrx_word' id='word_1_392' title='bbox 1981 3227 2042 3281; x_wconf 93' lang='lat' dir='ltr'>In</span> <span class='ocrx_word' id='word_1_393' title='bbox 2069 3241 2214 3297; x_wconf 81' lang='lat' dir='ltr'>pago</span> <span class='ocrx_word' id='word_1_394' title='bbox 2246 3225 2659 3281; x_wconf 86' lang='lat' dir='ltr'>Wormaciensi</span> <span class='ocrx_word' id='word_1_395' title='bbox 2682 3224 2775 3257; x_wconf 69' lang='lat'>“’7</span> <span class='ocrx_word' id='word_1_396' title='bbox 2798 3223 3110 3281; x_wconf 86' lang='lat' dir='ltr'>videbatur</span> <span class='ocrx_word' id='word_1_397' title='bbox 3133 3237 3236 3294; x_wconf 90' lang='lat' dir='ltr'>per</span> <span class='ocrx_word' id='word_1_398' title='bbox 3257 3221 3478 3293; x_wconf 82' lang='lat' dir='ltr'>aliquot</span> <span class='ocrx_word' id='word_1_399' title='bbox 3503 3220 3629 3277; x_wconf 90' lang='lat' dir='ltr'>dies</span> <span class='ocrx_word' id='word_1_400' title='bbox 3651 3232 3756 3275; x_wconf 90' lang='lat' dir='ltr'>non</span> 
     </span>
    </p>
   </div>
   <div class='ocr_carea' id='block_1_33' title="bbox 356 3306 3757 3384">
    <p class='ocr_par' dir='ltr' id='par_1_33' title="bbox 356 3306 3757 3384">
     <span class='ocr_line' id='line_1_33' title="bbox 356 3306 3757 3384; baseline -0.001 -20"><span class='ocrx_word' id='word_1_401' title='bbox 356 3310 576 3366; x_wconf 85' lang='lat' dir='ltr'>modica</span> <span class='ocrx_word' id='word_1_402' title='bbox 611 3316 668 3367; x_wconf 89' lang='lat' dir='ltr'>et</span> <span class='ocrx_word' id='word_1_403' title='bbox 703 3317 922 3368; x_wconf 90' lang='lat' dir='ltr'>armata</span> <span class='ocrx_word' id='word_1_404' title='bbox 960 3312 1274 3369; x_wconf 86' lang='lat' dir='ltr'>multitudo</span> <span class='ocrx_word' id='word_1_405' title='bbox 1305 3312 1565 3383; x_wconf 88' lang='lat' dir='ltr'>equitum</span> <span class='ocrx_word' id='word_1_406' title='bbox 1599 3314 1857 3369; x_wconf 88' lang='lat' dir='ltr'>euntium</span> <span class='ocrx_word' id='word_1_407' title='bbox 1893 3320 1952 3370; x_wconf 91' lang='lat' dir='ltr'>et</span> <span class='ocrx_word' id='word_1_408' title='bbox 1986 3315 2374 3384; x_wconf 89' lang='lat' dir='ltr'>redeuntium,</span> <span class='ocrx_word' id='word_1_409' title='bbox 2410 3321 2469 3370; x_wconf 89' lang='lat' dir='ltr'>et</span> <span class='ocrx_word' id='word_1_410' title='bbox 2509 3317 2675 3384; x_wconf 90' lang='lat' dir='ltr'>quasi</span> <span class='ocrx_word' id='word_1_411' title='bbox 2707 3312 2776 3367; x_wconf 90' lang='lat' dir='ltr'>ad</span> <span class='ocrx_word' id='word_1_412' title='bbox 2814 3311 3014 3384; x_wconf 85' lang='lat' dir='ltr'>placiti</span> <span class='ocrx_word' id='word_1_413' title='bbox 3048 3309 3139 3344; x_wconf 81' lang='grc'>²⁶⁹⁸</span> <span class='ocrx_word' id='word_1_414' title='bbox 3170 3310 3459 3380; x_wconf 88' lang='lat' dir='ltr'>colloquia</span> <span class='ocrx_word' id='word_1_415' title='bbox 3491 3322 3641 3363; x_wconf 90' lang='lat' dir='ltr'>nunc</span> <span class='ocrx_word' id='word_1_416' title='bbox 3670 3306 3757 3361; x_wconf 89' lang='lat' dir='ltr'>hic</span> 
     </span>
    </p>
   </div>
   <div class='ocr_carea' id='block_1_34' title="bbox 358 3394 3759 3473">
    <p class='ocr_par' dir='ltr' id='par_1_34' title="bbox 358 3394 3759 3473">
     <span class='ocr_line' id='line_1_34' title="bbox 358 3394 3759 3473; baseline -0.001 -20"><span class='ocrx_word' id='word_1_417' title='bbox 358 3415 507 3455; x_wconf 88' lang='lat' dir='ltr'>nunc</span> <span class='ocrx_word' id='word_1_418' title='bbox 540 3400 655 3456; x_wconf 92' lang='lat' dir='ltr'>illic</span> <span class='ocrx_word' id='word_1_419' title='bbox 690 3405 916 3458; x_wconf 86' lang='lat' dir='ltr'>turmas</span> <span class='ocrx_word' id='word_1_420' title='bbox 947 3401 1038 3435; x_wconf 79' lang='grc'>²⁶⁹⁹</span> <span class='ocrx_word' id='word_1_421' title='bbox 1070 3404 1275 3473; x_wconf 83' lang='lat' dir='ltr'>facere,</span> <span class='ocrx_word' id='word_1_422' title='bbox 1313 3403 1469 3457; x_wconf 87' lang='lat' dir='ltr'>circa</span> <span class='ocrx_word' id='word_1_423' title='bbox 1505 3416 1709 3457; x_wconf 91' lang='lat' dir='ltr'>nonam</span> <span class='ocrx_word' id='word_1_424' title='bbox 1743 3418 1882 3458; x_wconf 87' lang='lat' dir='ltr'>vero</span> <span class='ocrx_word' id='word_1_425' title='bbox 1916 3402 2114 3459; x_wconf 90' lang='lat' dir='ltr'>horam</span> <span class='ocrx_word' id='word_1_426' title='bbox 2144 3402 2372 3459; x_wconf 89' lang='lat' dir='ltr'>cuidam</span> <span class='ocrx_word' id='word_1_427' title='bbox 2406 3402 2606 3472; x_wconf 89' lang='lat' dir='ltr'>monti,</span> <span class='ocrx_word' id='word_1_428' title='bbox 2632 3418 2660 3458; x_wconf 93' lang='lat' dir='ltr'>a</span> <span class='ocrx_word' id='word_1_429' title='bbox 2687 3416 2801 3472; x_wconf 91' lang='lat' dir='ltr'>quo</span> <span class='ocrx_word' id='word_1_430' title='bbox 2835 3404 2895 3456; x_wconf 88' lang='lat' dir='ltr'>et</span> <span class='ocrx_word' id='word_1_431' title='bbox 2926 3413 3121 3457; x_wconf 80' lang='lat' dir='ltr'>exisse</span> <span class='ocrx_word' id='word_1_432' title='bbox 3152 3398 3520 3467; x_wconf 85' lang='lat' dir='ltr'>videbantur,</span> <span class='ocrx_word' id='word_1_433' title='bbox 3544 3410 3608 3452; x_wconf 92' lang='lat' dir='ltr'>se</span> <span class='ocrx_word' id='word_1_434' title='bbox 3639 3394 3759 3450; x_wconf 91' lang='lat' dir='ltr'>red-</span> 
     </span>
    </p>
   </div>
   <div class='ocr_carea' id='block_1_35' title="bbox 355 3483 3760 3562">
    <p class='ocr_par' dir='ltr' id='par_1_35' title="bbox 355 3483 3760 3562">
     <span class='ocr_line' id='line_1_35' title="bbox 355 3483 3760 3562; baseline -0.001 -20"><span class='ocrx_word' id='word_1_435' title='bbox 355 3489 510 3545; x_wconf 87' lang='lat' dir='ltr'>dere.</span> <span class='ocrx_word' id='word_1_436' title='bbox 558 3490 806 3545; x_wconf 88' lang='lat' dir='ltr'>Tandem</span> <span class='ocrx_word' id='word_1_437' title='bbox 853 3491 1085 3562; x_wconf 87' lang='lat' dir='ltr'>quidam</span> <span class='ocrx_word' id='word_1_438' title='bbox 1121 3492 1189 3546; x_wconf 86' lang='lat' dir='ltr'>dc</span> <span class='ocrx_word' id='word_1_439' title='bbox 1224 3490 1430 3547; x_wconf 88' lang='lat' dir='ltr'>incolis</span> <span class='ocrx_word' id='word_1_440' title='bbox 1470 3491 1727 3561; x_wconf 83' lang='lat' dir='ltr'>regionis</span> <span class='ocrx_word' id='word_1_441' title='bbox 1770 3491 1929 3548; x_wconf 89' lang='lat' dir='ltr'>illius</span> <span class='ocrx_word' id='word_1_442' title='bbox 1969 3507 2080 3547; x_wconf 86' lang='lat' dir='ltr'>non</span> <span class='ocrx_word' id='word_1_443' title='bbox 2121 3492 2245 3547; x_wconf 90' lang='lat' dir='ltr'>sine</span> <span class='ocrx_word' id='word_1_444' title='bbox 2284 3506 2487 3562; x_wconf 85' lang='lat' dir='ltr'>magno</span> <span class='ocrx_word' id='word_1_445' title='bbox 2525 3491 2738 3547; x_wconf 89' lang='lat' dir='ltr'>timore</span> <span class='ocrx_word' id='word_1_446' title='bbox 2779 3488 3109 3561; x_wconf 88' lang='lat' dir='ltr'>hujusmodi</span> <span class='ocrx_word' id='word_1_447' title='bbox 3148 3491 3266 3544; x_wconf 90' lang='lat' dir='ltr'>tam</span> <span class='ocrx_word' id='word_1_448' title='bbox 3298 3485 3647 3559; x_wconf 72' lang='lat' dir='ltr'>prodigiosa:</span> <span class='ocrx_word' id='word_1_449' title='bbox 3672 3483 3760 3516; x_wconf 73' lang='grc' dir='ltr'>²τ⁰⁰</span> 
     </span>
    </p>
   </div>
   <div class='ocr_carea' id='block_1_36' title="bbox 356 3574 3756 3651">
    <p class='ocr_par' dir='ltr' id='par_1_36' title="bbox 356 3574 3756 3651">
     <span class='ocr_line' id='line_1_36' title="bbox 356 3574 3756 3651; baseline -0.002 -18"><span class='ocrx_word' id='word_1_450' title='bbox 356 3579 644 3647; x_wconf 62' lang='lat' dir='ltr'>contioni,</span> <span class='ocrx_word' id='word_1_451' title='bbox 679 3582 873 3635; x_wconf 86' lang='lat' dir='ltr'>crucis</span> <span class='ocrx_word' id='word_1_452' title='bbox 906 3581 1208 3649; x_wconf 87' lang='lat' dir='ltr'>signaculo</span> <span class='ocrx_word' id='word_1_453' title='bbox 1244 3580 1518 3647; x_wconf 87' lang='lat' dir='ltr'>munitus,</span> <span class='ocrx_word' id='word_1_454' title='bbox 1553 3580 1986 3651; x_wconf 84' lang='lat' dir='ltr'>apprOpinquat</span> <span class='ocrx_word' id='word_1_455' title='bbox 2008 3578 2119 3649; x_wconf 62' lang='grc' dir='ltr'>ποι,</span> <span class='ocrx_word' id='word_1_456' title='bbox 2148 3595 2277 3636; x_wconf 85' lang='lat' dir='ltr'>mox</span> <span class='ocrx_word' id='word_1_457' title='bbox 2311 3581 2598 3650; x_wconf 89' lang='lat' dir='ltr'>quandam</span> <span class='ocrx_word' id='word_1_458' title='bbox 2631 3595 2701 3637; x_wconf 84' lang='lat' dir='ltr'>ex</span> <span class='ocrx_word' id='word_1_459' title='bbox 2735 3579 2851 3635; x_wconf 89' lang='lat' dir='ltr'>illis</span> <span class='ocrx_word' id='word_1_460' title='bbox 2877 3582 3283 3634; x_wconf 89' lang='lat' dir='ltr'>occurrentem</span> <span class='ocrx_word' id='word_1_461' title='bbox 3317 3574 3427 3632; x_wconf 90' lang='lat' dir='ltr'>sibi</span> <span class='ocrx_word' id='word_1_462' title='bbox 3462 3586 3756 3646; x_wconf 84' lang='lat' dir='ltr'>personam</span> 
     </span>
    </p>
   </div>
   <div class='ocr_carea' id='block_1_37' title="bbox 356 3661 3756 3741">
    <p class='ocr_par' dir='ltr' id='par_1_37' title="bbox 356 3661 3756 3741">
     <span class='ocr_line' id='line_1_37' title="bbox 356 3661 3756 3741; baseline -0.001 -22"><span class='ocrx_word' id='word_1_463' title='bbox 356 3682 457 3736; x_wconf 85' lang='lat' dir='ltr'>per</span> <span class='ocrx_word' id='word_1_464' title='bbox 493 3682 698 3723; x_wconf 90' lang='lat' dir='ltr'>nomen</span> <span class='ocrx_word' id='word_1_465' title='bbox 723 3668 812 3700; x_wconf 79' lang='grc'>²⁷⁰²</span> <span class='ocrx_word' id='word_1_466' title='bbox 835 3668 1253 3739; x_wconf 82' lang='lat' dir='ltr'>omnipotentis</span> <span class='ocrx_word' id='word_1_467' title='bbox 1286 3668 1505 3723; x_wconf 87' lang='lat' dir='ltr'>Domini</span> <span class='ocrx_word' id='word_1_468' title='bbox 1542 3669 1725 3723; x_wconf 91' lang='lat' dir='ltr'>nostri</span> <span class='ocrx_word' id='word_1_469' title='bbox 1762 3669 2135 3724; x_wconf 62' lang='lat' dir='ltr'>manifestare</span> <span class='ocrx_word' id='word_1_470' title='bbox 2166 3685 2397 3725; x_wconf 90' lang='lat' dir='ltr'>causam</span> <span class='ocrx_word' id='word_1_471' title='bbox 2435 3669 2632 3741; x_wconf 90' lang='lat' dir='ltr'>populi</span> <span class='ocrx_word' id='word_1_472' title='bbox 2671 3670 2767 3739; x_wconf 90' lang='lat' dir='ltr'>qui</span> <span class='ocrx_word' id='word_1_473' title='bbox 2800 3667 2892 3701; x_wconf 73' lang='grc'>²⁷⁰³</span> <span class='ocrx_word' id='word_1_474' title='bbox 2925 3668 3011 3723; x_wconf 90' lang='lat' dir='ltr'>sic</span> <span class='ocrx_word' id='word_1_475' title='bbox 3041 3668 3353 3738; x_wconf 86' lang='lat' dir='ltr'>appareret</span> <span class='ocrx_word' id='word_1_476' title='bbox 3387 3663 3633 3734; x_wconf 88' lang='lat' dir='ltr'>adjurat.</span> <span class='ocrx_word' id='word_1_477' title='bbox 3662 3661 3756 3716; x_wconf 89' lang='lat' dir='ltr'>Cui</span> 
     </span>
    </p>
   </div>
   <div class='ocr_carea' id='block_1_38' title="bbox 356 3748 3760 3829">
    <p class='ocr_par' dir='ltr' id='par_1_38' title="bbox 356 3748 3760 3829">
     <span class='ocr_line' id='line_1_38' title="bbox 356 3748 3760 3829; baseline -0.001 -20"><span class='ocrx_word' id='word_1_478' title='bbox 356 3755 452 3810; x_wconf 86' lang='lat' dir='ltr'>ille</span> <span class='ocrx_word' id='word_1_479' title='bbox 479 3756 630 3810; x_wconf 86' lang='lat' dir='ltr'>inter</span> <span class='ocrx_word' id='word_1_480' title='bbox 655 3761 866 3812; x_wconf 73' lang='lat' dir='ltr'>caetera</span> <span class='ocrx_word' id='word_1_481' title='bbox 896 3775 907 3811; x_wconf 89' lang='lat'>:</span> <span class='ocrx_word' id='word_1_482' title='bbox 936 3758 1067 3814; x_wconf 77' lang='lat' dir='ltr'>Non</span> <span class='ocrx_word' id='word_1_483' title='bbox 1092 3770 1316 3826; x_wconf 76' lang='lat' dir='ltr'>smnus,</span> <span class='ocrx_word' id='word_1_484' title='bbox 1352 3756 1559 3825; x_wconf 86' lang='lat' dir='ltr'>inquit,</span> <span class='ocrx_word' id='word_1_485' title='bbox 1591 3757 1661 3812; x_wconf 84' lang='lat' dir='ltr'>ut</span> <span class='ocrx_word' id='word_1_486' title='bbox 1678 3757 1919 3826; x_wconf 76' lang='lat' dir='ltr'>putatis</span> <span class='ocrx_word' id='word_1_487' title='bbox 1931 3758 2342 3829; x_wconf 79' lang='lat' dir='ltr'>fautasmata,</span> <span class='ocrx_word' id='word_1_488' title='bbox 2374 3772 2481 3816; x_wconf 83' lang='lat' dir='ltr'>uec</span> <span class='ocrx_word' id='word_1_489' title='bbox 2507 3757 2772 3813; x_wconf 76' lang='lat' dir='ltr'>militum</span> <span class='ocrx_word' id='word_1_490' title='bbox 2796 3758 2915 3813; x_wconf 89' lang='lat' dir='ltr'>uta</span> <span class='ocrx_word' id='word_1_491' title='bbox 2934 3756 3099 3813; x_wconf 77' lang='lat' dir='ltr'>vobis</span> <span class='ocrx_word' id='word_1_492' title='bbox 3127 3753 3424 3812; x_wconf 77' lang='lat' dir='ltr'>cernimur</span> <span class='ocrx_word' id='word_1_493' title='bbox 3448 3749 3639 3819; x_wconf 67' lang='lat' dir='ltr'>turba,</span> <span class='ocrx_word' id='word_1_494' title='bbox 3662 3748 3760 3806; x_wconf 79' lang='lat' dir='ltr'>sed</span> 
     </span>
    </p>
   </div>
   <div class='ocr_carea' id='block_1_39' title="bbox 356 3837 3756 3919">
    <p class='ocr_par' dir='ltr' id='par_1_39' title="bbox 356 3837 3756 3919">
     <span class='ocr_line' id='line_1_39' title="bbox 356 3837 3756 3919; baseline -0.001 -20"><span class='ocrx_word' id='word_1_495' title='bbox 356 3846 573 3901; x_wconf 68' lang='lat' dir='ltr'>animae</span> <span class='ocrx_word' id='word_1_496' title='bbox 601 3845 868 3900; x_wconf 78' lang='lat' dir='ltr'>militum</span> <span class='ocrx_word' id='word_1_497' title='bbox 898 3859 1013 3900; x_wconf 74' lang='lat' dir='ltr'>non</span> <span class='ocrx_word' id='word_1_498' title='bbox 1047 3846 1209 3915; x_wconf 70' lang='lat' dir='ltr'>longe</span> <span class='ocrx_word' id='word_1_499' title='bbox 1237 3845 1493 3902; x_wconf 71' lang='lat' dir='ltr'>antehac</span> <span class='ocrx_word' id='word_1_500' title='bbox 1521 3846 1985 3919; x_wconf 69' lang='lat' dir='ltr'>iuterfeclormn.</span> <span class='ocrx_word' id='word_1_501' title='bbox 2019 3848 2205 3902; x_wconf 82' lang='lat' dir='ltr'>Arma</span> <span class='ocrx_word' id='word_1_502' title='bbox 2226 3862 2362 3904; x_wconf 68' lang='lat' dir='ltr'>vero</span> <span class='ocrx_word' id='word_1_503' title='bbox 2384 3849 2441 3903; x_wconf 81' lang='lat' dir='ltr'>et</span> <span class='ocrx_word' id='word_1_504' title='bbox 2461 3847 2552 3879; x_wconf 79' lang='grc'>²⁷⁰⁸</span> <span class='ocrx_word' id='word_1_505' title='bbox 2577 3846 2824 3904; x_wconf 71' lang='lat' dir='ltr'>habitus</span> <span class='ocrx_word' id='word_1_506' title='bbox 2846 3848 3026 3917; x_wconf 72' lang='lat' dir='ltr'>atque</span> <span class='ocrx_word' id='word_1_507' title='bbox 3056 3844 3195 3916; x_wconf 80' lang='lat' dir='ltr'>egui</span> <span class='ocrx_word' id='word_1_508' title='bbox 3224 3843 3373 3914; x_wconf 70' lang='lat' dir='ltr'>quia</span> <span class='ocrx_word' id='word_1_509' title='bbox 3400 3839 3568 3897; x_wconf 86' lang='lat' dir='ltr'>uobis</span> <span class='ocrx_word' id='word_1_510' title='bbox 3590 3837 3756 3911; x_wconf 77' lang='lat' dir='ltr'>prius</span> 
     </span>
    </p>
   </div>
   <div class='ocr_carea' id='block_1_40' title="bbox 344 3926 3755 4005">
    <p class='ocr_par' dir='ltr' id='par_1_40' title="bbox 344 3926 3755 4005">
     <span class='ocr_line' id='line_1_40' title="bbox 344 3926 3755 4005; baseline -0.001 -18"><span class='ocrx_word' id='word_1_511' title='bbox 344 3933 609 4003; x_wconf 68' lang='lat' dir='ltr'>fuerant</span> <span class='ocrx_word' id='word_1_512' title='bbox 627 3932 720 3965; x_wconf 81' lang='grc'>²⁷⁰⁵</span> <span class='ocrx_word' id='word_1_513' title='bbox 744 3932 1144 3990; x_wconf 66' lang='lat' dir='ltr'>instrumenta</span> <span class='ocrx_word' id='word_1_514' title='bbox 1166 3933 1476 4004; x_wconf 71' lang='lat' dir='ltr'>peccandi,</span> <span class='ocrx_word' id='word_1_515' title='bbox 1501 3948 1657 3990; x_wconf 77' lang='lat' dir='ltr'>uuuc</span> <span class='ocrx_word' id='word_1_516' title='bbox 1676 3933 1845 3991; x_wconf 76' lang='lat' dir='ltr'>nobis</span> <span class='ocrx_word' id='word_1_517' title='bbox 1865 3935 2009 3991; x_wconf 74' lang='lat' dir='ltr'>suat</span> <span class='ocrx_word' id='word_1_518' title='bbox 2032 3936 2291 3993; x_wconf 77' lang='lat' dir='ltr'>materia</span> <span class='ocrx_word' id='word_1_519' title='bbox 2324 3936 2618 4005; x_wconf 74' lang='lat' dir='ltr'>tormenti,</span> <span class='ocrx_word' id='word_1_520' title='bbox 2655 3937 2715 3993; x_wconf 86' lang='lat' dir='ltr'>et</span> <span class='ocrx_word' id='word_1_521' title='bbox 2739 3949 2873 3993; x_wconf 71' lang='lat' dir='ltr'>cere</span> <span class='ocrx_word' id='word_1_522' title='bbox 2902 3935 3084 3991; x_wconf 79' lang='lat' dir='ltr'>totum</span> <span class='ocrx_word' id='word_1_523' title='bbox 3113 3933 3373 4005; x_wconf 75' lang='lat' dir='ltr'>ignitum</span> <span class='ocrx_word' id='word_1_524' title='bbox 3402 3930 3495 3987; x_wconf 88' lang='lat' dir='ltr'>est</span> <span class='ocrx_word' id='word_1_525' title='bbox 3515 3927 3670 4000; x_wconf 74' lang='lat' dir='ltr'>quod</span> <span class='ocrx_word' id='word_1_526' title='bbox 3696 3926 3755 3982; x_wconf 79' lang='lat' dir='ltr'>iu</span> 
     </span>
    </p>
   </div>
   <div class='ocr_carea' id='block_1_41' title="bbox 356 4016 3755 4096">
    <p class='ocr_par' dir='ltr' id='par_1_41' title="bbox 356 4016 3755 4096">
     <span class='ocr_line' id='line_1_41' title="bbox 356 4016 3755 4096; baseline -0.002 -19"><span class='ocrx_word' id='word_1_527' title='bbox 356 4021 526 4079; x_wconf 70' lang='lat' dir='ltr'>uobis</span> <span class='ocrx_word' id='word_1_528' title='bbox 553 4022 822 4093; x_wconf 70' lang='lat' dir='ltr'>cernitis,</span> <span class='ocrx_word' id='word_1_529' title='bbox 848 4024 1125 4093; x_wconf 65' lang='lat' dir='ltr'>quamvis</span> <span class='ocrx_word' id='word_1_530' title='bbox 1148 4023 1213 4080; x_wconf 82' lang='lat' dir='ltr'>id</span> <span class='ocrx_word' id='word_1_531' title='bbox 1229 4037 1330 4079; x_wconf 78' lang='lat' dir='ltr'>cos</span> <span class='ocrx_word' id='word_1_532' title='bbox 1351 4022 1759 4092; x_wconf 70' lang='lat' dir='ltr'>corporalibus</span> <span class='ocrx_word' id='word_1_533' title='bbox 1787 4025 1976 4080; x_wconf 74' lang='lat' dir='ltr'>oculis</span> <span class='ocrx_word' id='word_1_534' title='bbox 2004 4024 2335 4081; x_wconf 77' lang='lat' dir='ltr'>discernere</span> <span class='ocrx_word' id='word_1_535' title='bbox 2358 4040 2473 4081; x_wconf 72' lang='lat' dir='ltr'>non</span> <span class='ocrx_word' id='word_1_536' title='bbox 2490 4025 2763 4096; x_wconf 75' lang='lat' dir='ltr'>possitis.</span> <span class='ocrx_word' id='word_1_537' title='bbox 2802 4025 2859 4079; x_wconf 83' lang='lat' dir='ltr'>in</span> <span class='ocrx_word' id='word_1_538' title='bbox 2885 4020 3218 4093; x_wconf 89' lang='lat' dir='ltr'>hujusmodi</span> <span class='ocrx_word' id='word_1_539' title='bbox 3244 4019 3522 4076; x_wconf 89' lang='lat' dir='ltr'>comitatu</span> <span class='ocrx_word' id='word_1_540' title='bbox 3546 4016 3755 4073; x_wconf 90' lang='lat' dir='ltr'>dicitur</span> 
     </span>
    </p>
   </div>
   <div class='ocr_carea' id='block_1_42' title="bbox 356 4106 3753 4185">
    <p class='ocr_par' dir='ltr' id='par_1_42' title="bbox 356 4106 3753 4185">
     <span class='ocr_line' id='line_1_42' title="bbox 356 4106 3753 4185; baseline -0.002 -20"><span class='ocrx_word' id='word_1_541' title='bbox 356 4111 530 4166; x_wconf 87' lang='lat' dir='ltr'>etiam</span> <span class='ocrx_word' id='word_1_542' title='bbox 573 4111 806 4167; x_wconf 88' lang='lat' dir='ltr'>Emieho</span> <span class='ocrx_word' id='word_1_543' title='bbox 849 4126 1067 4179; x_wconf 88' lang='lat' dir='ltr'>comes,</span> <span class='ocrx_word' id='word_1_544' title='bbox 1112 4116 1245 4167; x_wconf 88' lang='lat' dir='ltr'>autc</span> <span class='ocrx_word' id='word_1_545' title='bbox 1284 4127 1501 4183; x_wconf 87' lang='lat' dir='ltr'>paucos</span> <span class='ocrx_word' id='word_1_546' title='bbox 1543 4126 1723 4168; x_wconf 89' lang='lat' dir='ltr'>annos</span> <span class='ocrx_word' id='word_1_547' title='bbox 1762 4112 1993 4168; x_wconf 88' lang='lat' dir='ltr'>occisus</span> <span class='ocrx_word' id='word_1_548' title='bbox 2038 4115 2208 4185; x_wconf 70' lang='lat'>(331),</span> <span class='ocrx_word' id='word_1_549' title='bbox 2254 4114 2620 4185; x_wconf 87' lang='lat' dir='ltr'>apparuisse,</span> <span class='ocrx_word' id='word_1_550' title='bbox 2656 4125 2715 4169; x_wconf 87' lang='lat' dir='ltr'>et</span> <span class='ocrx_word' id='word_1_551' title='bbox 2747 4115 2818 4170; x_wconf 90' lang='lat' dir='ltr'>ab</span> <span class='ocrx_word' id='word_1_552' title='bbox 2851 4114 2957 4169; x_wconf 91' lang='lat' dir='ltr'>hac</span> <span class='ocrx_word' id='word_1_553' title='bbox 2989 4125 3160 4184; x_wconf 87' lang='lat' dir='ltr'>poena</span> <span class='ocrx_word' id='word_1_554' title='bbox 3190 4108 3282 4142; x_wconf 78' lang='grc'>²⁷⁰⁶</span> <span class='ocrx_word' id='word_1_555' title='bbox 3313 4106 3671 4163; x_wconf 88' lang='lat' dir='ltr'>orationibus</span> <span class='ocrx_word' id='word_1_556' title='bbox 3699 4108 3753 4159; x_wconf 89' lang='lat' dir='ltr'>et</span> 
     </span>
    </p>
   </div>
   <div class='ocr_carea' id='block_1_43' title="bbox 356 4197 3754 4274">
    <p class='ocr_par' dir='ltr' id='par_1_43' title="bbox 356 4197 3754 4274">
     <span class='ocr_line' id='line_1_43' title="bbox 356 4197 3754 4274; baseline -0.002 -21"><span class='ocrx_word' id='word_1_557' title='bbox 356 4200 697 4256; x_wconf 83' lang='lat' dir='ltr'>clemosinis</span> <span class='ocrx_word' id='word_1_558' title='bbox 721 4216 779 4257; x_wconf 91' lang='lat' dir='ltr'>se</span> <span class='ocrx_word' id='word_1_559' title='bbox 806 4217 976 4273; x_wconf 85' lang='lat' dir='ltr'>posse</span> <span class='ocrx_word' id='word_1_560' title='bbox 999 4200 1090 4234; x_wconf 69' lang='lat'>&quot;0&quot;</span> <span class='ocrx_word' id='word_1_561' title='bbox 1115 4200 1315 4257; x_wconf 83' lang='lat' dir='ltr'>redimi</span> <span class='ocrx_word' id='word_1_562' title='bbox 1346 4201 1636 4258; x_wconf 89' lang='lat' dir='ltr'>docuisse.</span> <span class='ocrx_word' id='word_1_563' title='bbox 1662 4234 1730 4240; x_wconf 98' lang='lat'><strong>—</strong></span> <span class='ocrx_word' id='word_1_564' title='bbox 1755 4202 2032 4257; x_wconf 82' lang='lat' dir='ltr'>Referunt</span> <span class='ocrx_word' id='word_1_565' title='bbox 2070 4203 2322 4273; x_wconf 85' lang='lat' dir='ltr'>quidam,</span> <span class='ocrx_word' id='word_1_566' title='bbox 2355 4202 2507 4274; x_wconf 90' lang='lat' dir='ltr'>quod</span> <span class='ocrx_word' id='word_1_567' title='bbox 2541 4206 2711 4259; x_wconf 90' lang='lat' dir='ltr'>nocte</span> <span class='ocrx_word' id='word_1_568' title='bbox 2746 4218 2874 4273; x_wconf 75' lang='lat' dir='ltr'>quae</span> <span class='ocrx_word' id='word_1_569' title='bbox 2907 4201 3056 4256; x_wconf 90' lang='lat' dir='ltr'>diem</span> <span class='ocrx_word' id='word_1_570' title='bbox 3089 4197 3391 4256; x_wconf 62' lang='lat' dir='ltr'>dominicae</span> <span class='ocrx_word' id='word_1_571' title='bbox 3424 4209 3603 4252; x_wconf 67' lang='lat' dir='ltr'>coena:</span> <span class='ocrx_word' id='word_1_572' title='bbox 3634 4207 3754 4264; x_wconf 85' lang='lat' dir='ltr'>pre-</span> 
     </span>
    </p>
   </div>
   <div class='ocr_carea' id='block_1_44' title="bbox 359 4282 3749 4362">
    <p class='ocr_par' dir='ltr' id='par_1_44' title="bbox 359 4282 3749 4362">
     <span class='ocr_line' id='line_1_44' title="bbox 359 4282 3749 4362; baseline -0.001 -20"><span class='ocrx_word' id='word_1_573' title='bbox 359 4303 456 4343; x_wconf 88' lang='lat' dir='ltr'>ces</span> <span class='ocrx_word' id='word_1_574' title='bbox 475 4290 561 4359; x_wconf 62' lang='lat' dir='ltr'>eit,</span> <span class='ocrx_word' id='word_1_575' title='bbox 599 4291 731 4345; x_wconf 84' lang='lat' dir='ltr'>dum</span> <span class='ocrx_word' id='word_1_576' title='bbox 758 4291 829 4346; x_wconf 91' lang='lat' dir='ltr'>ad</span> <span class='ocrx_word' id='word_1_577' title='bbox 855 4291 1079 4359; x_wconf 83' lang='lat' dir='ltr'>vigilias</span> <span class='ocrx_word' id='word_1_578' title='bbox 1106 4305 1259 4347; x_wconf 87' lang='lat' dir='ltr'>more</span> <span class='ocrx_word' id='word_1_579' title='bbox 1280 4291 1697 4347; x_wconf 80' lang='lat' dir='ltr'>aeeclesiastico</span> <span class='ocrx_word' id='word_1_580' title='bbox 1730 4295 2136 4362; x_wconf 86' lang='lat' dir='ltr'>properarent,</span> <span class='ocrx_word' id='word_1_581' title='bbox 2168 4292 2379 4348; x_wconf 87' lang='lat' dir='ltr'>vidisse</span> <span class='ocrx_word' id='word_1_582' title='bbox 2403 4308 2464 4347; x_wconf 91' lang='lat' dir='ltr'>se</span> <span class='ocrx_word' id='word_1_583' title='bbox 2492 4292 2653 4362; x_wconf 89' lang='lat' dir='ltr'>quasi</span> <span class='ocrx_word' id='word_1_584' title='bbox 2682 4290 2887 4348; x_wconf 88' lang='lat' dir='ltr'>stellas</span> <span class='ocrx_word' id='word_1_585' title='bbox 2912 4291 3244 4346; x_wconf 91' lang='lat' dir='ltr'>innumeras</span> <span class='ocrx_word' id='word_1_586' title='bbox 3267 4288 3338 4344; x_wconf 89' lang='lat' dir='ltr'>de</span> <span class='ocrx_word' id='word_1_587' title='bbox 3360 4285 3502 4342; x_wconf 75' lang='lat' dir='ltr'>caelo</span> <span class='ocrx_word' id='word_1_588' title='bbox 3528 4282 3749 4351; x_wconf 85' lang='lat' dir='ltr'>cadere,</span> 
     </span>
    </p>
   </div>
   <div class='ocr_carea' id='block_1_45' title="bbox 359 4376 2736 4450">
    <p class='ocr_par' dir='ltr' id='par_1_45' title="bbox 359 4376 2736 4450">
     <span class='ocr_line' id='line_1_45' title="bbox 359 4376 2736 4450; baseline 0.002 -20"><span class='ocrx_word' id='word_1_589' title='bbox 359 4376 413 4431; x_wconf 89' lang='lat' dir='ltr'>in</span> <span class='ocrx_word' id='word_1_590' title='bbox 453 4381 675 4434; x_wconf 84' lang='lat' dir='ltr'>tantum</span> <span class='ocrx_word' id='word_1_591' title='bbox 712 4384 774 4434; x_wconf 89' lang='lat' dir='ltr'>ut</span> <span class='ocrx_word' id='word_1_592' title='bbox 806 4379 1013 4450; x_wconf 61' lang='lat' dir='ltr'>pluviae</span> <span class='ocrx_word' id='word_1_593' title='bbox 1045 4386 1246 4450; x_wconf 80' lang='lat' dir='ltr'>guttas</span> <span class='ocrx_word' id='word_1_594' title='bbox 1277 4384 1333 4435; x_wconf 88' lang='lat' dir='ltr'>et</span> <span class='ocrx_word' id='word_1_595' title='bbox 1368 4380 1743 4436; x_wconf 87' lang='lat' dir='ltr'>multitudine</span> <span class='ocrx_word' id='word_1_596' title='bbox 1774 4385 1832 4435; x_wconf 90' lang='lat' dir='ltr'>et</span> <span class='ocrx_word' id='word_1_597' title='bbox 1863 4381 2101 4437; x_wconf 83' lang='lat' dir='ltr'>casibus</span> <span class='ocrx_word' id='word_1_598' title='bbox 2132 4380 2476 4437; x_wconf 86' lang='lat' dir='ltr'>viderentur</span> <span class='ocrx_word' id='word_1_599' title='bbox 2498 4380 2736 4435; x_wconf 90' lang='lat' dir='ltr'>imitari.</span> 
     </span>
    </p>
   </div>
   <div class='ocr_carea' id='block_1_46' title="bbox 434 4463 3728 4541">
    <p class='ocr_par' dir='ltr' id='par_1_46' title="bbox 434 4463 3728 4541">
     <span class='ocr_line' id='line_1_46' title="bbox 434 4463 3728 4541; baseline 0.001 -26"><span class='ocrx_word' id='word_1_600' title='bbox 434 4467 652 4523; x_wconf 76' lang='lat' dir='ltr'>(Ilaruit</span> <span class='ocrx_word' id='word_1_601' title='bbox 693 4467 801 4524; x_wconf 90' lang='lat' dir='ltr'>hoc</span> <span class='ocrx_word' id='word_1_602' title='bbox 846 4475 1107 4540; x_wconf 89' lang='lat' dir='ltr'>tempore</span> <span class='ocrx_word' id='word_1_603' title='bbox 1148 4469 1473 4526; x_wconf 89' lang='lat' dir='ltr'>Dictericus</span> <span class='ocrx_word' id='word_1_604' title='bbox 1504 4469 1596 4501; x_wconf 71' lang='grc' dir='ltr'>²τ⁰⁸</span> <span class='ocrx_word' id='word_1_605' title='bbox 1629 4470 1889 4526; x_wconf 88' lang='lat' dir='ltr'>Cicensis</span> <span class='ocrx_word' id='word_1_606' title='bbox 1926 4470 2265 4541; x_wconf 64' lang='lat' dir='ltr'>cpiscopus,</span> <span class='ocrx_word' id='word_1_607' title='bbox 2300 4470 2518 4526; x_wconf 86' lang='lat' dir='ltr'>litteris</span> <span class='ocrx_word' id='word_1_608' title='bbox 2549 4469 2810 4540; x_wconf 83' lang='lat' dir='ltr'>adprime</span> <span class='ocrx_word' id='word_1_609' title='bbox 2843 4467 3133 4537; x_wconf 87' lang='lat' dir='ltr'>eruditus,</span> <span class='ocrx_word' id='word_1_610' title='bbox 3166 4480 3394 4537; x_wconf 88' lang='lat' dir='ltr'>semper</span> <span class='ocrx_word' id='word_1_611' title='bbox 3424 4469 3621 4521; x_wconf 91' lang='lat' dir='ltr'>contra</span> <span class='ocrx_word' id='word_1_612' title='bbox 3652 4463 3728 4520; x_wconf 91' lang='lat' dir='ltr'>sci</span> 
     </span>
    </p>
   </div>
   <div class='ocr_carea' id='block_1_47' title="bbox 363 4551 3752 4630">
    <p class='ocr_par' dir='ltr' id='par_1_47' title="bbox 363 4551 3752 4630">
     <span class='ocr_line' id='line_1_47' title="bbox 363 4551 3752 4630; baseline 0 -22"><span class='ocrx_word' id='word_1_613' title='bbox 363 4563 567 4627; x_wconf 85' lang='lat' dir='ltr'>smata,</span> <span class='ocrx_word' id='word_1_614' title='bbox 611 4571 738 4627; x_wconf 59' lang='lat' dir='ltr'>quae</span> <span class='ocrx_word' id='word_1_615' title='bbox 781 4557 903 4613; x_wconf 89' lang='lat' dir='ltr'>suis</span> <span class='ocrx_word' id='word_1_616' title='bbox 949 4559 1308 4630; x_wconf 89' lang='lat' dir='ltr'>temporibus</span> <span class='ocrx_word' id='word_1_617' title='bbox 1350 4572 1756 4628; x_wconf 86' lang='lat' dir='ltr'>nonnunquam</span> <span class='ocrx_word' id='word_1_618' title='bbox 1800 4557 2165 4629; x_wconf 88' lang='lat' dir='ltr'>pululabant,</span> <span class='ocrx_word' id='word_1_619' title='bbox 2199 4565 2601 4629; x_wconf 87' lang='lat' dir='ltr'>propugnator</span> <span class='ocrx_word' id='word_1_620' title='bbox 2630 4554 2975 4625; x_wconf 89' lang='lat' dir='ltr'>catholicus,</span> <span class='ocrx_word' id='word_1_621' title='bbox 3009 4563 3068 4611; x_wconf 88' lang='lat' dir='ltr'>et</span> <span class='ocrx_word' id='word_1_622' title='bbox 3100 4556 3154 4610; x_wconf 91' lang='lat' dir='ltr'>in</span> <span class='ocrx_word' id='word_1_623' title='bbox 3184 4556 3339 4611; x_wconf 91' lang='lat' dir='ltr'>omni</span> <span class='ocrx_word' id='word_1_624' title='bbox 3369 4552 3643 4625; x_wconf 86' lang='lat' dir='ltr'>pastorali</span> <span class='ocrx_word' id='word_1_625' title='bbox 3667 4551 3752 4585; x_wconf 83' lang='grc'>²⁷⁰⁹</span> 
     </span>
    </p>
   </div>
   <div class='ocr_carea' id='block_1_48' title="bbox 363 4641 3752 4716">
    <p class='ocr_par' dir='ltr' id='par_1_48' title="bbox 363 4641 3752 4716">
     <span class='ocr_line' id='line_1_48' title="bbox 363 4641 3752 4716; baseline -0 -18"><span class='ocrx_word' id='word_1_626' title='bbox 363 4643 761 4702; x_wconf 90' lang='lat' dir='ltr'>sollicitudine</span> <span class='ocrx_word' id='word_1_627' title='bbox 790 4648 1114 4704; x_wconf 66' lang='lat' dir='ltr'>commissae</span> <span class='ocrx_word' id='word_1_628' title='bbox 1143 4647 1378 4704; x_wconf 86' lang='lat' dir='ltr'>sibimet</span> <span class='ocrx_word' id='word_1_629' title='bbox 1409 4645 1692 4702; x_wconf 67' lang='lat' dir='ltr'>aacciesia:</span> <span class='ocrx_word' id='word_1_630' title='bbox 1711 4646 2006 4702; x_wconf 87' lang='lat' dir='ltr'>desudans</span> <span class='ocrx_word' id='word_1_631' title='bbox 2036 4646 2413 4704; x_wconf 89' lang='lat' dir='ltr'>utilitatibus.</span> <span class='ocrx_word' id='word_1_632' title='bbox 2445 4647 2547 4703; x_wconf 90' lang='lat' dir='ltr'>Hic</span> <span class='ocrx_word' id='word_1_633' title='bbox 2572 4647 2770 4716; x_wconf 89' lang='lat' dir='ltr'>itaque</span> <span class='ocrx_word' id='word_1_634' title='bbox 2792 4660 2904 4701; x_wconf 90' lang='lat' dir='ltr'>non</span> <span class='ocrx_word' id='word_1_635' title='bbox 2930 4644 3098 4715; x_wconf 89' lang='lat' dir='ltr'>longe</span> <span class='ocrx_word' id='word_1_636' title='bbox 3122 4659 3150 4700; x_wconf 93' lang='lat' dir='ltr'>a</span> <span class='ocrx_word' id='word_1_637' title='bbox 3177 4644 3510 4700; x_wconf 89' lang='lat' dir='ltr'>suburbano</span> <span class='ocrx_word' id='word_1_638' title='bbox 3534 4641 3625 4698; x_wconf 91' lang='lat' dir='ltr'>vel</span> <span class='ocrx_word' id='word_1_639' title='bbox 3648 4646 3752 4698; x_wconf 90' lang='lat' dir='ltr'>ter-</span> 
     </span>
    </p>
   </div>
   <div class='ocr_carea' id='block_1_49' title="bbox 365 4730 3745 4806">
    <p class='ocr_par' dir='ltr' id='par_1_49' title="bbox 365 4730 3745 4806">
     <span class='ocr_line' id='line_1_49' title="bbox 365 4730 3745 4806; baseline 0 -21"><span class='ocrx_word' id='word_1_640' title='bbox 365 4733 571 4789; x_wconf 87' lang='lat' dir='ltr'>ritorio</span> <span class='ocrx_word' id='word_1_641' title='bbox 604 4749 723 4790; x_wconf 72' lang='lat' dir='ltr'>sua:</span> <span class='ocrx_word' id='word_1_642' title='bbox 745 4733 839 4768; x_wconf 80' lang='grc'>²⁷¹⁰</span> <span class='ocrx_word' id='word_1_643' title='bbox 860 4735 1120 4791; x_wconf 83' lang='lat' dir='ltr'>civitatis</span> <span class='ocrx_word' id='word_1_644' title='bbox 1153 4734 1569 4792; x_wconf 88' lang='lat' dir='ltr'>monasterium</span> <span class='ocrx_word' id='word_1_645' title='bbox 1592 4734 1715 4791; x_wconf 90' lang='lat' dir='ltr'>sive</span> <span class='ocrx_word' id='word_1_646' title='bbox 1747 4734 2039 4790; x_wconf 80' lang='lat' dir='ltr'>abbatiam</span> <span class='ocrx_word' id='word_1_647' title='bbox 2074 4750 2299 4791; x_wconf 89' lang='lat' dir='ltr'>summo</span> <span class='ocrx_word' id='word_1_648' title='bbox 2327 4738 2539 4792; x_wconf 88' lang='lat' dir='ltr'>conatu</span> <span class='ocrx_word' id='word_1_649' title='bbox 2575 4748 2898 4806; x_wconf 89' lang='lat' dir='ltr'>magnoque</span> <span class='ocrx_word' id='word_1_650' title='bbox 2926 4736 3259 4804; x_wconf 90' lang='lat' dir='ltr'>sumptuum</span> <span class='ocrx_word' id='word_1_651' title='bbox 3294 4745 3357 4789; x_wconf 92' lang='lat' dir='ltr'>ac</span> <span class='ocrx_word' id='word_1_652' title='bbox 3389 4730 3745 4787; x_wconf 71' lang='lat' dir='ltr'>aediﬁciorum</span> 
     </span>
    </p>
   </div>
   <div class='ocr_carea' id='block_1_50' title="bbox 1731 4873 2403 4933">
    <p class='ocr_par' dir='ltr' id='par_1_50' title="bbox 1731 4873 2403 4933">
     <span class='ocr_line' id='line_1_50' title="bbox 1731 4873 2403 4933; baseline 0 -1"><span class='ocrx_word' id='word_1_653' title='bbox 1731 4873 1966 4932; x_wconf 71' lang='lat' dir='ltr'>VARUE</span> <span class='ocrx_word' id='word_1_654' title='bbox 2001 4875 2293 4933; x_wconf 84' lang='lat' dir='ltr'>LECTION</span> <span class='ocrx_word' id='word_1_655' title='bbox 2301 4878 2403 4932; x_wconf 90' lang='lat' dir='ltr'>ES.</span> 
     </span>
    </p>
   </div>
   <div class='ocr_carea' id='block_1_51' title="bbox 426 4995 3738 5057">
    <p class='ocr_par' dir='ltr' id='par_1_51' title="bbox 426 4995 3738 5057">
     <span class='ocr_line' id='line_1_51' title="bbox 426 4995 3738 5057; baseline -0.002 0"><span class='ocrx_word' id='word_1_656' title='bbox 426 5001 519 5035; x_wconf 65' lang='lat'>“7‘</span> <span class='ocrx_word' id='word_1_657' title='bbox 557 5000 887 5057; x_wconf 88' lang='lat' dir='ltr'>babenbcrc</span> <span class='ocrx_word' id='word_1_658' title='bbox 911 5006 968 5056; x_wconf 85' lang='lat'>6.</span> <span class='ocrx_word' id='word_1_659' title='bbox 999 5003 1057 5055; x_wconf 93' lang='grc'>7.</span> <span class='ocrx_word' id='word_1_660' title='bbox 1088 5003 1171 5056; x_wconf 71' lang='lat'>90.</span> <span class='ocrx_word' id='word_1_661' title='bbox 1205 5004 1296 5056; x_wconf 84' lang='lat'>10.</span> <span class='ocrx_word' id='word_1_662' title='bbox 1330 5004 1421 5055; x_wconf 86' lang='grc'>11.</span> <span class='ocrx_word' id='word_1_663' title='bbox 1501 4998 1592 5033; x_wconf 80' lang='grc'>²⁶⁷⁸</span> <span class='ocrx_word' id='word_1_664' title='bbox 1623 5004 1789 5055; x_wconf 91' lang='lat' dir='ltr'>utros</span> <span class='ocrx_word' id='word_1_665' title='bbox 1811 5005 1869 5057; x_wconf 87' lang='lat'>6.</span> <span class='ocrx_word' id='word_1_666' title='bbox 1950 4998 2043 5033; x_wconf 76' lang='grc'>²⁶⁷⁶</span> <span class='ocrx_word' id='word_1_667' title='bbox 2072 4999 2329 5057; x_wconf 82' lang='lat' dir='ltr'>eiusdem</span> <span class='ocrx_word' id='word_1_668' title='bbox 2357 5001 2460 5055; x_wconf 82' lang='lat' dir='ltr'>Et.</span> <span class='ocrx_word' id='word_1_669' title='bbox 2531 4998 2623 5032; x_wconf 65' lang='grc'>³⁸⁷⁷</span> <span class='ocrx_word' id='word_1_670' title='bbox 2655 4998 2945 5054; x_wconf 83' lang='lat' dir='ltr'>dominico</span> <span class='ocrx_word' id='word_1_671' title='bbox 2978 4995 3399 5053; x_wconf 88' lang='lat' dir='ltr'>incarnationis</span> <span class='ocrx_word' id='word_1_672' title='bbox 3421 5000 3503 5052; x_wconf 72' lang='lat'>9°.</span> <span class='ocrx_word' id='word_1_673' title='bbox 3537 4998 3625 5049; x_wconf 88' lang='grc'><strong>10.</strong></span> <span class='ocrx_word' id='word_1_674' title='bbox 3656 4999 3738 5050; x_wconf 89' lang='grc'>11.</span> 
     </span>
    </p>
   </div>
   <div class='ocr_carea' id='block_1_52' title="bbox 358 5067 3737 5142">
    <p class='ocr_par' dir='ltr' id='par_1_52' title="bbox 358 5067 3737 5142">
     <span class='ocr_line' id='line_1_52' title="bbox 358 5067 3737 5142; baseline -0.001 -17"><span class='ocrx_word' id='word_1_675' title='bbox 358 5068 450 5105; x_wconf 73' lang='grc'>’⁸⁷³</span> <span class='ocrx_word' id='word_1_676' title='bbox 482 5074 640 5130; x_wconf 65' lang='lat' dir='ltr'>deest</span> <span class='ocrx_word' id='word_1_677' title='bbox 669 5077 725 5125; x_wconf 94' lang='lat'>7.</span> <span class='ocrx_word' id='word_1_678' title='bbox 767 5078 848 5129; x_wconf 72' lang='lat'>9°.</span> <span class='ocrx_word' id='word_1_679' title='bbox 890 5085 1186 5142; x_wconf 72' lang='lat' dir='ltr'>superscr.</span> <span class='ocrx_word' id='word_1_680' title='bbox 1226 5072 1330 5127; x_wconf 79' lang='lat' dir='ltr'>Et.</span> <span class='ocrx_word' id='word_1_681' title='bbox 1412 5069 1663 5142; x_wconf 72' lang='lat' dir='ltr'>&quot;7’post</span> <span class='ocrx_word' id='word_1_682' title='bbox 1689 5072 1835 5128; x_wconf 79' lang='lat' dir='ltr'>add.</span> <span class='ocrx_word' id='word_1_683' title='bbox 1880 5075 1941 5127; x_wconf 89' lang='lat' dir='ltr'>ut</span> <span class='ocrx_word' id='word_1_684' title='bbox 1970 5077 2027 5126; x_wconf 94' lang='lat'>7.</span> <span class='ocrx_word' id='word_1_685' title='bbox 2099 5067 2191 5104; x_wconf 76' lang='grc'>²⁶⁸⁰</span> <span class='ocrx_word' id='word_1_686' title='bbox 2223 5072 2412 5127; x_wconf 88' lang='lat' dir='ltr'>utrius</span> <span class='ocrx_word' id='word_1_687' title='bbox 2459 5073 2562 5126; x_wconf 79' lang='lat' dir='ltr'>D1.</span> <span class='ocrx_word' id='word_1_688' title='bbox 2622 5074 2680 5125; x_wconf 74' lang='grc'><strong>5.</strong></span> <span class='ocrx_word' id='word_1_689' title='bbox 2742 5075 2830 5124; x_wconf 83' lang='grc'><strong>10.</strong></span> <span class='ocrx_word' id='word_1_690' title='bbox 2891 5070 3101 5142; x_wconf 84' lang='lat' dir='ltr'>utrius</span> <span class='ocrx_word' id='word_1_691' title='bbox 3129 5067 3737 5142; x_wconf 32' lang='lat' dir='ltr'>corrtdutriusque‘ﬁ.</span> 
     </span>
    </p>
   </div>
   <div class='ocr_carea' id='block_1_53' title="bbox 358 5136 3738 5217">
    <p class='ocr_par' dir='ltr' id='par_1_53' title="bbox 358 5136 3738 5217">
     <span class='ocr_line' id='line_1_53' title="bbox 358 5136 3738 5217; baseline -0.002 -20"><span class='ocrx_word' id='word_1_692' title='bbox 358 5141 448 5217; x_wconf 51' lang='grc' dir='ltr'>ξέἒξ</span> <span class='ocrx_word' id='word_1_693' title='bbox 482 5145 634 5199; x_wconf 83' lang='lat' dir='ltr'>coni.</span> <span class='ocrx_word' id='word_1_694' title='bbox 664 5136 983 5217; x_wconf 15' lang='lat' dir='ltr'>iniiipp.7.‘_</span> <span class='ocrx_word' id='word_1_695' title='bbox 1055 5142 1145 5175; x_wconf 78' lang='grc'>⁹⁶⁸²</span> <span class='ocrx_word' id='word_1_696' title='bbox 1177 5157 1230 5213; x_wconf 90' lang='lat' dir='ltr'>q.</span> <span class='ocrx_word' id='word_1_697' title='bbox 1259 5143 1367 5217; x_wconf 23' lang='lat' dir='ltr'>ise.</span> <span class='ocrx_word' id='word_1_698' title='bbox 1396 5136 1609 5217; x_wconf 64' lang='lat' dir='ltr'>(tes-iiut</span> <span class='ocrx_word' id='word_1_699' title='bbox 1630 5145 1685 5197; x_wconf 92' lang='lat'>4.</span> <span class='ocrx_word' id='word_1_700' title='bbox 1734 5142 2296 5217; x_wconf 17' lang='lat' dir='ltr'>A.§°_33Api-io_ribus_4._</span> <span class='ocrx_word' id='word_1_701' title='bbox 2348 5142 2436 5217; x_wconf 58' lang='lat'>958}</span> <span class='ocrx_word' id='word_1_702' title='bbox 2464 5142 2740 5217; x_wconf 74' lang='lat' dir='ltr'>episcopo</span> <span class='ocrx_word' id='word_1_703' title='bbox 2763 5143 2815 5217; x_wconf 75' lang='lat'>4.</span> <span class='ocrx_word' id='word_1_704' title='bbox 2893 5139 3059 5217; x_wconf 33' lang='grc' dir='ltr'>Μετ’-ιν.</span> <span class='ocrx_word' id='word_1_705' title='bbox 3091 5140 3124 5194; x_wconf 95' lang='lat' dir='ltr'>i.</span> <span class='ocrx_word' id='word_1_706' title='bbox 3151 5136 3362 5217; x_wconf 51' lang='lat'>7:“{33‘</span> <span class='ocrx_word' id='word_1_707' title='bbox 3390 5137 3738 5217; x_wconf 60' lang='lat' dir='ltr'>licitandlll.</span> 
     </span>
    </p>
   </div>
   <div class='ocr_carea' id='block_1_54' title="bbox 358 5207 3735 5272">
    <p class='ocr_par' dir='ltr' id='par_1_54' title="bbox 358 5207 3735 5272">
     <span class='ocr_line' id='line_1_54' title="bbox 358 5207 3735 5272; baseline 0 -3"><span class='ocrx_word' id='word_1_708' title='bbox 358 5209 449 5246; x_wconf 65' lang='grc'>’⁸⁸7</span> <span class='ocrx_word' id='word_1_709' title='bbox 483 5222 543 5270; x_wconf 87' lang='lat' dir='ltr'>et</span> <span class='ocrx_word' id='word_1_710' title='bbox 570 5222 628 5272; x_wconf 91' lang='lat'>7.</span> <span class='ocrx_word' id='word_1_711' title='bbox 714 5214 805 5247; x_wconf 77' lang='grc'><strong>²⁶⁸⁸</strong></span> <span class='ocrx_word' id='word_1_712' title='bbox 830 5207 1060 5270; x_wconf 75' lang='lat' dir='ltr'>diutius</span> <span class='ocrx_word' id='word_1_713' title='bbox 1100 5207 1209 5270; x_wconf 43' lang='lat'>9°.&quot;</span> <span class='ocrx_word' id='word_1_714' title='bbox 1269 5213 1361 5246; x_wconf 76' lang='grc'>²⁶⁸⁹</span> <span class='ocrx_word' id='word_1_715' title='bbox 1392 5213 1553 5270; x_wconf 81' lang='lat' dir='ltr'>deest</span> <span class='ocrx_word' id='word_1_716' title='bbox 1589 5216 1646 5269; x_wconf 81' lang='grc'>4.</span> <span class='ocrx_word' id='word_1_717' title='bbox 1731 5213 1823 5246; x_wconf 79' lang='grc'>²⁰⁹⁰</span> <span class='ocrx_word' id='word_1_718' title='bbox 1852 5207 1944 5270; x_wconf 78' lang='lat' dir='ltr'>ita</span> <span class='ocrx_word' id='word_1_719' title='bbox 1984 5214 2052 5268; x_wconf 84' lang='grc' dir='ltr'><strong>Ε.</strong></span> <span class='ocrx_word' id='word_1_720' title='bbox 2136 5212 2225 5245; x_wconf 83' lang='grc'>²⁶⁰¹</span> <span class='ocrx_word' id='word_1_721' title='bbox 2257 5213 2418 5269; x_wconf 77' lang='lat' dir='ltr'>deest</span> <span class='ocrx_word' id='word_1_722' title='bbox 2449 5207 2515 5267; x_wconf 59' lang='lat' dir='ltr'>tif</span> <span class='ocrx_word' id='word_1_723' title='bbox 2582 5207 2681 5245; x_wconf 63' lang='lat'>“9&quot;</span> <span class='ocrx_word' id='word_1_724' title='bbox 2702 5211 2941 5266; x_wconf 83' lang='lat' dir='ltr'>colonos</span> <span class='ocrx_word' id='word_1_725' title='bbox 2980 5212 3081 5267; x_wconf 61' lang='grc' dir='ltr'>Εἰ).</span> <span class='ocrx_word' id='word_1_726' title='bbox 3164 5209 3255 5242; x_wconf 77' lang='grc'>²⁸⁹⁸</span> <span class='ocrx_word' id='word_1_727' title='bbox 3284 5210 3355 5264; x_wconf 82' lang='lat' dir='ltr'>ha</span> <span class='ocrx_word' id='word_1_728' title='bbox 3386 5214 3444 5263; x_wconf 75' lang='lat' dir='ltr'>ti.</span> <span class='ocrx_word' id='word_1_729' title='bbox 3483 5214 3540 5263; x_wconf 78' lang='grc'><strong>7.</strong></span> <span class='ocrx_word' id='word_1_730' title='bbox 3582 5207 3634 5262; x_wconf 78' lang='lat' dir='ltr'>hi</span> <span class='ocrx_word' id='word_1_731' title='bbox 3663 5212 3735 5263; x_wconf 79' lang='lat'>9°-</span> 
     </span>
    </p>
   </div>
   <div class='ocr_carea' id='block_1_55' title="bbox 359 5278 3743 5355">
    <p class='ocr_par' dir='ltr' id='par_1_55' title="bbox 359 5278 3743 5355">
     <span class='ocr_line' id='line_1_55' title="bbox 359 5278 3743 5355; baseline -0.002 -16"><span class='ocrx_word' id='word_1_732' title='bbox 359 5284 445 5318; x_wconf 64' lang='grc' dir='ltr'><strong>²⁶⁹ε</strong></span> <span class='ocrx_word' id='word_1_733' title='bbox 482 5287 553 5340; x_wconf 83' lang='lat' dir='ltr'>ab</span> <span class='ocrx_word' id='word_1_734' title='bbox 587 5287 677 5341; x_wconf 93' lang='lat' dir='ltr'>his</span> <span class='ocrx_word' id='word_1_735' title='bbox 710 5286 750 5342; x_wconf 69' lang='grc' dir='ltr'><em>εἰ</em></span> <span class='ocrx_word' id='word_1_736' title='bbox 782 5286 1001 5342; x_wconf 71' lang='lat' dir='ltr'>simtu.</span> <span class='ocrx_word' id='word_1_737' title='bbox 1031 5291 1091 5341; x_wconf 94' lang='lat'>7.</span> <span class='ocrx_word' id='word_1_738' title='bbox 1124 5287 1211 5339; x_wconf 76' lang='grc' dir='ltr'>9ο.</span> <span class='ocrx_word' id='word_1_739' title='bbox 1293 5283 1385 5316; x_wconf 62' lang='grc'>³⁸9⁸</span> <span class='ocrx_word' id='word_1_740' title='bbox 1413 5291 1469 5340; x_wconf 93' lang='lat' dir='ltr'>et</span> <span class='ocrx_word' id='word_1_741' title='bbox 1496 5298 1644 5355; x_wconf 90' lang='lat' dir='ltr'>aqua</span> <span class='ocrx_word' id='word_1_742' title='bbox 1666 5285 1972 5355; x_wconf 48' lang='lat' dir='ltr'>desunt}.</span> <span class='ocrx_word' id='word_1_743' title='bbox 2047 5282 2137 5315; x_wconf 62' lang='lat'>“9°</span> <span class='ocrx_word' id='word_1_744' title='bbox 2163 5284 2437 5355; x_wconf 78' lang='lat' dir='ltr'>cxicbant</span> <span class='ocrx_word' id='word_1_745' title='bbox 2459 5290 2517 5339; x_wconf 78' lang='lat' dir='ltr'>ti.</span> <span class='ocrx_word' id='word_1_746' title='bbox 2548 5295 2706 5355; x_wconf 64' lang='lat' dir='ltr'>corr.</span> <span class='ocrx_word' id='word_1_747' title='bbox 2736 5282 3046 5355; x_wconf 72' lang='lat' dir='ltr'>exigebant</span> <span class='ocrx_word' id='word_1_748' title='bbox 3075 5287 3164 5336; x_wconf 83' lang='lat'>10.</span> <span class='ocrx_word' id='word_1_749' title='bbox 3240 5278 3743 5355; x_wconf 30' lang='lat' dir='ltr'>’m‘vvarmaciensi</span> 
     </span>
    </p>
   </div>
   <div class='ocr_carea' id='block_1_56' title="bbox 363 5348 3743 5479">
    <p class='ocr_par' dir='ltr' id='par_1_56' title="bbox 363 5348 3743 5479">
     <span class='ocr_line' id='line_1_56' title="bbox 363 5348 3743 5479; baseline -0.002 -69"><span class='ocrx_word' id='word_1_750' title='bbox 363 5355 416 5410; x_wconf 82' lang='lat'>4.</span> <span class='ocrx_word' id='word_1_751' title='bbox 505 5355 594 5389; x_wconf 70' lang='grc'>³⁸⁵³</span> <span class='ocrx_word' id='word_1_752' title='bbox 624 5358 905 5427; x_wconf 88' lang='lat' dir='ltr'>placitum</span> <span class='ocrx_word' id='word_1_753' title='bbox 932 5361 1021 5412; x_wconf 90' lang='grc'><strong>10.</strong></span> <span class='ocrx_word' id='word_1_754' title='bbox 1060 5360 1146 5411; x_wconf 87' lang='grc'>11.</span> <span class='ocrx_word' id='word_1_755' title='bbox 1229 5355 1321 5390; x_wconf 78' lang='grc'>²⁶⁹⁰</span> <span class='ocrx_word' id='word_1_756' title='bbox 1355 5348 1562 5411; x_wconf 81' lang='lat' dir='ltr'>turbas</span> <span class='ocrx_word' id='word_1_757' title='bbox 1585 5361 1675 5435; x_wconf 74' lang='grc'><strong>10.</strong></span> <span class='ocrx_word' id='word_1_758' title='bbox 1710 5361 1801 5411; x_wconf 85' lang='grc'>11.</span> <span class='ocrx_word' id='word_1_759' title='bbox 1884 5353 1978 5385; x_wconf 82' lang='grc'>²⁷⁰⁰</span> <span class='ocrx_word' id='word_1_760' title='bbox 2008 5354 2346 5426; x_wconf 88' lang='lat' dir='ltr'>prodigicne</span> <span class='ocrx_word' id='word_1_761' title='bbox 2371 5356 2475 5409; x_wconf 79' lang='lat' dir='ltr'>E2.</span> <span class='ocrx_word' id='word_1_762' title='bbox 2561 5351 2651 5432; x_wconf 45' lang='lat'>’7”:</span> <span class='ocrx_word' id='word_1_763' title='bbox 2683 5353 3192 5479; x_wconf 52' lang='lat' dir='ltr'>agiropinqualiat</span> <span class='ocrx_word' id='word_1_764' title='bbox 3215 5358 3272 5407; x_wconf 91' lang='lat'>7.</span> <span class='ocrx_word' id='word_1_765' title='bbox 3346 5349 3438 5383; x_wconf 80' lang='grc'>²⁷⁰²</span> <span class='ocrx_word' id='word_1_766' title='bbox 3460 5365 3521 5404; x_wconf 89' lang='lat' dir='ltr'>n.</span> <span class='ocrx_word' id='word_1_767' title='bbox 3552 5348 3743 5404; x_wconf 82' lang='lat' dir='ltr'>christi</span> 
     </span>
     <span class='ocr_line' id='line_1_57' title="bbox 366 5421 3737 5479; baseline -0.002 0"><span class='ocrx_word' id='word_1_768' title='bbox 366 5428 567 5479; x_wconf 87' lang='lat' dir='ltr'>manif.</span> <span class='ocrx_word' id='word_1_769' title='bbox 608 5430 665 5479; x_wconf 89' lang='lat'>4.</span> <span class='ocrx_word' id='word_1_770' title='bbox 750 5427 842 5460; x_wconf 71' lang='grc' dir='ltr'>²τ⁰³</span> <span class='ocrx_word' id='word_1_771' title='bbox 876 5443 986 5479; x_wconf 84' lang='lat' dir='ltr'>oue</span> <span class='ocrx_word' id='word_1_772' title='bbox 1015 5435 1072 5479; x_wconf 86' lang='lat'>7.</span> <span class='ocrx_word' id='word_1_773' title='bbox 1154 5426 1245 5460; x_wconf 65' lang='grc' dir='ltr'>’τοι</span> <span class='ocrx_word' id='word_1_774' title='bbox 1277 5431 1452 5479; x_wconf 81' lang='lat' dir='ltr'>atque</span> <span class='ocrx_word' id='word_1_775' title='bbox 1476 5426 1712 5479; x_wconf 81' lang='lat' dir='ltr'>habitus</span> <span class='ocrx_word' id='word_1_776' title='bbox 1733 5431 1792 5479; x_wconf 92' lang='lat' dir='ltr'>et</span> <span class='ocrx_word' id='word_1_777' title='bbox 1816 5440 1874 5479; x_wconf 78' lang='grc' dir='ltr'><strong>θ.</strong></span> <span class='ocrx_word' id='word_1_778' title='bbox 1909 5427 1963 5479; x_wconf 79' lang='grc'>4.</span> <span class='ocrx_word' id='word_1_779' title='bbox 2048 5425 2141 5458; x_wconf 75' lang='grc'>²⁷⁰⁶</span> <span class='ocrx_word' id='word_1_780' title='bbox 2175 5428 2406 5479; x_wconf 76' lang='lat' dir='ltr'>fuerunt</span> <span class='ocrx_word' id='word_1_781' title='bbox 2440 5430 2525 5479; x_wconf 72' lang='lat'>9°.</span> <span class='ocrx_word' id='word_1_782' title='bbox 2607 5422 2700 5455; x_wconf 79' lang='grc'>²⁸⁰⁶</span> <span class='ocrx_word' id='word_1_783' title='bbox 2771 5438 2860 5479; x_wconf 85' lang='lat' dir='ltr'>ees</span> <span class='ocrx_word' id='word_1_784' title='bbox 2914 5429 2972 5478; x_wconf 89' lang='lat'>7.</span> <span class='ocrx_word' id='word_1_785' title='bbox 3046 5423 3131 5455; x_wconf 60' lang='grc' dir='ltr'>τίοι</span> <span class='ocrx_word' id='word_1_786' title='bbox 3169 5436 3231 5477; x_wconf 90' lang='lat' dir='ltr'>so</span> <span class='ocrx_word' id='word_1_787' title='bbox 3261 5437 3321 5479; x_wconf 84' lang='grc' dir='ltr'>ι).</span> <span class='ocrx_word' id='word_1_788' title='bbox 3361 5421 3573 5479; x_wconf 78' lang='lat' dir='ltr'>desunt</span> <span class='ocrx_word' id='word_1_789' title='bbox 3597 5425 3651 5475; x_wconf 83' lang='lat'>6.</span> <span class='ocrx_word' id='word_1_790' title='bbox 3685 5425 3737 5476; x_wconf 96' lang='lat'>7.</span> 
     </span>
    </p>
   </div>
   <div class='ocr_carea' id='block_1_57' title="bbox 366 5369 3737 5496">
    <p class='ocr_par' dir='ltr' id='par_1_57' title="bbox 366 5369 3737 5496">
     <span class='ocr_line' id='line_1_58' title="bbox 366 5369 3737 5480; baseline -0.002 -70"><span class='ocrx_word' id='word_1_791' title='bbox 366 5369 416 5410; x_wconf 71' lang='grc'>4.</span> <span class='ocrx_word' id='word_1_792' title='bbox 506 5369 594 5389; x_wconf 56' lang='lat' dir='ltr'>xm</span> <span class='ocrx_word' id='word_1_793' title='bbox 624 5369 905 5427; x_wconf 76' lang='lat' dir='ltr'>placitum</span> <span class='ocrx_word' id='word_1_794' title='bbox 932 5369 1021 5412; x_wconf 84' lang='grc' dir='ltr'><strong>1υ.</strong></span> <span class='ocrx_word' id='word_1_795' title='bbox 1060 5369 1146 5411; x_wconf 83' lang='grc' dir='ltr'>ιι.</span> <span class='ocrx_word' id='word_1_796' title='bbox 1231 5369 1321 5390; x_wconf 75' lang='grc' dir='ltr'>ιου</span> <span class='ocrx_word' id='word_1_797' title='bbox 1355 5369 1559 5411; x_wconf 82' lang='lat' dir='ltr'>turbas</span> <span class='ocrx_word' id='word_1_798' title='bbox 1585 5369 1675 5411; x_wconf 71' lang='lat' dir='ltr'>tu.</span> <span class='ocrx_word' id='word_1_799' title='bbox 1710 5369 1801 5411; x_wconf 78' lang='grc' dir='ltr'>ιι.</span> <span class='ocrx_word' id='word_1_800' title='bbox 1886 5369 1978 5385; x_wconf 76' lang='grc' dir='ltr'>ιίυν</span> <span class='ocrx_word' id='word_1_801' title='bbox 2008 5369 2346 5426; x_wconf 78' lang='lat' dir='ltr'>prodigicne</span> <span class='ocrx_word' id='word_1_802' title='bbox 2372 5369 2475 5409; x_wconf 55' lang='lat' dir='ltr'>ria.</span> <span class='ocrx_word' id='word_1_803' title='bbox 2683 5369 3192 5480; x_wconf 51' lang='lat' dir='ltr'>agiropmquanat</span> <span class='ocrx_word' id='word_1_804' title='bbox 3216 5369 3272 5407; x_wconf 51' lang='grc' dir='ltr'>νι.</span> <span class='ocrx_word' id='word_1_805' title='bbox 3460 5369 3521 5404; x_wconf 92' lang='lat' dir='ltr'>n.</span> <span class='ocrx_word' id='word_1_806' title='bbox 3552 5369 3737 5404; x_wconf 75' lang='lat' dir='ltr'>Ulll‘lStl</span> 
     </span>
     <span class='ocr_line' id='line_1_59' title="bbox 366 5421 3737 5496; baseline -0.002 -16"><span class='ocrx_word' id='word_1_807' title='bbox 366 5428 567 5482; x_wconf 86' lang='lat' dir='ltr'>manif.</span> <span class='ocrx_word' id='word_1_808' title='bbox 608 5430 665 5483; x_wconf 89' lang='lat'>4.</span> <span class='ocrx_word' id='word_1_809' title='bbox 750 5427 842 5460; x_wconf 67' lang='grc'>²⁷⁰³</span> <span class='ocrx_word' id='word_1_810' title='bbox 876 5443 986 5496; x_wconf 89' lang='lat' dir='ltr'>que</span> <span class='ocrx_word' id='word_1_811' title='bbox 1015 5435 1072 5483; x_wconf 86' lang='lat'>7.</span> <span class='ocrx_word' id='word_1_812' title='bbox 1154 5426 1245 5460; x_wconf 67' lang='grc' dir='ltr'>’τοι</span> <span class='ocrx_word' id='word_1_813' title='bbox 1277 5431 1452 5496; x_wconf 89' lang='lat' dir='ltr'>atque</span> <span class='ocrx_word' id='word_1_814' title='bbox 1476 5426 1712 5483; x_wconf 88' lang='lat' dir='ltr'>habitus</span> <span class='ocrx_word' id='word_1_815' title='bbox 1733 5431 1792 5480; x_wconf 92' lang='lat' dir='ltr'>et</span> <span class='ocrx_word' id='word_1_816' title='bbox 1816 5440 1874 5482; x_wconf 91' lang='lat' dir='ltr'>e.</span> <span class='ocrx_word' id='word_1_817' title='bbox 1909 5427 1963 5479; x_wconf 79' lang='lat'>4.</span> <span class='ocrx_word' id='word_1_818' title='bbox 2048 5425 2141 5458; x_wconf 73' lang='grc'>²⁷⁰⁶</span> <span class='ocrx_word' id='word_1_819' title='bbox 2175 5428 2406 5496; x_wconf 76' lang='lat' dir='ltr'>fuerunt</span> <span class='ocrx_word' id='word_1_820' title='bbox 2440 5430 2525 5480; x_wconf 72' lang='lat'>9°.</span> <span class='ocrx_word' id='word_1_821' title='bbox 2607 5422 2700 5496; x_wconf 46' lang='lat' dir='ltr'>27ft“</span> <span class='ocrx_word' id='word_1_822' title='bbox 2771 5438 2860 5479; x_wconf 87' lang='lat' dir='ltr'>ees</span> <span class='ocrx_word' id='word_1_823' title='bbox 3046 5422 3137 5496; x_wconf 66' lang='lat' dir='ltr'>&quot;f0&quot;</span> <span class='ocrx_word' id='word_1_824' title='bbox 3169 5436 3231 5477; x_wconf 91' lang='lat' dir='ltr'>so</span> <span class='ocrx_word' id='word_1_825' title='bbox 3261 5437 3321 5494; x_wconf 90' lang='lat' dir='ltr'>p.</span> <span class='ocrx_word' id='word_1_826' title='bbox 3361 5421 3573 5479; x_wconf 79' lang='lat' dir='ltr'>desunt</span> <span class='ocrx_word' id='word_1_827' title='bbox 3597 5425 3651 5475; x_wconf 83' lang='lat'>6.</span> <span class='ocrx_word' id='word_1_828' title='bbox 3685 5425 3737 5476; x_wconf 96' lang='lat'>7.</span> 
     </span>
    </p>
   </div>
   <div class='ocr_carea' id='block_1_58' title="bbox 366 5492 3279 5566">
    <p class='ocr_par' dir='ltr' id='par_1_58' title="bbox 366 5492 3279 5566">
     <span class='ocr_line' id='line_1_60' title="bbox 366 5492 3279 5566; baseline -0.001 -15"><span class='ocrx_word' id='word_1_829' title='bbox 366 5504 448 5551; x_wconf 69' lang='lat'>90.</span> <span class='ocrx_word' id='word_1_830' title='bbox 532 5497 626 5533; x_wconf 78' lang='grc'>²⁷⁰⁶</span> <span class='ocrx_word' id='word_1_831' title='bbox 657 5492 1020 5556; x_wconf 86' lang='lat' dir='ltr'>thiedericus</span> <span class='ocrx_word' id='word_1_832' title='bbox 1050 5499 1152 5555; x_wconf 66' lang='grc' dir='ltr'><strong>ΕΞ.</strong></span> <span class='ocrx_word' id='word_1_833' title='bbox 1193 5492 1572 5554; x_wconf 84' lang='lat' dir='ltr'>theodoricus</span> <span class='ocrx_word' id='word_1_834' title='bbox 1604 5503 1661 5553; x_wconf 92' lang='lat'>7.</span> <span class='ocrx_word' id='word_1_835' title='bbox 1703 5496 1989 5553; x_wconf 90' lang='lat' dir='ltr'>dictricus</span> <span class='ocrx_word' id='word_1_836' title='bbox 2024 5499 2080 5551; x_wconf 90' lang='lat'>4.</span> <span class='ocrx_word' id='word_1_837' title='bbox 2118 5500 2203 5553; x_wconf 80' lang='lat'>9°.</span> <span class='ocrx_word' id='word_1_838' title='bbox 2286 5495 2378 5529; x_wconf 72' lang='lat'>’70“</span> <span class='ocrx_word' id='word_1_839' title='bbox 2406 5492 2721 5566; x_wconf 88' lang='lat' dir='ltr'>pastoralis</span> <span class='ocrx_word' id='word_1_840' title='bbox 2753 5501 2836 5551; x_wconf 64' lang='lat' dir='ltr'>9G.</span> <span class='ocrx_word' id='word_1_841' title='bbox 2917 5493 3010 5527; x_wconf 75' lang='grc' dir='ltr'>²⁷ί⁰</span> <span class='ocrx_word' id='word_1_842' title='bbox 3040 5493 3162 5550; x_wconf 88' lang='lat' dir='ltr'>sive</span> <span class='ocrx_word' id='word_1_843' title='bbox 3193 5492 3279 5550; x_wconf 67' lang='lat'>9°}</span> 
     </span>
    </p>
   </div>
   <div class='ocr_carea' id='block_1_59' title="bbox 1941 5618 2171 5677">
    <p class='ocr_par' dir='ltr' id='par_1_59' title="bbox 1941 5618 2171 5677">
     <span class='ocr_line' id='line_1_61' title="bbox 1941 5618 2171 5677; baseline 0.017 -4"><span class='ocrx_word' id='word_1_844' title='bbox 1941 5618 2144 5676; x_wconf 67' lang='lat' dir='ltr'>NOTE</span> <span class='ocrx_word' id='word_1_845' title='bbox 2158 5659 2171 5677; x_wconf 64' lang='grc' dir='ltr'><strong>ν</strong></span> 
     </span>
    </p>
   </div>
   <div class='ocr_carea' id='block_1_60' title="bbox 431 5715 982 5789">
    <p class='ocr_par' dir='ltr' id='par_1_60' title="bbox 431 5715 982 5789">
     <span class='ocr_line' id='line_1_62' title="bbox 431 5715 982 5789; baseline 0.002 -18"><span class='ocrx_word' id='word_1_846' title='bbox 431 5715 982 5789; x_wconf 77' lang='lat' dir='ltr'>(351)V.a.1tt7.</span> 
     </span>
    </p>
   </div>
  </div>
