3948 6468
199 387 288 441 9A3

741 378 1125 438 EXPOSITIO
1183 381 1258 436 IN
1311 379 1694 436 EPISTOLAS
1749 379 1974 436 PAULI.
2007 409 2076 421 —-
2107 379 2183 435 IN
2237 379 2465 435 EPIST.
2529 379 2684 435 IAD
2741 378 2908 436 COR.

3395 383 3501 438 2M

213 505 457 576 telligeret
490 503 698 576 aliquis
747 521 871 560 esse
920 504 1216 570 contraria,
1251 504 1412 560 solvit
1439 504 1578 560 illud
1610 504 1800 560 absol-
1819 508 1874 567 Α
1903 503 1957 558 in
1989 505 2182 560 aculeo
2213 521 2327 561 suae
2355 505 2562 574 caudae,
2586 513 2820 562 mortem
2839 505 2962 562 loco
2983 505 3179 562 veneni
3201 505 3455 579 gestabat
3479 506 3508 560 ἵ

216 594 372 650 vendo
399 609 625 649 omnem
657 593 1122 661 contrarietatem,
1155 594 1346 650 dicens
1379 611 1392 648 :
1425 594 1508 648 Ne
1536 593 1796 665 praedicta

209 683 354 738 verba
417 697 544 737 mea
596 683 736 738 male
793 683 1238 754 interpretemini,
1305 699 1428 738 ecce
1470 682 1592 738 dico
1649 683 1796 739 vobis

213 771 552 843 mysterium,
600 771 655 825 id
695 779 778 826 est
818 771 1008 843 aperio
1051 772 1208 827 vobis
1244 787 1363 826 rem
1409 771 1694 838 occultam,
1737 778 1796 826 ut

209 876 297 930 per
323 859 438 928 ejus
485 860 823 930 apertionem
862 860 1105 916 auferam
1136 875 1168 915 a
1197 859 1354 915 vobis
1391 859 1550 928 hujus
1578 860 1658 914 rei
1687 859 1792 914 du-

207 949 468 1003 bietatem.
524 949 666 1004 Vere
719 950 943 1022 quidem
989 958 1072 1004 est
1129 949 1294 1018 (sicut
1341 947 1600 1020 praefatus
1649 948 1791 1019 sum)

203 1037 331 1108 quod
361 1052 556 1092 omnes
578 1054 956 1108 resurgemus,
979 1037 1032 1092 id
1051 1045 1132 1092 est
1163 1053 1355 1092 omnes
1384 1051 1618 1108 corpora
1647 1053 1794 1093 resu-

203 1142 419 1190 memus,
447 1126 542 1181 sed
564 1135 746 1180 tamen
768 1144 882 1181 non
906 1143 1098 1182 omnes
1116 1127 1568 1192 immutabimur,
1585 1126 1638 1180 in
1651 1126 1789 1182 acci-

201 1213 387 1285 piendo
420 1213 655 1285 gloriam
691 1231 703 1270 :
738 1216 866 1286 quia
899 1215 1116 1287 quidam
1146 1223 1438 1286 resurgant
1469 1215 1538 1270 ad
1569 1229 1788 1285 poenam

197 1303 291 1356 sibi
335 1303 793 1373 augmentandam
828 1322 841 1358 :
875 1303 962 1358 alii
999 1305 1070 1359 ad
1112 1304 1361 1376 gloriam.
1415 1305 1786 1376 Resurgemus

192 1391 394 1463 quidem
454 1393 519 1446 in
574 1398 880 1460 momento,
943 1400 1110 1450 et,ut
1163 1394 1430 1462 majorem
1472 1391 1784 1448 facilitatem

195 1480 610 1538 resurrectionis
679 1480 906 1551 aperiat,
976 1481 1195 1552 corripit
1237 1481 1383 1553 quod
1439 1480 1666 1545 dixerat,
1727 1481 1784 1536 in

193 1577 481 1638 momento,
515 1569 706 1624 dicens
737 1585 749 1624 :
783 1572 1152 1642 Resurgemus
1173 1573 1236 1625 in
1266 1571 1385 1626 ictu
1406 1571 1575 1636 oculi,
1600 1569 1654 1624 id
1677 1578 1776 1637 est,

187 1674 338 1729 quam
369 1659 479 1714 cito
510 1658 700 1714 oculus
742 1659 939 1713 transit
983 1659 1050 1713 ad
1098 1658 1494 1730 pervidendum
1527 1657 1731 1730 aliquid
1763 1675 1776 1713 :

182 1747 279 1813 vel,
311 1763 476 1818 quam
531 1747 639 1802 cito
692 1747 956 1818 palpebra
1009 1747 1290 1818 palpebrae
1335 1747 1601 1818 jungitur.
1663 1748 1780 1803 Hoc

181 1844 349 1890 autem
374 1835 468 1891 ﬁet
497 1837 562 1891 in
605 1835 737 1892 tuba
778 1838 1085 1892 novissima
1120 1852 1131 1890 :
1167 1853 1279 1891 non
1309 1838 1459 1908 quod
1497 1851 1599 1892 vox
1635 1836 1778 1892 tubae
1804 1866 1856 1925 Β

187 1924 253 1978 ibi
281 1925 551 1992 audiatur,
599 1925 695 1980 sed
746 1925 883 1980 sicut
923 1942 1024 1980 vox
1056 1927 1201 1982 tubae
1231 1926 1461 1981 victores
1491 1925 1680 1979 invitat
1713 1925 1783 1980 ad

185 2012 448 2084 palmam:
497 2013 656 2069 victis
704 2030 833 2069 vero
871 2013 926 2068 iit
971 2014 1040 2068 ad
1078 2024 1344 2070 terrorem
1379 2031 1391 2068 :
1426 2014 1500 2069 ita
1545 2030 1650 2070 vox
1691 2013 1784 2068 illa

188 2101 394 2173 signum
444 2101 549 2157 erit
593 2102 752 2170 justis
797 2110 852 2156 ut
883 2103 1138 2173 triumphi
1186 2103 1441 2158 meritum
1491 2102 1778 2173 accipiant,

180 2188 354 2260 impiis
401 2199 588 2246 autem
637 2199 900 2246 terrorem
967 2208 1144 2262 pmnae
1192 2192 1433 2247 incutiat.
1467 2191 1780 2247 Novissima

183 2277 326 2346 ideo,
376 2279 506 2350 quia
553 2293 677 2333 cum
706 2279 906 2334 multas
952 2295 1118 2336 voces
1167 2280 1383 2334 dederit
1430 2279 1678 2334 Christus
1726 2279 1779 2333 in

178 2367 396 2433 mundo,
428 2368 578 2423 unde
611 2377 839 2423 terreret
862 2369 1076 2439 impios,
1104 2367 1401 2424 lzetiticaret
1418 2369 1596 2438 justos
1631 2383 1644 2422 :
1678 2383 1780 2422 vox

178 2454 266 2510 illa
281 2457 471 2524 judicii
497 2456 790 2511 novissima
818 2457 918 2512 erit
938 2473 1322 2513 consummans
1340 2459 1500 2527 justis
1522 2457 1773 2528 gloriam,

178 2545 353 2615 impiis
382 2544 523 2599 iram
555 2544 973 2600 indeficientem.
1007 2547 1075 2600 Et
1099 2547 1222 2617 quia
1251 2547 1321 2602 de
1354 2547 1484 2602 tuba
1513 2547 1615 2602 hac
1644 2546 1780 2601 nihil

167 2633 394 2703 amplius
456 2633 706 2698 dixerat,
758 2635 940 2689 subdit
976 2649 988 2688 :
1025 2635 1248 2691 152
1290 2637 1435 2690 Bene
1466 2635 1597 2691 dico
1626 2635 1774 2690 tuba.

168 2723 304 2776 Nam
321 2726 496 2778 canet
518 2721 671 2778 tuba.
697 2722 818 2777 Non
849 2723 1172 2778 determinat
1200 2731 1378 2778 utrum
1409 2723 1660 2778 Christus
1690 2723 1778 2779 vel

167 2810 394 2880 angelus
440 2810 577 2866 tuba
615 2810 704 2865 illa
732 2827 930 2867 canere
961 2812 1177 2868 debeat.
1212 2812 1312 2868 Vel
1341 2820 1398 2866 ut
1429 2813 1498 2867 sit
1526 2813 1776 2868 nomina-

171 2897 330 2968 tivus,
383 2899 516 2954 tuba
563 2899 655 2953 illa
701 2907 858 2954 canet
889 2905 945 2955 et
995 2900 1049 2955 in
1098 2917 1233 2956 voce
1280 2901 1424 2956 tubae
1470 2905 1773 2972 resurgent

168 2989 379 3042 mortui
409 2990 755 3060 incorrupti,
781 2988 835 3042 id
874 2996 957 3044 est
985 2989 1040 3044 in
1071 2989 1379 3061 integritate
1409 2990 1772 3044 membrorum

162 3077 451 3131 restaurati
491 3093 504 3131 :
537 3076 756 3148 quidam
783 3085 968 3133 tamen
999 3078 1189 3133 dolore
1211 3093 1492 3148 poenarum
1522 3093 1770 3134 corrum-

163 3165 344 3234 pendi,
379 3165 486 3221 sed
514 3181 617 3221 nos
647 3165 803 3221 electi
833 3166 934 3222 Dei
963 3165 1418 3235 immutabimur,
1451 3167 1772 3238 accipiendo

158 3253 383 3324 gloriam
433 3254 871 3310 resurrectionis.
927 3255 1070 3312 Vere
1117 3255 1554 3312 immutabimur
1581 3276 1599 3323 ;
1629 3274 1768 3312 nam

155 3347 394 3414 oportet,
447 3342 508 3398 id
539 3350 623 3397 est
671 3352 750 3415 rut
780 3360 910 3400 vere
955 3344 1060 3398 sint
1091 3345 1408 3416 Scriptura)
1456 3345 1768 3403 inevitabile

162 3439 241 3485 est
273 3449 288 3485 :
315 3436 563 3504 Oportet,
585 3431 808 3503 inquam
827 3431 1196 3506 corruptibile
1219 3435 1332 3501 hoc,
1365 3434 1420 3488 id
1441 3442 1546 3502 est,
1566 3450 1766 3507 corpus

163 3527 239 3575 tot
269 3521 511 3576 miseriis
540 3521 800 3588 attritum,
853 3523 1090 3578 induere
1137 3523 1646 3596 incorruptionem.
1698 3527 1766 3580 Et

159 3609 284 3681 quia
312 3610 692 3681 incorruptum
728 3618 915 3681 posset
961 3627 1083 3667 esse
1113 3611 1181 3666 ad
1213 3620 1446 3684 tempus,
1479 3621 1535 3667 ut
1582 3622 1766 3669 tamen

155 3714 260 3754 non
290 3700 556 3754 evaderet
581 3718 594 3764 ;
627 3699 907 3756 addiditet
936 3707 1153 3772 Oportet
1174 3703 1420 3758 mortale
1443 3703 1544 3758 hoc
1566 3717 1764 3774 corpus

154 3788 388 3844 induere
420 3790 943 3846 immortalitatem.

221 3878 360 3932 Vere
410 3879 519 3934 hoc
584 3877 813 3932 mortale
884 3877 974 3933 fiet
1039 3878 1391 3934 immortale:
1426 3897 1564 3936 nam
1610 3897 1763 3937 mors

151 3965 434 4038 absorpta,
461 3967 516 4021 id
544 3975 622 4021 est
646 3967 926 4023 destructa
949 3975 1001 4022 et
1022 3968 1286 4040 deglutita
1313 3977 1412 4034 est,
1438 3971 1500 4025 in
1525 3972 1765 4026 victoria

147 4053 362 4121 Christi,
417 4055 642 4128 quando
689 4064 862 4111 morte
909 4073 1008 4112 sua
1047 4065 1276 4112 mortem
1326 4059 1597 4129 superavit
1631 4075 1644 4113 :
1676 4059 1763 4114 vel

145 4145 203 4198 in
236 4146 484 4200 victoria
537 4161 664 4210 sua,
694 4144 750 4199 id
792 4153 876 4199 est
907 4146 1100 4200 mortis
1135 4161 1148 4200 :
1179 4163 1278 4216 per
1307 4148 1410 4203 hoc
1441 4148 1585 4202 enim
1617 4149 1763 4219 quod

141 4248 288 4287 mors
321 4234 586 4289 invadere
607 4233 882 4288 Christum
903 4236 1272 4306 praesumpsit,
1310 4235 1365 4290 in
1388 4251 1496 4307 quo
1518 4252 1626 4292 non
1650 4247 1762 4292 erat

140 4331 443 4391 peccatum,
482 4323 633 4394 quod
663 4329 747 4378 est
775 4339 938 4378 causa
973 4324 1184 4388 mortis,
1236 4325 1290 4379 in
1321 4325 1442 4395 ipsa
1473 4341 1573 4380 sua
1611 4342 1760 4397 prai-

142 4412 449 4481 sumptione
472 4411 752 4467 occubuit.
777 4413 900 4467 Haec
922 4421 1102 4467 autem
1125 4414 1418 4468 auctoritas
1439 4415 1493 4468 in
1515 4413 1660 4470 Osee
1681 4415 1761 4472 sic

139 4498 414 4555 invenitur
448 4517 461 4555 :
504 4521 527 4550 ι
567 4500 614 4556 Ο
656 4515 803 4555 mors
833 4517 929 4556 ero
976 4517 1120 4557 mors
1151 4512 1241 4556 tua
1271 4504 1429 4572 (Osee
1459 4504 1598 4573 xm).
1637 4525 1659 4553 ι
1694 4505 1761 4559 Et

1898 593 1986 648 Ait
2018 594 2255 649 Paulus:
2288 595 2430 650 bene
2457 595 2580 650 dico
2610 595 2862 650 stimulus
2895 610 2906 649 :
2940 611 3068 650 nam
3099 599 3399 668 peccatum
3420 600 3506 652 est

1897 683 2169 739 stimulus
2197 686 2422 753 mortis,
2454 683 2508 738 id
2538 691 2624 739 est
2652 684 2846 740 aculeo
2879 699 2978 740 suo
3008 693 3239 740 mortem
3269 683 3505 739 homini-

1895 771 1997 826 bus
2040 771 2401 828 instimulans.
2426 774 2558 827 .Pro
2604 787 2670 828 eo
2719 774 2866 844 quod
2916 773 3113 828 Paulus
3143 772 3274 844 quid
3303 773 3374 827 sit
3403 772 3503 827 sti-

1894 859 2074 914 mulus
2127 860 2368 931 exponit,
2435 861 2806 931 praecedentia
2868 862 3035 916 verba
3089 867 3343 932 putantur
3387 875 3502 915 non

1894 964 2016 1002 esse
2048 948 2217 1019 ipsius
2251 964 2264 1002 :
2296 948 2383 1003 vel
2414 948 2460 1003 si
2490 957 2615 1004 sunt
2657 949 2828 1014 Pauli,
2880 965 2990 1005 non
3033 957 3215 1005 tamen
3261 956 3502 1004 mutatur

1892 1037 2179 1092 sententia.
2236 1037 2554 1093 Insultando
2603 1037 2748 1093 enim
2795 1037 2926 1093 dicit
2963 1038 3145 1107 morti,
3179 1038 3306 1110 quia
3334 1037 3499 1093 modo

1891 1125 2151 1196 absorpta
2163 1141 2242 1181 es.
2265 1127 2358 1183 Ubi
2370 1131 2474 1190 est.
2499 1142 2529 1182 o
2548 1142 2720 1192 mors,
2735 1129 2839 1182 tua
2852 1128 3090 1183 victoria
3109 1126 3136 1180 ‘2
3157 1125 3365 1182 Caetera
3386 1142 3496 1182 non

1891 1221 2181 1269 mutantur.
2243 1214 2326 1270 Ne
2399 1215 2593 1270 iterum
2652 1215 2896 1271 dicerent
2943 1231 2956 1270 :
3016 1216 3150 1270 Cum
3217 1216 3496 1271 destructo

1889 1311 2118 1374 peccato
2179 1303 2489 1359 destruatur
2534 1320 2703 1374 mors,
2764 1304 2903 1359 bene
2959 1303 3122 1360 modo
3175 1303 3335 1358 nobis
3389 1311 3493 1370 est,

1891 1391 2018 1462 quia
2047 1407 2148 1462 per
2185 1391 2366 1465 legem
2410 1393 2756 1448 destruemus
2802 1401 3105 1464 peccatum.
3165 1393 3364 1448 Contra
3393 1393 3498 1448 hoc

1890 1480 2137 1535 Paulus:
2181 1481 2464 1536 Peccatum
2504 1491 2585 1537 est
2633 1481 2885 1537 stimulus
2925 1481 3136 1538 mortis.
3187 1484 3307 1538 Lex
3363 1497 3496 1538 vero

1888 1569 2034 1624 nullo
2077 1570 2241 1625 modo
2288 1570 2533 1626 debilitat
2572 1579 2859 1641 peccatum
2890 1587 2904 1624 :
2936 1571 3046 1627 imo
3092 1575 3179 1628 est
3209 1573 3409 1638 virtus,
3443 1579 3496 1626 et

1888 1666 2242 1728 augmentum
2268 1661 2512 1731 peccati.
2565 1660 2632 1714 Et
2674 1660 2778 1714 hoc
2835 1673 3079 1730 congrue
3137 1659 3388 1725 removit,
3437 1666 3497 1714 ut

1887 1746 2023 1802 sicut
2049 1763 2150 1817 per
2178 1746 2450 1802 Christum
2482 1747 2808 1818 probaverat
2855 1747 2976 1803 ﬁeri
3005 1747 3488 1813 resurrectionem,

1887 1833 1966 1890 sic
1995 1851 2095 1905 per
2135 1835 2389 1890 eumdem
2427 1835 2662 1890 ostendit
2718 1852 2842 1891 esse
2888 1852 3108 1891 omnem
3151 1835 3364 1908 peccati
3403 1852 3494 1890 re-

1886 1922 2227 1979 missionem.
2261 1925 2329 1978 Et
2359 1923 2487 1996 quia
2517 1923 2605 1978 lex
2632 1932 2797 1995 auget
2840 1932 3146 1994 peccatum,
3193 1923 3317 1978 ideo
3347 1922 3497 1978 nulla

1883 2011 1994 2083 legi
2054 2014 2261 2084 gratia,
2325 2013 2422 2066 sed
2483 2014 2589 2068 Deo
2639 2028 2830 2068 omnes
2860 2027 3090 2084 agamus
3115 2013 3322 2085 gratias
3357 2028 3370 2067 :
3401 2013 3500 2084 qui

1884 2099 2040 2155 dedit
2084 2101 2241 2156 nobis
2282 2101 2579 2156 victoriam
2620 2101 2829 2172 peccati
2859 2109 2913 2155 et
2941 2102 3148 2166 mortis,
3183 2109 3236 2156 et
3265 2101 3367 2156 hoc
3397 2117 3498 2173 per

1885 2189 2188 2244 Dominum
2218 2194 2486 2246 nostrum
2513 2191 2708 2245 Jesum
2733 2189 3039 2246 Christum.
3062 2190 3131 2244 Et
3153 2189 3280 2261 quia
3295 2205 3359 2244 ex
3378 2189 3495 2244 Deo

1880 2286 1932 2330 et
1961 2293 2063 2347 per
2083 2277 2358 2331 Christum
2383 2278 2563 2332 omnis
2585 2277 2852 2343 victoria;
2876 2279 3085 2350 itaque,
3109 2281 3321 2350 fratres
3359 2280 3493 2342 mei,

1879 2373 1935 2419 ut
1966 2365 2086 2420 sitis
2115 2366 2232 2420 Deo
2262 2366 2484 2433 dilecti,
2516 2371 2695 2422 estote
2740 2367 2969 2422 stabiles
2999 2367 3054 2422 in
3084 2367 3249 2432 bono,
3281 2367 3410 2420 dum
3439 2366 3496 2419 in

1881 2454 2064 2526 quiete
2119 2454 2270 2525 pacis
2314 2455 2466 2510 estis.
2511 2457 2701 2510 Estote
2753 2455 2914 2510 etiam
2958 2456 3270 2512 immobiles
3299 2470 3332 2510 a
3361 2453 3491 2520 ﬁde,

1879 2543 1925 2596 si
1955 2543 2183 2598 adversa
2213 2543 2489 2598 irruerint.
2537 2545 2647 2599 Vos
2697 2544 2821 2600 dico
2852 2545 3207 2600 abundantes
3236 2545 3299 2598 in
3329 2559 3494 2616 opere

1880 2633 2128 2698 Domini,
2152 2639 2209 2686 ut
2240 2648 2460 2704 semper
2489 2632 2687 2687 melius
2718 2641 2771 2688 et
2800 2632 2996 2687 melius
3025 2631 3346 2704 operemini.
3380 2631 3493 2686 Vos

1877 2720 2002 2776 dico
2033 2736 2252 2791 semper
2281 2722 2525 2777 scientes
2551 2721 2694 2793 quod
2729 2722 2882 2777 labor
2910 2726 3093 2777 vester
3121 2737 3236 2778 non
3265 2724 3348 2777 est
3370 2721 3493 2776 ina-

1877 2811 1988 2876 nis,
2023 2809 2078 2862 id
2119 2817 2202 2864 est
2257 2809 2375 2864 sine
2434 2808 2640 2875 fructu;
2673 2809 2771 2864 sed
2827 2809 2882 2864 in
2938 2809 3113 2883 gloria
3171 2824 3376 2882 magna
3406 2824 3493 2864 re-

1877 2898 2173 2952 surrecturi
2205 2897 2356 2963 estis,
2390 2906 2444 2953 et
2471 2898 2575 2953 hoc
2609 2901 2672 2954 in
2695 2899 2952 2965 Domino,
2981 2898 3034 2954 id
3066 2906 3148 2955 est
3175 2914 3274 2970 per
3303 2897 3490 2954 Domi-

1875 3003 2004 3042 num
2034 2986 2467 3044 misericorditer
2497 2995 2759 3060 agentem
2790 2987 2846 3042 in
2873 2987 3050 3044 vobis.

2475 3181 2703 3238 CAPUT
2732 3182 2877 3238 XVI.

1947 3382 1968 3410 ι
2007 3361 2088 3416 De
2117 3359 2362 3416 collectis
2398 3366 2598 3423 autem,
2642 3376 2764 3431 quae
2808 3359 2941 3414 ﬁunt
2980 3360 3036 3415 in
3066 3368 3304 3428 sanctos,
3342 3361 3482 3418 sicut

1873 3471 1894 3500 α
1931 3449 2180 3504 ordinavi
2209 3449 2263 3503 in
2292 3448 2544 3505 Ecclesia
2583 3447 2829 3517 Galatia,
2864 3449 2939 3503 ita
2967 3456 3020 3504 et
3047 3465 3144 3504 vos
3166 3448 3344 3506 facite.
3380 3452 3484 3506 Per

1871 3559 1893 3588 ι
1929 3553 2091 3593 unam
2141 3536 2367 3593 Sabbati
2440 3538 2812 3609 unusquisque
2876 3545 3118 3593 vestrum
3194 3538 3340 3609 apud
3418 3555 3480 3595 se

1872 3648 1893 3677 «
1925 3635 2182 3698 reponat,
2226 3625 2535 3682 recondens
2592 3625 2738 3698 quod
2795 3625 2845 3681 ei
2899 3626 3039 3681 bene
3075 3626 3335 3697 placuerit
3369 3645 3383 3680 :
3417 3635 3478 3682 ut

1870 3739 1891 3763 «
1928 3732 2057 3782 non,
2117 3729 2241 3772 cum
2297 3730 2529 3781 venero,
2575 3722 2705 3770 tunc
2745 3713 2988 3770 collectae
3017 3713 3166 3770 fiant.
3201 3715 3338 3770 Cum
3368 3731 3475 3771 au-

1868 3828 1889 3852 u
1927 3812 2034 3860 tem
2065 3819 2308 3875 praesens
2339 3801 2491 3859 fuero
2511 3845 2524 3868 ,
2559 3819 2696 3874 quos
2725 3803 3089 3875 probaveritis
3117 3820 3218 3875 per
3247 3804 3474 3875 Episto-

1867 3917 1888 3942 α
1928 3893 2030 3960 las,
2064 3894 2164 3948 hos
2194 3892 2404 3947 mittam
2433 3891 2677 3964 perferre
2715 3892 2945 3964 gratiam
3004 3902 3243 3948 vestram
3291 3893 3346 3947 in
3374 3895 3474 3950 Je-

1868 4006 1890 4030 υ
1927 3981 2184 4037 rusalem.
2227 3980 2384 4050 Quod
2442 3981 2489 4036 si
2543 3981 2771 4052 dignum
2828 3980 3008 4048 fuerit,
3071 3990 3129 4036 ut
3185 3997 3292 4054 ego
3323 3997 3468 4050 eam,

1867 4092 1888 4121 ι
1926 4087 2140 4126 mecum
2169 4070 2339 4125 ibunt.
2375 4069 2601 4126 Veniam
2630 4077 2814 4124 autem
2857 4069 2928 4125 ad
2969 4085 3086 4136 vos,
3129 4087 3254 4126 cum
3285 4072 3471 4128 Mace-

1865 4184 1885 4206 u
1921 4159 2142 4215 doniam
2217 4159 2608 4231 pertransiero.
2684 4159 2822 4213 Nam
2899 4159 3273 4215 Macedoniam
3339 4177 3472 4232 per-

1863 4249 2174 4304 «transibo.
2299 4248 2456 4317 Apud
2556 4262 2654 4303 vos
2743 4254 2925 4303 autem
3024 4247 3248 4304 forsitan
3339 4265 3465 4304 ma-

1864 4361 1885 4385 «
1922 4337 2085 4405 nebo,
2145 4337 2231 4392 vel
2300 4337 2464 4391 etiam
2547 4336 2836 4407 hyemabo,
2924 4343 2982 4390 ut
3061 4353 3160 4392 vos
3215 4353 3302 4391 me
3361 4337 3466 4394 de-

1864 4447 1885 4477 ι
1921 4426 2130 4481 ducatis
2161 4425 2380 4481 153
2416 4440 2740 4496 quocunque
2795 4425 2926 4479 iero.
2961 4424 3102 4480 Nolo
3159 4426 3304 4480 enim
3365 4443 3466 4481 vos

1863 4537 1884 4565 ι
1923 4515 2086 4570 modo
2116 4515 2169 4568 in
2200 4514 2431 4570 transitu
2463 4513 2662 4568 videre.
2703 4514 2874 4583 Spero
2904 4514 3047 4568 enim
3088 4529 3176 4568 me
3206 4513 3458 4586 aliquan-

137 4589 256 4658 quia
288 4590 431 4645 hanc
485 4589 813 4659 scripturam
860 4589 1080 4661 quidam
1129 4591 1266 4646 male
1316 4592 1756 4662 interpretaban-

1875 4604 2096 4658 xtulum
2151 4603 2411 4673 temporis
2461 4618 2680 4656 manere
2736 4602 2880 4671 apud
2928 4617 3046 4669 vos,
3101 4602 3148 4656 si
3191 4603 3463 4658 Dominus

136 4683 240 4742 tur,
292 4679 550 4733 dicentes
601 4679 704 4732 hoc
753 4678 1011 4748 scriptum
1055 4695 1180 4736 esse
1232 4681 1300 4735 de
1329 4687 1504 4736 morte
1535 4681 1752 4751 animae,

136 4781 241 4820 non
290 4766 570 4838 corporis,
622 4767 900 4837 praemittit
948 4768 1142 4822 Paulus
1172 4769 1563 4839 expositionem
1595 4771 1756 4840 hujus

135 4856 470 4911 auctoritatis
497 4854 691 4910 dicens
727 4871 739 4909 :
775 4855 907 4910 Cum
939 4866 1118 4912 autem
1149 4858 1254 4913 hoc
1292 4859 1519 4914 mortale
1553 4875 1753 4930 corpus

137 4941 370 4999 induerit
411 4944 899 4999 immortalitatem.
958 4947 1078 5000 Non
1128 4946 1272 5001 enim
1321 4947 1485 5016 (sicut
1529 4949 1752 5019 quidam

136 5034 271 5088 male
302 5033 674 5104 suspicantur)
725 5033 907 5088 anima
952 5035 1072 5090 sola
1119 5051 1352 5091 evasura
1381 5045 1465 5091 est
1494 5046 1746 5102 mortem,

135 5123 230 5177 sed
296 5140 424 5179 cum
494 5123 678 5177 anima
735 5124 896 5178 etiam
947 5140 1148 5195 corpus
1182 5141 1194 5179 :
1227 5134 1354 5181 tunc
1401 5124 1513 5193 fiet,
1564 5127 1620 5181 id
1667 5136 1750 5183 est

136 5210 447 5281 implebitur
479 5227 666 5266 sermo
688 5211 778 5267 ille
799 5213 890 5284 qui
912 5213 1166 5267 scribitur
1187 5213 1241 5267 in
1263 5213 1406 5269 Osee
1433 5232 1446 5268 :
1479 5216 1747 5288 Absorpta

134 5308 212 5354 est
243 5316 393 5357 mors
425 5301 481 5355 in
515 5300 760 5366 victoria,
795 5301 934 5358 sicut
963 5302 1166 5358 dictum
1195 5311 1296 5358 est.
1323 5303 1500 5359 Verba
1520 5322 1639 5376 quae
1659 5322 1746 5361 se-

137 5397 374 5459 quuntur
405 5389 658 5458 ejusdem
688 5391 969 5460 prophetae
989 5407 1110 5447 esse
1140 5391 1415 5458 dicuntur,
1438 5392 1745 5448 insultantis

134 5477 233 5548 ipsi
263 5479 447 5543 morti,
483 5477 613 5549 quia
662 5478 933 5534 destructa
963 5479 1050 5546 sit,
1111 5487 1165 5534 et
1209 5480 1458 5536 dicentis.
1511 5480 1742 5549 Quando

137 5567 356 5636 quidem
387 5567 652 5638 absorpta
683 5576 784 5632 est,
815 5567 912 5623 ubi
932 5574 1033 5633 est,
1068 5586 1098 5624 ο
1125 5585 1300 5637 mors,
1332 5587 1492 5636 nunc,
1530 5575 1631 5628 tua
1661 5573 1744 5627 vi-

136 5657 332 5720 ctoria,
366 5670 477 5728 qua
501 5656 608 5724 juri
640 5663 734 5710 tuo
763 5656 945 5711 omnia
986 5657 1316 5726 subjiciebas
1338 5659 1364 5713 ?
1393 5660 1480 5725 Et,
1504 5677 1534 5716 o
1563 5677 1736 5728 mors,

134 5745 224 5798 ubi
254 5750 340 5800 est
369 5744 539 5800 modo
569 5750 705 5802 tuus
745 5747 1036 5815 stimulus,
1077 5747 1133 5803 id
1163 5755 1246 5804 est
1274 5756 1562 5820 peccatum
1591 5753 1737 5823 quod

1862 4717 1882 4740 α
1921 4692 2244 4763 permiserit.
2298 4691 2633 4747 Permanebo
2684 4698 2864 4744 autem
2913 4689 3120 4760 Ephesi
3166 4707 3340 4762 usque
3387 4693 3458 4748 ad

1860 4805 1881 4829 «
1919 4783 2296 4837 Pentecosten.
2349 4780 2562 4835 Ostium
2593 4779 2736 4834 enim
2781 4778 2914 4833 mihi
2942 4787 3189 4850 apertum
3222 4789 3307 4835 est
3339 4799 3461 4836 ma-

1858 4895 1869 4918 ι
1915 4887 2103 4941 gnum,
2149 4879 2200 4925 et
2251 4869 2494 4937 evidens,
2543 4877 2596 4923 et
2634 4867 2933 4923 adversarii
2977 4868 3151 4923 multi.
3185 4869 3240 4924 Si
3269 4879 3456 4926 autem

1859 4982 1880 5010 α
1925 4960 2132 5015 venerit
2159 4959 2496 5027 Timotheus,
2531 4958 2711 5013 videte
2743 4965 2799 5011 ut
2831 4957 2948 5012 sine
2981 4958 3175 5014 timore
3205 4959 3273 5013 sit
3311 4961 3456 5031 apud

1857 5071 1878 5099 α
1923 5065 2021 5104 vos
2055 5066 2070 5103 :
2100 5065 2238 5120 opus
2271 5048 2416 5104 enim
2463 5047 2679 5102 Domini
2726 5055 2986 5118 operatur
3030 5047 3170 5102 sicut
3218 5055 3271 5103 et
3321 5065 3447 5120 ego.

1854 5162 1875 5185 α
1919 5140 2001 5193 Ne
2031 5137 2154 5208 quis
2184 5153 2317 5210 ergo
2347 5137 2496 5192 illum
2527 5143 2746 5207 spernat
2779 5135 3067 5191 :deducite
3088 5145 3266 5192 autem
3299 5138 3449 5193 illum

1852 5250 1873 5274 α
1920 5226 1973 5281 in
2004 5241 2160 5296 pace,
2201 5235 2256 5280 ut
2295 5226 2476 5281 veniat
2532 5225 2603 5280 ad
2650 5240 2739 5280 me
2774 5239 2786 5278 :
2821 5232 3080 5295 exspecto
3121 5225 3266 5280 enim
3297 5226 3450 5281 illum

1852 5339 1873 5362 «
1918 5331 2044 5370 cum
2099 5315 2379 5370 fratribus.
2438 5316 2518 5369 De
2571 5313 2765 5385 Apollo
2823 5321 3006 5368 autem
3063 5313 3234 5368 fratre
3293 5316 3454 5370 vobis

1852 5426 1873 5455 ι
1918 5411 2106 5459 notum
2137 5403 2296 5468 facio,
2326 5403 2582 5475 quoniam
2612 5401 2837 5456 multum
2869 5401 3061 5474 rogavi
3091 5418 3238 5468 eum,
3270 5411 3330 5458 ut
3360 5420 3456 5460 ve-

1848 5514 1870 5542 ι
1916 5492 2054 5548 niret
2113 5493 2182 5548 ad
2238 5507 2336 5547 vos
2391 5507 2516 5547 cum
2573 5490 2830 5545 fratribus
2863 5505 2874 5542 :
2907 5497 2961 5544 et
2989 5489 3175 5560 utique
3206 5507 3316 5546 non
3354 5491 3454 5547 fuit

1847 5605 1867 5628 «ι
1913 5581 2167 5636 voluntas
2223 5581 2359 5649 ejus,
2420 5589 2478 5634 ut
2533 5593 2676 5634 nunc
2722 5578 2934 5634 veniret
2969 5597 2981 5632 :
3015 5579 3195 5633 veniet
3236 5588 3443 5647 autem,

1845 5694 1867 5720 α
1913 5686 2037 5726 cum
2065 5679 2118 5724 et
2147 5686 2378 5725 vacuum
2411 5669 2590 5724 fuerit.
2627 5666 2889 5739 Vigilate,
2925 5675 3060 5721 state
3090 5667 3145 5721 in
3177 5666 3282 5722 tide
3309 5687 3322 5734 ;
3355 5669 3442 5722 vi-

1845 5781 1868 5812 ι
1910 5759 2081 5817 riliter
2107 5759 2252 5833 agite
2299 5766 2354 5815 et
2390 5755 2773 5814 confortamini
2804 5770 2816 5809 :
2848 5755 3033 5810 omnia
3075 5755 3220 5812 enim
3269 5763 3451 5812 vestra
