3948 6410
414 345 523 401 215

965 340 1022 397 S.
1060 338 1416 397 BRUNONIS
1453 334 2094 397 CARTHUSIANORUM
2130 334 2616 392 INSTITUTORIS
2654 334 2814 391 OPP.
2860 333 3038 391 PARS
3075 335 3143 390 Il.

3591 331 3702 393 216

421 492 445 518 α
482 470 539 525 in
584 467 846 526 charitate
890 464 1041 522 ﬁant.
1094 464 1340 522 Obsecro
1386 471 1568 520 autem
1611 479 1729 533 vos,
1779 462 2000 528 fratres,
2021 464 2076 523 A
2100 460 2298 515 iturum
2317 459 2388 515 ad
2406 474 2525 526 vos,
2543 459 2697 531 prius
2720 464 2914 516 tamen
2933 460 3267 532 permanebo
3291 458 3492 532 Ephesi
3518 475 3695 532 usque

424 580 447 608 ι
476 556 647 614 nostis
667 556 888 611 domum
919 554 1227 625 Stephana,
1264 561 1317 609 et
1337 552 1638 620 Fortunati,
1661 560 1716 607 et
1740 551 2002 617 Achaici;

423 668 449 694 ε
479 645 735 717 quoniam
765 650 889 699 sunt
916 642 1168 713 primitiae
1212 641 1450 708 Achaia,
1483 649 1537 697 et
1565 641 1620 697 in
1646 640 2006 695 ministerium

419 755 443 785 ι
477 740 789 789 sanctorum
829 730 1213 787 ordinaverunt
1250 730 1483 801 seipsos,
1500 737 1572 787 .ut
1599 737 1653 784 et
1680 744 1779 784 vos
1807 727 2009 784 subditi

421 842 445 873 ι
482 821 601 876 sitis
629 819 916 889 ejusmodi,
957 826 1011 874 et
1056 818 1207 874 omni
1252 817 1568 889 cooperanti
1614 825 1666 873 et
1706 815 2000 872 laboranti.

419 929 444 962 α
479 908 708 965 Gaudeo
748 915 928 963 autem
973 908 1031 962 in
1063 906 1353 979 praesentia
1395 906 1698 977 Stephana,
1733 913 1787 962 et
1812 905 2009 961 Fortu-

420 1019 444 1049 ι
475 997 605 1065 nati,
637 1003 692 1052 et
737 995 957 1053 Achaici
986 1011 1000 1051 :
1035 994 1291 1067 quoniam
1336 994 1392 1049 id
1438 993 1586 1066 quod
1616 993 1769 1051 vobis
1799 994 2005 1059 deerat,

419 1107 442 1134 σι
476 1085 582 1156 ipsi
612 1084 1020 1156 suppleverunt.
1070 1082 1392 1140 Refecerunt
1430 1082 1576 1138 enim
1603 1090 1657 1139 et
1681 1098 1865 1138 meum
1893 1081 2010 1153 spi-

423 1197 445 1222 α
483 1173 668 1241 ritum,
702 1180 757 1228 et
802 1179 1065 1228 vestrum.
1112 1170 1440 1244 Cognoscite
1469 1186 1602 1242 ergo
1628 1170 1721 1243 qui
1747 1169 2014 1240 ejusmodi

421 1284 443 1310 α
481 1268 625 1317 sunt.
660 1259 911 1317 Salutant
957 1276 1057 1316 vos
1098 1275 1290 1315 omnes
1329 1259 1593 1316 Ecclesia
1636 1259 1800 1315 Asia.
1847 1257 2012 1314 Salu-

422 1371 445 1400 ε
483 1356 597 1405 tant
624 1364 723 1405 vos
753 1348 809 1403 in
838 1348 1072 1405 Domino
1098 1348 1326 1403 multum
1353 1348 1551 1419 Aquila
1580 1355 1633 1404 et
1661 1347 1865 1413 Prisca,
1890 1362 2014 1404 cum

419 1458 444 1489 ι
478 1437 776 1494 domestica
822 1452 923 1492 sua
968 1435 1218 1493 Ecclesia
1250 1453 1265 1491 :
1294 1436 1438 1507 apud
1479 1451 1619 1507 quos
1662 1444 1715 1493 et
1751 1435 2011 1507 hospitor.

420 1547 443 1574 α
480 1524 729 1581 Salutant
765 1541 864 1581 vos
911 1540 1103 1581 omnes
1148 1523 1366 1580 fratres.
1417 1523 1657 1580 Salutate
1701 1523 1933 1580 invicem
1960 1523 2018 1578 in

419 1636 441 1662 α
474 1614 662 1670 osculo
709 1622 914 1671 sancto.
957 1612 1214 1669 Salutatio
1262 1627 1385 1668 mea
1411 1626 1577 1669 manu
1606 1612 1776 1668 Pauli.
1809 1612 1867 1668 Si
1896 1612 2019 1684 quis

420 1724 443 1750 α
480 1717 592 1758 non
619 1710 767 1758 amat
794 1702 1087 1758 Dominum
1133 1709 1375 1757 nostrum
1403 1701 1590 1756 .lesum
1618 1701 1919 1766 Christum,
1952 1701 2022 1756 sit

2104 549 2582 605 adPentecosten.
2614 550 2683 604 Et
2712 563 2939 604 necesse
2967 555 3050 603 est
3079 547 3154 603 ibi
3190 562 3518 619 permanere
3563 563 3652 602 me
3676 566 3694 613 ;

2104 636 2231 709 quia
2258 638 2466 693 ostium
2496 641 2757 709 apertum
2785 641 2871 692 est
2891 637 3035 692 mihi
3052 652 3343 708 magnum,
3376 634 3433 691 id
3461 643 3543 692 est
3564 634 3697 706 quia

2104 725 2258 780 multi
2284 725 2651 796 Ephesiorum
2679 725 2750 780 ad
2781 724 2943 780 ﬁdem
2962 740 3022 780 se
3041 732 3363 796 praparant.
3385 724 3455 779 Et
3482 725 3694 779 ostium

2106 815 2372 881 evidens;
2403 814 2527 886 quia
2552 814 2665 883 jam
2702 813 2950 885 quadam
2978 814 3138 886 signa
3166 811 3291 869 fidei
3315 812 3475 868 video
3495 812 3552 868 in
3571 813 3653 868 eis
3678 828 3692 867 :

2107 910 2159 958 et
2190 909 2405 972 oportet
2434 918 2521 957 me
2548 902 2839 969 insistere;
2870 901 2996 973 quia
3021 902 3332 957 adversarii
3360 902 3533 957 multi
3548 908 3694 966 sunt,

2107 990 2200 1062 qui
2226 990 2409 1046 volunt
2436 1004 2531 1045 eos
2560 990 2865 1046 subducere
2893 989 3127 1045 Christo.
3149 990 3271 1063 Ego
3300 988 3464 1045 modo
3493 988 3704 1060 Ephesi

2107 1078 2360 1134 manebo:
2382 1079 2442 1135 Si
2465 1084 2661 1135 autem
2680 1078 2904 1135 154
2929 1078 3265 1143 Timotheus,
3287 1076 3542 1133 deferens
3557 1078 3701 1133 hanc

2108 1167 2430 1238 Epistolam,
2464 1168 2681 1223 venerit
2705 1167 2778 1222 ad
2809 1183 2921 1234 vos,
2954 1167 3133 1223 videte
3161 1170 3228 1222 ut
3247 1168 3372 1222 sine
3397 1167 3598 1222 timore
3618 1167 3700 1221 sit

2110 1257 2261 1328 apud
2292 1272 2402 1311 vos.
2435 1254 2710 1326 Quidquid
2739 1255 2883 1311 enim
2929 1254 3061 1310 mihi
3102 1254 3172 1311 de
3228 1254 3384 1310 vobis
3409 1253 3695 1320 nuntiavit,

2112 1344 2182 1399 ad
2229 1343 2630 1414 correptionem
2671 1351 2911 1398 vestram
2952 1342 3101 1413 fecit,
3152 1350 3205 1398 et
3251 1342 3374 1398 ideo
3418 1341 3597 1398 videte
3627 1357 3701 1396 ne

2112 1447 2238 1488 eum
2274 1431 2603 1503 inquietetis,
2634 1432 2819 1503 utique
2849 1431 2965 1487 sine
2995 1432 3189 1487 timore
3215 1431 3378 1487 debet
3404 1446 3528 1487 esse
3554 1429 3704 1502 apud

2112 1536 2245 1586 vos;
2269 1521 2402 1593 quia
2430 1536 2574 1593 opus
2600 1521 2826 1577 Domini
2852 1524 3122 1593 operatur
3149 1520 3213 1576 in
3228 1521 3372 1577 vobis
3402 1520 3549 1575 sicut
3578 1535 3699 1590 ego,

2115 1616 2169 1664 et
2196 1608 2290 1664 alii
2316 1608 2586 1678 discipuli,
2619 1615 2671 1663 et
2701 1608 2826 1679 quia
2848 1624 2985 1679 opus
3014 1607 3231 1663 Domini
3258 1615 3515 1679 operatur
3540 1624 3704 1679 :crgo

2117 1696 2293 1752 videte
2313 1713 2385 1753 ne
2406 1698 2530 1769 quis
2550 1700 2783 1769 spernat
2803 1712 2953 1762 eum,
2977 1696 3075 1752 sed
3094 1696 3465 1768 obtemperate
3484 1696 3708 1751 monitis

420 1811 443 1841 ε
480 1791 787 1858 anathema,
849 1792 1035 1846 Maran
1098 1791 1257 1845 Athe.
1322 1788 1506 1845 Gratia
1564 1789 1786 1845 Domini
1848 1790 2017 1845 nostri
2038 1816 2090 1876 Β
2119 1786 2257 1855 ejus.
2291 1786 2407 1841 Nec
2436 1784 2614 1876 solum
2641 1799 2750 1840 non
2772 1784 3044 1855 spernatis
3064 1800 3209 1854 eum,
3229 1785 3325 1840 sed
3345 1784 3505 1876 etiam
3532 1785 3707 1841 illum

419 1899 443 1930 ι
476 1880 607 1935 Jesu
636 1878 834 1935 Christi
862 1879 1163 1936 vobiscum.
1193 1877 1433 1933 Charitas
1448 1892 1574 1935 mea
1606 1893 1733 1934 cum
1762 1879 2017 1935 omnibus
2039 1872 2082 1876 ”
2119 1880 2481 1929 revertentem
2509 1872 2577 1927 ad
2603 1888 2690 1927 me
2720 1873 2978 1929 deducite
3007 1875 3070 1928 in
3094 1888 3254 1945 pace,
3287 1877 3354 1928 ut
3382 1872 3584 1929 illasus
3616 1889 3709 1929 ve-

419 1987 443 2013 ι
477 1966 634 2023 vobis
660 1967 717 2023 in
746 1967 963 2027 Christo
989 1968 1141 2035 Jesu,
1170 1969 1366 2023 Amen.
1406 1987 1428 2013 η

1100 2188 1410 2231 εχροςιτιο.

491 2318 782 2389 Postquam
809 2313 1027 2388 singula
1055 2330 1177 2386 qua
1204 2315 1590 2389 pracipiendia
1618 2325 1789 2384 erant,
1823 2316 2013 2388 dispo-

421 2406 556 2473 suit,
590 2403 890 2461 secundum
935 2403 1184 2459 ordinem
1229 2414 1392 2462 recta
1420 2404 1547 2462 ﬁdei
1578 2406 1634 2461 in
1662 2405 1769 2463 ﬁne
1797 2406 2014 2477 Episto-

419 2494 506 2562 la,
538 2494 606 2549 de
633 2491 956 2565 quibusdam
1001 2491 1226 2563 privatis
1272 2508 1369 2549 eos
1412 2494 1685 2560 admonet,
1718 2494 1926 2551 scilicet
1956 2502 2015 2549 ut

423 2580 598 2638 sancti
642 2580 735 2653 qui
782 2587 935 2636 erant
978 2579 1036 2635 in
1064 2580 1428 2649 Hierusalem,
1458 2598 1596 2655 quos
1625 2591 1677 2638 et
1707 2583 1896 2654 rapina
1924 2582 2014 2638 in-

422 2668 684 2735 ﬁdelium,
716 2676 769 2724 et
796 2667 1014 2739 publica
1039 2666 1210 2724 fames
1239 2679 1606 2741 oppresserat,
1642 2671 2010 2737 subvenirent,

419 2757 789 2813 ministrantes
839 2756 1041 2827 aliquid
1070 2756 1139 2812 de
1168 2757 1282 2812 suis
1311 2758 1678 2816 abundantiis.
1712 2760 1907 2815 Littera
1936 2759 2015 2816 sic

415 2847 665 2920 jungitur
696 2863 711 2901 :
742 2846 825 2902 De
869 2845 1264 2903 resurrectione
1309 2856 1647 2904 mortuorum
1680 2848 1759 2906 sic
1784 2848 2011 2904 credite.

422 2937 499 2992 De
528 2934 785 2992 collectis
813 2938 1007 2989 autem
1026 2950 1149 3007 qua
1173 2935 1325 3004 ﬁunt
1355 2935 1665 2993 deferenda
1682 2938 1748 2993 in
1766 2940 2010 3002 sanctos,

422 3022 516 3095 qui
545 3030 671 3077 sunt
708 3022 765 3077 in
811 3021 1169 3090 Hierusalem,
1200 3025 1283 3079 ita
1312 3028 1371 3079 et
1396 3041 1485 3082 vos
1505 3026 1681 3097 facite
1707 3042 1810 3098 per
1838 3041 2015 3081 unam

425 3111 572 3167 diem
600 3110 843 3176 Sabbati,
875 3109 932 3164 id
970 3116 1051 3165 est
1081 3110 1415 3183 septimana,
1445 3113 1594 3170 sicut
1620 3112 1878 3169 ordinavi
1910 3113 2013 3168 de-

424 3199 560 3256 bere
589 3197 709 3254 ﬁeri
748 3199 805 3253 in
830 3170 1109 3255 'Ecclesiis
1142 3170 1413 3257 .Galatia:
1462 3202 1531 3257 Et
1578 3218 1649 3258 ne
1676 3202 1873 3274 putetis
1901 3202 2017 3257 hac
2036 3170 2083 3230 Ο

427 3287 655 3345 collecta
683 3286 822 3342 meis
850 3286 1040 3342 usibus
1068 3303 1157 3343 me
1195 3287 1334 3344 velle
1370 3288 1647 3361 deputare,
1679 3289 1937 3363 pracipio
1963 3298 2020 3345 ut

424 3377 807 3450 unusquisque
838 3380 1085 3432 vestrum
1123 3382 1361 3448 reponat
1390 3378 1541 3450 apud
1565 3395 1624 3434 se
1656 3394 1671 3433 :
1702 3394 1811 3434 non
1839 3386 2021 3435 tamen

424 3465 506 3522 sic
533 3472 591 3521 ut
620 3480 776 3520 suum
805 3479 929 3520 esse
957 3470 1105 3535 putet
1124 3463 1278 3535 illud,
1301 3464 1402 3522 sed
1420 3468 1750 3535 recondens,
1781 3475 1836 3523 et
1864 3466 2022 3539 quasi

427 3553 667 3610 alienum
710 3552 923 3626 integre
953 3561 1241 3609 conservet
1273 3571 1289 3608 :
1320 3554 1464 3627 quod
1491 3557 1546 3612 ei
1572 3555 1709 3611 bene
1738 3556 2021 3629 placuerit

422 3641 758 3715 pauperibus
774 3640 978 3698 sanctis
993 3656 1243 3714 erogare.
1258 3642 1387 3699 Ideo
1398 3643 1521 3700 dico
1530 3645 1707 3715 facite
1723 3660 1827 3716 per
1846 3661 2024 3700 unam

427 3732 674 3797 Sabbati,
708 3735 776 3786 ut
803 3746 921 3786 non
950 3746 1081 3787 cum
1099 3747 1322 3798 venero,
1349 3736 1486 3788 tunc
1494 3733 1748 3806 primum
1776 3733 2025 3789 collecta

429 3821 719 3892 incipiant
745 3819 892 3888 ﬁeri.
944 3820 1011 3875 Ut
1039 3827 1220 3875 autem
1267 3834 1485 3876 omnem
1530 3820 1898 3893 suspicionem
1929 3836 2026 3877 au-

428 3907 606 3963 feram
632 3922 667 3963 a
708 3907 864 3964 vobis
907 3908 1047 3964 male
1093 3908 1429 3981 suspiciosis,
1468 3926 1600 3966 cum
1634 3925 1740 3982 ego
1779 3925 2026 3983 praesens

427 3996 586 4053 vobis
613 3999 793 4068 fuero,
823 4012 931 4052 non
959 3996 1210 4069 proprios
1237 3996 1470 4070 legatos,
1507 3997 1605 4054 sed
1629 3997 1727 4057 hos
1747 4014 1880 4070 quos
1898 4013 2028 4071 pro-

426 4083 690 4142 baueritis
712 4085 791 4155 (id
810 4092 894 4141 est
913 4101 1051 4157 quos
1070 4101 1138 4142 ex
1156 4085 1311 4142 vobis
1324 4086 1460 4158 ipsis
1479 4086 1776 4160 elegeritis)
1798 4088 2029 4143 mittam

426 4176 685 4247 perferre
712 4175 961 4246 gratiam
1011 4178 1277 4241 vestram,
1307 4175 1363 4230 id
1389 4182 1469 4230 est
1508 4175 1800 4248 gratuitum
1826 4174 2030 4230 donum

430 4270 674 4319 vestrum
702 4263 767 4317 in
792 4264 1162 4319 Hierusalem.
1187 4263 1411 4319 Mittam
1440 4263 1565 4319 dico
1594 4280 1696 4336 per
1729 4264 2025 4333 Epistolas,

430 4350 488 4407 id
518 4358 603 4406 est
629 4366 755 4408 cum
785 4350 1043 4423 Epistolis
1072 4350 1232 4418 meis,
1280 4351 1337 4405 in
1362 4351 1578 4424 signum
1621 4351 1755 4423 ipsis
1786 4351 2022 4407 traditis.

503 4439 760 4497 Dicerent
787 4439 1052 4496 Corinthii
1079 4455 1091 4493 :
1124 4439 1369 4495 Aliorum
1415 4455 1640 4496 munera
1669 4440 1787 4511 ipse
1823 4440 2027 4508 defers,

2114 1963 2243 2017 niat
2260 1960 2332 2016 ad
2348 1977 2437 2016 me
2469 1977 2482 2016 :
2517 1976 2621 2034 ego
2655 1961 2808 2017 enim
2858 1964 3122 2026 exspecto
3185 1962 3354 2017 illum
3391 1977 3520 2017 cum
3568 1962 3707 2017 aliis

2115 2050 2412 2121 fratribus.
2452 2048 2648 2120 Apollo
2697 2049 2989 2120 episcopus
3043 2048 3442 2105 Corinthiorum
3489 2048 3711 2122 fugiens

2113 2136 2514 2193 dissensionem
2562 2152 2753 2193 eorum
2804 2152 3061 2193 reversus
3102 2135 3280 2193 fuerat
3340 2137 3412 2192 ad
3451 2136 3705 2205 Paulum,

2112 2224 2183 2282 de
2221 2241 2328 2297 quo
2357 2225 2619 2281 Corinthii
2644 2226 2974 2297 scripserant
3018 2225 3187 2281 Paulo
3213 2233 3269 2280 ut
3296 2225 3376 2280 eis
3406 2224 3709 2281 remitteret

2113 2314 2432 2385 episcopum
2512 2330 2687 2369 suum.
2764 2313 3077 2385 Respondet
3149 2314 3230 2369 eis
3288 2313 3487 2369 Paulus
3560 2314 3713 2385 quod

2112 2401 2307 2473 Apollo
2352 2402 2485 2457 nolit
2530 2402 2746 2468 reverti,
2789 2401 3107 2473 priusquam
3136 2401 3275 2457 bene
3305 2402 3412 2457 sint
3454 2402 3706 2468 correcti,

2112 2489 2301 2545 dicens
2335 2506 2349 2544 :
2397 2490 2478 2545 De
2524 2489 2807 2545 Timotheo
2863 2489 2941 2545 sic
2988 2489 3172 2562 agite;
3202 2490 3269 2545 de
3294 2490 3487 2561 Apollo
3512 2494 3713 2547 autem

2112 2581 2296 2650 fratre
2316 2583 2531 2645 nostro,
2555 2586 2609 2634 et
2629 2578 2886 2650 episcopo
2902 2586 3106 2645 vestro,
3119 2579 3372 2649 signiﬁco
3392 2579 3558 2648 vobis,
3573 2595 3711 2651 quo-

2113 2668 2274 2722 niam
2289 2669 2541 2723 multum
2554 2668 2744 2738 rogavi
2767 2672 2832 2723 ut
2854 2669 3071 2724 veniret
3085 2668 3157 2723 ad
3175 2683 3264 2723 vos
3276 2686 3294 2722 :
3307 2671 3362 2723 et
3379 2668 3574 2739 utique
3589 2684 3712 2723 non

2112 2757 2229 2826 fuit
2240 2757 2503 2813 voluntas
2520 2758 2661 2827 ejus,
2684 2760 2750 2811 ut
2770 2772 2925 2812 nunc
2942 2758 3160 2812 veniret
3186 2755 3256 2810 ad
3277 2770 3395 2820 vos,
3407 2755 3505 2811 sed
3522 2758 3712 2812 veniet

2114 2861 2246 2901 cum
2284 2860 2525 2900 vacuum
2563 2846 2615 2900 ei
2645 2847 2846 2914 fuerit,
2871 2851 2925 2899 et
2951 2860 3049 2900 vos
3078 2844 3218 2899 bene
3248 2851 3522 2900 correctos
3550 2842 3714 2899 intel-

2113 2931 2325 2988 lexerit.
2358 2933 2424 2987 Ut
2466 2940 2648 2987 autem
2691 2932 2983 2987 adventum
3020 2932 3175 3000 hujus
3199 2931 3365 3003 patris
3404 2932 3569 2988 vestri
3594 2948 3715 2988 me-

2114 3019 2369 3090 reamini,
2420 3021 2671 3091 vigilate,
2699 3019 2756 3075 id
2805 3028 2888 3075 est
2936 3020 3176 3075 studiose
3223 3028 3410 3076 cavete
3460 3021 3613 3077 vobis
3643 3038 3718 3078 ne

2115 3110 2329 3174 erretis,
2362 3116 2415 3164 et
2441 3113 2590 3164 state
2609 3110 2672 3163 in
2704 3108 2831 3177 ﬁde,
2862 3115 2922 3163 ut
2947 3123 2979 3163 a
3004 3122 3139 3163 sana
3167 3106 3274 3163 fide
3322 3124 3432 3164 non
3461 3109 3714 3178 devictis,

2117 3206 2171 3254 et
2198 3198 2253 3253 in
2282 3196 2390 3253 fide
2419 3205 2623 3253 stantes
2651 3200 2800 3269 agite
2845 3198 3111 3265 viriliter,
3162 3197 3218 3253 id
3247 3206 3328 3253 est
3356 3198 3495 3254 bene
3523 3214 3720 3270 opera-

2114 3286 2267 3341 mini.
2307 3287 2424 3342 Nec
2452 3286 2524 3341 ad
2556 3287 2743 3341 horam
2790 3286 2887 3340 sed
2917 3285 2973 3340 in
3018 3284 3180 3341 bonis
3223 3286 3434 3343 actibus
3461 3303 3717 3359 perseve-

2119 3375 2294 3432 rando
2322 3376 2749 3447 confortamini,
2772 3374 3053 3429 studentes
3072 3382 3131 3429 ut
3145 3377 3337 3431 omnia
3357 3380 3546 3431 vestra
3564 3376 3717 3445 ﬁant

2119 3467 2184 3521 in
2217 3465 2519 3526 charitate,
2547 3462 2604 3518 id
2633 3470 2715 3518 est
2742 3462 2799 3517 in
2826 3462 3119 3519 dilectione
3163 3463 3263 3519 Dei
3292 3471 3347 3520 et
3375 3464 3628 3535 proximi,
3658 3464 3721 3521 in

2123 3568 2229 3625 qua
2247 3553 2525 3623 hucusque
2554 3550 2778 3605 nimium
2810 3550 3073 3622 tepuistis.
3097 3552 3326 3608 Obsecro
3344 3568 3455 3620 vos,
3480 3555 3717 3624 fratres,

2122 3649 2182 3695 ut
2209 3640 2408 3696 subditi
2454 3639 2570 3694 sitis
2610 3640 2899 3710 Stephana
2946 3647 2999 3695 et
3043 3638 3352 3706 Fortunato,
3386 3648 3441 3696 et
3468 3640 3712 3697 debetis.

2125 3730 2311 3788 Nostis
2354 3728 2498 3785 enim
2557 3728 2785 3784 domum
2838 3729 3137 3800 Stephano:
3182 3733 3239 3784 et
3289 3731 3609 3798 Fortunati,
3661 3735 3725 3788 et

2126 3819 2376 3874 Achaici.
2408 3818 2542 3883 Hoc,
2564 3817 2802 3889 inquam,
2831 3817 3003 3872 nostis
3022 3816 3165 3890 quod
3183 3816 3273 3871 isti
3292 3822 3430 3874 sunt
3445 3819 3725 3890 primitiw

2126 3906 2370 3962 Achaia.
2405 3906 2567 3961 Primi
2591 3905 2737 3962 enim
2771 3905 2841 3961 de
2878 3904 3081 3962 Achaia
3110 3904 3476 3961 crediderunt.
3515 3905 3722 3962 Corin-

2127 3995 2252 4050 thus
2280 3993 2336 4049 in
2365 3994 2571 4050 Achaia
2600 4001 2702 4050 est.
2747 3994 2935 4050 Nostis
2965 3993 3131 4049 etiam
3149 3994 3253 4049 hoc
3272 3993 3417 4066 quod
3437 3995 3539 4050 isti
3568 3994 3728 4052 ordi-

2126 4087 2411 4139 noverunt
2422 4085 2628 4154 seipsos
2645 4084 2708 4139 in
2720 4083 3110 4138 ministerium
3129 4087 3461 4139 sanctorum
3484 4098 3497 4138 :
3522 4083 3728 4155 quibus

2126 4171 2363 4242 pr0priis
2409 4171 2658 4226 manibus
2705 4179 2758 4227 et
2803 4171 2873 4227 de
2914 4170 3028 4226 suis
3058 4170 3224 4227 rebus
3251 4170 3727 4229 ministraverunt.

2129 4261 2263 4330 Hoc,
2297 4260 2539 4331 inquam,
2572 4259 2804 4315 obsecro
2834 4275 2951 4325 vos,
2992 4263 3058 4314 ut
3077 4260 3287 4315 subditi
3316 4260 3444 4315 sitis
3475 4259 3561 4316 his
3597 4275 3729 4316 om-

2127 4348 2290 4403 nibus
2320 4364 2441 4420 qua
2470 4348 2524 4404 in
2557 4348 2712 4404 vobis
2761 4352 2899 4402 sunt
2920 4348 3215 4419 ejusmodi,
3249 4352 3305 4403 et
3341 4349 3497 4403 omni
3524 4364 3732 4419 coope-

2127 4437 2287 4493 ranti
2304 4436 2411 4492 illis
2432 4436 2490 4492 in
2509 4436 2673 4503 bono,
2699 4440 2755 4492 et
2781 4437 3060 4492 laboranti
3081 4435 3326 4492 similiter
3343 4435 3399 4491 in
3423 4436 3732 4494 ministerio

430 4535 483 4584 et
511 4535 699 4584 nostra
727 4543 896 4601 quare
917 4526 1131 4584 deferre
1152 4527 1473 4601 dedignaris
1492 4529 1521 4584 ?
1550 4528 1635 4584 Ad
1654 4530 1759 4585 hoc
1778 4529 1973 4584 Paulus
2006 4532 2095 4591 :D
2125 4534 2455 4581 sanctorum.
2504 4525 2573 4581 Ut
2599 4532 2781 4581 autem
2818 4523 3019 4579 subditi
3048 4524 3165 4580 sitis
3196 4524 3322 4592 illis,
3357 4524 3547 4580 scitote
3586 4541 3731 4597 quo-

432 4616 592 4672 Certe
621 4618 672 4673 si
715 4617 949 4689 dignum
975 4618 1157 4688 fuerit
1185 4615 1391 4672 donum
1418 4624 1680 4684 vestrum,
1714 4622 1782 4674 ut
1810 4633 1903 4689 ego
1942 4618 2026 4674 ire

432 4704 686 4774 debeam,
716 4703 881 4761 ibunt
901 4721 1124 4762 mecum
1152 4704 1321 4777 legati
1343 4704 1525 4772 vestri,
1546 4713 1605 4760 ut
1626 4722 1732 4778 ego
1752 4706 1910 4761 simul
1934 4723 2027 4762 ve-

431 4793 588 4849 niens
627 4793 1003 4849 commendem
1032 4792 1258 4865 gratiam
1294 4802 1550 4850 vestram.
1605 4793 1693 4851 Sic
1736 4794 1928 4851 faciam
1957 4795 2027 4851 de

429 4882 607 4954 gratia
625 4889 831 4951 vestra,
861 4882 1088 4938 Veniam
1104 4880 1268 4936 etiam
1288 4881 1362 4938 ad
1381 4899 1473 4938 vos
1489 4899 1619 4938 cum
1637 4886 2025 4956 pertransiero

430 4970 814 5027 Macedoniam
848 4987 861 5023 :
895 4968 1043 5039 prius
1073 4985 1192 5024 sum
1224 4970 1369 5025 enim
1396 4971 1466 5026 ad
1487 4971 1815 5028 Macedonas
1835 4972 2022 5028 iturus.

428 5059 576 5115 Bene
586 5058 710 5114 dico
727 5058 1112 5130 pertransiero
1138 5073 1151 5113 :
1175 5075 1314 5114 nam
1333 5074 1462 5115 vere
1480 5059 1837 5132 pertransibo
1861 5062 2029 5117 Mace-

430 5146 698 5212 doniam;
732 5144 831 5201 sed
859 5151 1052 5216 postea
1091 5145 1328 5203 manebo
1356 5148 1508 5219 apud
1541 5164 1632 5204 vos
1674 5150 1939 5217 /orsitan,
1971 5149 2027 5204 id

429 5242 514 5291 est
546 5233 594 5288 si
646 5234 793 5288 Deus
834 5234 1188 5290 concesserit.
1237 5237 1326 5293 Vel
1356 5236 1518 5293 etiam
1565 5245 1622 5292 ut
1666 5238 1787 5309 plus
1826 5237 2023 5294 dicam.

430 5318 692 5378 Hiemabo
721 5336 891 5391 penes
920 5336 1038 5389 vos,
1072 5327 1139 5379 ut
1166 5339 1265 5380 vos
1282 5324 1573 5381 deducatis
1594 5342 1683 5382 me
1702 5341 2027 5399 quocunque

430 5426 466 5466 a
512 5408 670 5466 vobis
725 5408 1017 5465 discedens
1060 5412 1197 5468 iero.
1231 5412 1359 5469 Ideo
1406 5414 1690 5481 hiemabo;
1724 5415 1848 5486 quia
1895 5416 2026 5470 nolo

428 5515 521 5555 vos
550 5498 711 5553 modo
758 5498 945 5554 videre
984 5503 1046 5555 in
1094 5502 1367 5558 transitu.
1418 5502 1547 5558 Ideo
1576 5518 1685 5558 non
1711 5503 1767 5557 in
1798 5502 2027 5559 transitu

430 5586 629 5643 videbo
652 5600 749 5641 vos
771 5604 786 5653 ;
809 5590 941 5659 quia
952 5605 1112 5661 spero
1133 5606 1221 5647 me
1242 5592 1607 5664 aliquantum
1626 5608 1857 5647 manere
1876 5592 2027 5664 apud

425 5692 519 5734 vos
542 5677 595 5732 si
623 5675 895 5733 Dominus
918 5680 1262 5751 permiserit.
1294 5681 1363 5738 Et
1391 5679 1517 5738 licet
1537 5679 1715 5737 dicam
1729 5696 1818 5743 me
1848 5688 2026 5738 trans-

2126 4615 2269 4670 niam
2291 4630 2395 4686 ego
2415 4614 2626 4685 gaudeo
2640 4618 2703 4670 in
2725 4616 3032 4686 praesentia
3057 4614 3376 4686 Slephana,
3399 4615 3729 4684 Fortunati,

2127 4708 2184 4759 et
2202 4703 2433 4760 Achaici
2477 4720 2490 4757 :
2523 4702 2601 4758 sic
2630 4702 2776 4758 enim
2811 4702 2945 4757 mihi
2975 4708 3059 4758 est
3087 4702 3157 4757 de
3186 4700 3292 4756 illis
3322 4702 3474 4774 quasi
3501 4700 3549 4757 si
3575 4719 3733 4773 pra-

2128 4800 2311 4847 sentes
2357 4806 2452 4846 eos
2498 4791 2747 4847 habeam.
2801 4791 3048 4860 Gaudeo,
3099 4790 3339 4862 inquam,
3392 4798 3447 4846 et
3490 4790 3731 4861 merito;

2126 4884 2393 4953 quoniam
2432 4882 2545 4954 ipsi
2592 4882 2975 4954 impleverunt
3004 4879 3057 4935 in
3088 4897 3176 4936 me
3220 4888 3273 4936 et
3300 4879 3358 4936 in
3386 4880 3588 4937 sanctis
3619 4882 3729 4938 hoc

2128 4971 2269 5042 quod
2299 4970 2495 5026 deerat
2528 4971 2673 5026 vobis
2705 4989 2723 5024 :
2753 4969 2858 5041 ipsi
2904 4968 3051 5024 enim
3086 4969 3536 5026 ministraverunt
3565 4969 3733 5026 nobis

2127 5058 2184 5114 in
2234 5058 2639 5129 temporalibus,
2703 5056 2851 5129 quod
2897 5072 3023 5113 cum
3071 5071 3172 5112 vos
3221 5056 3568 5125 debuissetis,
3622 5074 3733 5114 ne-

2128 5146 2397 5220 glexistis.
2436 5147 2574 5203 Vere
2621 5145 2725 5217 ipsi
2756 5145 3186 5217 suppleverunt;
3221 5163 3356 5201 nam
3397 5149 3731 5217 refecerunt

2127 5236 2395 5308 spiritum
2422 5251 2611 5290 meum
2654 5234 3013 5289 ministrando
3042 5234 3377 5303 necessaria,
3411 5239 3466 5289 et
3494 5250 3593 5305 per
3619 5234 3732 5293 hoc

2128 5323 2379 5395 spiritum
2427 5328 2696 5380 vestrum.
2745 5322 2864 5378 Nisi
2908 5322 3055 5377 enim
3097 5321 3257 5378 bonis
3297 5321 3411 5378 suis
3465 5322 3734 5380 fovissent

2127 5428 2249 5478 nos,
2280 5428 2390 5468 non
2418 5427 2705 5482 possemus
2751 5410 2938 5466 tandiu
2967 5410 3244 5467 immorari
3291 5419 3489 5466 vestra
3512 5410 3732 5467 instru-

2127 5500 2312 5565 ctioni,
2345 5500 2414 5554 Et
2443 5500 2568 5571 quia
2587 5498 2900 5555 refecerunt
2919 5499 3169 5570 spiritum
3190 5515 3371 5555 meum
3391 5508 3445 5554 et
3461 5508 3731 5567 vestrum,

2128 5605 2256 5658 ergo
2287 5589 2621 5660 cognoscite,
2673 5587 2726 5641 id
2774 5595 2856 5643 est
2885 5604 2953 5643 ex
2982 5587 3269 5643 dilectione
3299 5587 3513 5642 obedite
3544 5589 3645 5656 eis,
3679 5598 3739 5646 ct

2128 5677 2377 5734 omnibus
2406 5679 2499 5750 qui
2528 5680 2666 5734 sunt
2696 5674 2990 5747 ejusmodi.
3030 5678 3299 5734 Salutant
3324 5692 3436 5745 vos,
3468 5691 3502 5733 ο
3531 5677 3733 5735 Corin-
