3934 6416
161 479 326 550 10⁸11
1621 481 1845 552 PROL

2013 479 2249 548 MENA
3488 468 3646 536 1078

156 635 437 698 cioribus
485 637 726 704 verbis
775 655 958 718 quam
1003 639 1392 718 fabulosiilli
1443 637 1771 700 Catholdus
1823 640 1883 698 et
1905 622 1960 684 Α
1986 634 2141 694 mini
2161 632 2472 706 sepultura
2487 628 2862 718 referuntur,
2884 625 2955 718 in
2983 624 3331 718 antiquiore
3346 623 3642 718 illoilibro

155 729 531 802 Arimaspes
573 715 951 791 laudantur.
992 715 1078 790 De
1111 732 1363 804 Egberto
1395 731 1636 803 quidem
1666 733 1724 788 et
1738 743 1876 801 pro-
1985 742 2102 784 non
2127 723 2485 797 legebantur.
2511 720 2656 780 Alia
2681 717 2985 793 probabili
3006 717 3349 790 coniectura
3374 715 3644 778 indicari

151 817 351 876 nimis
364 821 516 892 ejus
555 821 1022 880 successoribus
1043 823 1249 878 auctor
1265 821 1463 880 minus
1491 835 1670 891 parco
1682 821 1875 876 utitur
1973 816 2246 886 possunt,
2267 827 2314 868 e.
2333 826 2430 884 gr.
2455 824 2588 882 qua
2603 811 2673 866 de
2693 808 2941 867 ecclesia
2956 806 3032 865 ab
3055 805 3364 866 Eucherio
3381 805 3643 879 adi/lca-

150 917 432 963 sermone
452 925 482 976 ;
512 909 639 965 sed
655 925 806 966 mox
843 912 1110 966 consueto
1147 923 1306 966 more
1339 909 1553 980 pergit.
1591 909 1876 980 Nequeezc
1983 907 2066 972 ta,
2093 903 2163 959 de
2203 902 2522 968 Eucherio,
2567 899 2798 956 Valerio
2830 900 2888 956 et
2912 895 3184 955 Materno
3204 895 3295 953 ibi
3316 896 3569 968 sepultis
3587 911 3637 957 θ.

150 993 432 1056 fontium
466 997 778 1066 penuria
814 998 938 1054 hac
947 1000 1082 1068 jam
1110 997 1408 1068 explicari
1426 999 1688 1067 possunt.
1718 997 1873 1052 Nam
1983 997 2069 1061 14,
2107 998 2186 1060 15,
2218 995 2300 1060 16,
2335 991 2405 1048 de
2432 990 2585 1048 cella
2613 989 2810 1048 sancti
2841 986 3133 1046 Eucherii
3155 1000 3203 1044 c.
3231 989 3291 1042 21
3324 985 3633 1057 leguntur.

149 1097 270 1154 quo
285 1084 580 1155 propius
596 1087 696 1141 ανδ
714 1100 828 1141 sua
843 1087 1102 1157 tempora
1118 1085 1376 1156 scriptor
1399 1084 1652 1148 devenit,
1674 1099 1735 1140 eo
1750 1083 1872 1140 bre-
1981 1083 2123 1138 Hcce
2143 1079 2301 1136 enim
2329 1079 2676 1150 scriptorem
2706 1075 3059 1134 monasterii
3087 1075 3305 1133 Sancti
3334 1075 3641 1135 Eucharii

147 1171 292 1230 vius
321 1185 433 1229 res
487 1174 903 1231 Trecerenses
932 1175 1228 1241 narravit,
1264 1176 1374 1230 aut
1401 1187 1500 1230 eas
1525 1173 1678 1230 satis
1705 1175 1871 1229 notas
1978 1173 2103 1230 sive
2134 1171 2383 1228 Mat/tice
2413 1169 2707 1237 indicant,
2738 1169 2847 1238 qui
2867 1165 3205 1240 prasertim
3232 1164 3302 1221 id
3329 1165 3456 1238 egit
3477 1168 3551 1224 ut
3569 1166 3642 1226 in

146 1274 272 1318 esse
289 1261 517 1326 ratus,
551 1265 684 1319 aut
704 1277 764 1319 eo
785 1262 1034 1319 consilio
1059 1262 1269 1318 ductus
1307 1265 1375 1318 ut
1391 1265 1638 1318 veterem
1661 1261 1870 1318 civita-
1976 1275 2082 1319 suo
2103 1259 2461 1316 monasterio
2495 1257 2809 1329 ponti/tces
2831 1255 3095 1328 egregios
3126 1256 3186 1312 et
3208 1254 3373 1313 viros
3401 1257 3636 1315 sanctos

149 1347 548 1420 tisgloriam
575 1366 778 1422 quam
798 1351 1188 1422 amplissimis
1215 1351 1496 1408 laudibus
1513 1351 1765 1424 ep‘erret,
1780 1364 1869 1407 re-
1975 1351 2232 1420 sepultos
2254 1361 2377 1405 esse
2397 1347 2730 1404 ostenderet
2747 1345 2914 1415 (102).
2944 1344 3154 1416 Capite
3178 1347 3243 1400 16
3264 1357 3400 1402 vero
3419 1344 3637 1416 episco-

146 1438 439 1495 centiora
461 1452 629 1497 vero
654 1441 919 1511 tempora
934 1454 1083 1510 sape
1097 1441 1218 1495 min
1231 1454 1296 1495 us
1299 1440 1525 1511 felicia
1543 1455 1650 1509 neg
1661 1440 1874 1512 ligeret
1973 1452 2184 1511 porum
2197 1435 2427 1508 catalog
2437 1449 2534 1491 um
2555 1433 2732 1491 valde
2755 1434 2954 1502 audit,
2973 1435 3046 1490 ut
3063 1433 3340 1490 lacunam
3351 1433 3525 1490 illam
3543 1435 3636 1492 in-

147 1526 250 1582 vel
281 1526 452 1584 aliis
485 1527 763 1586 uberius
793 1529 1180 1587 describenda
1211 1529 1598 1598 relinqueret.
1977 1530 2064 1586 ter
2087 1527 2426 1584 Maternum
2447 1523 2823 1596 etAgritium
2845 1523 3179 1594 eapleretet
3195 1521 3477 1580 Ecclesia:
3502 1523 3638 1581 Tre-

221 1615 360 1671 Sed
389 1615 622 1673 aliam
627 1618 904 1689 fortasse
926 1616 1107 1689 hujus
1139 1617 1511 1673 diversitatis
1532 1631 1778 1673 causam
1795 1615 1867 1672 li-
1973 1618 2240 1675 verensis
2269 1613 2698 1686 antiquitatem
2743 1611 2964 1670 certius
2984 1611 3342 1670 vindicaret.
3379 1612 3636 1670 Ηωσηο-

159 1705 254 1759 cet
278 1704 347 1759 in
358 1704 625 1762 dicare.
658 1706 820 1771 Quid
852 1706 1008 1762 enim
1029 1706 1084 1762 si
1106 1706 1210 1761 ille
1229 1720 1401 1776 quem
1445 1708 1750 1763 Gestorum
1781 1705 1869 1762 di-
1972 1707 2162 1774 mina,
2189 1704 2409 1776 quain
2428 1700 2873 1775 antiquioribus
2893 1699 3184 1774 catalogis
3203 1699 3606 1760 desideranti

152 1791 358 1850 cimus
383 1795 724 1851 auctorem
744 1795 1060 1864 antiquius
1091 1795 1409 1865 descripsit
1425 1809 1585 1866 opus,
1611 1793 1769 1864 quod
1797 1793 1867 1849 de
1977 1796 2149 1865 (103),
2169 1793 2402 1865 ﬁctitia
2449 1805 2592 1861 esse,
2615 1793 2752 1864 jam
2781 1789 3072 1861 omnibus,
3105 1789 3466 1862 nisifallar,
3500 1803 3632 1848 conp

152 1879 386 1948 primis
441 1882 744 1939 histories
798 1883 1175 1940 Treverensis
1225 1883 1580 1953 temporibus
1623 1881 1865 1938 uberius
1974 1885 2296 1954 statum);
2315 1883 2512 1952 major
2531 1894 2661 1937 vero
2683 1893 2884 1936 eorum
2899 1891 3045 1950 pars
3064 1877 3133 1935 in
3148 1877 3302 1934 libro
3327 1877 3631 1952 legebatur

157 1964 305 2035 egit,
332 1967 521 2038 quod
547 1969 828 2039 ipsevere
841 1967 1076 2025 brevius
1095 1968 1863 2038 continuandumsumpsit?
1891 1985 1948 2049 Β
1974 1971 2268 2028 Melhodii
2291 1969 2639 2027 Paterensis
2660 1968 2894 2025 nomine
2913 1967 3202 2040 inscripto
3236 1967 3446 2040 (105),;
3459 1980 3634 2042 quem

1993 2075 2065 2117 ne
2092 2074 2305 2116 revera
2335 2059 2476 2116 huic
2515 2057 2747 2115 auctori
2776 2055 3077 2115 attribuas
3107 2057 3232 2113 tum
3258 2055 3454 2128 ipsius
3485 2058 3630 2116 atas

1975 2153 2096 2207 tum
2119 2149 2260 2206 alia
2277 2146 2543 2204 rationes
2558 2147 2764 2204 vetant
2777 2146 2946 2219 (106).
2969 2145 3088 2202 His
3111 2144 3360 2216 receptis
3379 2147 3502 2203 octo
3521 2143 3627 2203 ad-

1975 2237 2268 2294 debantur
2300 2234 2664 2307 Tungrensis
2690 2233 2975 2292 Ecclesia
3003 2232 3280 2306 episcopi,
3315 2232 3387 2291 de
3405 2231 3626 2306 quibus

1973 2327 2168 2383 noster
2207 2323 2492 2394 Herigeri
2513 2321 2694 2380 verba
2712 2323 2986 2392 retinuit,
3009 2320 3116 2380 sed
3136 2335 3390 2394 quorum
3417 2320 3519 2380 hic
3546 2321 3626 2380 lo-

1973 2429 2104 2473 cum
2132 2413 2450 2484 sepultura
2477 2425 2540 2470 se
2567 2411 2797 2469 nescire
2836 2411 3004 2478 dicit,
3037 2409 3138 2468 hos
3164 2423 3326 2468 more
3353 2411 3623 2470 consueto

1972 2506 2040 2560 in
2061 2517 2124 2560 ειι
2135 2503 2254 2560 neti
2276 2501 2574 2559 Eucharii
2587 2501 2836 2558 ecclesia
2853 2499 3114 2572 sepultos
3129 2499 3366 2558 asserit.
3381 2530 3450 2540 —-
3460 2498 3626 2559 Aliis

155 2054 336 2110 Sunt
370 2068 543 2112 sane
589 2069 727 2127 quis
752 2058 821 2112 ut
843 2056 933 2112 ita
961 2058 1296 2113 statuamus
1325 2057 1500 2112 valde
1528 2057 1852 2114 suadeant.

157 2143 514 2213 Ejusmodi
550 2145 779 2201 librum
809 2159 995 2216 usque
1015 2145 1097 2202 ad
1123 2145 1343 2202 Basini
1374 2147 1634 2216 tempora
1655 2147 1857 2202 decur-

161 2233 404 2288 rentem
439 2232 782 2290 Hillarius
808 2233 982 2289 vidit.
1015 2233 1142 2290 sive
1181 2234 1426 2290 eundem
1462 2234 1588 2290 sive
1607 2233 1864 2290 similem

169 2318 257 2375 Ca
267 2320 507 2379 lmetus
523 2335 661 2393 prie
680 2321 870 2379 oculis
892 2321 1108 2378 habuit
1126 2336 1313 2393 eaqne
1335 2323 1691 2394 attulitquce
1710 2323 1867 2380 hanc

167 2409 627 2467 narrationem
656 2411 1012 2483 plerumque
1036 2425 1168 2467 cum
1209 2409 1407 2468 Gestis
1441 2411 1768 2480 convenire,
1799 2411 1866 2468 in

164 2497 461 2568 singulis
488 2514 636 2558 vero
668 2500 812 2557 locis
843 2499 1184 2571 discrepare
1213 2500 1524 2556 ostendant
1551 2503 1686 2567 (09).
1726 2501 1866 2566 Qui-

172 2581 285 2642 bus
310 2589 695 2646 accuratius
718 2588 1105 2657 ea'aminatis,
1139 2587 1207 2643 id
1214 2589 1402 2658 patet,
1437 2588 1594 2644 hunc
1611 2589 1865 2644 codicem

169 2674 445 2745 propius
479 2675 572 2733 ad
596 2677 806 2750 fontes
833 2676 1106 2733 accedere
1127 2691 1313 2746 neque
1331 2690 1399 2732 ea
1425 2676 1705 2733 exhibere
1734 2691 1866 2748 qua

187 2761 486 2834 fabulosa
499 2766 561 2822 et
578 2765 644 2821 in
657 2763 908 2822 coenobio
927 2765 1369 2821 Sanmathiano
1391 2766 1452 2822 in
1463 2767 1634 2822 venta
1647 2767 1864 2823 essevi-

183 2851 493 2912 deantur.
519 2855 700 2920 Quem
719 2855 972 2911 codicem
983 2855 1299 2926 quominus
1311 2855 1712 2925 antiquiorem
1733 2857 1865 2915 Ges-

188 2940 399 2998 torum
414 2943 576 3001 form
585 2957 682 3000 am
697 2941 974 2999 exhibere
986 2943 1254 3000 dicamus
1272 2944 1463 2999 multa
1474 2944 1678 3001 vetant
1691 2945 1734 3010 (1
1747 2949 1862 3016 00),

188 3028 326 3087 nisi
358 3034 665 3104 quotquot
682 3032 753 3088 de
773 3029 1031 3088 historia
1059 3032 1402 3088 Treverensi
1421 3035 1632 3104 scripti
1649 3034 1779 3090 sint
1797 3035 1865 3090 li-

183 3114 304 3188 bri,
361 3119 559 3178 Gcsta
587 3121 966 3192 appellemus.
1015 3122 1140 3178 Sed
1166 3120 1358 3179 Gestis
1385 3122 1608 3179 nostris
1645 3122 1866 3178 librum

191 3204 382 3264 illum
387 3209 808 3281 fundamento
819 3224 940 3268 esse
958 3211 1215 3282 positum
1235 3210 1294 3266 et
1295 3212 1498 3282 fontes
1519 3225 1663 3282 quos
1679 3225 1864 3282 supra

1976 2592 2120 2648 locis
2140 2605 2272 2664 qua
2283 2605 2356 2647 ea:
2367 2603 2537 2661 opere
2557 2590 2665 2646 illo
2685 2590 2923 2660 sumpta
2958 2601 3092 2660 qua
3101 2587 3318 2646 addita
3327 2587 3471 2659 sint,
3484 2589 3625 2661 jam

1973 2681 2240 2738 indicari
2284 2680 2511 2752 nequit,
2542 2692 2732 2750 neque
2761 2677 2901 2735 inde
2929 2690 2969 2735 a
2993 2691 3110 2749 quo
3140 2679 3396 2750 tempore
3427 2677 3624 2739 Gesto-

1969 2784 2106 2826 rum
2133 2770 2386 2840 scriptor
2403 2769 2642 2840 proprio
2662 2766 2860 2824 Marte
2879 2766 3291 2824 narrationem
3316 2765 3623 2825 continua-

1971 2859 2126 2916 verit
2153 2859 2507 2930 compertum
2536 2855 2836 2914 habemus.
2874 2855 3178 2914 C'almetus
3221 2853 3475 2913 codicem
3505 2867 3624 2912 non

1971 2947 2137 3004 ultra
2176 2946 2506 3004 Maximini
2555 2947 2816 3016 tempora
2869 2943 3070 3018 afert,
3117 2943 3432 3002 Hillarius
3477 2943 3624 3002 alte-

1969 3049 2107 3091 rum
2179 3035 2244 3091 in
2289 3034 2518 3091 Basino
2580 3032 2864 3104 desinere,
2917 3031 3193 3102 alterum,
3266 3044 3441 3105 quem
3486 3031 3623 3088 Cal-

1969 3125 2297 3180 metianum
2338 3121 2531 3191 habet,
2588 3123 2928 3178 sanctorum
2967 3119 3296 3192 primitivis
3363 3119 3622 3178 ecclesiis

1969 3211 2440 3283 compendiasam
2521 3211 2787 3267 vitarum
2895 3209 3248 3267 relationem
3337 3207 3620 3267 exhibere

190 3297 490 3355 recensui
512 3312 790 3370 magnam
807 3300 1038 3370 partem
1057 3313 1172 3355 non
1192 3298 1265 3355 ab
1289 3299 1413 3370 ipso
1435 3300 1737 3358 Gestorum
1759 3314 1863 3356 au-
1892 3343 1938 3370 ,.,
1969 3299 2136 3357 dicit.
2187 3297 2484 3369 Equidem
2521 3297 2663 3354 inde
2707 3311 2745 3354 a
2790 3296 2986 3368 capite
3015 3297 3158 3369 fere
3204 3298 3273 3352 23
3315 3298 3617 3355 auctorem

1891 3343 1940 3406 C

191 3383 360 3442 clare
380 3385 495 3444 sed
513 3400 552 3443 a
574 3386 780 3458 priore
805 3387 914 3444 illo
933 3386 1218 3458 scriptore
1246 3387 1548 3445 adhibitos
1577 3401 1718 3458 esse,
1745 3404 1861 3446 non
1891 3383 1940 3406 “‘
1968 3389 2075 3444 hoc
2127 3387 2270 3444 duce
2318 3385 2666 3444 destitutum
2680 3385 2890 3457 fuisse
2927 3385 3238 3457 putarim;
3273 3384 3381 3442 sed
3427 3386 3616 3444 etiam

191 3483 525 3540 possumus
554 3475 705 3548 quin
733 3475 1102 3543 statuamus;
1127 3477 1402 3548 quamvis
1428 3491 1585 3534 nunc
1613 3491 1745 3548 qua
1765 3476 1861 3534 hic

206 3559 364 3619 liber
396 3563 764 3634 exhibuerit,
797 3579 929 3637 qua
958 3567 1267 3624 Gestorum
1294 3566 1501 3623 auctor
1529 3566 1852 3637 addiderit,

205 3661 328 3706 non
359 3653 521 3710 satis
543 3652 803 3710 discerni
817 3653 1023 3725 possit.
1055 3655 1194 3720 Qua
1216 3655 1512 3712 Ualmetus
1537 3653 1718 3727 dfert
1737 3655 1860 3714 hac

195 3740 389 3796 sunt:
425 3740 584 3798 locus
613 3754 659 3798 c.
691 3744 757 3796 16
787 3740 858 3797 de
903 3742 1192 3813 episcopis
1230 3741 1387 3798 inter
1429 3741 1770 3798 Maternum
1801 3739 1858 3798 et

199 3827 520 3898 Agritium
539 3829 850 3888 ecclesiam
885 3831 1293 3887 Treverensem
1312 3831 1653 3903 regentibus
1683 3833 1850 3904 (101),

188 3918 487 3984 praterea
512 3931 644 3989 qua
671 3933 716 3974 c.
753 3922 818 3973 15
855 3917 925 3975 de
950 3920 1282 3989 viniductu,
1315 3933 1362 3977 c.
1400 3925 1466 3976 19
1507 3921 1577 3976 de
1602 3914 1856 3979 Mathize

193 4005 432 4064 ossibus
451 4007 510 4063 et
521 4007 727 4064 tunica
738 4007 996 4078 Domini,
1017 4007 1236 4066 ibidem
1259 4008 1568 4082 deAgritii
1581 4010 1641 4066 et
1651 4008 1853 4066 Marci-

1967 3489 2100 3548 qua
2142 3476 2320 3532 antea
2375 3487 2449 3530 es:
2505 3471 2790 3544 Gregorio
2838 3479 2896 3531 et
2937 3471 3304 3545 Fredegario
3347 3475 3607 3545 sumpta,

1965 3565 2139 3620 immo
2157 3577 2288 3635 qua
2320 3563 2390 3620 de
2418 3563 2674 3634 antiqua
2687 3562 2932 3620 civitate
2960 3560 3308 3619 Treverensi
3337 3574 3412 3618 ea:
3435 3560 3612 3622 libris

1957 3654 2201 3725 partim,
2217 3653 2444 3724 partim
2453 3665 2525 3708 ea;
2537 3650 2855 3709 traditione
2866 3650 3109 3722 vulgari
3122 3649 3608 3724 compilatassnt,

1961 3742 2242 3800 monacho
2278 3741 2379 3800 illi
2404 3741 2850 3799 Sanmathiano
2900 3737 3235 3807 tribuerim,
3266 3739 3375 3811 qui
3395 3737 3612 3797 seculo

1965 3847 2045 3886 xu
2067 3845 2142 3888 ea
2164 3831 2415 3889 breviori
2426 3831 2997 3902 archiepiscoporum
3011 3825 3270 3887 historia
3291 3827 3470 3888 Gesta
3487 3827 3612 3886 hac

1963 3921 2372 3992 composuerit,
2395 3935 2457 3978 eo
2485 3920 2732 3978 consilio
2756 3919 2985 3990 ductus,
3009 3919 3081 3976 ut
3095 3917 3312 3990 patria
3338 3918 3396 3975 et
3411 3917 3634 3976 Eccle-.

1961 4009 2068 4068 sia
2085 4024 2208 4068 sua
2219 4011 2486 4083 gloriam
2504 4023 2690 4082 quam
2707 4011 2973 4067 maxime
2991 4007 3317 4066 celebraret
3335 4006 3509 4078 (107).

1800 4107 2002 4166 NOTAE.

269 4171 386 4311 (99)
421 4173 502 4230 Cl‘.
536 4189 712 4246 supra
746 4189 798 4230 n.
835 4180 920 4231 5|.

297 4246 424 4311 100)
462 4247 576 4302 Hoc
608 4261 793 4311 nuper
836 4248 920 4311 Sy]

297 4246 424 4315 100)
462 4247 576 4302 Hoc
608 4245 793 4317 nuper
836 4245 1005 4317 Sybel
1029 4246 1351 4313 contendit,
1378 4246 1477 4302 Die
1511 4247 1845 4304 Advocaten

195 4312 302 4389 des
332 4312 566 4389 Trierer
598 4312 789 4373 Rocks
822 4312 1010 4374 Fascs.
1049 4319 1142 4389 Ill,
1177 4334 1231 4389 p.
1267 4312 1347 4374 75
1370 4333 1522 4388 sqq.,
1549 4319 1843 4388 antiquam

197 4384 520 4464 gestorum
534 4388 777 4464 _for_mam
797 4389 1114 4464 restituere
1125 4384 1403 4464 conatus.
1422 4384 1540 4464 '_S'ed
1563 4384 1707 4464 que
1721 4404 1847 4460 par-

197 4457 318 4530 tim_
335 4471 406 4513 ex
434 4457 695 4530 llillario,
733 4461 941 4530 partim
986 4476 1057 4515 ex
1088 4461 1345 4516 Calmeto
1379 4457 1754 4529 atl‘ert,'inte‘r
1785 4475 1846 4516 se

196 4526 363 4583 nullo
397 4529 568 4584 modo
617 4526 934 4599 cohierent,
965 4537 1025 4586 et
1056 4536 1248 4587 utrum
1279 4545 1351 4586 ex
1411 4526 1612 4587 eodem
1642 4531 1846 4588 codice

195 4599 781 4674 gumptasintuvalde
822 4602 1025 4674 dubito
1068 4605 1145 4672 (ν.
1198 4616 1373 4674 supra
1407 4619 1458 4674 p.
1495 4607 1598 4674 (I10
1631 4616 1683 4657 n.
1719 4607 1836 4670 50).

197 4667 386 4743 Verba
408 4671 479 4725 ab
501 4669 740 4743 Hillariqo
762 4687 866 4727 exs
909 4672 1058 4743 ripta
1078 4667 1193 4728 'non
1219 4667 1506 4728 Gesta'vel
1530 4667 1842 4729 Historiam

197 4719 301 4816 seu
319 4719 1846 4816 saginatamiegatza.{i:.:'n;imss:
1875 4719 1928 4780 D
1960 4719 2190 4813 (mnu.
2212 4719 2284 4816 ’βξ

195 4810 414 4883 charii,
443 4810 712 4870 Treviris
735 4814 1018 4883 depositio
1037 4810 1116 4870 S.
1136 4814 1354 4870 Valerii
1371 4815 1492 4870 sine
1515 4815 1738 4870 dierum
1766 4815 1846 4870 in-

197 4879 489 4954 dicatione
522 4879 860 4954 nequeunt),
897 4891 956 4941 et
987 4899 1017 4939 a
1043 4886 1348 4940 Gestorum
1370 4889 1535 4940 textu
1565 4885 1735 4954 longe
1761 4901 1845 4940 re-

196 4952 443 5031 cedunt;
467 4952 715 5031 quocum
747 4952 930 5011 codex
960 4957 1352 5031 {Sallustianus
1378 4952 1733 5031 plerumque
1757 4970 1846 5012 sa-

196 5026 272 5078 tis
297 5026 591 5096 convenit.
629 5027 758 5096 Ipse
792 5041 928 5082 vero
951 5027 1246 5083 Calmetus
1275 5026 1418 5082 dicit
1449 5047 1460 5080 :
1518 5029 1609 5082 Un
1635 5042 1844 5084 manu-

192 5095 486 5176 scritplus
503 5095 716 5176 ancien
734 5098 793 5176 et
810 5098 954 5176 plus
966 5098 1150 5176 court,
1178 5098 1844 5176 dont‘appare-mmentle

190 5166 386 5240 moine
403 5167 656 5240 Thierrg
667 5166 830 5240 s’etoi
842 5170 1033 5226 tservi
1049 5170 1104 5224 et
1116 5166 1153 5240 q
1163 5172 1222 5224 ui
1238 5171 1325 5224 est
1340 5166 1458 5226 c‘o-m
1467 5183 1554 5224 me
1570 5169 1842 5240 lefonde-

190 5237 416 5293 mentet
439 5237 515 5310 la;
531 5237 668 5295 base
683 5239 752 5295 de
780 5254 881 5296 son
915 5237 1181 5310 histoir'e,
1207 5237 1644 5308 Theodericum,
1668 5241 1764 5310 qui
1789 5255 1835 5296 s.

194 5319 366 5376 xex.,
419 5308 614 5382 xtinc.
661 5309 825 5380 vixit,
872 5308 1710 5382 Calmetprimum(Gestorum
1745 5325 1842 5369 au-

192 5383 411 5458 ctorem
452 5379 627 5458 habet
663 5379 922 5458 est
947 5379 1404 5458 probablement
1443 5381 1841 5458 compose'par

200 5447 496 5528 Thimgj.
527 5447 792 5528 ldeonon
817 5447 1011 5528 Gesta,
1032 5453 1140 5528 sed
1167 5447 1838 5528 Gestoruml‘oﬁtem'illp

193 5518 711 5594 codice'eontineri
747 5523 958 5580 innuit.
999 5518 1207 5594 (Quod
1244 5523 1552 5580 Hontheim
1585 5525 1752 5594 Hist.
1792 5525 1834 5593 Ι,

194 5604 318 5666 pag.
352 5606 487 5648 xxv:
517 5593 682 5663 dicit,
730 5593 1225 5666 Eberhardianum
1251 5594 1548 5666 exemplar
1578 5593 1837 5651 Calmeto

193 5661 373 5736 visum
406 5678 556 5736 esse,
593 5661 873 5721 neminem
907 5666 1178 5736 tenebit.)
1236 5661 1556 5723 Gesta'saic
1586 5681 1663 5722 χιι
1692 5666 1838 5721 anti-

193 5733 390 5803 quiora
427 5735 588 5792 nulla
621 5736 820 5808 fuisse,
859 5736 976 5807 jam
1025 5733 1203 5808 supra
1232 5736 1380 5793 satis
1421 5736 1836 5808 docui;codex

192 5817 333 5878 vero
359 5809 566 5862 Aurete
597 5806 820 5878 Wallis,
847 5806 1016 5878 Quem
1041 5806 1211 5877 vael
1244 5808 1356 5864 huc
1379 5807 1692 5866 revocavit.
1720 5807 1835 5863 alio

193 5876 476 5950 pertinet;
507 5891 561 5932 ν.
597 5876 766 5950 infra.
801 5876 1057 5950 Denique
1087 5876 1218 5950 Quae
1248 5879 1318 5935 de
1352 5879 1669 5950 Annalibus
1699 5878 1836 5950 civi-

188 5947 324 6006 tatis
368 5952 540 6022 gesta
591 5947 1001 6022 antiquissima
1045 5947 1500 6017 continentibus,
1555 5962 1700 6020 quos
1732 5948 1836 6005 Sil-

1958 4184 2155 4235 vester
2189 4190 2336 4248 papa
2364 4175 2685 4232 revolvisse
2713 4175 2950 4242 dicitur,
2973 4173 3029 4230 in
3051 4173 3181 4248 Vita
3215 4171 3508 4248 S._:Agri‘tii
3527 4171 3610 4229 le-

1956 4242 2286 4320 guntur'(v'.
2319 4262 2496 4320 supra
2519 4262 2575 4318 p.
2604 4248 2762 4320 112),_
2783 4251 2949 4315 gesta
2975 4245 3238 4315 quaedam
3269 4243 3400 4300 Vita
3429 4242 3610 4302 fuisse

1958 4315 2308 4445 anﬂguiolra,
2345 4315 2480 4372 mihi
2513 4315 2872 4390 persuadere
2903 4320 3222 4387 nequeunt.

2239 4433 2253 4445 .
2289 4405 2337 4445 ο.
2365 4404 2461 4445 vn.

2062 4395 2178 4456 101)
2212 4395 2253 4456 l,
2288 4405 2337 4456 p.
2365 4404 2461 4445 vn.

2212 4395 2609 4531 lﬁtppgiftinent
2643 4460 2966 4533 qua3__c.‘25
2991 4455 3092 4533 (de
3114 4455 3504 4533 translatione
3534 4456 3598 4514 S.

1958 4527 2266 4600 Maximini,
2301 4527 2352 4586 (Ξ.
2384 4535 2452 4586 '25
2479 4535 2540 4586 et
2569 4533 2636 4585 28
2664 4527 2736 4585 de
2760 4528 2915 4600 Hetti
2947 4531 3006 4600 et
3035 4527 3390 4600 Theoderico
3415 4527 3494 4584 ibi
3515 4543 3610 4587 se-

1959 4604 2161 4674 pultis,
2194 4597 2348 4660 c.'27
2381 4601 2450 4674 de
2481 4615 2728 4674 corpore
2767 4599 2819 4655 S.
2853 4597 3492 4674 Eucbariitraduptur.

2030 4669 2176 4755 (103)
2199 4675 2258 4730 V.
2277 4673 2450 4755 cata}.
2469 4669 2718 4755 ςξξξιὸηῖξ
2731 4685 2800 4727 nu
2813 4686 2868 4752 ni
2885 4685 2977 4742 ap.
2999 4669 3304 4755 Hon'tbei‘m
3329 4669 3371 4755 l,
3393 4683 3448 4740 p.
3471 4683 3604 4755 xxiv

2345 4711 2450 4814 51‘;
2469 4711 3311 4820 resina}:
3329 4711 3599 4820 1,335:

1959 4812 2180 4882 Quibus
2209 4812 2357 4892 add_e
2390 4812 2626 4892 tertium
2652 4828 2837 4892 usque
2870 4812 3278 4892 ad_Egber_tum
3301 4812 3604 4892 continua-

1956 4880 2078 4942 t‘um
2105 4903 2274 4959 quem
2301 4887 2692 4959 Bethmannus
2712 4880 2782 4940 ex
2804 4880 3092 4959 Lamberti
3123 4880 3354 4959 Florido
3371 4880 3604 4959 descri-

1955 4959 2099 5028 psit.
2123 4951 2445 5014 'llontheim
2480 4958 2519 5027 l,
2571 4972 2631 5028 p.
2664 4971 2820 5012 xxvn
2849 4955 2992 5028 dicit
3026 4973 3041 5028 ;
3075 4973 3119 5028 α-
3137 4953 3300 5022 Quod
3321 4951 3602 5028 Aali_us_vir

1953 5023 2202 5085 eximius
2234 5035 2294 5084 et
2317 5023 2518 5085 harum
2546 5023 2739 5084 rerum
2767 5025 3256 5098 prudentissimus
3277 5023 3476 5098 simile
3493 5023 3599 5080 Ms.

1954 5101 2262 5156 Gestorum
2309 5099 2622 5176 exemplar,
2649 5095 2882 5176 inquo
2914 5097 3134 5176 pariter
3188 5095 3347 5176 nulla
3378 5095 3602 5176 episeo-

1954 5187 2155 5242 porum
2181 5170 2418 5242 nomina
2466 5164 2618 5226 inter
2645 5164 2968 5242 Maternum
2999 5172 3056 5225 et
3091 5164 3599 5242 Agritiumjnedia

1951 5236 2107 5311 sunt,
2143 5241 2257 5296 alio
2291 5240 2420 5296 loco
2453 5255 2482 5296 a
2517 5256 2578 5296 se
2602 5240 2790 5296 visum
2825 5239 2959 5296 mihi
2999 5237 3296 5311 retulerit.
3317 5259 3356 5311 ιιΔ
3371 5236 3600 5311 S_ed_l'or—

1951 5307 2112 5368 tasse
2139 5311 2440 5379 catalogus
2468 5311 2559 5366 vel
2584 5311 2816 5367 brevior
2835 5309 3081 5368 historia
3112 5307 3359 5380 intelligi
3383 5307 3461 5380 de
3474 5308 3592 5365 bet.

2023 5385 2166 5454 (104)
2211 5378 2483 5449 Quamvis
2533 5382 2811 5454 Hrillarius
2858 5380 3173 5439 fortissime
3217 5378 3420 5438 contra
3450 5378 3597 5438 hanc

1951 5453 2313 5510 dimicaverit
2338 5453 2704 5510 sententiam.
3401 5475 3419 5492 ο

2049 5531 2170 5597 105)
2203 5525 2284 5581 Cf.
2322 5525 2467 5597 infra
2502 5531 2693 5597 notam
2719 5522 2796 5597 ad
2827 5539 2878 5580 c.
2911 5525 2996 5580 16.

2052 5591 2169 5668 100)
2204 5596 2507 5652 Hontheim
2543 5596 2760 5668 Hist.__l,
2787 5611 2838 5666 p.
2869 5608 2984 5651 xxI.
3010 5593 3154 5668 Acta
3184 5592 3279 5668 _S_S.
3314 5593 3472 5668 Sept.
3499 5591 3593 5668 ly,

1950 5681 2004 5738 p.
2033 5663 2163 5724 360'.
2199 5669 2277 5724 De
2309 5680 2445 5725 vera
2477 5663 2754 5723 Methodii
2788 5663 2996 5724 astate.
3028 5679 3082 5722 v.
3119 5663 3334 5721 ibidem
3363 5663 3473 5722 Jun
3501 5663 3594 5737 1V,

1946 5753 2579 5880 p_'(:107)Paucisstepe
2607 5807 2808 5864 verbis
2829 5807 3048 5864 additis
3077 5805 3172 5880 vel
3204 5805 3446 5880 mutatis
3475 5805 3598 5863 fon-

1946 5878 2090 5936 tium
2121 5878 2448 5937 testimonia
2469 5878 2525 5935 in
2557 5894 2722 5936 suum
2747 5894 2913 5938 usum
2949 5879 3158 5945 vertit;
3181 5894 3233 5936 c.
3265 5883 3354 5935 22.
3389 5879 3596 5936 Roma-
3638 5907 3665 5934 ο

1945 5965 2151 6010 norum
2181 5952 2364 6010 duces
2393 5951 2449 6008 in
2479 5952 2864 6010 Treverorum
2893 5950 3190 6024 principes
3220 5947 3486 6006 mutavit.
3519 5948 3582 6004 S.
