3920 6408
152 479 289 545 1081

1544 475 2165 542 PROLEGOMENA

3423 481 3576 548 1082

149 630 601 688 nonnunquam
655 619 890 690 injuste:
913 617 968 674 et
989 619 1170 676 nimis
1193 619 1404 675 acerba
1424 619 1596 675 ratus
1611 636 1631 685 _-
1660 620 1818 675 alius
1858 620 1902 675 Α
1938 621 2071 676 dose
2098 620 2166 675 ut
2189 620 2384 677 scriba
2423 622 2648 677 textum
2691 621 2856 677 haud
2891 621 3045 678 satis
3083 619 3454 678 intellexisse
3479 619 3583 679 sed

152 706 472 779 Godefridi
505 709 959 781 archiepiscopi
991 711 1245 780 tempora
1269 725 1342 766 ex
1362 713 1512 768 actis
1536 712 1820 778 genuinis

149 797 252 855 lati
262 812 326 854 us
352 812 631 869 expc-neu
643 800 725 855 da
747 801 965 857 sumsit
986 803 1132 868 (1211)
1149 819 1172 867 ,ο
1198 802 1359 856 alius
1382 803 1634 872 denique
1655 802 1822 856 novis

146 887 572 946 addition-ibus
622 890 853 945 textum
894 892 1087 958 auxit,
1133 891 1362 947 chartis
1401 893 1456 945 et
1486 891 1823 961 diplomati-

149 974 264 1038 bus.
296 991 432 1047 qua
454 980 523 1033 in
543 981 832 1049 antiquis
857 981 1050 1037 Gestis
1076 980 1322 1036 breeiter
1342 980 1612 1036 indicata
1632 981 1817 1047 erant,

1934 713 2543 782 quani/felelissimuni
2571 715 2823 769 alterius
2841 714 3059 770 codicis
3083 714 3385 782 exemplar
3391 712 3581 782 fecis-

1931 814 1993 856 se
2013 803 2303 858 videatur.
2333 804 2404 857 In
2425 804 2687 872 singulis
2710 803 2900 858 verbis
2921 803 3250 858 scribendis
3273 818 3309 858 a
3332 803 3579 872 vulgari

1932 903 2080 961 sape
2109 893 2348 958 recedit,
2380 895 2594 961 quippe
2625 894 2729 961 qui
2753 909 2781 946 c
2801 907 2905 961 pro
2931 898 2970 954 ι,
3006 910 3064 945 cc
3087 907 3190 957 pro
3214 897 3292 954 (τι,
3323 907 3449 946 cum
3472 906 3579 961 pro

1935 995 2056 1037 com
2091 985 2146 1034 et
2183 981 2313 1036 alia
2347 981 2624 1036 exhibeat
2644 982 2979 1050 peculiaria
3061 983 3199 1035 Tum
3244 981 3359 1034 beec
3398 995 3578 1049 quam

1932 1071 2147 1125 menda
2180 1071 2291 1124 illa
2317 1073 2607 1140 graviora
2643 1070 2851 1126 scribre
2892 1069 3204 1125 tribuenda
3245 1083 3366 1125 esse
3400 1069 3581 1138 puto;

1934 1173 2052 1215 non
2077 1172 2294 1228 paucos
2321 1173 2450 1213 vero
2477 1173 2705 1214 errores
2734 1159 2851 1228 ipsi
2881 1159 3183 1215 Gestorum
3215 1158 3444 1214 auctori
3473 1159 3579 1212 im-

1931 1247 2290 1317 putaverim.
2340 1250 2548 1303 Brevis
2589 1248 2657 1302 de
2693 1249 3148 1315 archiepiscopis
3189 1246 3573 1312 ill/lalberone,

1939 1336 2261 1407 Godefrido
2285 1337 2341 1391 et
2367 1336 2708 1405 Meginhero
2739 1337 2953 1390 notitia
2985 1337 3110 1391 alia
3139 1349 3317 1390 manu
3343 1335 3405 1388 in
3425 1333 3579 1389 codi-

1937 1440 2015 1492 ce,
2042 1426 2223 1496 hujus
2248 1427 2311 1480 ut
2330 1426 2568 1481 videtur
2589 1424 2942 1495 temporibus
2963 1426 3198 1493 scripto,
3225 1424 3305 1479 ad
3314 1424 3435 1478 rlita
3458 1423 3568 1478 est.

1937 1515 2111 1570 Hanc
2132 1528 2252 1569 una
2275 1528 2405 1570 cum
2429 1515 2734 1572 Gestorum
2761 1513 3202 1582 tegctufietetz'r’ei'
3231 1512 3570 1580 descripsit.

2011 1605 2100 1672 (Α)
2143 1604 2214 1656 1b.
2253 1603 2450 1658 Codex
2470 1604 2655 1658 musci
2677 1602 3043 1667 Britannici,
3074 1601 3303 1656 llarlei.
3331 1615 3387 1654 n.
3417 1604 3574 1666 3773,

1936 1705 2072 1747 seec.
2104 1707 2199 1758 xu,
2228 1706 2398 1760 quem
2419 1693 2555 1746 ante
2575 1705 2760 1745 annos
2782 1691 3014 1758 aliquot
3027 1692 3157 1758 jam
3186 1689 3459 1744 Per/rius
3483 1701 3579 1741 no-

145 1067 406 1138 aliisque
438 1067 674 1125 multis
700 1069 870 1138 plene
900 1069 1231 1139 descriptis,
1268 1072 1356 1125 ita
1378 1069 1443 1125 ut
1462 1084 1656 1125 eorum
1680 1071 1826 1124 mole

142 1157 474 1224 genuinum
515 1159 754 1213 textum
786 1173 1203 1228 nonnunquam
1230 1174 1477 1229 prorsus
1505 1159 1745 1214 obruere
1773 1159 1828 1214 et

147 1245 610 1302 chartulariu-m
650 1248 857 1318 potius
898 1263 1077 1318 quam
1118 1249 1298 1304 chron
1314 1249 1433 1304 "con
1479 1250 1524 1303 Τ
1525 1262 1827 1304 reverense

148 1333 424 1389 exhibere
458 1336 776 1391 videatur.
818 1338 981 1402 Quod
1001 1353 1037 1392 a
1063 1338 1367 1394 Lamberto
1403 1339 1470 1393 de
1500 1340 1682 1407 Legia
1713 1353 1828 1391 mo-

146 1423 326 1478 nacho
350 1425 441 1480 Sa
453 1425 826 1481 nmathiano
832 1426 1074 1496 factum
1103 1441 1242 1490 esse,
1264 1429 1404 1483 sunt
1425 1429 1530 1496 qui
1554 1422 1832 1483 statuant

147 1510 288 1579 (126)
302 1531 328 1579 ,·
359 1512 429 1566 id
458 1515 636 1582 quod
670 1528 858 1583 neque
885 1517 1238 1584 confirmare
1267 1531 1446 1585 neque
1479 1531 1693 1585 negare
1724 1529 1827 1569 au-

150 1599 287 1653 sim.
336 1599 516 1656 Certe
546 1603 756 1670 codex,
781 1604 902 1658 nisi
922 1603 1320 1674 valde/altor,
1349 1605 1419 1659 ab
1445 1606 1567 1674 ipso
1592 1606 1828 1659 auctore

149 1691 459 1757 exaratos,
499 1691 572 1744 in.
598 1704 736 1747 sae.
772 1706 844 1745 xu
869 1691 1056 1745 medio
1090 1693 1366 1748 collocari
1398 1694 1583 1757 debet,
1612 1695 1667 1747 et
1686 1693 1827 1746 olim

146 1775 214 1830 in
247 1775 620 1835 bibliotheca
650 1779 1104 1836 .S'anmathiana
1122 1781 1282 1850 fuit.
1324 1783 1622 1836 Preelerea
1647 1783 1826 1835 etiam
1938 1793 2020 1833 ree
2051 1779 2190 1834 huic
2222 1779 2527 1834 Gestorum
2561 1779 2808 1834 editioni
2842 1778 3221 1840 adhibuerat,
3264 1791 3418 1831 nunc
3449 1790 3578 1830 vero

157 1866 294 1920 nota
320 1866 390 1920 de
414 1868 678 1924 ecclesia
711 1869 924 1924 Sancti
958 1870 1250 1924 Euchurii
1279 1871 1639 1939 reddi/irata
1676 1870 1730 1924 et
1759 1871 1828 1924 de
1941 1867 2036 1923 his
2064 1869 2294 1924 schedis
2331 1867 2599 1923 Treveris
2632 1867 2953 1937 deperdilis
2978 1868 3188 1920 iterum
3214 1880 3392 1934 quam.
3414 1878 3582 1920 accu-

153 1955 351 2009 sancto
388 1955 646 2011 Mat/tia
681 1958 915 2012 invento
941 1961 1083 2026 (127)
1110 1959 1290 2028 hujus
1319 1959 1557 2013 crenobii
1586 1960 1825 2027 scripto-

2018 1959 2242 2013 tis~ime
2272 1957 2327 2010 Υ.
2345 1958 2416 2013 cl.
2438 1957 2639 2011 mtiler
2657 1956 2992 2025 exscripsit.
3018 1960 3054 2017 (ἰ
3069 1970 3135 2008 uo
3155 1954 3582 2021 comprobettum

152 2056 269 2098 rem
297 2046 600 2114 arguunt.
625 2047 795 2102 Idem
811 2047 1308 2103 continuationem
1330 2047 1401 2102 ab
1420 2063 1473 2102 a.
1504 2051 1819 2115 1132-1152,
1939 2047 2042 2106 est,
2080 2046 2235 2101 hunc
2263 2045 2479 2101 librum
2509 2044 2724 2100 codicis
2758 2049 2780 2098 1
2815 2057 2935 2099 esse
2966 2045 3284 2110 exemplar;
3320 2044 3424 2102 ita,
3462 2041 3582 2095 nisi

155 2145 230 2185 ex
273 2133 411 2188 Vita
443 2135 654 2191 sancti
693 2135 1084 2192 Adalberonis
1112 2151 1389 2205 magnam
1413 2138 1649 2205 partem
1681 2138 1826 2192 hau-
1921 2135 2143 2204 fallor,
2163 2135 2405 2206 factum
2437 2135 2500 2188 ut
2526 2133 2725 2188 scriba
2759 2131 3038 2202 magistri
3079 2131 3365 2186 dictantis
3402 2129 3580 2184 rcrba

159 2221 329 2290 stam,
378 2223 690 2293 adjecisse
708 2225 1020 2294 putandus
1052 2227 1153 2288 est,
1190 2239 1367 2294 quam
1405 2226 1468 2280 in
1498 2227 1692 2281 codice
1722 2227 1826 2281 illo
1935 2225 2163 2278 calamo
2186 2222 2506 2292 exciperet;
2531 2235 2652 2292 qua
2673 2221 2972 2276 occasione
2994 2221 3090 2274 hic
3114 2220 3336 2273 textum
3356 2219 3416 2272 in
3440 2223 3458 2271 1
3488 2219 3578 2272 de-

167 2309 364 2364 eadem
395 2326 612 2379 manu,
649 2316 924 2381 quamvis
959 2328 1071 2368 non
1103 2315 1377 2369 continuo
1409 2315 1648 2382 calamo,
1682 2317 1827 2371 scri-
1923 2312 2251 2381 praratum
2290 2310 2644 2379 conjecturis
2683 2322 2904 2364 sanare
2942 2308 3269 2372 conaretur,
3315 2306 3418 2361 ille
3447 2319 3577 2360 rero

162 2398 322 2467 piam
349 2399 652 2456 videmus.
686 2402 888 2471 Neque
909 2417 1039 2457 vero
1062 2403 1224 2457 ull-ra
1254 2403 1408 2458 hunc
1434 2417 1656 2459 annum
1682 2406 1827 2460 scri-
1933 2413 2107 2454 novos
2131 2399 2513 2455 committeret
2535 2411 2758 2452 errores
2780 2397 3053 2466 antiquis
3070 2397 3397 2466 graviores.
3426 2396 3580 2449 Nam

162 2488 293 2556 pter
311 2504 676 2559 progressus
699 2493 801 2559 est,
826 2492 930 2547 sed
959 2492 1072 2546 alii
1096 2493 1296 2561 postea
1329 2493 1488 2547 alias
1519 2494 1827 2550 continua-
1936 2489 2080 2544 adeo
2092 2491 2224 2558 jam
2248 2487 2422 2542 verba
2442 2487 2881 2557 sententiasque
2901 2484 3176 2554 corrupta
3203 2483 3478 2548 videmus,
3513 2483 3580 2537 ut

164 2575 346 2635 tiones
377 2579 759 2650 adjecerunt,
794 2581 863 2636 de
892 2580 1110 2651 quibus
1139 2581 1289 2637 alibi
1321 2584 1665 2638 accuratius
1695 2597 1826 2653 age-
1933 2591 2084 2634 vera
2111 2578 2375 2632 lectionis
2397 2576 2576 2631 etiam
2600 2574 2856 2645 vestigia
2882 2588 3030 2643 sape
3057 2572 3432 2628 eranuerint.
3475 2573 3580 2626 Re-

161 2680 314 2723 mus.
1936 2666 2157 2722 centior
2179 2679 2389 2720 manus
2410 2664 2600 2718 multa
2624 2663 2902 2730 correxit,
2936 2675 3359 2730 nonnunquam
3391 2659 3578 2715 altero

230 2756 357 2813 Hoc
390 2757 517 2814 loco
546 2757 973 2829 antiquissima
1011 2759 1386 2815 Trecerormn
1420 2759 1599 2815 Gesta
1640 2774 1828 2829 usque
1933 2757 2001 2812 ut
2021 2754 2255 2809 videtur
2278 2754 2471 2809 codice
2501 2753 2734 2821 arljula,
2767 2753 2983 2821 sapius
3011 2753 3192 2805 meris
3223 2749 3581 2818 conjecturis

166 2842 245 2897 ad
273 2857 332 2899 a.
375 2850 536 2914 1101,
578 2847 756 2903 Gesta
787 2847 962 2902 aucta
993 2847 1049 2901 et
1070 2848 1419 2902 continuata
1447 2862 1632 2918 usque
1660 2849 1740 2903 ad
1766 2863 1821 2904 a.
1936 2844 2254 2913 indulgens
2299 2874 2366 2881 —
2391 2843 2466 2898 In
2488 2842 2721 2897 ultimis
2745 2842 3003 2906 quatuor
3027 2839 3166 2895 libri
3183 2839 3368 2909 foliis
3392 2836 3582 2893 libelli

169 2935 319 2994 1132,
344 2934 610 3003 denique
627 2935 965 2990 additiones
986 2949 1113 2991 seec.
1144 2951 1218 2990 χιι
1225 2937 1439 3007 factas
1462 2936 1823 2992 exhibemus.
1938 2932 2097 2988 alius
2121 2932 2458 3000 argumenti
2481 2932 2524 2996 (1
2540 2936 2627 2998 '29)
2651 2930 2862 2996 scripti
2887 2929 3046 2985 sunt.

170 3019 306 3084 Quae
337 3023 544 3078 omnia
573 3023 838 3079 codicum
859 3025 916 3078 et
934 3024 1323 3078 recentiorum
1348 3025 1701 3093 scriptorum
1726 3040 1828 3081 au-
2013 3021 2101 3090 (A)
2125 3025 2182 3074 2.
2225 3020 2422 3076 Codex
2441 3021 2627 3075 musci
2645 3018 3014 3086 Britannici,
3038 3014 3343 3072 Arundetl.
3373 3030 3428 3069 n.
3456 3018 3579 3080 270,

167 3109 446 3167 ctoritate
471 3112 636 3168 ducti
668 3113 1046 3167 Treverorum
1080 3113 1261 3170 Gesta
1292 3116 1664 3168 nominamus
1679 3131 1701 3180 ,·
1727 3115 1830 3171 sed
1939 3123 2072 3166 sae.
2117 3125 2233 3178 xm,
2273 3109 2337 3164 ut
2364 3108 2618 3176 videtur,
2655 3110 2826 3163 ἱη-[ιτο
2851 3108 3128 3174 scriptus,
3163 3104 3263 3160 ubi
3286 3104 3412 3174 fol.
3467 3105 3583 3156 1-23

177 3199 242 3252 ut
267 3201 520 3270 singula
551 3200 975 3256 discernantur
997 3216 1191 3270 opera,
1217 3202 1472 3270 primum
1496 3217 1546 3270 ει,
1572 3203 1829 3258 alterum
1945 3200 2121 3257 Gesta
2149 3200 2526 3254 Treverorum
2550 3197 2807 3266 antiqua
2833 3197 3125 3263 leguntur.
3151 3195 3324 3248 Hunc
3348 3192 3582 3256 librum,

175 3285 225 3350 b,
258 3289 506 3344 tertium
529 3304 660 3344 vero
683 3304 713 3343 c
737 3291 1124 3345 nominamus.
1162 3290 1679 3346 Gcntinuationcm
1711 3293 1830 3347 bre-
1865 3334 1908 3359 η
1942 3290 2083 3345 olim
2108 3288 2378 3359 fortasse
2406 3286 2724 3355 Moguntix
2753 3286 2848 3339 vel
2874 3286 2937 3339 in
2967 3283 3200 3338 dicecesi
3231 3281 3584 3350 Maguntina

176 3388 294 3430 vem
325 3392 516 3448 usque
535 3379 616 3433 ad
638 3392 700 3432 a.
738 3383 871 3432 1152
890 3379 944 3432 et
970 3392 1100 3446 quee
1121 3381 1319 3446 postea
1345 3381 1596 3436 dicersis
1625 3381 1834 3450 tempo-

2017 3377 2303 3432 servatum
2337 3376 2499 3445 (130),
2533 3375 2766 3444 primus
2803 3373 2882 3427 cl.
2933 3369 3303 3440 lappenberg
3345 3368 3580 3431 evolvit,

178 3462 344 3522 ribus
378 3467 450 3522 de
482 3468 770 3536 episcopis
803 3467 1145 3522 Treverensi
1158 3466 1260 3522 bus
1291 3470 1516 3538 scripta
1544 3470 1686 3524 sunt
1714 3470 1834 3525 alio
1944 3479 2129 3532 nuper
2159 3479 2291 3518 vero
2323 3464 2402 3518 cl.
2446 3463 2667 3532 Thorpe
2699 3463 2762 3516 in
2795 3474 2933 3515 usus
2970 3458 3198 3514 nostros
3239 3456 3583 3524 exscripsit.

190 3549 371 3622 hujus
401 3555 772 3610 collect-iouis
802 3555 1100 3609 columine
1131 3556 1384 3611 edemus.
1947 3556 2072 3609 Hoc
2103 3552 2406 3610 Gestorum
2438 3551 2759 3620 exemplar,
2792 3564 2905 3603 non
2926 3562 2998 3603 ex
3024 3553 3072 3615 1,
3100 3547 3203 3601 sed
3233 3560 3304 3600 ex
3334 3545 3456 3599 alio
3488 3543 3592 3598 hu-

242 3642 419 3699 Nunc
463 3643 692 3698 codices
722 3645 1011 3714 quotquot
1040 3645 1118 3697 ad
1148 3643 1422 3698 notitiam
1458 3646 1719 3701 nostram
1750 3662 1840 3702 ve-
1934 3644 2043 3712 jus
2069 3642 2428 3698 recensionis
2457 3640 2650 3695 codice
2679 3638 2993 3707 sumptum,
3029 3634 3312 3692 accurata
3336 3631 3594 3704 praestat

178 3735 389 3787 nerunt
413 3731 675 3786 breviter
707 3731 1124 3798 describemus,
1159 3747 1258 3802 spe
1290 3733 1450 3788 duct’
1467 3735 1610 3805 fore
1640 3735 1708 3790 ut
1738 3735 1842 3794 hoc
1949 3732 2247 3790 scribendi
2266 3732 2518 3792 ratione,
2544 3730 2647 3784 sed
2664 3729 2892 3783 mendis
2915 3725 3152 3781 minime
3171 3724 3351 3790 caret,
3378 3724 3594 3792 quippe

178 3819 338 3874 modo
369 3836 492 3876 non
522 3823 711 3876 solum
756 3821 1010 3876 editioni
1051 3824 1266 3877 nostra
1298 3825 1454 3877 rium
1485 3825 1839 3895 ste-ruamus,

188 3907 288 3962 sed
314 3923 389 3966 ea
419 3925 653 3980 quoque
677 3911 870 3979 magis
899 3912 1319 3980 conﬁrmentur
1340 3914 1519 3981 atque
1543 3915 1846 3970 illustriu-

196 3995 286 4050 tur
305 4012 444 4068 quae
453 4001 587 4068 jam
613 4001 989 4067 exposuimus
1057 4000 1209 4054 Nam.
1232 4000 1456 4056 codices
1477 4004 1683 4071 secuti,
1715 4004 1843 4058 Tri-

192 4084 400 4143 themii
431 4102 659 4143 errores
691 4087 1114 4156 deprehendere
1135 4089 1321 4142 etnon
1342 4089 1530 4143 solum
1554 4091 1673 4146 tres
1699 4093 1841 4146 illas

200 4173 506 4231 Gestorum
520 4177 764 4247 formas
792 4189 1091 4231 secernere
1115 4177 1219 4232 sed
1244 4178 1422 4232 etiam
1446 4178 1692 4235 leviores
1714 4195 1840 4236 mu-

185 4261 446 4321 tationes
478 4266 750 4320 indicare
767 4267 1092 4336 potuimus.

253 4353 339 4420 (Α)
385 4359 426 4407 1.
467 4354 666 4408 Codex
695 4358 837 4423 (128)
862 4355 1003 4408 olim
1035 4354 1436 4411 «monasterii
1464 4357 1676 4412 Sancti
1710 4357 1838 4413 Ma-

187 4438 324 4498 thix
357 4442 610 4510 apostoli
642 4444 814 4496 extra
843 4456 1040 4498 muros
1075 4443 1454 4499 Trevercnses
1483 4445 1605 4500 0rd.
1643 4447 1837 4501 sancti

187 4528 514 4598 Benedicti,
548 4548 574 4579 »
612 4530 833 4585 nostris
867 4532 1109 4599 tempori
1120 4530 1222 4586 bus
1254 4533 1318 4586 in
1347 4531 1696 4589 bibliotheca
1722 4536 1837 4592 riri

190 4615 518 4674 doctissimi
569 4618 838 4673 Fichard
885 4618 1412 4689 Francofm'tensis
1462 4626 1825 4680 asservatus.

189 4705 360 4762 Liber
375 4707 562 4778 foliis
592 4710 660 4759 75
691 4708 941 4763 minoris
957 4708 1178 4777 fornice
1208 4711 1453 4776 constat,
1489 4726 1739 4780 quorum
1768 4719 1834 4768 69

191 4794 383 4852 Gestis
433 4795 766 4864 explentur,
819 4809 949 4866 qua
999 4798 1210 4852 sxculo
1259 4812 1334 4852 χιι
1382 4800 1504 4854 inc.
1561 4815 1675 4855 non
1717 4817 1835 4859 una

187 4896 386 4953 manu,
410 4885 645 4954 partm
683 4885 747 4940 in
775 4884 1138 4940 membranis
1169 4899 1322 4956 quas
1353 4887 1562 4944 dicunt
1575 4890 1836 4960 palimp-

187 4973 360 5030 sestis
379 4973 608 5044 scripta
628 4975 785 5042 sunt,
809 4974 1175 5044 negligenter
1198 4976 1438 5046 quidem
1461 4978 1518 5032 et
1541 4979 1661 5034 tam
1683 4995 1835 5036 men-

1951 3822 2110 3892 quod
2130 3820 2292 3875 modo
2312 3819 2487 3874 rerba
2513 3819 2764 3885 omittat,
2801 3817 2964 3870 modo
2995 3816 3123 3869 alia
3155 3813 3344 3869 addat
3362 3812 3453 3866 vel
3474 3825 3593 3868 cor-

1950 3910 2309 3966 rectionibus
2354 3910 2669 3977 antiquum
2711 3919 3029 3963 sermonem
3075 3903 3364 3974 deformet
3409 3901 3584 3969 (131).

1949 4001 2318 4055 Brevissima
2351 3999 2558 4068 influe
2588 3997 2826 4067 adjecta
2865 3995 2955 4051 est
2987 3992 3354 4051 continuatio
3392 3990 3594 4046 eadem

1948 4102 2133 4143 manu
2161 4088 2412 4155 scripta.

2025 4178 2168 4231 Cum
2203 4174 2306 4229 hoc
2333 4173 2527 4228 codice
2545 4172 2754 4241 plures
2786 4173 2875 4228 ita
2905 4168 3275 4235 convenirent,
3307 4167 3374 4222 ut
3406 4181 3480 4223 ex
3507 4181 3593 4222 eo-

1950 4263 2077 4318 dem
2102 4263 2276 4334 fonte
2315 4261 2518 4315 hausti
2559 4273 2680 4314 esse
2720 4257 2989 4314 debeant.
3037 4256 3205 4311 Inter
3229 4269 3374 4325 quos
3401 4257 3591 4326 primo

1949 4353 2066 4409 loco
2096 4350 2463 4407 nominanda
2491 4347 2631 4402 sunt
2651 4348 2762 4402 duo
2781 4347 3045 4402 codicum
3059 4345 3436 4416 fragmenta,
3463 4359 3592 4415 qlae

1946 4442 2146 4496 utrum
2176 4440 2314 4495 huic
2344 4438 2525 4494 classi
2560 4435 2877 4492 tribuenda
2906 4436 3033 4491 sint
3059 4449 3236 4491 necne
3256 4437 3393 4506 jam
3420 4435 3592 4490 intel-

1951 4532 2059 4601 ligi
2092 4529 2298 4598 nequit
2320 4547 2338 4581 .-

2018 4623 2100 4688 3η)
2136 4618 2332 4673 Codex
2362 4613 2867 4686 Guelferbytanus
2884 4625 3017 4668 seec.
3051 4626 3148 4680 xn,
3175 4612 3283 4680 qui
3302 4625 3458 4667 nunc
3477 4623 3592 4666 uno

1865 4681 1916 4742 D
1950 4709 2178 4763 tantum
2200 4706 2590 4777 quaternione
2607 4703 2854 4769 constat,
2881 4716 2994 4771 quo
3020 4702 3328 4760 Gestorum
3346 4699 3591 4754 initium.

1945 4810 2132 4864 usque
2154 4795 2234 4850 ad
2255 4794 2374 4850 hac
2393 4807 2518 4862 cap.
2547 4797 2578 4846 9
2600 4791 2775 4847 verba
2799 4810 2816 4844 .·
2841 4806 2892 4846 ιη
2920 4790 3166 4845 concilio
3192 4789 3393 4845 habuit.
3435 4788 3519 4843 cir
3546 4789 3589 4842 ll

1946 4884 2186 4954 legitur,
2211 4882 2487 4938 accurate
2507 4880 2659 4936 satis
2683 4879 2739 4934 et
2758 4878 2947 4934 nitide
2968 4878 3247 4947 scriptus.

2017 4982 2100 5051 3b)
2120 4978 2528 5036 Uodexciricl.
2548 4977 2821 5048 Le0poldi
2841 4992 2957 5034 van
2974 4973 3588 5046 Alstein,Gandensis,

1767 5158 1987 5216 NOTAE.

257 5296 407 5364 (125)
443 5296 579 5360 Quae
612 5294 743 5350 vide
778 5294 923 5349 infra
954 5293 1129 5349 edita.

258 5365 408 5432 (126)
442 5366 824 5438 Wyttenbach
861 5383 910 5436 p.
945 5366 1051 5420 ΧΧ.
1076 5370 1144 5419 68
1169 5371 1285 5420 not.
1317 5368 1392 5438 (p.
1430 5370 1533 5422 172
1565 5383 1615 5423 n.
1645 5371 1831 5426 eidem

191 5439 544 5509 mutationes
576 5436 706 5490 illas
739 5453 786 5492 c.
828 5440 904 5490 14.
949 5440 1026 5509 15.
1052 5438 1247 5509 iactas
1282 5436 1532 5509 tribuit.)
1568 5441 1642 5495 De
1679 5442 1833 5497 Lam-

189 5510 352 5565 berto
381 5525 435 5563 v.
474 5507 663 5562 Mirac.
698 5510 749 5562 S.
789 5507 1013 5563 Mathizc
1047 5508 1101 5562 in
1135 5509 1394 5580 Appcml.

256 5583 405 5633 (1'27)
434 5581 491 5633 C.
525 5584 611 5633 “25.

709 5648 780 5703 de
813 5648 917 5704 hoc
955 5648 1211 5722 aliisque
1240 5651 1542 5707 codicibus
1569 5652 1684 5722 jam
1734 5658 1835 5710 Ar-

189 5719 333 5779 chiv.
368 5723 486 5787 νη,
523 5736 578 5791 p.
615 5725 706 5774 511
750 5736 902 5791 sqq.,
937 5719 1072 5776 dixi.

258 5795 407 5866 (129)
439 5794 669 5866 Prima
684 5792 1186 5866 dedicatioquam
1209 5793 1644 5850 eonstituitrex
1663 5795 1835 5852 S’alo-

189 5862 350 5936 mon;
380 5862 464 5924 De
479 5863 835 5936 panitentia
857 5866 915 5920 et
936 5862 1285 5921 liberatione
1302 5866 1676 5934 Salomonis;
1701 5868 1779 5924 Di
1792 5883 1834 5920 ς-

1944 5301 2226 5358 sonantia
2261 5297 2557 5356 Ambros-ii
2588 5299 2646 5355 et
2669 5299 2988 5355 Jeronimi.

2017 5373 2162 5442 (130)
2197 5373 2330 5426 Nam
2368 5371 2940 5442 archiepiscworuzn
2991 5369 3590 5442 Moguntinorunrm-

1947 5440 2198 5512 tnlcgum
2281 5477 2284 5479 -
2328 5457 2376 5497 ξι.
2418 5447 2554 5495 1230
2587 5443 2639 5495 iu
2677 5443 2879 5496 ultimo
2911 5441 3019 5510 legi
3052 5441 3324 5511 fuliojam
3358 5440 3585 5496 Archiv.

1945 5516 2057 5568 Vll.
2098 5531 2148 5584 p.
2186 5519 2306 5581 512,
2344 5513 2558 5568 notavi.

2017 5581 2164 5655 (131)
2201 5588 2257 5639 Ε.
2291 5601 2377 5654 gr.
2411 5601 2457 5639 c.
2488 5593 2517 5636 ε)
2549 5597 2738 5652 neque
2762 5615 2831 5622 —
2859 5581 3132 5638 volebant
3154 5599 3202 5638 c.
3239 5588 3303 5639 10
3333 5598 3463 5639 cum
3495 5583 3591 5639 his

1942 5686 2011 5695 —-
2035 5655 2441 5726 pervenerant,
2469 5655 2525 5710 et
2552 5655 2658 5724 qui
2693 5687 2755 5693 —
2786 5656 3313 5725 proficiscebantur
3337 5656 3549 5710 dcsuni
3577 5672 3588 5712 :

1944 5742 1992 5782 c.
2029 5733 2116 5795 23,
2155 5743 2256 5797 pro
2284 5740 2470 5797 penus
2501 5727 2782 5798 scriptum
2813 5729 3186 5798 estpenuria
3216 5733 3270 5784 et
3314 5727 3444 5783 inde
3479 5727 3587 5782 loci

1944 5813 2150 5855 sensus
2185 5799 2565 5855 deformatur.
