3920 6440
317 477 472 548 1088

1555 479 1826 563 GESTA
1879 479 2214 550 THEVER
2224 480 2460 552 ORUM

3569 477 3742 550 1084

315 639 494 698 antea
515 639 818 697 Lcmniens
848 635 1020 712 (132),
1047 651 1176 699 sae.
1213 654 1310 712 χιι,
1356 639 1658 713 eleganter
1694 641 1764 700 in
1789 653 1966 698 mem-
1997 621 2048 680 Α
2080 639 2417 699 ternionum
2439 638 2673 697 numeri
2700 635 3185 697 XXXI-XXXIV
3203 634 3537 711 ostendunt,
3557 637 3739 698 nota-

317 727 524 788 branis
553 729 861 786 exaratus.
898 729 1105 802 Hujus
1133 745 1368 804 quoque
1397 732 1520 788 octo
1553 731 1786 788 tantum
1799 729 1967 804 folia

315 819 651 891 supersunt,
689 831 821 892 qua
839 832 1028 890 usque
1047 819 1130 876 ad
1163 834 1210 878 c.
1237 823 1306 876 12
1332 820 1540 878 verba:
1586 820 1965 891 magistratus

319 923 444 981 quas
469 909 788 980 pertinent.

385 999 522 1054 Huc
546 997 835 1056 accedunt
851 997 1098 1066 codices,
1134 1011 1280 1070 quos
1310 1012 1441 1056 cum
1465 998 1742 1070 antiquis
1773 998 1968 1058 Gestis

318 1083 433 1156 (Η.)
457 1099 647 1158 usque
667 1085 750 1142 ad
767 1084 1104 1142 Eberhardi
1123 1087 1366 1144 mortem
1389 1087 1456 1157 (οι-
1477 1101 1532 1143 a.
1563 1088 1722 1158 1066)
1747 1087 1968 1145 exscri-

299 1174 426 1246 ptis
446 1173 952 1231 continuationem
970 1174 1149 1232 illam
1168 1189 1355 1248 usque
1374 1175 1456 1233 ad
1475 1191 1530 1233 a.
1559 1180 1696 1232 1132
1713 1175 1846 1246 conj
1854 1189 1958 1232 un-

307 1264 472 1320 xisse
487 1263 644 1320 etita
657 1277 868 1319 novum
879 1263 1307 1334 quodammodo
1320 1279 1462 1335 opus
1475 1264 1758 1337 ejecisse,
1773 1279 1965 1336 supra

297 1353 435 1424 jam
472 1351 627 1408 dixi.
671 1353 885 1410 Nescio
915 1367 998 1409 an
1026 1353 1252 1410 codices
1283 1359 1343 1409 3η
1374 1355 1436 1409 3b
1467 1353 1582 1412 huc
1594 1355 1964 1426 pertineant,

306 1439 534 1512 reliqui
545 1454 680 1498 vero
691 1441 970 1498 sxculum
986 1457 1085 1498 xm
1097 1456 1214 1500 non
1228 1443 1530 1514 superant,
1545 1456 1736 1514 neque
1771 1444 1961 1514 (elate,

306 1543 496 1603 neque
532 1531 821 1588 accurata
851 1531 1096 1588 lectione
1141 1532 1642 1601 commendantur,
1687 1535 1966 1603 quamvis

309 1633 442 1678 cum
469 1623 504 1675 2
529 1619 880 1690 plerumque
908 1621 1278 1678 conveniant.

384 1708 438 1780 4)
465 1708 665 1765 ϐοάσω
693 1709 749 1763 V.
775 1709 846 1765 cl.
879 1708 1430 1781 ThomaPhillipps
1453 1711 1694 1782 equitis,
1712 1710 1777 1766 in
1794 1711 1967 1781 cujus

311 1797 618 1854 ditissima
644 1796 996 1854 bibliotheca
1020 1798 1352 1855 Middlehil
1371 1799 1740 1868 asservatur,
1773 1801 1880 1869 qui
1900 1800 1968 1855 in

294 1887 479 1958 foliis
497 1888 568 1940 42
587 1885 1056 1944 membranaceis
1082 1901 1265 1944 manu
1291 1901 1420 1945 sxc.
1449 1903 1548 1944 xm
1580 1887 1758 1945 Gesta
1781 1888 1966 1944 conti-

311 1975 430 2046 net,
461 1975 614 2033 satis
645 1975 970 2046 diligenter
999 1977 1276 2034 exarata.
1310 1977 1658 2048 Pracipuas
1691 1979 1966 2034 lectiones

312 2065 384 2121 cl.
421 2063 801 2136 Lappenberg
833 2065 1116 2122 enatavit.

383 2152 466 2222 ὅτι)
497 2151 695 2209 ϐοάσω
713 2152 1196 2226 Hamburgensis
1216 2155 1375 2211 Hist.
1398 2155 1561 2225 eccl.,
1583 2158 1660 2224 4ο,
1686 2169 1742 2210 n.
1768 2155 1974 2214 XXXI

319 2240 490 2312 (133),
507 2241 651 2296 olim
668 2241 1056 2314 Ufenbachii,
1073 2243 1284 2314 postea
1310 2243 1523 2310 Wet/ii,
1541 2243 1818 2313 chart.,s.
1839 2245 1961 2313 XV,

309 2331 389 2399 40,
440 2330 549 2400 qui
577 2329 754 2393 foliis
782 2334 888 2386 223
931 2332 1110 2389 varia
1154 2345 1332 2403 opera
1361 2333 1626 2390 continet
1651 2333 1960 2404 historica,

307 2417 564 2476 Joannis
595 2419 667 2475 de
692 2418 1030 2476 Stabulaus
1059 2417 1239 2477 Gesta
1279 2421 1633 2492 pontiﬁcum
1668 2421 1967 2492 Tungren-

306 2504 452 2576 ium,
493 2505 674 2565 Gesta
708 2507 1155 2565 Treverensium
1183 2521 1409 2566 necnon
1437 2508 1687 2566 Eusebii
1708 2511 1768 2566 et
1789 2511 1966 2568 Pros-

298 2594 437 2666 peri
463 2595 760 2654 Chronica
786 2595 1103 2668 Sigeberto
1127 2597 1460 2669 praemissa.
1490 2598 1668 2658 Gesta
1695 2599 1965 2656 Trevero-

306 2696 444 2741 rum
465 2690 534 2741 70
540 2686 711 2758 folia
733 2686 989 2758 explent,
1015 2686 1162 2744 olim
1183 2686 1426 2744 seorsim
1449 2691 1784 2758 numerata,
1808 2702 1968 2746 nunc

305 2773 555 2844 paginis
592 2778 824 2832 159-278
857 2775 1188 2846 inscripta;
1211 2775 1318 2832 sed
1335 2775 1476 2832 inde
1496 2791 1608 2846 ap.
1641 2781 1742 2832 253
1764 2776 1840 2848 (f.
1873 2779 1962 2848 48)

307 2861 681 2918 continuatio
705 2861 926 2934 legitur
947 2863 1030 2919 ad
1062 2863 1440 2920 Wernherum
1461 2878 1650 2936 usque
1669 2865 1966 2938 archiepi-

317 2963 555 3020 scopum
588 2948 668 3020 (a.
705 2954 865 3022 1388)
897 2951 1172 3009 deducta.

385 3038 466 3112 δι’)
483 3038 684 3096 ϐοάσω
695 3039 1172 3112 Hamburgensis
1194 3040 1355 3098 Hist.
1375 3041 1561 3098 Germ.
1575 3084 1588 3111 ,
1599 3043 1743 3114 fol.,
1761 3057 1818 3099 n.
1840 3043 1960 3114 31b,

307 3127 588 3199 pluribus
604 3127 886 3187 manibus
911 3143 1040 3188 sxc.
1077 3145 1286 3186 xxv-xw
1307 3131 1482 3186 in-tto
1505 3133 1651 3203 maj.
1677 3133 1960 3204 scriptus,

310 3216 574 3290 amplam
605 3217 895 3276 librorum
915 3219 1338 3277 historicorum
1363 3220 1763 3278 collectionem
1785 3215 1989 3279 conti!

305 3307 404 3362 net
433 3306 603 3377 (134),
620 3307 780 3365 inter
799 3322 932 3379 qua
953 3311 1076 3366 tam
1095 3309 1353 3367 Joannis
1379 3309 1450 3366 de
1468 3309 1802 3368 Stabulaus
1821 3325 1965 3382 opus

305 3372 486 3468 quam
534 3372 922 3470 Treverorum
950 3396 1132 3456 Gesta
1163 3399 1237 3470 te,
1255 3399 1464 3468 unt-ur,
1496 3397 1618 3456 hac
1632 3399 1696 3470 ί.
1732 3372 1966 3458 178-’190
1997 3372 2047 3435 C

306 3465 490 3542 manu
518 3500 566 3544 s.
599 3465 796 3557 πενθῶ
820 3487 1060 3546 videtur
1097 3465 1374 3544 exarata.
1411 3465 1713 3545 lectiones
1742 3503 1874 3546 cum
1903 3494 1965 3546 δα

300 3575 654 3648 plerumque
663 3577 1038 3648 conveniunt,
1055 3577 1430 3635 continuatio
1433 3578 1492 3650 f.
1516 3580 1749 3634 186-190
1763 3579 1967 3634 eadem

308 3664 415 3722 est.

381 3758 460 3825 5°)
479 3753 676 3810 ϐοάσω
690 3753 1170 3825 Hamburgensis
1181 3755 1547 3814 HisI.Germ.
1565 3756 1722 3828 sing.
1735 3756 1960 3828 region.

303 3843 442 3914 fol.,
469 3857 526 3899 n.
557 3847 626 3898 70
647 3844 798 3911 (13:5)
837 3843 1189 3900 recentioris
1210 3844 1430 3913 aetatis,
1452 3844 1749 3916 quifotiis
1769 3848 1836 3902 88
1857 3859 1963 3902 ea-

312 3931 441 3988 dem
455 3930 744 3988 Historiae
765 3932 1141 3989 Treverensis
1158 3932 1538 3988 monumenta
1551 3932 1808 4001 exhibet,
1832 3935 1967 4004 qui-

314 4018 421 4077 bus
458 4017 640 4076 Gesta
679 4019 1258 4092 archiepiscoporum.
1283 4021 1720 4078 C’oloniensium
1760 4023 1851 4082 (ut
1877 4023 1962 4094 δυ)

311 4108 504 4165 addit.
528 4110 650 4166 Hic
675 4108 825 4165 liber
835 4122 1020 4165 manu
1040 4109 1197 4167 satis
1209 4109 1470 4180 eleganti
1491 4111 1752 4181 scriptus
1763 4111 1966 4174 foedis-

305 4199 478 4256 simis
489 4197 676 4255 scalet
688 4198 1009 4261 erroribus.
1033 4199 1143 4269 qui
1154 4197 1408 4255 scribam
1423 4200 1638 4257 veteris
1648 4201 1964 4272 scriptura

311 4285 596 4358 ignarum
618 4287 902 4358 arguunt.
938 4286 1083 4344 Cum
1101 4290 1162 4342 δα
1184 4287 1241 4342 et
1253 4286 1503 4344 sbvalde
1522 4289 1856 4360 concordat,
1889 4303 1966 4346 ex

309 4375 519 4432 neutro
543 4375 738 4432 tamen
774 4376 1043 4446 sumptus
1067 4377 1186 4444 est;
1208 4376 1314 4434 sed
1332 4376 1415 4432 ad
1434 4378 1754 4450 antiquius
1773 4393 1965 4435 exem-

300 4465 444 4538 plar
469 4479 667 4524 omnes
695 4467 918 4539 referri
947 4466 1161 4523 debent
1197 4498 1268 4506 —
1287 4467 1576 4536 Ejusdem
1591 4470 1851 4540 generis.

383 4555 466 4627 sd)
510 4555 708 4613 Codex
753 4557 945 4614 musei
989 4557 1362 4626 Britannici,
1403 4557 1626 4615 Cotton.
1679 4558 1842 4615 Titus
1884 4560 1957 4616 D.

312 4645 492 4714 XXV,
509 4659 632 4704 esse
650 4647 908 4716 videtur,
923 4647 1032 4718 qui
1055 4647 1235 4705 Gesta
1262 4646 1650 4704 Treverorum
1678 4661 1867 4719 usque
1883 4647 1965 4705 ad

2076 745 2192 803 que
2210 730 2324 788 hac
2342 729 2692 788 recentioris
2714 743 2928 786 manus
2959 727 3382 800 confirmatur:
3403 729 3464 784 In
3488 727 3732 801 v[eteri]

2075 819 2336 891 c[odice]
2366 819 2706 892 praecedeba
2718 823 2774 874 nt
2797 818 2969 876 Gesta
2984 819 3338 874 Francorum
3361 820 3420 873 et
3446 817 3730 876 Historia)

2078 908 2353 966 miscente
2401 907 2566 965 Pauli
2614 907 2848 964 Diaconi
2907 906 3138 964 nomine
3183 905 3316 962 libri
3366 921 3514 963 xxxv.
3549 907 3735 966 Nunc

2073 999 2242 1055 nihil
2255 998 2380 1055 nisi
2399 995 2578 1054 Gesta
2605 997 2988 1054 Treverorum
3009 995 3111 1053 hic
3147 994 3564 1068 legunturjam
3583 995 3734 1053 duo-

2079 1086 2184 1144 bus
2197 1087 2382 1161 foliis
2403 1087 2642 1144 omissis
2661 1100 2895 1143 manca.
2924 1085 3049 1143 Sed
3067 1085 3188 1144 hac
3207 1097 3392 1156 nuper
3406 1084 3733 1142 Bethman-

2073 1190 2188 1234 nus
2207 1177 2406 1234 noster
2430 1177 2626 1233 Romae
2653 1175 2880 1246 reperit
2897 1175 2965 1232 in
2985 1173 3107 1232 cod.
3165 1174 3448 1232 Vaticano
3473 1172 3726 1244 Christ,

2073 1281 2132 1324 n.
2170 1270 2328 1336 1283,
2361 1265 2465 1322 ubi
2477 1265 2540 1338 f.
2570 1269 2660 1336 70,
2694 1267 2781 1335 τι,
2803 1263 3062 1322 exstant.

2147 1354 2230 1426 δι’)
2249 1354 2450 1412 ϐοάσω
2490 1355 2868 1412 Parisiensis
2907 1350 3456 1422 Saint-Germain,n.
3481 1355 3568 1422 77,
3585 1350 3720 1424 fol.

2073 1443 2244 1515 magi,
2269 1458 2299 1502 s
2361 1459 2481 1515 xm,
2527 1443 2759 1502 duabus
2797 1443 3087 1500 columnis
3105 1440 3373 1514 scriptos,
3393 1441 3500 1512 qui
3521 1453 3737 1498 eacon-

2077 1533 2228 1591 tinet
2245 1547 2378 1605 qua
2407 1536 2474 1591 in
2513 1537 2573 1588 6³
2585 1535 2722 1605 jam
2744 1531 3185 1595 desiderantur,
3198 1530 3436 1602 partem
3455 1529 3734 1588 histories

2074 1621 2446 1680 Francorum
2465 1621 2539 1678 ab
2567 1623 2820 1694 Hugone
2841 1619 3210 1678 Floriacensi
3237 1618 3491 1690 scripta,
3527 1618 3732 1676 Histo-

2073 1713 2236 1768 riam
2263 1711 2610 1780 miscellam,
2645 1709 3008 1784 fragmenta
3049 1708 3323 1779 quadam
3367 1707 3438 1763 de
3466 1706 3731 1764 historia

2075 1801 2466 1867 Francorum,
2493 1801 2610 1870 iisq
2625 1813 2693 1856 ne
2716 1799 2896 1858 Gesta
2916 1798 3296 1854 Treverorum
3317 1793 3492 1852 addit
3507 1795 3588 1852 ad
3595 1807 3728 1852 ver-

2080 1888 2213 1945 bum
2233 1902 2309 1944 ex
2321 1889 2400 1944 6“.
2423 1888 2740 1960 descripta.
2757 1887 2828 1944 ut
2843 1887 3126 1944 accurata
3139 1885 3402 1943 codicum
3412 1883 3729 1941 collatione

1995 2003 2048 2064 Β
2074 1991 2214 2034 mox
2241 1976 2538 2034 intellexi.

2148 2065 2259 2134 ὅδ’)
2312 2065 2512 2122 ϐοάσω
2538 2063 2916 2122 Parisiensis
2947 2060 3420 2131 Saint-Germain,
3454 2073 3517 2116 n.
3559 2064 3720 2131 1079,

2075 2157 2288 2213 seeculo
2310 2170 2424 2226 xvx,
2453 2168 2526 2210 ex
2545 2153 2699 2212 libro
2719 2155 2895 2210 Joan.
2942 2152 2996 2210 le
3013 2152 3203 2210 Feron
3227 2149 3720 2224 Carolopolitani,

2075 2243 2145 2300 id
2173 2243 2260 2300 est
2289 2256 2362 2299 ex
2389 2245 2452 2298 6η
2483 2242 2835 2314 descriptus.

2149 2332 2284 2402 6b”)
2320 2331 2520 2390 ϐοάσω
2550 2331 2926 2390 Parisiensis
2957 2327 3168 2386 Baluze
3200 2326 3460 2385 Armoire
3481 2328 3550 2398 11,
3569 2339 3714 2400 pag.

2079 2427 2132 2493 5,
2161 2437 2222 2478 n.
2243 2427 2294 2479 2.
2329 2421 2551 2479 codicis
2587 2425 2646 2475 Cn
2679 2417 3088 2497 apographum
3109 2431 3156 2476 s.
3200 2431 3314 2474 xvu
3319 2415 3560 2491 factum
3585 2430 3714 2474 con-

2081 2511 2248 2568 tinet.

2149 2604 2230 2672 6“)
2258 2599 2884 2658 CodexBruxellensis
2911 2612 2968 2655 n.
3004 2598 3328 2666 9178-9187,
3350 2609 3398 2654 s.
3432 2610 3553 2665 mn,
3571 2593 3714 2668 fol.,

2077 2690 2280 2746 eadem
2301 2703 2480 2760 opera
2507 2689 2770 2746 continet
2795 2701 2928 2759 qua
2941 2689 3009 2746 in
3030 2691 3092 2743 ϐα
3112 2685 3254 2742 olim
3278 2683 3635 2756 legebantur,
3653 2685 3719 2742 in

2077 2779 2140 2834 6b
2163 2779 2394 2850 partim
2422 2777 2714 2848 hodieque
2741 2777 2995 2834 exstant.
3035 2774 3391 2842 Quibuscum
3419 2771 3714 2831 codicibus

2075 2866 2259 2938 hujus
2289 2867 2565 2924 lectiones
2593 2879 2632 2922 a
2675 2865 2732 2921 V.
2757 2865 2830 2922 cl.
2876 2863 3088 2922 Oehler
3117 2861 3574 2934 diligentissime
3592 2873 3715 2918 eno-

2077 2957 2216 3015 tates
2243 2957 2466 3028 ubique
2494 2955 2870 3014 concordant.

2146 3045 2232 3119 ϐἀ)
2259 3045 2458 3102 ϐοάσω
2477 3043 2910 3116 Lugdunensis.
2933 3045 3124 3113 n.127,
3148 3055 3198 3112 s,
3221 3055 3324 3098 xm
3342 3041 3480 3110 inc.,
3501 3040 3580 3111 ιο,
3601 3037 3714 3098 ini-

2077 3133 2158 3191 tio
2172 3135 2228 3190 et
2252 3135 2365 3194 fine
2382 3147 2649 3203 mancus,
2669 3135 2850 3192 Gesta
2871 3131 3027 3188 enim
3044 3131 3141 3188 his
3162 3143 3210 3188 c.
3235 3133 3305 3186 24
3323 3127 3546 3186 verbis:
3565 3127 3712 3199 quod

2076 3228 2283 3281 vocatu
2293 3239 2320 3279 r
2332 3223 2546 3280 horreu
2555 3238 2604 3278 m
2619 3221 2938 3294 incipiunt.
2947 3223 3068 3294 Seq
3077 3220 3299 3278 uuntur
3307 3221 3507 3292 prima
3519 3219 3716 3276 Ηὶδιοο

2072 3312 2475 3371 riamiscellx
2485 3311 2684 3382 verba,
2697 3312 2942 3383 reliqua
2953 3311 3136 3382 hujus
3151 3308 3292 3368 libri
3292 3308 3470 3381 parte
3483 3306 3707 3366 avulsa.

2078 3403 2285 3460 Etiam
2316 3403 2416 3460 hic
2447 3400 2594 3460 liber
2616 3414 2656 3458 a
2674 3400 3044 3458 Bethmanno
3073 3413 3206 3458 cum
3224 3398 3404 3456 editis
3421 3409 3714 3470 compara-

2079 3491 2174 3549 tus
2194 3505 2376 3564 quam
2389 3492 2663 3563 proxime
2683 3489 2762 3547 ad
2775 3491 2933 3547 alios
2953 3489 3134 3560 hujus
3155 3486 3368 3546 classis
3386 3486 3609 3545 codices
3626 3499 3714 3542 ac-

2077 3581 2266 3648 cedit;
2276 3593 2461 3653 neque
2478 3579 2749 3637 dubitari
2757 3578 3116 3650 potestquin
3127 3590 3320 3634 omnes
3340 3589 3414 3633 σω
3433 3589 3545 3632 uno
3559 3574 3714 3634 fonte

2075 3669 2406 3738 manarint,
2429 3671 2537 3742 qui
2551 3667 2690 3738 jam
2718 3669 2946 3724 textum
2972 3667 3149 3724 valde
3173 3664 3464 3722 mutatum
3477 3662 3559 3722 iis
3566 3675 3713 3735 pree-

2079 3757 2289 3816 buerit.
2315 3759 2473 3815 Nam
2493 3759 2770 3829 quamvis
2788 3757 2982 3814 multa
3011 3756 3141 3813 sint
3153 3769 3283 3813 cum
3295 3756 3327 3810 4
3343 3753 3402 3810 et
3418 3756 3448 3808 5
3471 3765 3711 3810 commu-

2073 3848 2203 3911 nia,
2207 3847 2396 3918 plura
2419 3847 2615 3903 tamen
2631 3845 2972 3916 peculiaria
2995 3843 3094 3902 hic
3109 3844 3406 3916 leguntur,
3421 3854 3551 3913 qua
3569 3841 3708 3899 scri-

2063 3935 2316 4008 ptorem,
2333 3935 2400 3990 ut
2417 3936 2744 3992 orationem
2755 3933 3026 3990 redderet
3029 3931 3384 4005 faciliorem
3405 3931 3464 3988 et
3488 3929 3709 4002 elegan-

2077 4023 2494 4094 tiorem,libere
2506 4022 3049 4081 etaudacterverba
3060 4023 3381 4080 correxisse
3391 4017 3703 4078 ostendunt.

2145 4114 2456 4186 [ntegrum
2466 4113 2611 4186 fere
2631 4112 2844 4170 horum
2871 4112 3139 4170 codicum
3158 4110 3510 4168 varietatem
3538 4108 3708 4166 adno-

2076 4203 2224 4274 tavi,
2237 4203 2578 4276 prasertim
2595 4216 2725 4260 eam
2746 4202 2812 4258 in
2841 4217 2965 4274 qua
2993 4215 3191 4260 omnes
3216 4200 3314 4258 vel
3337 4197 3708 4271 singularum

2075 4294 2362 4353 classium
2400 4293 2627 4351 codices
2656 4291 3095 4350 conveniebant.
3139 4291 3314 4348 Hanc
3346 4287 3565 4348 litteris
3583 4291 3635 4359 3,
3657 4290 3702 4357 5,

2075 4388 2126 4456 6,
2160 4383 2280 4440 ind.
2298 4381 2452 4440 cavi.

2145 4470 2314 4528 Libri
2340 4469 2676 4542 sequuntur
2701 4467 3123 4541 manuscripti,
3148 4467 3257 4540 qui
3274 4465 3580 4528 Gestorum
3593 4463 3704 4522 tex-

2076 4562 2201 4618 tum
2218 4559 2432 4618 multis
2451 4559 2868 4617 additionibus
2883 4560 3125 4617 auctum
3137 4559 3196 4617 et
3204 4571 3390 4629 usque
3408 4555 3489 4614 ad
3502 4568 3560 4612 a.
3579 4556 3705 4610 1132

2073 4650 2489 4708 continuatum
2509 4647 2808 4706 exhibent.
2835 4648 3044 4706 Etiam
3061 4649 3126 4706 hi
3146 4647 3214 4705 in
3234 4646 3385 4704 duas
3396 4645 3609 4702 classes
3626 4655 3704 4700 se-

309 4747 365 4790 a.
402 4739 562 4805 1387,
586 4749 809 4793 necnon
832 4733 1012 4792 Gesta
1043 4735 1622 4807 archiepiscoporum
1655 4737 1962 4795 Colonien-
1991 4736 2047 4800 D
2074 4739 2400 4798 cernantur
2432 4737 2673 4810 oportet,
2716 4737 2974 4795 alteram
3009 4750 3144 4808 qua
3172 4735 3500 4808 genuinam
3537 4731 3706 4804 hujus

311 4825 467 4881 sium
492 4824 550 4880 et
579 4825 1052 4896 Trajectensium
1071 4825 1322 4894 aliaque
1338 4825 1604 4882 continet
1626 4823 1794 4897 (136).

377 4916 462 4984 δα)
491 4913 690 4971 ϐοάσω
721 4913 780 4970 bi
786 4913 1089 4970 bliothecee
1111 4912 1296 4982 regies
1324 4913 1697 4970 Parisiensis
1717 4929 1774 4971 n.
1797 4918 1957 4986 6873,

311 5002 452 5060 olim
466 5003 516 5058 Ῑ.
539 5003 604 5059 Α.
631 5002 892 5072 Thuani,
909 5002 1088 5059 antea
1104 5020 1132 5051 «
1147 5014 1222 5058 ex
1242 5000 1420 5058 libris
1430 5002 1524 5059 Jo.
1543 5003 1794 5076 Leferon
1818 5007 1964 5062 Uar-

313 5093 646 5164 lopolitani.
663 5113 690 5142 n
725 5094 848 5149 Uno
860 5093 1158 5148 volumine
1176 5093 1294 5148 tres
1316 5091 1542 5149 codices
1563 5093 1815 5151 diversa
1825 5093 1964 5152 xta-

309 5180 387 5238 tis
407 5181 806 5239 continentur.
832 5181 1094 5237 Tertium
1105 5193 1233 5238 sesc.
1251 5195 1351 5236 xm
1367 5181 1481 5238 inc.
1505 5180 1735 5240 duabus
1746 5183 1962 5240 colu/m-

309 5269 709 5344 nisscriptum
721 5270 863 5329 olim
875 5269 958 5328 ad
968 5269 1966 5346 aliudpertinuissevolumen,qua-

2074 4829 2547 4900 operisformam
2557 4825 2844 4898 preebeat,
2861 4826 3119 4884 alteram
3129 4825 3294 4883 novis
3317 4819 3704 4894 interpolatio-

2071 4915 2249 4974 nibus
2270 4916 2413 4974 hinc
2427 4915 2561 4974 inde
2581 4916 2838 4973 auctam.
2854 4915 3289 4988 Alioquinvero
3299 4913 3457 4972 inter
3475 4923 3536 4979 se
3546 4905 3706 4967 valde

2073 5007 2446 5075 conveniunt,
2473 5005 2530 5061 et
2547 5005 2826 5077 quamvis
2853 5017 3283 5076 nonnunquam
3303 5002 3485 5060 etiam
3521 4997 3600 5056 ad
3624 5009 3706 5056 co-

2075 5095 2234 5153 dices
2260 5100 2291 5152 5
2312 5095 2371 5151 et
2387 5098 2420 5150 6
2442 5094 2746 5164 accedant,
2777 5094 3132 5166 plerumque
3171 5093 3367 5151 tamen
3391 5086 3704 5163 genuinam

2073 5185 2298 5242 codicis
2325 5189 2346 5240 1
2385 5183 2691 5241 lectionem
2711 5183 2958 5241 servant
2982 5181 3132 5255 (137)
3147 5223 3160 5238 .

2143 5272 2240 5332 Ad
2264 5273 2528 5346 priorem
2553 5271 2804 5331 classem
2818 5271 3125 5345 pertinent
3157 5291 3172 5328 :

1896 5397 2098 5454 NOTAE
2113 5441 2128 5456 .

381 5548 530 5622 (132)
557 5549 637 5606 Cf.
671 5547 910 5606 Archiv.
951 5549 1074 5604 VIII
1102 5564 1156 5620 p.
1178 5620 1189 5622 _
1212 5553 1344 5614 522;
1368 5547 1510 5617 VIII,
1539 5563 1593 5621 p.
1627 5551 1748 5605 555.
1782 5549 1968 5605 Minus

311 5625 472 5677 recte
513 5620 908 5692 Bethmannus
940 5626 1144 5678 noster
1171 5620 1285 5692 _hoc
1320 5620 1702 5690 fragmentum
1739 5625 1964 5692 partem

307 5705 440 5748 esse
471 5692 696 5748 codicis
723 5691 1124 5763 Lugdunensis
1152 5690 1298 5764 dicit
1325 5697 1402 5763 (ρ.
1425 5696 1561 5764 555,
1587 5695 1707 5764 97).

409 5765 527 5836 133)
561 5765 638 5836 De
672 5778 786 5834 quo
817 5764 890 5836 cf.
924 5764 1160 5836 Archiv.
1196 5763 1285 5833 VI,
1321 5778 1375 5835 p.
1409 5763 1533 5819 230.

414 5832 529 5909 134)
561 5835 626 5892 V.
660 5832 894 5892 Archiv.
931 5835 1023 5904 Vl,
1057 5849 1114 5908 p.
1150 5832 1274 5906 240,
1299 5832 1358 5890 et
1391 5848 1520 5906 qua:
1552 5832 1665 5890 vol.
1700 5836 1745 5892 x
1776 5836 1967 5896 dictu-

2078 5564 2176 5608 ΓΗΒ
2218 5565 2367 5608 sum.

2148 5621 2298 5696 (135)
2333 5620 2565 5696 Archiv.
2599 5620 2692 5696 Y1,
2727 5637 2788 5694 p.
2826 5624 2950 5680 244.

2173 5692 2994 5767 136)A1'chiv._V'll,fp.75.7
3093 5766 3134 5767 η
3260 5765 3266 5767 _

2076 5755 2296 5891 10337)
2355 5763 2628 5838 Exempla
2682 5755 2816 5823 Vti'de
2863 5780 2924 5824 c.
2972 5766 3026 5836 9,
3079 5766 3166 5835 10,
3217 5765 3276 5818 et
3327 5757 3460 5818 aliis
3517 5755 3701 5814 multis

2174 5853 2189 5891 Ι
2229 5879 2240 5891 .

2099 5849 2240 5896 0018.
