3948 6430
153 369 252 424 217

761 360 1140 420 EXPOSITIO
1171 363 1245 419 IN
1280 361 1661 418 EPISTOLAS
1708 359 1935 418 PAULI.
1971 389 2039 402 —
2067 360 2141 416 IN
2186 357 2406 415 EPIST.
2457 359 2506 415 II
2541 358 2636 414 AD
2691 357 2851 416 COR.

3356 359 3461 415 218

161 489 272 556 thii,
304 505 502 546 omnes
526 489 809 545 Ecclesiae.
851 489 1127 545 Salutant
1148 489 1400 544 multum
1430 488 1491 543 in
1521 487 1754 544 Domino
1777 489 1827 548 A
1858 501 1967 540 non
1995 484 2202 552 saluto;
2237 485 2334 540 sed
2381 487 2457 540 sit
2505 484 2843 554 anathema,
2893 483 2949 539 id
2995 490 3078 539 est
3121 489 3402 554 separatus
3434 497 3467 536 ο,

161 579 356 653 Aquila
377 583 434 634 et
452 580 671 644 Prisca,
691 595 821 633 cum
845 577 1151 633 domestica
1181 595 1286 633 sua
1306 578 1577 644 Ecclesia,
1602 576 1658 631 id
1678 583 1762 632 est

163 676 209 722 et
239 683 428 722 eorum
477 666 685 722 familia
731 681 830 721 vos
879 664 1092 720 salutat.
1146 667 1415 722 Salutant
1445 682 1534 721 vos
1567 681 1759 720 omnes

161 758 390 827 fratres.
416 756 682 811 Salutate
708 771 801 810 vos
817 755 1058 810 invicem
1080 754 1142 809 in
1160 755 1348 810 osculo
1366 758 1584 819 sancto,
1601 753 1654 807 id
1678 761 1762 807 est

163 843 479 898 osculamini
555 859 651 899 vos
728 842 1065 908 alterutrum,
1136 849 1461 898 evacuantes
1508 857 1540 896 a
1603 840 1760 897 vobis

161 932 463 988 schismata.
499 932 782 988 Salutatio
814 948 936 1003 quae
984 931 1229 1003 sequitur
1257 931 1400 986 facta
1429 937 1512 986 est
1541 929 1759 1001 pr0pria

162 1039 350 1090 manu,
384 1037 513 1077 mea
533 1020 655 1076 dico
703 1019 910 1077 scilicet
953 1021 1142 1088 Pauli,
1176 1020 1312 1087 haec,
1348 1019 1555 1076 scilicet
1583 1018 1758 1091 gratia

161 1109 373 1165 Domini
422 1109 616 1178 nostri,
650 1117 754 1165 etc.

225 1199 340 1253 Mos
371 1206 486 1252 erat
513 1197 684 1264 Pauli,
714 1205 772 1252 ut
820 1196 937 1268 ipse
986 1196 1128 1253 idem
1160 1213 1324 1252 manu
1370 1195 1590 1268 propria
1618 1195 1755 1267 Epi-

161 1286 350 1343 stolam
385 1286 678 1356 clauderet,
703 1302 771 1340 ne
788 1286 1123 1341 dubitaretur
1143 1285 1272 1357 quin
1301 1301 1333 1341 a
1364 1301 1424 1340 se
1454 1285 1756 1340 mitteretur

160 1374 402 1446 Epistola
436 1393 448 1429 :
487 1375 669 1430 ethoc
715 1382 938 1446 propter
984 1374 1214 1446 pseudo,
1267 1374 1358 1446 qui
1409 1373 1508 1429 sub
1537 1373 1757 1429 nomine

159 1463 302 1518 Pauli
348 1462 579 1519 furtivas
625 1463 907 1518 mittebant
967 1461 1248 1534 epistolas.
1297 1462 1380 1517 Ab
1425 1463 1525 1517 hac
1575 1469 1757 1517 autem

159 1551 478 1607 salutatione
505 1566 603 1606 sua
631 1551 866 1607 excludit
923 1549 1200 1616 inﬁdeles,
1248 1550 1438 1606 dicens
1472 1568 1484 1605 :
1523 1550 1583 1607 Si
1631 1550 1755 1622 quis

157 1657 267 1697 non
281 1644 443 1696 amat
463 1642 768 1696 Dominum
789 1644 1050 1696 nostrum
1065 1642 1256 1696 Iesum
1279 1640 1590 1706 Christum,
1609 1639 1755 1695 hunc

1863 575 1981 631 Deo
2005 575 2314 630 anathema
2335 572 2459 628 dico
2480 572 2836 629 Maranatha.
2861 573 2976 628 Hoc
2996 571 3223 628 verbum
3244 588 3310 626 ex
3329 571 3469 642 Syro

1864 674 2115 714 sermone
2173 657 2458 714 conficitur
2503 664 2555 712 et
2604 657 2854 724 Hebraeo,
2900 665 2953 713 et
3000 665 3155 712 sonat
3197 656 3469 711 Dominus

1862 750 2018 803 venit
2049 747 2216 816 Quasi
2246 747 2452 802 diceret
2487 762 2500 801 :
2535 745 2640 814 Qui
2677 761 2785 801 non
2817 754 2962 801 amat
2991 745 3284 811 Christum,
3318 759 3472 815 sepa-

1861 844 2008 892 retur
2036 836 2103 890 ab
2135 851 2201 890 eo
2233 836 2362 890 dum
2393 835 2510 906 ipse
2541 834 2805 890 Dominus
2826 835 2892 889 ad
2916 834 3269 903 judicandum
3299 832 3464 889 venit.

1861 926 1961 982 Vel
1992 925 2060 980 sit
2090 925 2398 993 anathema,
2433 933 2486 980 et
2515 923 2662 980 malo
2692 940 2788 979 suo
2816 939 2829 994 ;
2865 924 2993 996 quia
3021 923 3287 979 Dominus
3318 921 3466 978 venit

1859 1013 2104 1071 fortassis
2134 1013 2296 1070 hodie
2339 1013 2425 1069 vel
2473 1030 2610 1079 eras,
2662 1020 2720 1068 ut
2767 1013 3058 1069 ulciscatur
3111 1012 3179 1067 de
3211 1027 3303 1068 eo.
3343 1013 3470 1067 Haec

1860 1111 2039 1158 autem
2070 1110 2152 1158 est
2181 1117 2302 1158 mea
2332 1101 2608 1169 salutatio,
2643 1117 2672 1155 a
2704 1117 2810 1173 qua
2841 1101 3037 1172 impios
3069 1116 3280 1171 separo.
3321 1101 3462 1157 Gra-

1862 1192 1942 1247 tia
1971 1191 2197 1248 Domini
2227 1191 2411 1246 nostri
2432 1192 2565 1246 Jesu
2599 1189 2808 1246 Christi
2830 1191 2908 1245 sit
2937 1191 3223 1246 vobiscum
3253 1196 3304 1244 et
3323 1190 3462 1244 cha-

1857 1281 2002 1337 ritas
2032 1297 2159 1336 mea
2183 1281 2260 1336 sit
2288 1296 2415 1336 cum
2437 1279 2693 1336 omnibus
2725 1279 2889 1346 vobis,
2923 1278 2978 1333 id
3007 1286 3091 1334 est
3121 1294 3311 1334 omnes
3361 1292 3462 1332 vos

1859 1368 2099 1442 diligatis
2129 1385 2236 1435 me,
2296 1369 2421 1426 licet
2450 1368 2845 1441 aliquantulum
2892 1367 3142 1439 asperius
3192 1383 3293 1423 vos
3339 1381 3464 1422 cor-

1858 1458 2108 1524 rexerim,
2161 1465 2214 1514 et
2255 1459 2360 1514 hoc
2404 1458 2472 1512 sit
2500 1459 2564 1513 in
2617 1459 2832 1514 Christo
2862 1459 3012 1524 Jesu,
3045 1456 3100 1511 id
3130 1464 3213 1512 est
3240 1463 3467 1529 propter

1859 1563 2103 1603 amorem
2131 1547 2332 1604 Christi
2357 1548 2506 1604 Jesu.
2540 1549 2732 1615 Amen,
2766 1546 2822 1601 id
2852 1554 2935 1602 est
2960 1546 3032 1601 ita
3064 1544 3174 1600 ﬁat.

542 1875 749 1930 138
797 1869 1242 1934 PROLOGUS
1283 1871 1366 1932 IN
1410 1868 1858 1933 SECUNDAM
1901 1867 2367 1930 EPISTOLAM
2410 1868 2520 1928 AD
2565 1866 3083 1930 CORINTHIOS.

223 1977 278 2032 In
310 1976 553 2034 secunda
583 1977 654 2032 ad
683 1976 994 2032 Corinthios
1023 1976 1286 2048 Epistola,
1330 1977 1487 2050 quasi
1516 1977 1570 2031 in
1601 1984 1756 2047 parte
1777 1978 1830 2037 B
1869 1973 2008 2030 viter
2051 1974 2106 2028 in
2155 1973 2333 2045 prima
2379 1974 2686 2047 contigerat
2719 1993 2733 2039 ;
2766 1981 2822 2028 ut
2867 1979 3118 2045 prompto
3165 1987 3228 2028 ac
3276 1971 3466 2028 libenti

152 2065 436 2137 superiori,
501 2073 626 2136 post
690 2065 1094 2121 tribulationum
1156 2081 1374 2121 suarum
1437 2065 1751 2133 relationes,

155 2154 330 2211 reddit
359 2170 558 2211 causas
590 2169 761 2226 quare
792 2154 861 2209 ad
894 2170 988 2210 eos
1021 2155 1262 2211 secundo
1292 2171 1400 2210 non
1431 2154 1590 2221 ierit;
1617 2170 1752 2226 quo-

154 2243 295 2299 niam
323 2259 435 2299 non
469 2243 577 2299 levi
604 2243 896 2300 mutatione
947 2243 1161 2299 consilii
1190 2243 1385 2299 fecisse
1428 2260 1486 2298 se
1531 2243 1748 2312 asserit,

158 2333 250 2388 sed
278 2349 346 2387 ne
393 2333 630 2388 adventu
687 2347 786 2388 suo
833 2333 1098 2387 tristitiam
1154 2333 1478 2402 incurreret,
1527 2348 1654 2388 cum
1696 2332 1750 2386 in

153 2430 370 2492 peccato
417 2437 761 2494 praamanere
825 2421 1119 2493 discipulos
1166 2422 1481 2494 reperisset.
1542 2421 1750 2477 Deinde

154 2519 271 2580 post
317 2511 540 2584 agnitos
589 2509 792 2567 fructus
855 2511 1202 2582 poenitentiae,
1261 2510 1576 2566 reconciliat
1625 2526 1750 2565 eum

155 2598 432 2666 Ecclesia},
467 2615 630 2671 quem
660 2600 714 2654 in
762 2600 940 2670 prima
983 2608 1207 2672 propter
1252 2599 1685 2666 fornicationem,
1719 2617 1748 2654 a

157 2689 424 2744 consortio
456 2697 766 2744 sanctorum
809 2689 1048 2758 jusserat
1095 2688 1357 2744 amoveri.
1399 2688 1583 2744 Tertio
1612 2704 1748 2744 con-

155 2783 231 2832 tra
259 2777 750 2850 pseudoapostolos
779 2777 940 2834 oﬁicii
991 2777 1074 2833 sui
1103 2777 1424 2852 dignitatem
1462 2785 1661 2841 tuetur,
1696 2785 1749 2833 et

154 2865 288 2921 Novi
363 2866 702 2922 Testamenti
756 2865 1033 2922 ministros
1085 2875 1235 2923 tanto
1308 2866 1511 2921 anteire
1568 2865 1749 2939 gratia

155 2955 401 3025 ostendit,
450 2964 655 3030 quanto
705 2955 1065 3029 Evangelium
1105 2964 1186 3012 est
1213 2956 1336 3028 lege
1366 2955 1738 3028 praestantius.

153 3043 471 3102 Immoratur
498 3045 736 3101 etiamin
765 3060 931 3102 causa
947 3045 1042 3101 illa
1069 3045 1384 3118 plurimum,
1419 3060 1583 3117 quam
1614 3043 1746 3100 bre-

1862 2063 2046 2120 animo
2076 2063 2390 2119 necessaria
2443 2063 2730 2134 praesentis
2773 2063 2898 2118 vitae
2943 2077 3052 2118 non
3099 2061 3459 2129 habentibus,

1859 2151 2188 2226 largiantur,
2242 2160 2294 2208 et
2340 2152 2565 2208 utilitate
2611 2151 2909 2223 spiritualis
2965 2151 3279 2207 commercii
3309 2166 3465 2207 com-

1864 2249 2071 2297 mutent
2120 2241 2404 2312 praesentia
2471 2257 2594 2297 cum
2658 2239 2870 2309 futuris,
2927 2249 3087 2312 atque
3135 2240 3466 2295 abundantia

1863 2345 1963 2385 sua
1993 2338 2310 2386 sanctorum
2355 2330 2596 2402 inopiam
2646 2330 2969 2402 suppleant;
3004 2337 3061 2385 ut
3090 2329 3331 2385 vicissim
3362 2345 3462 2385 eo-

1861 2435 1980 2474 rum
2027 2419 2211 2490 in0pia
2276 2427 2588 2475 sanctorum
2635 2419 2963 2474 abundantia
3017 2418 3348 2490 suppleatur.
3403 2419 3462 2473 In

1860 2508 1966 2564 ﬁne
1998 2509 2195 2579 repetit
2243 2508 2389 2580 quod
2438 2509 2689 2580 superius
2738 2517 2925 2565 contra
2971 2506 3463 2579 pseudoapostolos

1859 2606 2067 2671 egerat,
2098 2605 2152 2652 et
2175 2597 2522 2666 jactationem
2575 2613 2786 2666 eorum,
2832 2597 3360 2669 praedicationesque
3391 2596 3461 2651 de

1858 2703 1916 2741 se
1945 2686 2230 2758 gloriosas,
2267 2687 2352 2741 vel
2381 2687 2578 2742 collata
2607 2687 2917 2758 antiquitate
2973 2686 3212 2760 generis,
3247 2685 3334 2741 vel
3365 2699 3464 2741 ca-

1858 2775 2044 2848 talogo
2073 2775 2384 2846 injuriarum
2417 2791 2482 2831 ac
2519 2776 2885 2846 periculorum
2934 2791 3159 2830 suorum
3191 2774 3454 2840 evacuat;

1857 2864 2096 2936 dicitque
2128 2880 2223 2920 eos
2253 2864 2538 2935 operarios
2568 2864 2850 2930 subdolos,
2886 2864 2975 2936 qui
3007 2864 3075 2918 ad
3103 2862 3459 2919 imitationem

1859 2953 2072 3008 Satanae
2095 2952 2541 3025 transﬁgurentur
2567 2953 2622 3008 in
2643 2954 2919 3025 apostolos
2960 2953 3178 3020 Christi,
3204 2951 3306 3007 sub
3327 2968 3462 3024 pree-

1859 3041 2145 3099 dicationis
2175 3059 2271 3114 spe
2300 3043 2449 3100 lucra
2478 3043 2790 3115 pecuniaria
2821 3059 3053 3116 qumque
3083 3049 3376 3098 sectantes.

1242 3239 1822 3303 ARGUMENTUM
1863 3239 1946 3299 IN
1989 3239 2359 3304 EAMDEM.

223 3345 345 3420 Post
370 3354 548 3420 actam
581 3361 614 3401 a
643 3345 935 3420 Corinthiis
965 3347 1360 3419 paenitentiam,
1393 3345 1807 3420 consolatoriam
1838 3346 2030 3420 scribit
2059 3346 2138 3402 eis
2167 3348 2471 3420 Epistolam
2516 3348 2820 3420 Apostolus,
2841 3365 2871 3403 a
2897 3347 3104 3404 Troade
3133 3364 3230 3420 per
3257 3348 3456 3419 Titum,

156 3423 203 3470 et
229 3417 546 3473 collaudans
578 3433 676 3472 eos
705 3419 952 3474 hortatur
966 3417 1049 3474 ‘ad
1081 3420 1341 3485 meliora;
1376 3419 1726 3476 contristatos
1759 3417 1980 3489 quidem
2011 3434 2125 3484 eos,
2160 3417 2258 3474 sed
2289 3417 2605 3476 emendatos
2635 3419 2949 3476 ostendens.

926 3598 1513 3662 ARGUMENTUM
1556 3600 1634 3659 B.
1684 3596 2109 3659 BRUNONIS
2153 3599 2236 3660 IN
2279 3599 2648 3660 EAMDEM.

215 3705 409 3761 Paulus
458 3707 605 3761 hanc
651 3705 848 3762 iterum
893 3707 1191 3777 Epistolam
1222 3705 1410 3762 scribit
1457 3705 1526 3761 ad
1559 3704 1749 3761 Corin-
1777 3704 1824 3765 Ο
1852 3713 2072 3775 ceptum
2104 3705 2172 3760 de
2203 3721 2269 3761 eo
2299 3707 2469 3776 ponit,
2505 3715 2561 3761 ut
2582 3706 2960 3763 restitueretur
2980 3707 3262 3775 Ecclesiae,
3296 3723 3329 3763 a
3349 3725 3461 3781 qua

155 3793 306 3860 thios,
337 3810 574 3868 quorum
604 3794 740 3851 alios
771 3795 1100 3852 sufﬁcienter
1131 3811 1231 3866 per
1262 3795 1503 3866 priorem
1533 3795 1752 3865 Episto-

155 3880 255 3937 lam
283 3891 605 3940 correxerat
630 3904 643 3948 ;
678 3885 773 3940 sed
803 3884 1025 3957 quidam
1045 3900 1232 3941 eorum
1262 3899 1327 3939 eo
1359 3884 1538 3939 adhuc
1566 3897 1753 3939 errore

156 3973 522 4043 gravabantur
581 3980 637 4027 ut
683 3974 1148 4044 pseudodoctores
1196 3972 1358 4028 Paulo
1404 3972 1748 4044 praeferrent,

156 4070 471 4117 accusantes
503 4061 729 4118 Paulum
757 4063 825 4117 de
868 4062 1211 4134 simplicitate
1259 4062 1550 4128 sermonis,
1581 4061 1752 4117 extol-

160 4147 322 4205 lentes
351 4151 569 4220 pseudo
595 4151 648 4205 in
699 4151 963 4222 sapientia
1013 4151 1237 4207 carnali.
1271 4150 1451 4219 Quare
1481 4157 1534 4206 et
1563 4151 1618 4204 in
1649 4151 1752 4206 hac

157 4237 390 4307 Epistola
453 4239 592 4294 satis
655 4239 972 4295 immoratur
1017 4241 1072 4295 in
1115 4241 1467 4312 depressione
1515 4240 1755 4311 pseudo-

156 4325 448 4394 doctorum,
503 4336 560 4384 et
618 4328 673 4382 in
719 4329 1190 4385 commendatione
1247 4329 1329 4384 sui
1390 4328 1746 4403 apostolatus.

156 4414 208 4468 In
236 4417 424 4485 primis
469 4416 639 4473 etiam
687 4433 782 4472 eos
811 4418 904 4488 qui
943 4417 1074 4485 justi
1127 4425 1283 4472 erant
1331 4418 1385 4472 in
1436 4418 1747 4486 Corinthiis,

158 4519 242 4558 seu
272 4506 362 4576 qui
395 4507 567 4562 modo
594 4521 695 4576 per
719 4505 1015 4576 Epistolam
1045 4507 1197 4564 Pauli
1229 4507 1368 4562 bene
1394 4506 1607 4563 fuerant
1635 4523 1752 4564 cor-

158 4594 301 4658 recti,
332 4611 431 4650 seu
462 4594 590 4650 illos
621 4594 711 4664 qui
743 4611 773 4648 a
804 4595 1069 4666 principio
1117 4604 1357 4666 accepta;
1385 4594 1513 4652 ﬁdei
1542 4597 1750 4666 perdu-

157 4692 421 4753 raverunt,
455 4683 512 4738 in
564 4683 710 4738 bono
757 4683 1118 4740 consulendo.
1160 4685 1226 4739 Hi
1273 4684 1419 4739 enim
1449 4685 1617 4740 multa
1647 4701 1750 4756 pa-

158 4769 418 4827 tiebantur
467 4790 498 4826 a
568 4771 826 4827 fratribus
872 4773 1168 4844 perversis,
1226 4789 1364 4845 quos
1417 4773 1496 4828 illi
1542 4775 1750 4845 pseudo

158 4860 490 4916 concitabant
521 4861 578 4914 in
610 4869 846 4916 sanctos.
883 4862 1128 4934 Cumque
1157 4878 1348 4918 omnes
1377 4863 1551 4919 bonos
1582 4863 1749 4918 indif-

161 4947 379 5004 ferenter
403 4949 741 5015 consoletur,
795 4966 919 5005 eum
967 4967 1130 5023 quem
1178 4969 1244 5007 ex
1293 4952 1512 5009 nomine
1563 4969 1751 5024 repre-

1854 3811 1956 3866 pro
2005 3802 2228 3866 peccato
2274 3811 2334 3851 se
2383 3795 2677 3851 alienatum
2734 3796 3010 3852 humiliter
3057 3798 3324 3854 toleravit.
3374 3801 3456 3856 De

1853 3883 2097 3940 collectis
2147 3884 2327 3950 etiam,
2377 3885 2445 3940 de
2494 3886 2693 3957 quibus
2739 3886 2796 3940 in
2840 3887 3018 3958 prima
3060 3888 3306 3958 Epistola
3351 3889 3460 3944 illis

1855 3974 2164 4045 scripserat,
2198 3975 2253 4029 in
2285 3975 2387 4030 hac
2415 3973 2665 4030 diffusius
2694 3975 2825 4047 agit,
2879 3983 2938 4031 ut
2969 3977 3062 4048 qui
3091 3977 3242 4033 brevi
3270 3978 3463 4034 admo-

1854 4063 2058 4118 nitione
2086 4063 2245 4118 abusi
2275 4064 2503 4129 fuerant,
2539 4065 2726 4120 iterata
2753 4073 2808 4120 et
2847 4066 3027 4138 magis
3069 4067 3335 4137 producta
3365 4069 3461 4122 ad-

1852 4153 2150 4208 monitione
2197 4153 2266 4209 de
2315 4154 2510 4209 eodem
2553 4162 2900 4210 contemnere
2948 4170 3058 4209 non
3106 4155 3361 4212 audeant.
3396 4157 3457 4212 In

1852 4242 1952 4297 hac
1980 4250 2162 4297 autem
2191 4242 2440 4312 Epistola
2482 4243 2711 4298 materia
2757 4251 2880 4298 sunt
2909 4242 3013 4315 ipsi
3060 4244 3223 4300 iidem
3268 4245 3462 4300 Corin-

1853 4331 1949 4385 thii
1979 4331 2210 4386 correcti
2241 4347 2336 4386 seu
2368 4331 2682 4387 incorrecti.
2716 4333 2796 4387 De
2840 4332 2925 4387 his
2972 4339 3154 4388 autem
3185 4333 3300 4405 agit
3329 4350 3463 4389 con-

1853 4419 2081 4475 solando
2128 4419 2320 4484 bonos,
2373 4436 2442 4475 ne
2489 4419 2745 4475 deﬁciant
2791 4421 2845 4475 in
2893 4421 3181 4488 adversis;
3215 4421 3313 4477 sed
3364 4439 3463 4493 per

1852 4508 2167 4580 patientiam
2199 4508 2606 4564 tribulationum
2635 4509 2885 4565 certatim
2929 4508 3214 4580 proﬁciant
3263 4511 3318 4564 in
3357 4527 3459 4566 au-

1852 4607 2132 4673 gmentum
2162 4598 2440 4652 virtutum.
2493 4597 2818 4654 Incorrectis
2865 4615 2994 4654 vero
3025 4615 3270 4654 errorem
3300 4616 3462 4656 suum

1855 4697 1907 4744 et
1964 4695 2252 4759 peccatum
2308 4687 2661 4758 imprOperat,
2725 4703 2790 4742 ea
2845 4687 3030 4760 utique
3060 4687 3360 4745 intentione
3389 4690 3459 4745 de

1853 4778 2097 4849 utrisque
2126 4776 2329 4844 habita,
2392 4784 2448 4830 ut
2500 4776 2874 4832 diversitatem
2922 4793 3111 4832 eorum
3158 4777 3212 4831 in
3261 4793 3458 4848 quam-

1854 4867 1978 4921 dam
2010 4865 2226 4938 redigat
2271 4865 2548 4932 unitatem,
2603 4865 2810 4921 scilicet
2836 4873 2895 4920 ut
2925 4873 2977 4921 et
3021 4865 3148 4922 boni
3176 4866 3230 4920 in
3261 4867 3458 4922 melius

1855 4953 2138 5027 proficiant
2161 4995 2174 5022 ,
2210 4962 2260 5009 et
2290 4955 2418 5009 mali
2451 4954 2780 5010 declinando
2810 4971 3056 5012 errorem
3087 4971 3265 5022 suum,
3303 4955 3458 5012 salu-

161 5034 427 5107 henderat,
475 5039 608 5110 quia
649 5053 872 5094 uxorem
918 5041 1090 5110 patris
1132 5041 1337 5097 ducere
1384 5058 1748 5114 praesumpse-
1771 5061 1826 5122 D
1854 5044 1939 5098 bri
1970 5043 2268 5098 imitatione
2299 5043 2472 5100 bonos
2504 5042 2882 5115 insequantur.

160 5133 269 5190 rat,
299 5127 424 5198 quia
450 5127 598 5182 bene
651 5135 955 5183 correctum
1002 5129 1225 5195 audivit,
1279 5130 1557 5202 singulare
1604 5148 1750 5203 pra:-

840 5325 1468 5413 EPISTOLA
1536 5329 1628 5412 II
1696 5329 1852 5415 AD
1928 5329 2743 5417 CORINTHIOS.

535 5485 762 5542 I59
797 5486 1022 5542 CAPUT
1065 5487 1355 5543 PRIMUM.

223 5592 243 5622 ι
278 5573 470 5629 Paulus
519 5573 802 5645 apostolus
849 5575 1049 5630 Christi
1079 5576 1228 5642 Jesu,
1283 5593 1380 5646 per
1416 5575 1751 5633 voluntatem

164 5679 183 5708 ι
216 5661 326 5726 Dei,
358 5672 410 5719 et
439 5663 758 5719 Timotheus
813 5662 999 5730 frater,
1063 5664 1324 5721 Ecclesia:
1369 5665 1470 5720 Dei
1517 5681 1639 5736 quae
1667 5673 1750 5720 est

162 5770 181 5792 ι
213 5749 461 5820 Corinthi,
515 5767 643 5809 cum
691 5752 943 5809 omnibus
993 5753 1197 5811 sanctis
1246 5753 1336 5826 qui
1369 5761 1493 5810 sunt
1537 5753 1592 5808 in
1623 5753 1748 5808 uni-

1855 5511 1877 5541 ι
1912 5505 2076 5545 versa
2125 5489 2346 5545 Achaia.
2401 5489 2589 5544 Gratia
2636 5489 2791 5544 vobis
2835 5497 2887 5544 et
2941 5505 3046 5560 pax
3077 5506 3108 5544 a
3137 5491 3252 5546 Deo
3299 5500 3456 5562 patre

1855 5601 1876 5630 ι
1930 5587 2140 5643 nostro,
2192 5587 2245 5633 et
2292 5579 2525 5633 Domino
2573 5579 2704 5634 Jesu
2772 5578 3006 5634 Christo.
3046 5602 3066 5626 ι
3131 5580 3455 5636 Benedictus

1857 5691 1878 5719 ι
1915 5669 2063 5723 Deus
2095 5676 2146 5723 et
2171 5668 2327 5722 Pater
2358 5667 2576 5722 Domini
2624 5667 2793 5722 nostri
2821 5667 2952 5722 Jesu
2982 5667 3181 5721 Christi
3227 5669 3450 5739 (Ephes.

1855 5777 1876 5800 α
1916 5769 1952 5820 ι,
1986 5756 2057 5818 3;
2092 5752 2119 5806 I
2164 5754 2313 5809 Petr.
2363 5767 2401 5818 ι,
2448 5753 2525 5822 2).
2565 5771 2587 5801 ι
2639 5752 2797 5806 Pater
2863 5750 3358 5807 misericordiarum
3403 5768 3433 5808 c
