3948 6452
437 391 546 447 219

1001 393 1058 449 S.
1098 389 1452 449 BRUNONIS
1490 388 2137 449 CARTHUSIANORUM
2170 389 2653 448 INSTITUTORIS
2691 389 2842 447 OPP.
2883 392 3061 449 PARS
3099 392 3166 447 ΙΙ.

3631 394 3741 450 220

446 533 470 565 ι
505 514 656 569 Deus
683 515 845 571 totius
894 515 1297 583 consolationis,
1346 515 1438 587 qui
1481 516 1796 571 consolatur
1837 530 1939 571 nos
1986 514 2117 575 inA
2144 517 2246 584 est)
2268 514 2464 570 Paulus
2494 515 2710 588 inquam
2741 517 3048 588 apostolus,
3076 515 3133 571 id
3163 523 3243 571 est
3279 515 3495 588 legatus
3527 514 3748 572 Christi

450 624 474 650 ιι
509 602 658 657 omni
687 602 1032 659 tribulatione
1058 611 1261 669 nostra,
1294 610 1353 658 ut
1379 604 1653 675 possimus
1683 611 1737 660 et
1764 603 1867 675 ipsi
1896 618 2035 659 con-

450 710 474 741 c
508 690 674 745 solari
704 706 799 746 eos
829 691 919 764 qui
949 691 1005 746 in
1034 692 1182 747 omni
1201 708 1461 763 pressura
1491 700 1634 756 sunt,
1664 708 1765 763 per
1785 692 2041 746 exhorta-

449 799 471 825 α
508 777 730 844 tionem,
765 794 873 851 qua
919 780 1266 835 exhortamur
1311 787 1365 835 et
1394 778 1497 850 ipsi
1529 794 1561 835 a
1604 780 1739 835 Deo.
1773 779 2040 847 Quoniam

450 887 472 913 α
509 864 649 921 sicut
676 866 951 921 abundant
996 867 1281 939 passiones
1328 866 1525 923 Christi
1573 867 1629 922 in
1673 867 1851 936 nobis,
1887 866 1955 920 ita
1986 874 2039 921 et

449 973 472 1003 ι
503 970 603 1024 per
670 953 947 1010 Christum
1013 955 1245 1011 abundat
1312 955 1612 1011 consolatio
1657 964 1862 1010 nostra.
1912 954 2037 1009 Sive

447 1061 470 1092 ι
504 1049 686 1098 autem
732 1043 1055 1099 tribulamur
1101 1059 1203 1114 pro
1248 1052 1428 1100 vestra
1458 1044 1832 1099 exhortatione
1863 1050 1911 1098 et
1942 1058 2037 1097 sa-

447 1152 469 1179 ι
504 1129 635 1197 lute,
706 1131 824 1186 sive
868 1131 1213 1188 consolamur
1265 1147 1367 1203 pro
1412 1139 1595 1188 vestra
1642 1132 2033 1196 consolatione,

447 1237 470 1268 ι
505 1218 621 1273 sive
651 1220 1000 1275 exhortamur
1027 1235 1128 1291 pro
1158 1228 1341 1276 vestra
1367 1220 1741 1276 exhortatione
1769 1228 1823 1275 et
1843 1220 2032 1285 salute,

446 1327 470 1354 σι
506 1324 626 1378 quas
673 1315 927 1379 operatur
974 1308 1315 1363 tolerantiam
1352 1308 1665 1364 earumdem
1696 1308 2032 1380 passionum,

447 1415 469 1445 ι
507 1412 641 1467 quas
686 1403 741 1452 et
784 1411 883 1453 nos
928 1396 1207 1467 patimur:
1241 1404 1298 1452 ut
1343 1413 1471 1468 spes
1517 1404 1704 1451 nostra
1751 1395 1906 1450 firma
1969 1396 2038 1450 sit

446 1502 469 1531 ι
504 1498 602 1554 pro
639 1484 817 1551 vobis,
870 1485 1105 1541 scientes
1153 1484 1408 1558 quoniam
1456 1485 1594 1540 sicut
1640 1484 1774 1540 socii
1819 1483 2035 1556 passio-

445 1591 469 1622 ι
502 1586 633 1626 num
665 1572 818 1638 estis,
873 1571 952 1629 sic
999 1573 1154 1629 eritis
1199 1581 1253 1628 et
1282 1573 1688 1630 consolationis.
1737 1574 1859 1627 Non
1890 1572 2036 1627 enim

443 1679 467 1710 ι
500 1659 749 1715 volumus
806 1660 1065 1731 ignorare
1135 1677 1235 1717 vos
1300 1660 1518 1727 fratres,
1572 1662 1641 1716 de
1689 1660 2036 1715 tribulatione

445 1767 468 1797 ι
511 1755 701 1803 nostra
732 1764 854 1820 quae
883 1749 1020 1804 facta
1049 1756 1132 1803 est
1159 1749 1214 1803 in
1243 1749 1393 1819 Asia,
1426 1749 1683 1821 quoniam
1714 1763 1882 1819 supra
1910 1763 2035 1803 mo-

2141 603 2573 675 Jesu:gloriam
2618 604 2762 659 enim
2810 604 3009 659 Christi
3058 605 3359 659 annuntiat.
3409 606 3741 676 Apostolus,

2141 692 2281 757 dico,
2317 707 2427 747 non
2456 707 2554 763 per
2581 692 2926 747 temerariam
2976 692 3449 764 praesumptionem
3479 700 3537 748 ut
3565 710 3741 764 pseu-

2140 780 2247 847 do,
2283 780 2380 834 sed
2407 796 2510 852 per
2541 782 2909 846 voluntatem,
2956 780 3011 835 id
3056 789 3139 836 est
3185 798 3286 852 per
3335 781 3743 852 beneplacitum

2139 869 2258 931 Dei,
2292 872 2349 924 et
2377 883 2497 924 cum
2529 882 2594 923 eo
2628 870 2943 925 Timotheus
2980 874 3183 940 /rater,
3218 869 3270 923 id
3301 877 3382 924 est
3412 875 3748 940 c00perator

2137 955 2192 1009 in
2222 971 2389 1026 opere
2411 956 2629 1011 Christi.
2654 956 2783 1011 Ideo
2807 957 3145 1012 Timotheum
3176 958 3410 1028 reponit,
3443 973 3544 1028 per
3575 972 3742 1029 quem

2137 1043 2369 1113 primam
2403 1044 2697 1114 Epistolam
2745 1045 3001 1110 miserat,
3034 1052 3092 1099 ut
3138 1045 3310 1101 sciant
3358 1045 3461 1100 sibi
3512 1044 3743 1118 cognita

2138 1148 2261 1186 esse
2309 1132 2489 1186 omnia
2555 1147 2674 1202 qua:
2717 1132 2860 1203 apud
2915 1148 3010 1187 eos
3057 1141 3335 1204 geruntur.
3395 1133 3615 1200 Paulus,
3647 1132 3741 1187 in-

2137 1234 2318 1291 quam,
2355 1227 2408 1274 et
2441 1220 2752 1275 Timotheus
2790 1220 3030 1275 scribunt
3050 1222 3330 1287 Ecclesiae,
3351 1220 3405 1275 id
3428 1230 3509 1275 est
3531 1235 3743 1276 convo-

2137 1307 2336 1363 cationi
2353 1306 2614 1363 ﬁdelium.
2638 1308 2898 1364 Ecclesia:
2934 1309 3056 1364 dico
3076 1310 3196 1375 Dei,
3221 1309 3275 1363 id
3298 1316 3380 1364 est
3400 1309 3454 1363 in
3483 1324 3592 1381 qua
3622 1325 3749 1380 gra-

2136 1395 2211 1449 tia
2241 1395 2339 1449 Dei
2369 1403 2574 1450 tantum
2603 1405 2876 1466 operatur,
2917 1404 2970 1451 et
2999 1412 3105 1452 non
3137 1397 3331 1451 merita
3360 1398 3650 1453 doctorum
3679 1405 3742 1452 ut

2137 1484 2345 1554 pseudo
2358 1482 2679 1553 gloriantur.
2697 1485 2957 1539 Ecclesiae
2968 1484 3091 1540 dico
3104 1502 3224 1557 quae
3237 1489 3320 1539 est
3337 1484 3624 1541 Corinthi.
3641 1484 3747 1541 Co-

2136 1571 2453 1626 rinthiorum
2492 1572 2677 1643 utique
2708 1572 2967 1627 Ecclesiae
2989 1573 3177 1628 scribit
3207 1590 3337 1629 cum
3367 1575 3646 1641 omnibus,
3683 1574 3742 1628 id

2137 1668 2218 1714 est
2247 1668 2299 1714 et
2327 1660 2577 1715 omnibus
2605 1661 2839 1726 sanctis,
2873 1661 2925 1715 id
2957 1668 3038 1715 est
3068 1661 3121 1715 in
3153 1661 3419 1732 baptismo
3448 1678 3547 1732 per
3579 1661 3743 1717 Chri-

2137 1756 2275 1802 stum
2308 1747 2653 1803 sanctificatis
2687 1764 2699 1803 :
2732 1765 2861 1805 cum
2902 1749 3159 1805 omnibus
3187 1749 3310 1805 dico
3341 1752 3436 1822 qui
3483 1755 3620 1805 sunt
3673 1753 3743 1806 in

446 1858 468 1882 «ι
500 1835 629 1889 dum
660 1836 872 1908 gravati
902 1853 1106 1903 sumus,
1156 1844 1211 1892 et
1258 1853 1423 1907 supra
1449 1837 1724 1903 virtutem,
1755 1837 1829 1891 ita
1854 1843 1913 1891 ut
1941 1844 2105 1925 taa-B
2137 1835 2355 1892 I57
2398 1838 2662 1891 universa
2702 1836 2933 1892 Achaia.
2987 1836 3157 1905 Quasi
3188 1837 3393 1893 diceret
3427 1853 3439 1891 :
3474 1838 3746 1893 Ecclesiae

446 1943 469 1974 α
507 1924 662 1979 deret
690 1939 792 1980 nos
838 1925 1001 1980 etiam
1033 1925 1242 1981 vivere.
1280 1925 1387 1980 Sed
1418 1925 1523 1995 ipsi
1547 1925 1599 1979 in
1629 1924 1923 1995 nobisipsis
1954 1924 2065 1980 re?
2136 1924 2377 1979 Corinthi
2420 1925 2775 1996 omnibusque
2817 1925 3077 1980 Ecclesiis
3104 1925 3179 1979 illi
3210 1926 3486 1994 subjectis.
3529 1926 3743 1981 Achaia

447 2031 470 2062 ι
503 2026 765 2082 sponsum
806 2012 1000 2067 mortis
1033 2013 1345 2080 habuimus,
1386 2020 1444 2067 ut
1471 2029 1580 2068 non
1612 2012 1781 2067 simus
1810 2011 2038 2068 ﬁdentes

445 2119 469 2151 ι
502 2099 558 2154 in
587 2100 767 2167 nobis,
801 2101 899 2156 sed
928 2101 984 2155 in
1015 2101 1129 2157 Deo
1164 2101 1255 2174 qui
1279 2101 1502 2157 suscitat
1521 2109 1766 2156 mortuos
1800 2118 1813 2155 :
1848 2102 1938 2173 qui
1968 2100 2037 2156 de

442 2208 465 2239 ι
500 2188 664 2243 tantis
693 2188 948 2261 periculis
979 2204 1080 2243 nos
1114 2189 1306 2260 eripuit
1327 2198 1381 2244 et
1410 2190 1548 2245 eruit
1585 2206 1598 2244 :
1636 2189 1693 2244 in
1723 2206 1887 2260 quem
1921 2206 2041 2260 spe-

443 2296 467 2327 ι
500 2291 705 2344 ramus,
777 2277 1034 2350 quoniam
1087 2285 1140 2332 et
1187 2277 1366 2333 adhuc
1413 2277 1604 2349 eripiet
1652 2276 2035 2346 adjuvantibus

362 2358 370 2366 ’
442 2385 464 2411 α
501 2372 555 2419 et
583 2364 739 2420 vobis
768 2365 823 2419 in
869 2365 1116 2421 oratione
1158 2381 1259 2436 pro
1309 2365 1468 2421 nobis
1502 2382 1517 2420 :
1548 2372 1606 2420 ut
1656 2381 1720 2420 ex
1749 2364 2038 2420 multarum

443 2472 466 2504 ι
500 2452 752 2523 personis
791 2451 1051 2510 facierum
1097 2454 1214 2523 ejus
1254 2469 1375 2526 qua:
1405 2453 1461 2507 in
1489 2453 1648 2509 nobis
1679 2461 1760 2508 est
1789 2453 2038 2508 donatio-

440 2561 463 2590 ι
500 2540 584 2595 nis
630 2557 730 2611 per
773 2541 975 2596 multos
1021 2541 1211 2614 gratia:
1256 2549 1486 2614 agantur
1529 2558 1630 2612 pro
1674 2541 1858 2596 nobis.
1895 2542 2038 2597 Nam

442 2652 463 2676 α
500 2628 675 2702 gloria
718 2638 908 2685 nostra
954 2631 1070 2685 haec
1123 2638 1223 2693 est,
1278 2630 1646 2684 testimonium
1692 2630 2038 2686 conscientiae

443 2739 465 2764 α
499 2724 717 2785 nostrae,
767 2718 914 2789 quod
943 2717 998 2771 in
1047 2717 1387 2789 simplicitate
1417 2718 1600 2774 cordis
1630 2725 1683 2773 et
1726 2718 2036 2774 sinceritate

442 2826 465 2851 ι
501 2804 621 2871 Dei,
670 2813 724 2861 et
766 2822 875 2861 non
920 2806 976 2861 in
1027 2806 1294 2877 sapientia
1340 2806 1566 2876 carnali,
1614 2807 1712 2862 sed
1758 2807 1815 2860 in
1862 2806 2038 2879 gratia

441 2912 464 2944 ι
498 2892 599 2948 Dei
629 2894 934 2950 conversati
964 2911 1153 2950 sumus
1181 2895 1236 2949 in
1265 2895 1371 2951 hoc
1414 2895 1636 2959 mundo,
1672 2894 2037 2949 abundantius

442 3003 463 3029 α
502 2989 684 3037 autem
714 2981 785 3037 ad
830 2998 951 3038 vos.
1005 2983 1131 3038 Non
1176 2983 1322 3037 enim
1369 2982 1477 3038 alia
1524 2982 1808 3037 scribimus
1855 2982 2033 3050 vobis,

444 3092 466 3116 υ
501 3085 666 3140 quam
713 3086 834 3140 qua;
898 3069 1111 3142 legistis
1160 3078 1212 3125 et
1259 3070 1595 3143 cognovistis
1641 3070 2032 3143 [cognoscitis].

442 3177 465 3208 ι
502 3157 677 3227 Spero
719 3166 898 3212 autem
942 3158 1089 3229 quod
1135 3174 1308 3230 usque
1355 3159 1410 3213 in
1458 3157 1620 3213 tinem
1668 3159 2031 3232 cognoscetis,

441 3266 465 3297 ι
501 3245 640 3301 sicut
686 3253 741 3301 et
784 3246 1119 3319 cognovistis
1177 3262 1278 3302 nos
1326 3262 1392 3302 ex
1439 3256 1634 3317 parte;
1685 3218 1812 3319 quia
1858 3247 2033 3321 gloria
2055 3218 2102 3279 θ

440 3354 463 3385 ι
497 3341 677 3390 vestra
724 3350 930 3399 sumus,
983 3334 1122 3390 sicut
1150 3342 1206 3390 et
1251 3349 1349 3390 vos
1377 3343 1579 3401 nostra,
1612 3336 1669 3390 in
1698 3335 1786 3391 die
1816 3336 2034 3391 Domini

439 3445 462 3470 α
498 3422 670 3477 nostri
700 3423 830 3478 Jesu
860 3422 1084 3479 Christi.
1121 3423 1189 3485 Et
1218 3423 1318 3479 hac
1359 3422 1682 3479 confidentia
1708 3423 1854 3479 volui
1885 3424 2032 3495 prius

439 3533 462 3559 ι
510 3510 692 3567 venire
719 3511 788 3567 ad
819 3527 938 3581 vos,
970 3519 1027 3566 ut
1058 3512 1349 3567 secundam
1396 3513 1628 3583 gratiam
1656 3513 1948 3581 haberetis,
1980 3521 2032 3568 et

439 3621 462 3650 ι
495 3616 596 3671 per
642 3614 741 3656 vos
788 3600 1074 3656 transirem
1122 3601 1178 3655 in
1226 3601 1621 3669 Macedoniam,
1671 3610 1724 3656 et
1770 3602 1962 3656 iterum
2000 3618 2031 3657 a

439 3709 462 3739 ι
498 3688 814 3745 Macedonia
865 3689 1111 3744 venirem
1141 3689 1208 3744 ad
1240 3706 1354 3755 vos,
1388 3698 1441 3746 et
1471 3705 1504 3745 a
1550 3690 1705 3746 vobis
1747 3690 1945 3746 deduci
1974 3692 2030 3745 in

438 3797 463 3827 ι
496 3776 760 3832 Ιηᾶεεθω.
793 3777 928 3831 Cum
956 3793 1092 3850 ergo
1122 3780 1226 3833 hoc
1272 3778 1585 3845 voluissem,
1619 3779 1863 3850 nunquid
1890 3779 2029 3834 levi-

441 3884 464 3915 ι
500 3871 606 3919 tate
632 3881 768 3920 usus
797 3866 960 3919 sum?
979 3869 1086 3921 Aut
1114 3883 1237 3938 quae
1255 3867 1458 3939 cogito,
1482 3868 1779 3922 secundum
1809 3884 2030 3924 carnem

436 3974 459 4003 ι
495 3953 698 4024 cogito,
729 3960 787 4007 ut
816 3952 887 4007 sit
900 3954 1044 4025 apud
1066 3971 1153 4010 me
1183 3970 1303 4022 EST,
1337 3964 1391 4010 et
1420 3970 1538 4010 NoN
1558 3957 1587 4011 ?
1617 3955 1816 4011 Fidelis
1846 3965 2027 4012 autem

436 4062 460 4093 ι
494 4042 662 4111 Deus,
696 4040 822 4112 quia
852 4058 1035 4098 sermo
1088 4051 1273 4099 noster
1300 4043 1393 4115 qui
1437 4043 1536 4099 fuit
1579 4044 1723 4115 apud
1766 4060 1883 4114 vos,
1918 4061 2028 4101 non

437 4149 461 4181 ι
498 4136 581 4186 est
608 4129 663 4184 in
684 4129 777 4186 illo
823 4146 925 4186 EST
952 4139 1006 4187 et
1050 4147 1217 4187 NON:
1258 4132 1354 4188 sed
1405 4133 1574 4187 estin
1622 4133 1714 4188 illo
1762 4142 1842 4189 est
1890 4133 2028 4206 [non

437 4238 461 4269 ε
497 4218 663 4275 habet
689 4220 785 4275 sed
816 4220 953 4275 etin
996 4220 1091 4275 illo
1121 4219 1223 4292 est]
1258 4237 1270 4275 :
1319 4221 1417 4276 Dei
1466 4221 1610 4276 enim
1655 4221 1823 4277 Filius
1868 4223 2027 4278 Jesus

436 4328 459 4358 ι
491 4308 760 4376 Christus,
792 4308 883 4381 qui
913 4309 968 4364 in
997 4309 1154 4364 vobis
1180 4325 1281 4380 per
1310 4324 1409 4365 nos
1438 4300 1767 4380 praedicatus
1796 4319 1897 4382 est,
1928 4328 2028 4383 per

436 4417 459 4447 ι
494 4414 582 4454 me
611 4405 665 4454 et
716 4398 991 4454 Silvanum
1048 4406 1102 4453 et
1148 4398 1506 4463 Timotheum,
1556 4415 1666 4454 non
1695 4399 1793 4454 fuit
1835 4401 1890 4455 in
1934 4401 2027 4457 illo

437 4509 459 4533 «ε
494 4502 597 4542 asr
627 4496 679 4543 et
706 4502 846 4554 NON,
881 4488 979 4543 sed
1021 4503 1125 4543 331'
1148 4486 1203 4542 in
1248 4487 1342 4543 illo
1388 4486 1507 4542 fuit.
1559 4487 1833 4560 Quotquot
1881 4490 2024 4545 enim

2136 2013 2277 2067 enim
2306 2012 2503 2068 dicitur
2530 2012 2827 2083 provincia,
2861 2013 2915 2067 in
2945 2029 3052 2085 qua
3097 2014 3411 2084 metropolis
3441 2014 3740 2070 Corinthus

2137 2100 2239 2155 sita
2268 2108 2402 2156 erat.
2442 2102 2590 2157 Vol/is
2638 2101 2930 2155 Corinthiis
2962 2101 3030 2156 sit
3058 2103 3262 2173 gratia,
3295 2101 3381 2155 his
3419 2103 3510 2173 qui
3538 2118 3741 2173 pecca-

2132 2197 2331 2244 verunt
2377 2188 2620 2244 secunda
2673 2189 2973 2244 remissio:
3045 2190 3129 2243 his
3174 2189 3264 2261 qui
3308 2190 3448 2245 bene
3497 2191 3742 2247 correcti

2136 2284 2279 2340 sunt,
2312 2276 2400 2332 vel
2426 2277 2517 2348 qui
2543 2285 2667 2348 post
2686 2285 2965 2347 acceptam
3010 2275 3172 2332 ﬁdem
3203 2294 3311 2332 non
3342 2287 3736 2348 peccaverunt,

2136 2364 2203 2418 sit
2233 2365 2640 2436 perseverantia
2673 2365 2865 2437 gratiae
2900 2365 3038 2420 bene
3071 2366 3372 2421 custodiae.
3412 2366 3481 2421 Et
3510 2366 3559 2421 ei
3589 2366 3745 2422 scili-

2136 2461 2222 2508 cet
2252 2452 2321 2507 sit
2346 2470 2486 2525 ματ,
2518 2452 2573 2507 id
2603 2461 2683 2508 est
2708 2453 2850 2508 bona
2870 2453 3235 2524 tranquillitas
3263 2453 3429 2509 animi
3454 2472 3489 2509 α
3510 2455 3617 2511 Deo
3639 2455 3742 2526 qui

2135 2548 2313 2612 potest
2344 2558 2357 2595 :
2390 2544 2561 2597 Patre
2590 2546 2803 2609 nostro,
2836 2541 2926 2612 qui
2947 2541 3094 2611 pium
3123 2541 3191 2595 ad
3220 2556 3320 2596 nos
3351 2540 3606 2597 allectum
3636 2543 3741 2598 ha-

2137 2630 2246 2697 bet,
2281 2632 2337 2685 et
2364 2646 2400 2685 a
2428 2630 2532 2685 Deo
2566 2629 2657 2700 qui
2688 2629 2934 2684 similiter
2962 2637 3137 2700 potest
3163 2670 3177 2695 ,
3237 2632 3369 2686 Jesu
3400 2629 3643 2696 Christo,
3678 2638 3739 2687 et

2136 2717 2249 2771 vult
2283 2732 2296 2771 :
2327 2717 2454 2788 quia
2484 2718 2692 2773 salvare
2741 2734 2843 2772 nos
2892 2716 3126 2774 ofﬁcium
3157 2718 3271 2787 ejus
3302 2725 3401 2773 est.
3435 2718 3594 2774 Nunc
3622 2718 3741 2774 im-

2135 2805 2325 2876 primis
2355 2805 2561 2876 gratias
2591 2805 2705 2877 agit
2733 2806 2847 2861 Deo
2874 2820 2972 2877 pro
2990 2806 3399 2876 perseverantia
3422 2822 3604 2862 eorum
3637 2807 3738 2879 qui

2136 2893 2272 2964 lapsi
2301 2909 2412 2948 non
2435 2893 2667 2959 fuerant,
2702 2902 2755 2949 et
2784 2909 2884 2965 pro
2912 2894 3254 2950 correctione
3286 2911 3498 2961 eorum,
3530 2895 3621 2967 qui
3652 2911 3741 2951 er-

2137 2997 2263 3037 rore
2293 2990 2602 3052 contempto
2634 2983 2771 3037 bene
2803 2999 2861 3037 se
2889 2983 3310 3038 emendaverant
3338 3001 3352 3037 :
3384 2983 3726 3040 consolatur-

2137 3086 2242 3140 que
2273 3070 2496 3124 eosdem
2524 3069 2774 3140 exemplo
2801 3085 2919 3137 suo,
2952 3078 3011 3126 ut
3039 3070 3209 3126 fortes
3237 3071 3345 3125 sint
3374 3071 3430 3126 in
3457 3071 3734 3141 adversis,

2137 3173 2475 3229 qumcunque
2504 3166 2755 3229 oporteat
2782 3175 2877 3213 eos
2924 3159 3057 3231 pati,
3090 3160 3278 3216 dicens
3310 3178 3325 3215 :
3378 3159 3518 3229 Quia
3547 3176 3647 3216 vos
3677 3162 3743 3218 in

2132 3245 2239 3301 fide
2270 3246 2468 3301 Christi
2499 3246 2750 3301 laborare
2770 3247 2948 3313 video,
2972 3247 3099 3302 inde
3121 3248 3319 3320 gratias
3353 3263 3525 3319 agens
3553 3249 3681 3304 dico
3716 3268 3734 3306 :

2130 3335 2463 3390 Benedictus
2493 3334 2561 3389 sit
2589 3336 2735 3391 Deus
2764 3336 2981 3391 Domini
3030 3337 3201 3391 nostri
3228 3336 3357 3392 Jesu
3388 3336 3587 3391 Christi
3621 3354 3636 3392 :
3673 3343 3737 3395 et

2132 3422 2304 3475 Pater
2331 3420 2556 3474 Domini
2602 3422 2786 3476 nostri
2830 3422 2960 3476 Iesu
3008 3421 3234 3476 Christi.
3278 3422 3424 3476 Deus
3472 3421 3590 3490 ejus
3619 3430 3731 3492 est,

2129 3507 2426 3564 secundum
2458 3507 2602 3580 quod
2630 3508 2876 3563 Christus
2924 3510 3087 3564 homo
3134 3508 3231 3563 fuit
3267 3525 3279 3562 :
3317 3511 3470 3565 Pater
3519 3510 3733 3567 Christi

2130 3604 2231 3662 est,
2264 3596 2561 3669 secundum
2616 3596 2867 3651 deitatem
2899 3597 2954 3650 in
3011 3613 3117 3669 qua
3173 3597 3339 3652 Filius
3385 3597 3610 3669 aequalis
3642 3607 3735 3654 est

2130 3685 2271 3741 Patri
2304 3702 2317 3739 :
2356 3686 2473 3755 ipse
2502 3693 2679 3739 tamen
2708 3685 3032 3756 principium
3077 3686 3284 3741 habens
3311 3701 3345 3741 a
3391 3687 3566 3753 Patre,
3613 3703 3735 3743 non

2130 3774 2287 3827 Pater
2313 3773 2383 3827 ab
2414 3788 2498 3829 eo.
2534 3772 2637 3841 Qui
2668 3773 2713 3827 si
2739 3775 2868 3827 Jesu
2898 3773 3096 3828 Christi
3139 3775 3295 3828 Pater
3332 3781 3434 3841 est,
3466 3790 3591 3829 cum
3620 3791 3732 3831 nos

2129 3861 2325 3917 Christi
2353 3860 2447 3915 filii
2477 3861 2646 3915 simus
2680 3880 2693 3916 :
2721 3862 2798 3917 sic
2840 3878 2941 3932 per
2985 3862 3255 3917 Christum
3303 3863 3477 3917 Deum
3508 3865 3734 3920 Patrem

2125 3951 2406 4005 habemus.
2440 3951 2560 4005 Duo
2588 3950 2865 4020 praedicta,
2898 3951 3044 4006 Deus
3076 3959 3126 4006 et
3157 3953 3334 4016 Pater,
3369 3958 3616 4022 spectant
3647 3954 3728 4009 ad

2127 4039 2443 4094 Christum:
2509 4039 2702 4094 eadem
2753 4040 2862 4093 duo
2918 4056 3040 4110 qua:
3104 4047 3417 4111 sequuntur,
3475 4048 3734 4111 spectant

2125 4128 2193 4183 ad
2220 4128 2488 4182 homines.
2520 4127 2846 4184 Benedictus
2887 4127 3049 4182 etiam
3080 4127 3148 4182 sit
3190 4128 3282 4199 qui
3310 4128 3457 4183 Deus
3485 4136 3539 4184 et
3564 4130 3733 4186 Pater

2126 4225 2209 4272 est
2237 4216 2451 4271 Christi.
2485 4218 2658 4271 Pater
2676 4224 2760 4271 est
2797 4216 2959 4270 etiam
3005 4218 3548 4273 misericordiarum.
3584 4218 3731 4275 Cum

2125 4312 2312 4376 posset
2339 4305 2522 4360 dicere
2570 4304 2729 4360 dator
2772 4305 3294 4372 misericordiarum,
3344 4306 3476 4360 dixit
3520 4315 3676 4377 pater
3710 4324 3727 4363 :

2125 4402 2183 4448 ut
2210 4393 2458 4449 ostendat
2486 4409 2611 4457 eum
2641 4401 2694 4448 et
2741 4393 3001 4461 datorem,
3035 4401 3089 4448 et
3137 4410 3203 4448 ex
3250 4402 3478 4465 paterno
3525 4392 3731 4452 affectu

2125 4482 2281 4537 nobis
2310 4482 2453 4537 bona
2472 4482 2712 4537 dantem.
2734 4483 2912 4548 Pater,
2936 4482 3176 4554 inquam,
3199 4482 3725 4553 misericordiarum,

431 4598 454 4623 α
490 4576 888 4646 promissiones
934 4577 1033 4632 Dei
1080 4584 1225 4642 sunt,
1277 4576 1333 4630 in
1362 4576 1456 4631 illo
1503 4591 1621 4631 ns-r.
1666 4578 1795 4633 Ideo
1840 4587 1894 4633 et
1921 4573 2094 4650 perD
2123 4575 2180 4627 et
2208 4574 2355 4627 Deus
2379 4572 2554 4627 totius
2582 4572 3002 4626 consolationis.
3048 4571 3435 4626 Misericordiae
3466 4572 3732 4627 dicuntur

432 4687 453 4711 ιι
487 4664 668 4735 ipsum
700 4681 713 4720 :
747 4667 922 4720 Amen
950 4665 1067 4720 Deo
1095 4665 1163 4719 ad
1211 4664 1443 4736 gloriam
1492 4673 1752 4721 nostram.
1786 4666 1891 4736 Qui
1920 4682 2022 4723 au-

430 4774 452 4800 ιι
488 4760 598 4809 tem
647 4751 931 4809 continuat
985 4768 1088 4810 nos
1142 4753 1425 4809 vobiscum
1480 4753 1536 4808 in
1584 4754 1812 4821 Christo,
1848 4764 1902 4810 et
1931 4756 2022 4828 qui

431 4861 453 4891 ι
487 4841 640 4896 unxit
666 4857 767 4896 nos
798 4843 963 4908 Deus,
1012 4849 1066 4897 et
1112 4841 1205 4914 qui
1251 4842 1487 4914 signavit
1532 4859 1653 4911 nos,
1686 4852 1739 4898 et
1768 4844 1915 4900 dedit
1942 4845 2021 4916 pi-

430 4948 454 4979 c
492 4945 635 5001 gnus
666 4928 900 4999 Spiritus
930 4928 985 4982 in
1028 4929 1287 4985 cordibus
1332 4932 1552 4986 nostris.
1585 4932 1707 5004 Ego
1734 4941 1914 4988 autem
1943 4941 2022 4989 te-

428 5038 451 5064 α
486 5025 627 5072 stem
655 5017 830 5072 Deum
860 5017 1053 5074 invoco
1081 5018 1137 5073 in
1179 5018 1417 5074 animam
1464 5037 1660 5083 meam.
1712 5022 1857 5093 quod
1886 5037 2020 5092 par-

426 5127 449 5153 u
486 5121 616 5160 cens
645 5104 820 5172 vobis,
855 5121 966 5160 non
1011 5107 1135 5162 veni
1181 5106 1321 5162 ultra
1363 5108 1677 5164 Corinthum
1709 5128 1722 5165 :
1755 5126 1865 5165 non
1894 5111 2022 5182 quia

429 5214 452 5244 ι
486 5192 831 5248 dominamur
885 5192 1013 5249 ﬁdei
1095 5203 1310 5262 vestrae,
1365 5197 1463 5252 sed
1505 5198 1778 5267 adjutores
1832 5215 2019 5254 sumus

429 5302 451 5332 α
487 5281 676 5354 gaudii
703 5281 887 5338 vestri.
917 5283 1060 5338 Nam
1086 5282 1175 5339 ide
1218 5284 1389 5341 statis.
1424 5306 1447 5335 ι

1073 5442 1386 5482 EXPOSITIO.

496 5539 649 5594 More
708 5555 807 5594 suo
852 5540 1081 5596 salutem
1154 5541 1450 5612 praemittit,
1518 5542 1753 5597 dicens:
1802 5545 2018 5599 Paulus

431 5627 596 5706 (quod
651 5644 852 5687 nomen
906 5637 1015 5685 tam
1090 5630 1408 5689 humilitatis
1462 5645 1625 5705 quam
1684 5631 2019 5688 auctoritatis

2126 4660 2310 4716 omnia
2355 4659 2496 4714 dona
2542 4658 2662 4724 Dei,
2713 4675 2809 4713 seu
2864 4659 3059 4713 dentur
3112 4660 3167 4713 in
3197 4659 3478 4727 adversis,
3525 4676 3622 4714 seu
3668 4660 3734 4717 in

2121 4748 2398 4819 prosperis
2430 4763 2443 4801 :
2476 4747 2773 4803 consolatio
2802 4755 2981 4802 autem
3025 4747 3221 4803 dicitur
3252 4756 3476 4817 tantum
3505 4748 3597 4802 ubi
3625 4747 3736 4806 fuit

2122 4837 2406 4893 desolatio.
2441 4839 2631 4891 Posset
2658 4836 2818 4891 etiam
2849 4836 3068 4903 dixisse,
3104 4837 3150 4891 si
3179 4836 3359 4901 vellet,
3394 4845 3551 4907 pater
3580 4852 3729 4892 con-

2122 4925 2401 4981 solationis
2430 4934 2483 4979 et
2513 4926 2659 4980 Deus
2704 4925 3218 4990 misericordiarum,
3266 4926 3518 4997 idemque
3550 4934 3726 4983 esset.

2120 5016 2267 5070 Deus
2284 5014 2404 5069 dico
2423 5012 2805 5069 consolationis
2824 5029 2929 5068 non
2949 5013 3299 5084 imperfectm,
3324 5015 3421 5068 sed
3447 5016 3643 5082 totius,
3665 5015 3729 5071 id

2121 5110 2204 5157 est
2230 5100 2507 5173 perfectze.
2540 5103 2602 5156 In
2630 5101 3045 5172 quibuscunque
3087 5101 3229 5156 enim
3261 5102 3592 5168 desolamur,
3628 5118 3736 5173 po-

2120 5200 2239 5246 tens
2269 5199 2322 5246 et
2350 5199 2549 5261 praesto
2580 5198 2662 5245 est
2690 5190 2957 5245 consolari
3002 5205 3104 5245 nos
3149 5191 3332 5257 Deus;
3364 5190 3487 5262 quia
3515 5206 3729 5247 conso-

2118 5279 2249 5335 latio
2278 5296 2421 5335 nunc
2450 5280 2529 5335 eis
2559 5278 2735 5333 fuerat
2778 5279 3138 5349 opportunior
3172 5297 3185 5333 :
3233 5280 3357 5335 ideo
3385 5279 3531 5334 circa
3576 5280 3729 5336 bona

2119 5368 2506 5425 consolationis
2537 5368 2716 5439 magis
2745 5368 3100 5433 immoratur,
3152 5368 3342 5423 dicens
3375 5384 3387 5422 :
3427 5368 3532 5435 Qui
3569 5369 3729 5426 Deus

2118 5457 2443 5512 consolatur
2471 5473 2592 5521 nos,
2616 5472 2704 5511 me
2723 5456 2932 5512 scilicet
2962 5465 3014 5510 et
3030 5455 3435 5527 condiscipulos
3457 5473 3633 5525 meos,
3657 5460 3727 5514 in

2122 5544 2487 5601 tribulatione
2518 5550 2737 5611 nostra,
2773 5561 2935 5615 quam
2964 5545 3218 5615 patimur.
3251 5545 3367 5600 Nec
3396 5545 3452 5598 in
3480 5546 3727 5616 quadam

2119 5639 2345 5702 tantum,
2378 5634 2475 5688 sed
2502 5634 2566 5690 in
2596 5636 2771 5692 omni.
2819 5634 3139 5705 Ubicunque
3189 5633 3335 5689 enim
3362 5633 3717 5706 tribulamur,
