3920 6428
292 436 446 507 1119

294 5185 357 5240 C.

1547 452 1816 527 essm
1859 417 2449 530 rnsvsnoaun.
3550 454 3700 527 nso

507 600 677 664 quam
700 587 908 672 plures
939 588 1109 672 (2‘22).
1143 588 1398 672 Quorum
1435 596 1689 672 omnium
1718 597 1789 672 ad
1817 599 1943 672 epis
1973 603 2027 665 A

505 671 789 791 scopatus
832 667 1125 747 promovit
1176 669 1520 738 dignitatem
1570 670 1626 726 in
1677 667 1942 743 pluribus

505 736 602 791 Gal
635 752 702 791 ιίθ
741 738 1103 791 c1v1tatibus.
1139 743 1377 791 verbum
1410 742 1505 791 Dei
1540 743 1942 791 mmngelizan.

503 736 705 810 Callize
741 736 1103 809 civitatibus,
1139 736 1378 796 verbum
1410 742 1506 797 Dei
1540 736 1943 810 euangelizan-

506 805 661 877 dum,
696 808 928 865 beatum
966 805 1237 867 videlicet
1283 812 1650 880 Eucharium,
1689 805 1945 871 Clemen-

504 882 645 948 tem,
667 880 1049 953 Mansuetum,
1075 882 1361 951 Synicium
1389 888 1563 953 atque
1589 886 1940 951 Memmium;

506 950 789 1017 quosdam
832 950 1399 1011 autcm'ceterorum
1441 950 1782 1012 diaconatus
1822 950 1942 1014 sive

507 1019 969 1079 subdiaconatus
989 1024 1203 1080 habere
1230 1026 1365 1082 fecit
1389 1027 1654 1081 officium.

540 1089 791 1172 .Verum
832 1093 901 1127 ’7’
939 1099 1128 1151 tamen
1173 1097 1260 1172 his
1298 1096 1587 1172 omnibus,
1632 1098 1786 1168 quod
1830 1113 1942 1172 non

506 1167 631 1219 sine
682 1174 1149 1223 rcmurmurante
1196 1168 1411 1223 invidia
1453 1167 1670 1225 dictum
1721 1167 1945 1225 noveri-

506 1250 650 1315 mus,
681 1236 910 1315 beatum
940 1238 1207 1315 prsetecit
1236 1239 1581 1315 Eucharium
1608 1244 1720 1315 tam
1746 1241 1945 1315 copio-

507 1307 663 1386 aiore
682 1307 1008 1386 ministerio
1029 1323 1197 1379 quam
1218 1314 1273 1386 et
1296 1310 1597 1386 dignitatis
1619 1307 1938 1386 privilegio,

508 1377 722 1448 quippe
755 1377 850 1448 qui
883 1377 1076 1436 secum
1112 1381 1328 1452 pariter
1358 1377 1428 1436 ab
1462 1382 1585 1452 ipso
1620 1377 1855 1437 Domine
1888 1377 1940 1437 in

505 1460 681 1521 carne
704 1457 1117 1518 eommorante,
1148 1451 1300 1507 sicut
1325 1468 1353 1506 a
1380 1451 1697 1521 majoribus
1722 1454 1942 1508 nostris

506 1518 787 1576 traditum
821 1522 1153 1591 accepimus
1186 1523 1354 1591 (-223),
1391 1518 1570 1579 sacrae
1614 1523 1742 1577 lidci
1789 1523 1944 1579 rudi-

507 1594 696 1645 menta
714 1592 1014 1663 percepit,
1049 1592 1143 1663 qui
1169 1597 1226 1648 et
1249 1593 1317 1626 93°
1341 1595 1395 1649 in
1421 1594 1513 1649 illa
1542 1595 1940 1650 sacratissima

507 1674 670 1739 egena
710 1660 796 1729 9‘“,
842 1660 950 1739 qua
995 1660 1469 1739 di-impulissuis
1501 1666 1775 1739 Dominus
1818 1680 1944 1739 pre-

508 1733 658 1803 tiosa
684 1734 948 1802 corporis
972 1739 1028 1789 et
1055 1733 1352 1803 sanguinis
1383 1735 1469 1789 sui
1503 1736 1765 1791 misteria
1793 1733 1942 1790 cele-

511 1799 728 1857 branda
777 1799 1184 1869 contradidit,‘
1214 1806 1702 1861 conveseenlibus
1754 1807 1937 1873 ali‘uit,

508 1878 1026 1944 resurgentemque
1052 1889 1081 1928 a
1108 1876 1348 1931 mortuis
1372 1891 1434 1929 ae
1462 1876 1512 1929 in
1537 1877 1718 1931 caelos
1746 1892 1944 1931 ascen-

507 1939 738 1997 dentein
779 1960 908 2019 cum
936 1939 1233 2015 "apostolis
1275 1948 1451 2019 beata
1479 1946 1701 2019 visione
1744 1947 1941 2019 videre
1974 1961 2024 2019 Β

509 2016 852 2082 prozneruit,
884 2022 1147 2072 sanctum
1180 2031 1407 2085 quoque
1437 2018 1713 2086 Spiritum
1745 2032 1811 2075 ac
1840 2017 1943 2071 lin-

506 2098 653 2151 guas
692 2087 944 2159 omnium
979 2087 1272 2143 nationum
1310 2089 1362 2141 in
1395 2088 1545 2155 ignis
1577 2089 1942 2159 apparitione

510 2156 791 2227 percepit.
841 2157 1122 2215 Abierunt
1163 2163 1356 2214 autem
1395 2156 1714 2214 omncs'liii
1755 2159 1941 2215 sancti

548 2230 709 2300 utres
749 2228 817 2283 ad
863 2228 1175 2300 Galliarum
1221 2229 1469 2300 populos
1513 2231 1691 2287 verbo
1733 2229 1942 2288 salutis

556 2312 623 2353 eo
655 2296 1126 2370 lucrifaciendos,
1170 2296 1484 2370 pergentes
1528 2316 1627 2369 per
1667 2301 1816 2356 viam
1856 2316 1943 2356 sa-

508 2380 634 2423 nam
661 2368 984 2425 doctrinam
1017 2368 1247 2427 cunctis
1279 2368 1756 2437 euangelizando.
1788 2373 1942 2427 Tunc

506 2437 703 2509 itaque
726 2441 963 2498 divertit
992 2442 1252 2498 Clemens
1274 2458 1402 2498 cum
1429 2442 1616 2497 Felice
1642 2442 1945 2499 Medioma-

508 2510 739 2579 tricum,
788 2512 1119 2568 Mansuetus
1150 2512 1395 2577 Tullum,
1431 2513 1695 2580 Synicius
1728 2514 1937 2577 Remis,

507 2582 805 2638 Memmius
836 2582 1235 2653 Catalaunum,
1269 2583 1569 2653 ceterique
1595 2584 1646 2639 in
1674 2584 1798 2638 loca
1830 2583 1940 2639 sibi

508 2666 537 2726 ξι
562 2653 689 2726 Deo
712 2653 1130 2726 praeordinata;
1161 2659 1217 2710 et
1252 2659 1659 2726 prosperatum
1693 2661 1785 2710 est
1817 2669 1944 2709 ver-

507 2723 642 2779 bum
671 2724 769 2780 Dei
801 2724 854 2780 in
887 2725 1153 2781 manibus
1176 2723 1407 2782 eorum.
1434 2727 1642 2781 Beatus
1670 2740 1807 2781 vero
1838 2726 1944 2781 Eu-

509 2793 744 2865 charius
770 2810 897 2851 cum
932 2794 1176 2865 diacono
1219 2811 1344 2861 suo,
1380 2796 1611 2851 Valerio
1644 2795 1938 2865 videlicet,

506 2864 739 2937 Elegiae,
787 2866 883 2935 qui
914 2864 982 2899 ⁹⁸²
1013 2873 1099 2922 est
1143 2868 1307 2937 vicus
1349 2866 1587 2936 grandis
1631 2868 1942 2937 provinciae

509 2934 988 3008 GallieeMaterni
1021 2934 1433 3008 commilitonis
1466 2938 1552 2993 sui
1591 2934 1942 3008 permaxima

508 3005 830 3065 valitudine
860 3006 927 3040 ⁸⁸³
959 3006 1277 3077 desolatus,
1322 3005 1619 3075 substitit;
1658 3008 1775 3078 qui,
1820 3024 1947 3064 cre-

508 3081 706 3133 scente
748 3078 946 3134 eadem
990 3078 1346 3134 infirmitatis
1380 3077 1665 3146 molestia,
1698 3078 1941 3134 animam

509 3146 794 3220 reddidit;
829 3148 981 3220 quod
1013 3149 1325 3205 multorum
1351 3150 1562 3205 salutis
1590 3164 1765 3205 causa
1795 3150 1944 3207 acci-

505 3218 661 3275 disse
694 3218 947 3289 seqnens
978 3220 1153 3277 lectio
1182 3220 1563 3276 demonstrat.

575 3291 864 3372 Nemeum
889 3307 1019 3348 eum
1046 3297 1218 3375 terrae
1249 3290 1777 3375 commendassem,
1814 3305 1943 3375 san-
1973 3314 2021 3375 α

504 3359 584 3417 cti
627 3361 736 3435 viri
779 3363 869 3434 pie
911 3378 1017 3435 pro
1064 3362 1433 3435 depositione
1475 3362 1601 3431 ejus
1648 3359 1937 3432 lugentes,

503 3432 736 3489 concito
750 3432 959 3503 gressu
980 3432 1212 3490 Romam
1238 3438 1631 3503 revertuntur,
1660 3436 1941 3503 magistro

508 3518 612 3560 suo
643 3506 983 3575 supradicto
1019 3506 1188 3561 beato
1220 3506 1393 3575 Petro
1426 3519 1553 3575 quae
1577 3504 1631 3559 in
1658 3506 1748 3575 via
1776 3509 1939 3574 gesta

503 3579 641 3646 sunt
670 3574 1036 3646 nunciantes,
1061 3575 1168 3631 hoc
1194 3574 1554 3646 adjicientes,
1585 3574 1739 3646 quod
1765 3576 1817 3631 in
1846 3590 1942 3646 po-

507 3644 701 3713 pulum
727 3645 886 3702 durae
911 3647 1159 3703 cervicis
1182 3645 1573 3714 devcnissent,
1597 3645 1648 3699 in
1672 3661 1785 3715 quo
1809 3644 1942 3701 con-

504 3716 807 3781 vertendo,
863 3718 973 3773 nisi
1025 3717 1214 3773 virtus
1265 3715 1477 3771 domini
1530 3717 1715 3771 nostri
1765 3717 1939 3774 Jhesu

504 3784 721 3842 Christi
768 3788 1006 3843 Materni
1047 3784 1501 3843 resuscitatione
1545 3786 1944 3844 manifestare-

507 3859 621 3929 tur,
670 3871 869 3926 parum
911 3873 972 3929 se
1016 3858 1405 3929 protectores.
1448 3857 1605 3929 Quos
1634 3856 1701 3890 '3‘
1736 3859 1941 3914 beatus

504 3927 714 3982 Petrus
747 3927 1081 3985 consolatus
1112 3927 1180 3962 ⁸⁸⁸
1210 3929 1287 3983 ait
1318 3948 1329 3982 :
1356 3929 1556 3985 Nolite
1584 3928 1802 3995 lnge-re,
1839 3929 1943 3985 ια-

500 3998 735 4055 rissimi
749 3998 885 4066 mei,
902 4001 1049 4069 quia
1065 3999 1307 4055 mortem
1314 4000 1542 4069 jratris
1558 4000 1743 4055 vestri
1762 3999 1944 4055 domi-

501 4082 613 4125 nus
655 4070 808 4126 Deus
846 4071 1042 4127 noster
1078 4070 1158 4127 ad
1191 4071 1379 4127 vitam
1414 4070 1622 4128 multis
1659 4070 1935 4140 providit.

506 4140 799 4207 Con/Mite
814 4141 877 4197 in
896 4142 1143 4197 Domino
1161 4141 1220 4196 et
1232 4142 1415 4197 nolite
1437 4141 1782 4211 desperare;
1807 4142 1942 4197 ade-

496 4212 590 4284 rit
604 4212 760 4284 enim
782 4212 991 4269 dicina
1013 4212 1346 4281 clementia,
1370 4225 1501 4281 quae
1522 4227 1618 4270 eos
1638 4226 1815 4284 super
1837 4213 1942 4284 tri-

500 4282 684 4354 sticid
721 4285 922 4341 vestra
958 4284 1307 4340 consoletur.
1351 4285 1617 4354 Dansque
1656 4282 1941 4340 Euchario

505 4351 793 4425 baculum,
829 4369 941 4425 quo
975 4354 1179 4411 scnilia
1212 4368 1312 4411 sua
1337 4353 1405 4387 ⁹⁸⁶
1430 4351 1683 4410 membra
1718 4359 1943 4411 susten-

504 4423 684 4491 tabat,
722 4424 797 4478 ita
835 4423 1018 4480 dixit:
1059 4427 1166 4482 Via
1188 4439 1309 4491 qua
1331 4425 1943 4482 renistisindubitan-

504 4494 588 4551 ter
608 4496 995 4559 reczm'entes,
1024 4496 1179 4553 hunc.
1201 4494 1470 4553 baculum
1498 4511 1689 4551 meum.
1718 4497 1943 4559 deferte

501 4564 816 4637 vobiscuzn,
838 4567 1081 4624 acceden
1092 4568 1293 4636 tesque
1315 4566 1397 4623 ad
1420 4568 1597 4623 locum
1616 4564 1935 4637 sepulc/n'i,

501 4635 707 4765 yosso
726 4640 955 4708 corpori
970 4638 1037 4671 "7
1057 4635 1327 4693 baculum
1351 4635 1728 4707 superponile
1746 4638 1940 4694 dicen-

545 4722 575 4762 ο
588 4729 607 4765 .·
626 4732 649 4756 ιι
662 4708 954 4765 Materne.
968 4710 1035 4765 in
1051 4710 1285 4765 nomine
1302 4709 1527 4763 domini
1544 4709 1735 4765 nostri
1750 4710 1940 4765 leesu

545 4722 575 4762 ο
588 4729 607 4765 .·
626 4732 649 4756 ιι
662 4708 765 4764 Ma
774 4706 954 4776 terna,
968 4710 1035 4766 in
1051 4710 1285 4765 nomine
1302 4706 1535 4763 domini
1544 4709 1735 4765 nostri
1750 4712 1798 4764 ,Ι
1796 4710 1941 4765 Ιισδιι
1968 4706 2020 4766 D

504 4778 943 4849 Citristisurge.
959 4800 986 4829 ››
1005 4781 1259 4903 Deniilne
1276 4783 1514 4849 accepta
1537 4779 1938 4835 benedictione

504 4850 788 4903 magistri.
812 4850 999 4903 denuo
1025 4851 1094 4903 ad
1121 4852 1163 4903 Ε
1190 4853 1373 4903 cuiam
1403 4865 1531 4903 cum
1569 4849 1775 4903 fiducia
1813 4866 1938 4903 nro-

501 4850 788 4920 magistri,
812 4850 999 4905 denuo
1025 4851 1094 4905 ad
1121 4849 1373 4918 Elegiam
1403 4865 1531 4905 cum
1569 4849 1775 4906 ﬁducia
1812 4866 1940 4921 pro-

503 4922 804 4992 perabant.
840 4921 965 4986 Quo
989 4937 1118 4976 cum
1153 4920 1557 4992 pervenissent
1582 4925 1640 4975 et
1663 4920 1940 4977 accessis-

2270 604 2402 659 sent
2424 599 2494 659 ad
2518 595 2912 673 sepulchrum,
2940 592 3119 656 multa
3144 595 3382 673 cumeis
3403 597 3575 673 turba
3598 611 3697 673 per

2266 671 2625 731 voluntatem
2658 673 2755 729 Dei
2795 677 3187 727 concurrente
3239 671 3467 728 videndi
3518 671 3695 729 causa

2269 746 2405 815 quid
2448 746 2635 813 ﬁeret,
2686 743 3003 800 Eucharius
3030 741 3224 815 nichil
3266 743 3336 798 de
3378 758 3441 815 se
3484 756 3699 815 praesu-

2268 814 2446 885 mens,
2484 821 2572 871 set
2603 816 2784 883 magis
2813 814 3225 870 auctoritatem
3256 814 3519 885 magistri
3549 829 3699 885 com-

2269 882 2565 953 mendans,
2610 885 2913 957 przcmissa
2958 886 3225 957 oratione
3266 884 3494 939 dicebat
3530 900 3542 935 :
3574 882 3698 942 Μα-

2270 956 3393 1031 tmze/ratemmcoztabimum
3410 957 3697 1031 mwsPe:

2268 1030 2397 1100 trus
2420 1027 2734 1100 apostolus,
2762 1030 2830 1085 ut
2849 1027 2914 1100 in
2936 1030 3168 1100 nomine
3198 1029 3314 1100 ﬁlii
3342 1028 3451 1083 Dei
3479 1027 3697 1100 domini

2263 1098 2547 1157 nostri'm
2577 1101 2764 1155 Jliesu
2795 1099 3025 1156 C’lzrisli
3048 1113 3083 1154 a
3103 1099 3286 1155 morte
3310 1112 3610 1167 resurges,
3643 1098 3699 1154 et

2264 1171 2563 1228 nobiscum
2574 1172 2792 1241 populo
2812 1171 2952 1226 huic
2968 1172 3074 1240 qui
3093 1170 3439 1241 circumstat
3462 1169 3696 1241 Creato:

2261 1257 2387 1299 rem
2415 1239 2595 1299 smmi
2623 1239 2987 1299 c’onlesteris.
3020 1243 3088 1295 Et
3120 1240 3217 1295 ille
3250 1240 3412 1311 quasi
3440 1240 3509 1295 de
3534 1239 3694 1311 suavi

2268 1329 2467 1368 somno
2489 1313 2786 1381 evigilans,
2809 1313 2976 1367 vivus
2996 1316 3051 1366 et
3074 1327 3227 1366 same
3252 1310 3460 1366 mentis
3481 1310 3694 1366 nomini

2270 1384 2484 1440 Christi
2527 1384 2873 1452 assurrexit,
2908 1384 3126 1453 habens
3150 1382 3264 1451 jam
3300 1382 3352 1436 in
3390 1381 3697 1453 sepulchro

2267 1457 2392 1511 dics
2414 1455 2497 1511 40.
2527 1456 2649 1521 Quo
2675 1456 2803 1509 viso
2828 1452 3127 1521 miraculo,
3156 1468 3264 1508 non
3292 1453 3474 1508 solum
3500 1467 3696 1508 omnes

2266 1527 2343 1581 hii
2368 1526 2434 1559 9⁸9
2459 1527 2555 1596 qui
2580 1526 2841 1594 aderant,
2878 1529 2962 1580 set
2994 1529 3050 1579 et
3088 1523 3250 1596 multi
3281 1524 3449 1596 longe
3485 1523 3696 1596 posito-

2266 1614 2415 1665 rum,
2437 1593 2507 1651 ad
2526 1613 2668 1668 quos
2687 1598 2827 1651 fama
2843 1596 2965 1651 hrec
2984 1595 3203 1666 perlata
3219 1599 3326 1661 est,
3344 1595 3540 1668 eadem
3557 1593 3691 1649 hora

2268 1669 2440 1723 idolis
2480 1666 2982 1735 abrenuntiantes,
3026 1672 3331 1735 coeperunt
3363 1666 3431 1719 ad
3465 1669 3698 1721 sanctos

2268 1740 2365 1793 Dei
2394 1740 2710 1807 conﬂuere,
2738 1743 2794 1792 et
2821 1742 2881 1793 ut
2905 1738 3293 1803 cognitionem
3328 1736 3457 1790 ﬁdei
3489 1735 3697 1791 Christi

2267 1810 2410 1865 met
2438 1811 2720 1880 baptisma
2743 1808 2810 1841 9“
2830 1809 2970 1879 ipsis
2994 1809 3196 1863 darent
3224 1807 3544 1878 postulare,
3569 1821 3701 1862 con-

2271 1880 2504 1935 fitentes
2534 1882 2689 1935 clara
2726 1896 2883 1945 voce,
2921 1881 3072 1933 hunc
3112 1894 3238 1934 esse
3269 1893 3467 1933 verum
3500 1883 3557 1933 et
3588 1884 3701 1932 tre-

2270 1951 2535 2005 mendum
2562 1951 2834 2020 omnique
2869 1950 3084 2003 nationi
3116 1951 3292 2005 Deum
3320 1949 3695 2020 adorandum,

2267 2022 2437 2089 cujus
2482 2019 2753 2075 invocato
2784 2021 3010 2074 nomine
3053 2020 3203 2073 servi
3244 2020 3369 2087 ejus
3401 2019 3535 2074 talia
3578 2032 3701 2090 pos-

2265 2088 2393 2147 sent
2428 2092 2701 2146 miracula
2740 2093 2948 2145 facere.
2988 2093 3052 2144 Et.
3087 2091 3345 2160 acceptis
3379 2090 3510 2145 ﬁdei
3548 2088 3701 2145 rudi-

2268 2163 2480 2217 mentis
2501 2166 2554 2217 et
2578 2162 3018 2231 regeneratione
3047 2160 3434 2230 baptismatis,
3460 2176 3589 2216 eum
3613 2173 3703 2231 cie:

2263 2232 2498 2288 leritate
2525 2229 2732 2303 ipso'in
2762 2232 2887 2287 loco
2915 2229 3211 2303 basilicam
3236 2230 3301 2303 in
3335 2232 3614 2303 honorem
3636 2229 3702 2262 “'

2264 2308 2323 2359 et
2370 2302 2702 2358 memoriam
2750 2303 2984 2358 virtutis
3030 2302 3245 2357 domini
3293 2302 3479 2355 nostri
3525 2302 3701 2356 Jhesu

2266 2375 2483 2430 Christi
2507 2377 2994 2439 construxerunt;
3028 2373 3120 2427 cui
3146 2387 3220 2427 ex
3242 2372 3700 2441 resurrectione,

2265 2459 2392 2515 qiuc
2418 2445 2535 2499 illic
2560 2445 2852 2499 celebrata
2882 2448 2995 2510 est,
3031 2457 3237 2497 nomen
3274 2442 3701 2511 imposuerunt,

2267 2521 2380 2570 tam
2440 2515 2803 2586 spiritualenn
2858 2515 3179 2586 animarum
3241 2528 3476 2586 suarum
3534 2527 3703 2583 quam

2262 2584 2625 2657 corporalem
2664 2584 2929 2657 Materni
2989 2584 3481 2657 resurrectionem
3548 2598 3707 2657 reco-

2265 2654 2471 2712 lentes.
2510 2656 2789 2711 Omnibus
2821 2655 3001 2723 igitur
3035 2670 3136 2723 per
3165 2654 3350 2723 girum
3393 2654 3446 2707 in
3480 2654 3705 2709 confes-

2266 2729 2427 2783 sione
2480 2728 2609 2781 ﬁdei
2660 2727 2944 2793 solidatis,
2998 2725 3127 2781 aliis
3176 2725 3352 2781 etiam
3407 2725 3703 2794 regionum

2262 2799 2537 2879 gentibus
2559 2798 2711 2879 beati
2729 2798 2836 2879 viri
2852 2798 3093 2879 verbum
3115 2796 3325 2879 salutis
3347 2796 3703 2879 impert‘tum

2266 2865 2348 2924 ire
2381 2868 2793 2939 disponebant,
2818 2872 2872 2923 et
2899 2866 3619 2939 commendatisomnibus
3650 2865 3702 2921 ei

2266 2940 2357 2996 cui
2390 2956 2453 2995 se
2482 2938 2597 3010 per
2631 2940 2799 2993 (idem
2842 2938 3571 3010 subdiderunt,abeuntes
3602 2950 3702 3010 per

2265 3011 2412 3066 viam
2438 3007 2654 3065 semina
2680 3010 2814 3065 vitae
2840 3011 3112 3071 serendo,
3137 3009 3369 3062 tandem
3391 3007 3583 3062 divino
3602 3007 3702 3062 du-

2263 3086 2363 3137 ctu
2377 3081 2692 3149 Treberim,
2712 3096 2839 3151 quze
2856 3095 3056 3149 magna
3073 3080 3280 3151 civitas
3297 3077 3581 3148 quondam
3597 3078 3704 3133 fuit

2263 3152 2331 3185 ⁸³³
2349 3152 2691 3222 metropolis
2713 3152 2955 3219 Belgicae
2980 3150 3198 3218 Gallia},
3224 3153 3629 3222 pervenerunt.

2336 3224 2453 3278 Hoc
2471 3220 2617 3276 9anin
2647 3222 2789 3291 loco,
2820 3222 2977 3277 salva
3004 3222 3242 3276 lectoris
3264 3220 3534 3287 caritate,
3562 3220 3700 3275 libet

2266 3293 2525 3365 qlnedam
2552 3293 2621 3349 de
2650 3290 2805 3365 illius
2828 3292 3091 3365 civitatis
3120 3291 3471 3365 antiquitate
3495 3305 3559 3365 ac
3583 3290 3703 3365 situ

2264 3358 2768 3420 commemorando
2788 3363 3209 3433 aliquantiSper
3225 3358 3699 3433 immorari,quod

2265 3436 2449 3492 series
2467 3450 2657 3490 rerum
2673 3435 2811 3490 imbi
2829 3432 3145 3503 gestarum,
3165 3432 3518 3503 quasdicere
3534 3445 3701 3503 cona-

2266 3506 2612 3575 mur,aliqua
2627 3520 2697 3560 ex
2713 3502 2879 3575 parte
2899 3502 3243 3560 monstrabit
3261 3517 3373 3575 non
3388 3502 3603 3575 esseab
3619 3515 3701 3575 re.

2336 3578 2495 3633 Sicut
2524 3573 2596 3609 ’θθδ
2626 3573 2839 3632 Gallica
2880 3580 3076 3630 narrat
3109 3574 3358 3631 historia
3390 3573 3560 3645 (2'26),
3596 3573 3701 3628 sub

2264 3649 2630 3719 temporibus
2654 3647 2931 3719 llabrahre
2950 3646 3019 3719 fit“?
3036 3645 3385 3719 patriarchae
3405 3644 3703 3719 Ninusrex

2267 3713 2730 3789 potentissimus,
2760 3718 2854 3787 qui
2879 3713 3187 3772 {ediﬁcavit
3222 3716 3518 3789 civitatem
3552 3713 3704 3789 Nini-

2266 3784 2394 3855 ven,
2422 3791 2492 3845 de
2517 3804 2631 3859 quo
2646 3784 2820 3844 Jonas
2844 3788 3126 3859 prepheta
3152 3786 3417 3859 perhibet
3443 3784 3702 3859 testimo-

2268 3861 2421 3916 nium
2444 3856 2597 3930 quod
2620 3860 2773 3927 (Jan.
2798 3856 2877 3928 ni,
2900 3856 3177 3929 3)‘magna
3199 3856 3508 3930 sititinere
3528 3856 3701 3930 trium

2265 3925 2510 4006 dierum,
2546 3925 3130 4006 de'regina’quadain
3166 3926 3515 4006 Caldcorum
3543 3925 3612 4006 “f7
3644 3925 3703 3980 ﬂ-

2267 4001 2403 4056 linm
2449 3998 2751 4057 Trebetant
2795 3998 3011 4056 dictum
3062 3998 3423 4070 procreavit.
3461 3998 3575 4070 Cui
3619 4010 3701 4050 re-

2263 4073 2433 4141 gina),
2471 4072 2723 4146 inquam,
2759 4073 2802 4127 si
2831 4072 2964 4146 dum
2989 4068 3291 4146 adviveret
3318 4068 3541 4146 nescio._
3567 4081 3701 4146 uxo-

2267 4139 2386 4199 rem
2435 4139 2604 4199 aliain
2656 4143 2870 4198 dictam
2921 4142 3277 4196 Semiramim
3331 4139 3698 4209 superduxit,

2269 4230 2395 4293 quae
2428 4213 2599 4293 longe
2630 4218 2763 4293 post
2794 4219 3064 4293 tempore
3087 4211 3232 4292 ;.\'i.uo
3262 4210 3535 4290 defuncto
3567 4221 3701 4263 eun-

2268 4281 2395 4358 dem
2437 4281 2749 4358 Trebetam
2781 4281 2963 4358 voluit
2998 4282 3106 4358 sibi
3139 4281 3193 4358 _in
3227 4281 3496 4358 conjugio
3530 4294 3701 4358 copu-

2268 4353 2406 4411 lare.
2443 4356 2541 4411 Cui
2576 4371 2704 4411 cum
2732 4355 2963 4425 juvenis
2994 4353 3276 4425 noluisset
3310 4351 3361 4425 in
3396 4365 3455 4425 re
3486 4350 3698 4425 nefaria

2266 4427 2618 4495 consentire,
2655 4419 2773 4494 illa,
2811 4430 2871 4481 ut
2904 4429 3032 4479 erat
3073 4424 3227 4479 acris
3266 4421 3459 4495 animi,
3494 4419 3700 4495 multis

2265 4512 2395 4553 eum
2438 4492 2697 4552 dolis'ac
2736 4492 3031 4551 veneﬁciis
3071 4492 3429 4562 aggreditur,
3476 4492 3699 4547 demum

2266 4568 2589 4642 innumeris
2631 4567 2914 4642 bellorum
2966 4561 3704 4642 persecutionibus“fatiga-

2269 4642 2411 4712 tum,
2456 4654 2482 4693 a
2524 4637 2591 4670 ⁰⁹⁸
2630 4638 2826 4712 totius
2853 4631 3011 4712 regni
3060 4636 3270 4712 finibus
3313 4631 3695 4712 propulsavit.

2266 4709 2372 4788 Qui
2406 4710 2740 4788 pervagatis
2776 4708 3071 4788 plerisque
3096 4706 3258 4788 orbis
3283 4705 3563 4788 partibus,
3600 4716 3701 4788 nec

2266 4771 2500 4852 invento
2524 4771 2719 4849 invquo
2745 4771 2850 4835 sibi
2884 4771 3182 4852 remanere
3210 4771 3525 4852 placuisset
3543 4771 3699 4852 loco,

2265 4851 2497 4906 tandem
2519 4844 2677 4906 sorte
2697 4852 2909 4906 ductus
2934 4844 3217 4916 Belgicam
3248 4846 3485 4901 Galliam
3505 4844 3698 4916 elegit,

2266 4922 2387 4988 Qua
2413 4922 2793 4993 perlustrata,
2820 4920 2873 4975 in
2897 4912 3149 4989 eum'qui
3178 4932 3326 4973 nunc
3349 4912 3617 4973 Treberis
3636 4912 3708 4947 ⁰⁹⁶

1655 5017 1891 5074 νΑιιιΕ
1926 5017 2330 5075 LECTIONES.

359 5112 428 5147 ’τ’
450 5128 504 5168 c.
534 5115 675 5170 XXI.
706 5113 915 5171 Leibn.
988 5112 1292 5186 ’Pﬁquique
1319 5115 1384 5168 C.
1418 5120 1475 5169 1.
1507 5128 1559 5170 e.
1591 5128 1748 5171 corr.
1775 5114 1940 5171 etita
1964 5116 2066 5170 C3.
2135 5114 2202 5149 ⁹⁸¹
2224 5114 2663 5186 postsuppl.C.
2692 5119 2747 5167 1.
2775 5185 2779 5186 ν
2816 5111 2889 5186 7°"
2913 5127 3040 5186 quam.
3062 5112 3161 5186 Co.
3235 5109 3303 5143 ³⁸³
3329 5107 3707 5186 ἱιινειῇιιᾶίιιρ

444 5186 511 5219 ⁸⁸⁸
547 5187 782 5241 Animos
816 5188 916 5240 C6.
1002 5184 1070 5217 ³⁸⁵
1097 5187 1409 5240 consolans
1439 5188 1504 5241 C.
1589 5186 1657 5218 ⁹⁸⁶
1687 5187 1773 5241 sui
1808 5189 1873 5241 C.

291 5271 490 5328 omnes
518 5260 555 5311 C
582 5262 637 5312 3.
723 5257 792 5289 ⁹⁹⁰
814 5258 877 5312 in
898 5271 1097 5328 marg.
1128 5257 1275 5311 add.
1310 5261 1345 5311 (λ
1373 5264 1426 5311 1.
1510 5254 1576 5289 ⁹⁹¹
1605 5257 1887 5313 babtisma
1914 5258 1990 5312 82
2009 5254 2259 5327 semper.
2344 5255 2412 5289 π’
2438 5257 2655 5311 honore
2676 5261 2732 5328 et
2754 5254 3030 5328 memoria
3057 5255 3121 5306 C.

290 5326 355 5359 ”‘
390 5329 569 5384 Hocin
606 5329 735 5384 loco
766 5359 834 5367 —
865 5342 997 5383 esse
1031 5326 1103 5382 ab
1138 5342 1198 5382 re
1232 5328 1445 5383 desunt
1475 5329 1540 5384 C.

292 5397 358 5431 ⁸⁸⁸
390 5416 455 5456 ac
488 5415 647 5457 corr.
691 5414 719 5453 a
757 5400 824 5454 Ct
847 5439 859 5452 .
942 5399 1011 5431 Μ
1040 5399 1289 5455 trcveris
1321 5401 1420 5454 B2.

365 5556 513 5629 (2‘23)
547 5560 623 5615 De
678 5556 780 5612 hac
830 5558 1167 5613 narratione
1218 5556 1430 5613 fabulis
1477 5556 1647 5628 plena
1677 5557 1757 5612 cf.
1797 5559 1937 5612 Acta

438 5629 600 5700 Sept.
641 5630 733 5698 IV,
773 5644 832 5699 p.
871 5632 998 5700 3807.

367 5697 526 5766 (924)
553 5699 691 5765 Quze
722 5697 846 5756 haec
871 5701 948 5756 sit
973 5699 1239 5767 historia,
1270 5713 1436 5754 nemo
1465 5698 1661 5755 dicere
1694 5697 1932 5769 poterit,

296 5770 403 5829 nisi
442 5769 563 5845 ipsa
598 5773 769 5827 Gesta
799 5773 1182 5829 Treverorum
1207 5770 1295 5826 vel
1322 5770 1573 5842 ipsorum
1608 5769 1825 5824 fontem
1855 5769 1935 5824 in-

1623 5328 1692 5360 m
1722 5342 1777 5384 c.
1818 5329 1989 5383 XXII.
2031 5330 2235 5385 Leibn.
2281 5329 2343 5393 ll,
2376 5333 2433 5382 2.
2476 5328 2541 5381 C.

1880 5468 2080 5523 NOTAE
2106 5512 2116 5523 .

2072 5555 2338 5625 telligero
2366 5554 2539 5610 velis.
2582 5555 2717 5608 Nam
2750 5568 2879 5609 cum
2916 5557 3080 5609 textu
3110 5565 3307 5609 eorum
3344 5549 3703 5625 praecedente

2065 5628 2187 5702 ῒιξιιο
2204 5621 2288 5681 ἐι)
2320 5626 2507 5680 altero
2540 5625 2788 5702 quodam
2828 5632 3064 5702 auctore
3105 5622 3446 5702 Treverensi
3486 5621 3703 5702 scripta

2069 5699 2411 5769 plerumque
2442 5697 2942 5773 conveniunt.__De
2976 5695 3219 5773 Caesaris
3248 5695 3701 5773 commentariis,

2066 5766 2215 5840 auos
2243 5766 2417 5842 supra
2448 5784 2511 5840 p.
2555 5771 2644 5827 121
2681 5766 2876 5837 attuli,
2909 5766 3154 5836 cogitari
3191 5766 3417 5836 nequit.

1959 5187 2025 5218 ⁸⁸⁷
2057 5177 2301 5257 corpore
2337 5177 2453 5257 B2.-
2476 5177 2493 5185 ’
2521 5185 2589 5218 9⁸⁸
2620 5185 2865 5240 deestC.
2934 5177 3017 5257 '9‘?"
3050 5182 3125 5257 liii
3148 5194 3442 5257 sequemur.
3478 5181 3515 5234 C
3542 5183 3563 5232 1
3590 5252 3598 5257 Δ
3628 5177 3701 5257 hii

3231 5252 3273 5284 ⁹³
3297 5251 3503 5306 civitas
3523 5252 3606 5305 est
3633 5251 3695 5304 C.

2626 5326 2693 5357 θνα
2724 5326 2955 5380 abrahze
2988 5328 3052 5379 C.
3135 5322 3202 5355 “7
3230 5321 3600 5379 chaldeorum
3630 5320 3668 5374 C
