3948 6438
143 371 233 426 221

759 364 1141 423 EXPOSITIO
1179 365 1255 421 IN
1290 363 1674 423 EPISTOLAS
1711 364 1934 424 PAULI.
1969 393 2039 408 —
2067 365 2143 421 IN
2179 365 2405 423 EPIST.
2452 365 2501 422 ΙΙ
2537 367 2632 422 AD
2673 365 2838 424 COR.

3349 370 3455 427 222

146 491 298 548 facile
328 490 422 548 vel
480 489 696 548 difﬁcile
747 490 1048 546 secundum
1095 491 1318 546 modum
1365 490 1748 557 tribulationis,
1773 493 1828 553 Α
1853 493 2150 564 patimur:
2181 506 2307 546 nam
2337 505 2439 546 nos
2484 507 2647 563 supra
2683 492 2910 547 modum
2941 491 3157 566 gravati
3187 507 3377 547 sumus
3405 491 3463 546 in

150 588 343 653 praesto
395 587 479 635 est
528 579 795 636 medicina
851 579 1184 635 consolantis
1218 597 1232 634 :
1277 579 1611 644 consolatur,
1663 579 1746 634 in-
1843 579 1997 634 Asia.
2032 580 2141 635 Sed
2170 580 2493 652 priusquam
2538 581 2644 636 hoc
2672 580 2848 647 dicat,
2880 581 3159 653 praemittit
3195 580 3340 636 unde
3372 579 3462 634 in-

154 685 330 742 quam,
365 684 481 724 non
509 668 685 724 solum
715 675 773 723 ut
793 683 894 723 nos
925 668 1120 723 liberet
1151 668 1268 734 sed,
1303 669 1463 724 etiam
1486 673 1552 724 ut
1568 669 1744 740 possi-

154 774 271 813 mus
302 762 361 813 et
389 758 503 829 ipsi
531 757 623 828 qui
659 756 980 812 tribulamur
999 759 1284 814 consolari
1317 774 1424 823 eos,
1459 757 1549 829 qui
1579 757 1744 812 modo

153 845 467 901 videbamur
526 845 752 900 desolati
788 862 800 899 :
833 853 886 900 et
937 861 1038 916 per
1113 845 1420 916 exemplum
1467 844 1744 916 patientiae

155 942 371 1000 nostrae,
405 942 460 990 et
487 950 587 1005 per
633 934 1061 990 exhortationem
1110 935 1396 990 sermonis.
1459 935 1744 990 Consolari

153 1024 266 1079 dico
296 1039 396 1078 eos
425 1025 522 1096 qui
549 1027 686 1079 sunt
702 1025 764 1078 in
778 1039 1051 1094 pressura
1085 1023 1510 1079 tribulationum.
1543 1025 1660 1080 Nec
1689 1024 1747 1078 in

153 1112 383 1183 quadam
414 1120 641 1177 tantum,
675 1112 775 1167 sed
805 1114 867 1168 in
896 1114 1053 1168 omni
1081 1128 1338 1183 pressura
1382 1112 1624 1168 interiori
1658 1112 1747 1168 vel

151 1200 423 1266 exteriori,
472 1215 765 1271 possumus
793 1216 888 1256 eos
937 1200 1212 1257 consolari
1236 1217 1342 1272 per
1382 1202 1746 1258 exhortatio—

150 1305 294 1344 nem.
322 1289 516 1345 Posset
535 1289 715 1345 dicere
751 1306 852 1360 per
872 1289 1322 1357 consolationem,
1357 1290 1455 1345 sed
1483 1297 1542 1345 ut
1571 1298 1749 1346 osten-

149 1377 295 1434 deret
315 1393 380 1432 se
400 1394 511 1433 non
531 1378 848 1449 simpliciter
867 1379 1160 1446 consolari,
1186 1379 1283 1435 sed
1305 1379 1470 1435 etiam
1491 1378 1748 1436 fortiores

147 1465 257 1521 fieri
289 1483 302 1521 :
336 1466 414 1521 ait
433 1482 535 1538 per
563 1467 986 1523 exhortationem
1015 1485 1126 1541 qua
1155 1467 1247 1522 alii
1265 1468 1439 1524 sancti
1455 1476 1507 1524 et
1523 1483 1623 1523 nos
1644 1468 1748 1540 ipsi

147 1555 525 1612 exhortamur
552 1573 587 1611 a
631 1557 738 1612 Deo
770 1574 784 1610 :
815 1563 875 1611 ut
926 1556 1170 1612 videntes
1199 1557 1373 1612 Deum
1419 1565 1749 1628 praesentem

147 1643 300 1698 nobis
344 1642 402 1698 in
423 1643 789 1714 tribulatione,
831 1645 965 1700 nihil
1011 1644 1322 1700 dubitemus
1373 1645 1429 1700 in
1485 1661 1748 1717 quacun-

147 1748 248 1803 que
286 1739 557 1788 tormenta
593 1732 912 1804 irrumpere,
963 1741 1015 1788 et
1055 1733 1191 1788 alios
1224 1734 1290 1789 ad
1330 1734 1640 1805 exemplum
1686 1750 1751 1791 ac

148 1819 398 1876 virtutem
425 1821 716 1892 patientiae,
748 1823 916 1878 verbo
948 1830 1001 1878 et
1023 1823 1274 1894 exemplo
1305 1823 1558 1879 invitare.

212 1909 280 1964 Et
310 1925 448 1966 vere
478 1911 822 1966 exhortamur
850 1927 882 1966 a
912 1913 1027 1967 Deo
1053 1927 1065 1965 :
1089 1914 1356 1985 quoniam
1379 1913 1527 1969 sicut
1564 1913 1747 1969 abun-

149 1998 284 2053 dant
311 1999 613 2070 passiones
643 1999 873 2066 Christi,
928 2000 985 2056 id
1014 2008 1096 2055 est
1143 2017 1277 2072 quas
1307 2001 1394 2056 vel
1421 2017 1522 2072 pro
1553 2001 1751 2056 Christi

146 2086 384 2152 nomine,
420 2087 509 2142 vel
539 2103 640 2159 pro
692 2089 942 2160 exemplo
1000 2088 1200 2144 Christi
1229 2105 1330 2160 pro
1383 2090 1544 2145 nobis
1601 2089 1753 2160 passi

151 2175 504 2230 sustinemus.
556 2177 705 2232 Sicut
735 2177 879 2232 enim
909 2178 1194 2248 passiones
1240 2176 1519 2233 abundant
1555 2180 1618 2234 in
1643 2196 1750 2235 no-

150 2263 247 2329 bis,
281 2265 370 2320 ita
400 2265 626 2335 copiose
645 2267 897 2323 abundat
928 2267 1090 2322 etiam
1119 2269 1427 2324 consolatio
1444 2271 1641 2322 nostra
1650 2283 1754 2340 per

155 2351 442 2408 Christum
475 2369 576 2408 nos
605 2355 996 2410 consolantem.
1031 2355 1130 2411 Vel
1159 2372 1258 2426 per
1286 2355 1556 2411 Christum
1582 2374 1595 2410 :
1627 2357 1753 2427 quia

148 2455 247 2510 per
297 2442 612 2513 exemplum
649 2443 900 2514 patentia;
929 2444 1044 2513 ejus
1087 2445 1456 2500 consolamur.
1490 2445 1556 2498 Et
1606 2461 1754 2516 quae-

154 2543 388 2601 cunque.
439 2531 692 2600 patimur,
761 2540 813 2586 et
877 2533 1309 2605 quandocunque
1383 2533 1749 2601 consolamur,

153 2617 254 2673 hoc
285 2633 396 2674 non
431 2619 607 2674 solum
637 2627 862 2692 propter
881 2637 1004 2686 nos,
1038 2623 1136 2676 sed
1157 2623 1317 2677 etiam
1348 2622 1417 2676 ad
1445 2622 1756 2678 instructio-

151 2723 271 2761 nem
303 2707 480 2762 vestri
515 2726 529 2762 :
561 2711 674 2764 sive
704 2709 847 2765 enim
877 2711 1241 2776 tribulamur,
1265 2712 1370 2767 hoc
1391 2711 1445 2765 ﬁt
1460 2727 1561 2784 pro
1576 2713 1757 2766 vestri

150 2795 577 2863 exhortatione,
616 2806 672 2852 ut
709 2799 778 2853 ad
825 2799 1110 2870 patiendas
1163 2799 1546 2855 tribulationes
1585 2799 1755 2854 fortes

149 2885 281 2953 sitis,
305 2893 359 2940 et
391 2884 474 2940 sic
501 2901 604 2957 pro
651 2887 825 2943 salute
873 2895 1072 2943 interna
1111 2888 1402 2944 habenda:
1437 2890 1549 2946 sive
1580 2889 1756 2944 etiam

148 2975 533 3040 consolamur,
551 2976 653 3031 hoc
665 2974 724 3031 fit
745 2992 845 3047 pro
870 2978 1043 3034 vestri
1063 2979 1470 3045 consolatione,
1493 2987 1550 3033 ut
1568 2980 1756 3036 sciatis

151 3078 246 3116 vos
291 3062 552 3118 similiter
580 3079 613 3119 a
660 3065 777 3120 Deo
805 3065 860 3119 in
901 3066 1250 3122 tribulatione
1278 3067 1664 3136 consolandos,
1704 3076 1759 3125 et

151 3151 227 3206 sic
251 3167 356 3222 pro
378 3153 562 3209 futura
591 3152 763 3209 salute
799 3154 1053 3210 habenda
1086 3156 1232 3211 :sive
1263 3155 1423 3210 etiam
1479 3158 1754 3214 exhorta-

152 3256 312 3298 mur:
337 3243 450 3298 hoc
481 3249 652 3296 totum
683 3241 738 3296 tit
785 3258 886 3312 pro
917 3243 1089 3299 vestri
1125 3242 1543 3312 exhortatione,
1576 3253 1634 3300 ut
1653 3261 1752 3302 vos

153 3331 410 3403 exemplo
441 3339 634 3387 nostro
690 3340 743 3386 et
769 3331 1014 3387 doctrina
1063 3333 1330 3388 exhortati
1360 3334 1478 3388 sitis
1507 3335 1578 3390 ad
1630 3351 1753 3391 me-

152 3418 308 3485 liora,
363 3429 418 3476 et
467 3419 692 3476 158
723 3421 802 3477 sic
832 3437 930 3492 pro
957 3421 1207 3478 habenda
1244 3422 1398 3478 vobis
1431 3423 1750 3480 salvatione.

153 3507 461 3564 Videndum
493 3510 743 3579 estquod
765 3510 880 3565 hac
899 3510 1086 3575 verba,
1115 3511 1477 3578 tribulamur,
1502 3515 1757 3569 consola-

150 3614 293 3663 mur,
311 3599 717 3662 exhortamur,
735 3598 887 3655 hicin
899 3599 1121 3669 passiva
1139 3598 1536 3672 significatione
1566 3601 1757 3674 legun-

150 3692 270 3741 tur:
295 3703 431 3744 vere
465 3694 635 3743 totum
657 3702 757 3758 pro
787 3687 963 3757 vobis,
1000 3688 1123 3760 quia
1153 3705 1276 3760 qua:
1304 3688 1599 3757 tribulatio,
1628 3705 1758 3746 con-

152 3775 339 3832 solatio
371 3784 426 3831 et
443 3776 750 3832 exhortatio
766 3777 1098 3848 operaturin
1113 3777 1288 3847 vobis,
1307 3778 1477 3834 verbo
1507 3787 1560 3833 et
1575 3795 1757 3834 exem-

149 3864 235 3934 plo
272 3873 486 3932 nostro,
537 3866 904 3922 tolerantiam
939 3867 1271 3938 passionum
1319 3867 1496 3922 etiam
1539 3884 1758 3924 earum-

151 3950 271 4008 dem
299 3970 445 4026 quas
476 3955 740 4026 patimur
768 3956 946 4010 etiam
974 3971 1096 4019 nos,
1121 3954 1212 4026 qui
1233 3962 1394 4011 tanta:
1414 3956 1756 4011 auctoritatis

153 4043 294 4112 apud
323 4045 512 4098 Deum
543 4059 731 4098 sumus
769 4059 782 4096 :
815 4059 925 4098 non
965 4059 1102 4116 ergo
1129 4044 1420 4109 miremini,
1455 4045 1499 4100 si
1541 4061 1639 4102 vos
1669 4046 1758 4100 in-

151 4129 377 4188 feriores
419 4133 576 4186 Deus
617 4131 892 4202 permittat
940 4132 1143 4188 vexari.
1193 4132 1468 4204 Operatur
1515 4134 1572 4188 in
1602 4135 1758 4192 vobis

152 4220 524 4287 tolerantiam,
550 4224 616 4277 ut
647 4237 771 4292 spes
801 4224 1002 4277 nostra
1031 4221 1214 4276 habita
1237 4239 1338 4294 pro
1370 4223 1535 4287 vobis,
1570 4239 1678 4295 qua
1707 4232 1760 4279 et

155 4323 246 4363 vos
275 4325 574 4381 speramus
603 4308 659 4363 in
689 4310 830 4365 bono
860 4325 1232 4381 perseverare,
1259 4318 1313 4365 et
1335 4310 1568 4367 salutem
1597 4321 1760 4368 aeter-

155 4413 272 4452 nam
297 4397 728 4469 apprebendere
763 4415 776 4452 :
810 4405 867 4453 ut
917 4399 1033 4453 haec
1064 4415 1190 4469 spes
1237 4400 1315 4454 sit
1347 4400 1534 4469 ﬁrma,
1571 4400 1627 4455 id
1678 4408 1763 4456 est

156 4502 481 4556 permanens
516 4504 530 4540 :
565 4493 621 4541 et
649 4486 876 4543 veritate
931 4487 1144 4542 virtutis
1193 4487 1470 4544 roborata.
1526 4489 1646 4544 Non
1689 4490 1765 4546 ait

1847 668 2069 722 tendant
2111 676 2281 724 totum
2330 677 2580 738 spectare
2617 669 2685 723 ad
2736 685 2860 725 sese
2909 669 3174 742 quidquid
3215 669 3460 725 dicturus

1849 764 1952 811 est.
1980 755 2203 812 Gravati
2227 757 2447 829 quidem
2469 773 2658 812 sumus
2693 774 2705 813 :
2740 765 2793 812 et
2813 759 2918 814 hoc
2937 775 3053 815 non
3082 759 3340 814 volumus
3360 775 3461 815 nos

1846 846 2130 916 ignorare,
2162 849 2395 917 fratres,
2427 846 2494 902 de
2518 847 2886 902 tribulatione
2907 852 3122 915 nostra,
3145 863 3268 919 quo:
3302 850 3460 913 facta

1847 938 1933 989 est
1960 937 2022 990 in
2053 935 2206 1000 Asia,
2241 934 2321 990 Ibi
2351 934 2496 990 enim
2545 936 2690 1006 apud
2735 936 3034 1006 Ephesum,
3069 935 3192 1008 quia
3222 935 3463 1007 puellam

1848 1023 2094 1094 spiritum
2123 1023 2380 1095 pythonis
2427 1024 2719 1079 habentem
2750 1024 3046 1093 mundavit,
3089 1032 3140 1079 et
3173 1025 3250 1080 sic
3279 1023 3462 1080 domi-

1846 1112 1932 1166 nis
1964 1112 2082 1180 ejus
2111 1121 2386 1184 qumstum
2417 1129 2581 1184 quem
2613 1113 2681 1168 de
2712 1113 3050 1169 divinatione
3069 1113 3266 1185 puellae
3295 1113 3466 1169 habe-

1849 1201 1980 1255 bant
2028 1201 2251 1256 abstulit
2285 1217 2298 1257 :
2331 1201 2590 1258 instinctu
2667 1218 2859 1258 eorum
2905 1210 3020 1257 tota
3068 1201 3258 1257 civitas
3305 1202 3464 1256 irruit

1848 1289 1905 1343 in
1935 1305 2080 1345 eum.
2117 1289 2363 1364 Cumque
2413 1291 2678 1347 rationem
2727 1291 2959 1347 reddere
2989 1290 3171 1358 vellet,
3204 1307 3272 1346 ne
3303 1291 3462 1346 audi-

1849 1385 2000 1433 retur
2047 1379 2462 1435 conclamabant
2514 1397 2528 1434 :
2583 1381 2778 1453 Magna
2842 1380 3020 1436 Diana
3071 1379 3459 1451 Ephesiorum.

1850 1466 2038 1539 Ibique
2077 1475 2154 1522 tot
2197 1468 2515 1524 verberibus
2559 1467 2864 1525 aﬁlixerunt
2911 1485 3055 1536 eum,
3099 1477 3159 1524 ut
3196 1469 3251 1523 in
3279 1468 3463 1540 platea

1850 1555 1998 1610 velut
2027 1564 2274 1611 mortuus
2319 1557 2724 1629 relinqueretur
2766 1559 2916 1627 (Act.
2958 1573 3078 1626 xvr,
3131 1559 3250 1627 xxx)
3286 1573 3300 1612 :
3333 1558 3460 1624 hoc,

1850 1660 2090 1716 mquam,
2126 1646 2252 1701 nolo
2283 1661 2381 1701 vos
2411 1646 2690 1719 ignorare,
2730 1645 2988 1718 quoniam
3019 1646 3093 1701 ibi
3123 1646 3266 1717 apud
3286 1645 3467 1717 Ephe-

1852 1749 1972 1787 sum
1991 1735 2215 1805 gravati
2235 1751 2429 1790 sumus
2452 1751 2629 1807 supra
2647 1735 2878 1791 modum
2898 1735 3142 1806 priorum
3164 1734 3467 1789 tribulatio-

1769 1851 1824 1913 B
1857 1838 2005 1887 num,
2042 1830 2096 1877 et
2126 1838 2305 1894 supoa
2335 1825 2632 1879 humanam
2664 1825 2958 1879 virtutem.
2993 1824 3178 1878 Virtus
3207 1822 3352 1878 enim
3373 1823 3468 1878 bo-

1853 1910 2016 1964 minis
2045 1917 2194 1965 tanta
2240 1911 2351 1983 pati
2395 1927 2504 1967 non
2554 1920 2762 1983 posset.
2797 1912 2876 1966 Ita
2904 1912 3092 1983 utique
3124 1911 3336 1984 gravati
3365 1927 3464 1966 su-

1848 2015 1990 2066 mus,
2015 2003 2080 2054 ut
2101 2001 2334 2056 taederet
2355 2017 2477 2067 nos,
2500 2015 2608 2056 non
2630 2000 2755 2055 dico
2771 2001 2902 2072 pati,
2929 2000 3026 2056 sed
3046 2001 3222 2056 etiam
3241 2003 3424 2056 vivere
3447 2020 3466 2056 :

1851 2104 1952 2143 nec
1983 2095 2191 2144 tantum
2217 2089 2403 2144 taeduit
2435 2105 2537 2144 nos
2567 2089 2773 2156 vivere,
2807 2089 2903 2145 sed
2931 2089 3095 2144 etiam
3124 2091 3232 2161 ipsi
3263 2090 3466 2145 habui-

1851 2193 1978 2233 mus
2007 2178 2070 2232 in
2091 2178 2271 2242 nobis,
2300 2177 2355 2232 id
2385 2187 2468 2233 est
2487 2179 2543 2232 in
2564 2178 2744 2233 anima
2760 2186 2946 2233 nostra
2967 2195 3300 2251 responsum
3317 2195 3466 2235 mor-

1857 2269 1928 2322 tis
1959 2286 1978 2322 :
2009 2267 2137 2338 quia
2166 2267 2514 2322 consulentes
2543 2267 2779 2322 animam
2813 2275 3074 2334 nostram,
3110 2267 3156 2321 si
3185 2266 3326 2324 forte
3356 2267 3466 2323 vivi

1854 2356 2228 2424 evaderemus,
2280 2355 2651 2426 respondebat
2717 2356 2875 2412 nobis
2917 2363 3170 2412 mortem.
3221 2356 3304 2411 Ne
3364 2372 3466 2427 per

1853 2446 1959 2500 hoc
2007 2445 2152 2515 quod
2197 2444 2350 2510 dicit,
2401 2445 2634 2500 taedebat
2683 2460 2784 2500 nos
2816 2446 2872 2500 in
2929 2444 3210 2500 tormentis
3255 2444 3463 2514 vivere,

1853 2540 2135 2604 putaretur
2181 2533 2285 2587 sibi
2331 2533 2619 2600 contraire,
2667 2533 2760 2588 ubi
2796 2533 2870 2588 ait
2921 2551 2935 2588 :
2986 2533 3321 2589 Consolatur
3366 2550 3467 2591 nos

1855 2625 1998 2677 Deus
2049 2624 2112 2676 in
2158 2623 2316 2677 omni
2360 2623 2754 2688 tribulatione,
2796 2629 2986 2678 contra
3026 2623 3130 2677 hoc
3167 2622 3284 2676 ait:
3336 2622 3466 2678 Ideo

1854 2718 2064 2766 tantum
2108 2709 2320 2782 gravati
2383 2726 2571 2765 sumus
2620 2727 2792 2783 usque
2840 2711 2910 2765 ad
2967 2711 3184 2766 taedium
3233 2711 3358 2766 vitae
3415 2717 3467 2766 et

1855 2815 2182 2870 responsum
2213 2799 2424 2867 mortis,
2460 2803 2527 2855 ut
2572 2815 2689 2855 non
2720 2801 2896 2855 simus
2924 2799 3166 2869 ﬁdentes
3195 2801 3258 2855 in
3285 2800 3462 2869 nobis,

1857 2890 1911 2944 id
1941 2896 2024 2943 est
2052 2888 2262 2944 viribus
2301 2887 2503 2944 nostris
2549 2888 2684 2942 nihil
2723 2889 3057 2944 ascribamus
3092 2907 3106 2944 :
3137 2889 3234 2946 sed
3263 2891 3326 2944 in
3354 2890 3464 2944 Deo

1855 2987 2068 3033 tantum
2098 2976 2455 3043 confidamus,
2483 2979 2579 3049 qni
2608 2981 2858 3034 suscitat
2875 2983 3128 3034 mortuos
3159 2998 3178 3035 :
3202 2994 3288 3033 me
3317 2977 3463 3032 enim

1856 3068 1924 3124 de
1957 3074 2152 3132 morte,
2185 3066 2242 3121 id
2272 3074 2354 3122 est
2384 3066 2453 3121 de
2487 3081 2552 3121 eo
2583 3082 2686 3138 pro
2716 3081 2824 3138 quo
2854 3066 2990 3122 alius
3019 3067 3184 3122 homo
3215 3081 3464 3122 morere-

1858 3165 1946 3211 tur
1975 3155 2226 3211 liberavit
2259 3169 2271 3209 :
2305 3157 2402 3228 qui
2449 3155 2612 3210 etiam
2659 3154 2974 3228 frequenter
3015 3157 3230 3229 eripuit
3261 3171 3364 3211 nos
3396 3156 3463 3212 de

1857 3242 2036 3297 tantis
2058 3241 2332 3314 periculis
2373 3256 2496 3312 qua:
2542 3239 2693 3311 passi
2741 3256 2945 3306 sumus,
2981 3241 3044 3295 in
3076 3257 3240 3313 quem
3271 3247 3463 3296 euntes

1852 3331 1994 3386 bene
2024 3329 2241 3403 agendo
2269 3345 2577 3402 speramus,
2621 3331 2889 3401 quoniam
2917 3336 2974 3384 ut
3003 3329 3154 3394 olim,
3193 3329 3272 3385 sic
3301 3329 3464 3384 etiam

1854 3419 2039 3476 adhuc
2068 3419 2122 3473 in
2152 3417 2330 3473 futuro
2349 3418 2572 3490 eripiet,
2607 3417 2659 3471 in
2693 3418 2796 3474 hac
2824 3417 3103 3489 ereptione
3132 3419 3466 3489 adjuvanti-

1856 3510 1953 3564 bus
1983 3507 2106 3563 aliis
2137 3505 2389 3562 ﬁdelibus
2419 3511 2478 3562 et
2496 3505 2647 3562 vobis
2667 3509 2732 3563 in
2748 3509 3026 3573 oratione,
3046 3507 3102 3561 id
3122 3515 3206 3562 est
3223 3522 3324 3578 per
3343 3522 3468 3562 ora-

1855 3597 2060 3653 tionem
2090 3596 2288 3652 factam
2319 3611 2420 3666 pro
2450 3595 2608 3650 nobis
2641 3613 2654 3650 :
2690 3595 2770 3652 sic
2799 3595 2925 3650 dico
2955 3595 3361 3665 adjuvantibus,
3396 3600 3463 3651 ut

1854 3703 1958 3760 per
1976 3688 2187 3742 multos
2209 3685 2498 3756 adjutores
2532 3688 2780 3756 agantur
2792 3685 2900 3740 Deo
2915 3686 3118 3756 gratiae
3145 3700 3247 3757 pro
3266 3686 3426 3741 nobis
3449 3704 3468 3740 :

1858 3776 2048 3850 gratiae
2079 3775 2202 3831 dico
2233 3775 2355 3845 ejus
2386 3773 2730 3840 donationis,
2765 3773 2820 3829 id
2843 3781 2926 3829 est
2944 3773 3215 3845 patientiae
3239 3782 3294 3829 et
3308 3773 3426 3845 spei
3454 3790 3466 3829 :

1858 3873 1912 3921 et
1939 3864 2116 3921 omnis
2146 3864 2305 3918 bona:
2332 3862 2641 3918 donationis
2672 3880 2794 3935 quia
2821 3864 2885 3918 in
2905 3864 3062 3919 nobis
3084 3868 3189 3919 est.
3223 3866 3470 3936 Agantur

1859 3955 1982 4010 dico
2012 3969 2086 4010 ex
2115 3953 2370 4025 personis
2399 3952 2719 4008 multarum
2749 3954 3051 4023 facierum,
3075 3951 3130 4007 id
3151 3959 3234 4006 est
3253 3968 3319 4008 ex
3340 3968 3470 4022 per-

1859 4043 2007 4098 sonis
2037 4041 2320 4112 multiplici
2370 4040 2506 4096 facie
2534 4041 2794 4096 virtutum
2837 4040 3085 4096 variatis.
3144 4041 3294 4096 Sicut
3322 4041 3469 4096 enim

1860 4135 2024 4188 homo
2054 4130 2193 4186 facie
2241 4129 2592 4203 distinguitur
2635 4129 2702 4184 ab
2731 4130 2862 4196 alio,
2915 4129 2992 4185 sic
3021 4129 3077 4183 in
3105 4129 3352 4185 Ecclesia
3381 4129 3471 4184 hic

1859 4238 1960 4294 per
1990 4219 2350 4274 humilitatem
2383 4218 2541 4290 quasi
2579 4217 2718 4274 facie
2755 4217 3110 4290 distinguitur
3144 4218 3213 4272 ab
3242 4218 3347 4273 alio
3380 4235 3393 4272 :
3420 4225 3474 4274 et

1860 4310 2001 4367 alius
2033 4325 2135 4380 per
2165 4307 2486 4380 patientiam
2517 4307 2588 4361 ab
2618 4307 2742 4371 isto,
2796 4315 2850 4362 et
2879 4308 2960 4362 sic
2996 4307 3246 4362 membra
3275 4307 3474 4362 Eccle-

1862 4400 1956 4454 siae
2005 4399 2254 4453 diversas
2301 4397 2528 4451 virtutes
2572 4395 2858 4450 distinctas
2903 4396 3104 4450 habent
3149 4395 3339 4451 facies.
3390 4396 3473 4450 Ex

1862 4486 2115 4561 personis
2143 4492 2321 4541 autem
2370 4484 2662 4539 multarum
2710 4483 2988 4550 facierum,
3021 4484 3077 4539 id
3106 4492 3189 4539 est
3218 4484 3474 4541 varietate

154 4575 218 4630 de
247 4577 424 4642 vobis,
451 4575 556 4632 sed
583 4591 683 4646 pro
713 4575 868 4631 vobis
899 4591 912 4630 :
945 4583 1000 4631 ut
1045 4577 1298 4631 ostendat
1320 4592 1476 4632 suam
1525 4576 1825 4636 charita-D
1857 4578 2113 4635 virtutum
2157 4573 2445 4639 distinctis,
2492 4576 2741 4645 agantur
2787 4575 2988 4644 gratiae
3027 4574 3135 4627 Deo
3162 4590 3264 4645 pro
3293 4575 3470 4629 nobis-

152 4669 253 4719 tem
281 4681 386 4737 pro
407 4665 562 4720 bono
591 4680 780 4720 eorum
810 4663 1105 4720 affectuose
1151 4665 1436 4722 sollicitam
1463 4683 1606 4722 esse.
1657 4668 1764 4722 Pa-

155 4753 330 4820 timur,
367 4754 622 4826 inquam,
684 4754 964 4809 scientes:
1001 4755 1258 4825 quoniam
1306 4757 1456 4810 sicut
1490 4758 1626 4811 estis
1656 4771 1765 4812 non

162 4841 329 4897 dicam
360 4842 690 4914 participes,
751 4842 849 4897 sed
891 4844 1030 4899 socii
1060 4846 1392 4916 passionum
1435 4853 1763 4913 nostrarum,

164 4932 237 4987 sic
268 4934 436 4988 eritis
468 4933 654 4987 etiam
703 4931 837 4986 socii
865 4933 1287 4998 consolationis,
1321 4949 1486 5005 quam
1529 4933 1769 4990 futuram

164 5031 546 5091 exspectamus
579 5019 738 5074 nobis
768 5028 820 5075 et
874 5021 1029 5076 vobis
1059 5021 1115 5076 in
1155 5021 1351 5093 gloria.
1388 5023 1457 5077 Et
1514 5040 1611 5095 per
1667 5025 1771 5080 hoc

163 5111 300 5180 quod
323 5111 515 5167 socios
549 5124 646 5163 eos
678 5117 856 5174 vocat,
908 5109 1135 5166 multum
1188 5111 1392 5166 animat
1432 5113 1500 5166 ad
1557 5113 1771 5184 patien-

164 5197 301 5253 tiam.
334 5200 418 5254 Ea
448 5197 748 5254 occasione
779 5198 906 5270 quia
942 5199 1010 5254 de
1034 5199 1377 5270 passionibus
1408 5201 1554 5272 loqui
1585 5202 1770 5272 coepit,

165 5289 345 5343 transit
373 5289 443 5342 ad
476 5287 887 5342 enumerandas
915 5286 1276 5353 difficultates,
1311 5304 1448 5360 quas
1477 5305 1674 5360 passus
1696 5298 1778 5345 est

168 5374 216 5429 in
246 5378 400 5444 Asia;
445 5377 555 5431 hoc
585 5383 768 5430 autem
800 5373 923 5430 facit
951 5393 1019 5432 ne
1056 5385 1280 5448 possent
1311 5378 1548 5446 objicere
1580 5379 1777 5434 Corin-

169 5465 257 5519 thii
291 5482 301 5520 :
336 5464 611 5536 Exemplo
645 5471 738 5518 tuo
768 5479 888 5527 nos,
913 5465 1098 5530 Paule,
1129 5481 1393 5535 provocas
1425 5467 1494 5521 ad
1527 5466 1778 5522 ferendas

169 5553 561 5618 tribulationes,
601 5551 696 5624 qui
721 5567 994 5622 nunquam
1029 5553 1261 5608 fortasse
1293 5563 1398 5609 tam
1449 5555 1692 5626 graviter
1721 5564 1780 5610 ut

170 5657 262 5698 nos
311 5643 609 5700 tribulatus
657 5657 737 5696 es.
794 5640 987 5697 Littera
1041 5643 1119 5698 sic
1152 5642 1424 5714 jungitur:
1459 5645 1602 5700 Bene
1656 5643 1780 5702 dico

1868 4667 1968 4723 Vel
1998 4666 2074 4720 ita
2107 4665 2230 4719 :Ex
2254 4663 2511 4736 personis
2539 4663 2858 4718 multarum
2888 4663 3190 4732 facierum,
3213 4661 3269 4716 id
3299 4669 3383 4717 est
3412 4678 3478 4717 ex

1869 4755 2180 4812 diversitate
2227 4760 2447 4808 intutum
2494 4760 2547 4807 et
2590 4767 2753 4807 sexus
2807 4769 2820 4806 :
2871 4765 3140 4822 personas
3184 4751 3476 4806 multarum

1871 4845 2129 4900 facierum
2169 4858 2371 4898 vocans
2409 4857 2625 4912 pueros,
2669 4842 2901 4911 juvenes
2935 4847 2987 4895 et
3027 4849 3253 4895 caeteras
3293 4847 3479 4896 aetates

1872 4935 2154 5006 utriusque
2186 4947 2366 4986 sexus.
2403 4930 2500 4985 Vel
2530 4931 2601 4984 ita
2635 4944 2648 4984 :
2681 4932 2942 5002 Agantur
2965 4946 3071 5001 pro
3090 4930 3247 4985 nobis
3275 4932 3480 5001 gratiae

1874 5021 2098 5080 159
2123 5021 2450 5077 donationis
2473 5036 2592 5091 qua:
2609 5028 2691 5075 est
2712 5019 2766 5074 in
2783 5018 2962 5074 nobis.
2978 5021 3226 5091 Agantur
3245 5019 3369 5075 dico
3385 5035 3483 5090 per

1875 5111 2092 5177 multos,
2128 5119 2180 5165 et
2211 5109 2356 5182 quod
2385 5109 2508 5164 dico
2529 5124 2627 5180 per
2653 5108 2869 5175 multos,
2895 5109 2997 5163 hoc
3029 5115 3111 5163 est
3136 5123 3207 5163 ex
3233 5108 3484 5178 personis

1875 5201 2167 5256 multarum
2215 5197 2500 5254 facierum.
2534 5198 2642 5252 Per
2679 5197 2780 5252 hoc
2827 5197 2972 5269 quod
3001 5195 3095 5265 ait,
3130 5197 3280 5252 vobis
3311 5198 3482 5268 adju-

1877 5289 2139 5345 vantibus
2169 5305 2268 5360 pro
2296 5285 2452 5342 nobis
2481 5286 2610 5341 satis
2633 5285 2982 5342 commendat
3003 5293 3055 5340 et
3072 5284 3237 5340 allicit
3259 5301 3354 5340 eos
3384 5283 3491 5339 sibi

1879 5393 2015 5450 quos
2047 5376 2181 5432 tanti
2207 5375 2332 5430 facit
2365 5393 2378 5429 :
2412 5382 2469 5430 ut
2498 5390 2597 5446 pro
2645 5374 2907 5445 Apostolo
2956 5373 3298 5429 intercedere
3327 5372 3488 5445 digni

1880 5468 2006 5521 sint.
2042 5467 2101 5519 In
2132 5466 2217 5519 his
2250 5464 2394 5520 enim
2427 5464 2611 5519 verbis
2640 5461 2888 5534 parificat
2917 5477 3013 5517 eos
3040 5461 3161 5516 sibi.

1954 5556 2248 5626 Hucusque
2279 5554 2346 5608 de
2403 5552 2694 5608 Corinthiis
2725 5550 2996 5624 perfectos
3027 5549 3338 5606 consolatus
3370 5557 3478 5605 est.

1882 5644 1978 5700 Hic
2007 5643 2243 5700 transire
2274 5642 2490 5700 videtur
2518 5641 2589 5696 ad
2626 5641 2769 5707 illos,
2801 5640 2894 5714 qui
2923 5639 3162 5695 nondum
3193 5639 3326 5694 satis
3357 5653 3486 5702 σοι’-ι
