3948 6416
455 347 563 405 323

992 346 1047 402 S.
1082 344 1434 404 BRUNONIS
1470 341 2121 404 CARTHUSIANORUM
2172 344 2657 403 INSTITUTORIS
2708 346 2860 403 OPP.
2920 346 3096 404 PARS
3126 347 3201 402 II.

3642 345 3751 402 εει

459 469 617 539 recti,
658 470 1004 526 adherebant
1048 469 1533 543 pseudomagistris
1569 485 1581 526 :
1616 485 1931 526 memorans
1959 468 2049 523 hic
2077 469 2131 528 Α
2152 467 2377 538 sionem,
2402 474 2459 526 et
2488 470 2633 527 volui
2648 488 2750 543 per
2763 487 2854 528 vos
2883 471 3133 526 transire
3154 472 3216 526 in
3238 469 3623 525 Macedoniam
3652 488 3671 524 :
3692 472 3750 525 et

464 573 628 630 quam
656 558 823 631 digne
871 566 1224 613 conversatus
1272 558 1339 613 sit
1366 560 1509 629 apud
1553 576 1667 615 eos:
1700 568 1752 615 et
1783 559 2056 631 quomodo

458 645 514 701 in
542 646 691 701 nullo
718 646 905 719 gravis
955 645 1119 701 fuerit
1149 646 1230 702 eis
1261 663 1293 702 a
1325 648 1520 719 quibus
1547 665 1649 705 nec
1680 648 1931 704 victualia
1960 664 2054 702 re-

461 733 604 805 cepit
630 734 820 790 dicens
849 754 868 791 :
899 734 1123 806 dignum
1167 735 1353 807 utique
1397 744 1499 801 est,
1538 745 1598 791 ut
1643 739 1851 810 gratias
1880 735 2056 808 agatis

458 838 558 893 pro
584 823 743 877 nobis
775 840 790 877 :
823 838 950 878 nam
980 839 1081 877 nos
1111 825 1430 880 conversati
1460 842 1655 881 sumus
1684 826 1834 897 apud
1864 842 1953 880 vos
1993 826 2055 879 in

457 912 827 981 simplicitate
856 915 912 966 et
925 913 1276 967 sinceritate.
1302 912 1407 967 Sed
1429 913 1747 985 priusquam
1769 915 1871 969 hoc
1890 914 2053 978 dicat,

460 998 736 1069 pmmittit
778 999 1146 1055 testimonium
1194 1001 1352 1069 hujus
1390 1001 1488 1067 rei,
1529 1001 1717 1057 dicens
1752 1017 1764 1055 :
1796 1002 1929 1057 Etsi
1958 1017 2056 1057 vos

459 1086 673 1157 negetis
702 1104 802 1143 nos
847 1088 987 1144 bene
1034 1098 1383 1144 conservatos
1427 1106 1549 1144 esse
1598 1091 1741 1161 apud
1780 1107 1898 1155 vos,
1947 1106 2056 1144 non

464 1189 615 1231 curo.
649 1177 792 1232 Nam
820 1178 1001 1247 gloria
1023 1181 1221 1233 nostra
1243 1177 1357 1233 haec
1388 1183 1491 1244 est,
1516 1178 1570 1233 id
1593 1186 1674 1233 est
1703 1178 1754 1232 in
1786 1180 1890 1235 hoc
1914 1178 2056 1233 mul-

462 1270 576 1318 tum
605 1263 674 1318 de
703 1264 939 1334 puritate
970 1281 1106 1320 meae
1136 1266 1562 1321 conversationis
1592 1267 1818 1337 glorior,
1852 1269 2057 1321 habens

465 1353 855 1407 testimonium
895 1354 1254 1408 conscientia
1282 1358 1509 1409 nostra.
1543 1355 1883 1410 Conscientia
1913 1357 2056 1411 enim

458 1440 592 1494 mihi
621 1439 773 1494 testis
800 1448 882 1494 est
912 1440 1056 1511 quod
1085 1440 1141 1495 in
1171 1441 1511 1511 simplicitate
1539 1458 1649 1497 non
1676 1451 1732 1505 ut
1761 1443 2056 1500 defrauda-

460 1544 578 1583 rem
608 1528 764 1583 vobis
796 1544 883 1583 res
911 1536 1125 1584 vestras
1166 1538 1222 1583 ut
1249 1530 1475 1600 pseudo,
1508 1532 1606 1586 sed
1634 1531 1686 1585 in
1718 1532 2056 1603 simplicitate

460 1615 594 1670 nihil
620 1631 652 1670 a
683 1616 837 1671 vobis
870 1617 1145 1687 accipiens
1177 1635 1191 1672 :
1223 1626 1277 1673 et
1304 1620 1367 1673 in
1387 1620 1721 1675 sinceritate
1741 1622 1858 1687 Dei,
1891 1621 1946 1675 id
1976 1630 2057 1676 est

464 1702 519 1758 in
549 1704 785 1774 puritate
813 1703 939 1760 fidei
973 1723 986 1760 :
1022 1722 1131 1761 non
1160 1707 1469 1762 admiscens
1489 1710 1567 1777 (ut
1586 1708 1685 1775 illi)
1716 1708 1849 1763 falsa
1870 1710 2015 1763 veris
2040 1725 2053 1764 :

2154 574 2188 612 a
2215 559 2533 614 Macedonia
2549 567 2845 623 revertens,
2879 560 3091 615 iterum
3112 557 3256 614 volui
3293 560 3485 613 venire
3515 558 3586 612 ad
3610 573 3701 613 vos
3733 573 3746 612 :

2155 650 2210 702 et
2230 664 2265 701 a
2294 649 2439 702 vobis
2470 647 2615 702 volui
2644 648 2844 703 deduci
2873 651 2934 703 in
2967 649 3239 703 Judteam.
3263 647 3330 701 Et
3354 646 3479 717 quia
3504 646 3582 701 sic
3599 644 3753 717 prius

2155 734 2300 789 volui
2333 752 2347 789 :
2379 753 2505 807 ergo
2523 754 2652 792 cum
2672 737 2971 792 voluissem
2991 736 3111 801 hoc,
3135 735 3189 789 id
3213 743 3297 791 est
3327 734 3512 790 venire
3536 734 3605 789 ad
3624 749 3747 798 vos,

2155 824 2414 895 nunquid
2426 841 2561 879 usus
2590 841 2715 879 sum
2736 826 2983 888 levitate,
3006 824 3134 896 quia
3153 839 3261 878 non
3280 822 3405 878 veni
3424 822 3565 879 sicut
3597 822 3754 893 prius

2157 911 2300 965 volui
2335 916 2357 967 .9
2385 914 2489 966 Aut
2510 912 2637 984 quia
2659 929 2767 967 non
2797 912 2941 977 veni,
2976 929 3051 968 an
3083 927 3149 967 ea
3180 928 3302 984 qua
3338 912 3515 983 cogito
3555 926 3755 966 secun-

2157 1001 2287 1054 dum
2312 1018 2562 1065 carnem,
2592 1001 2646 1055 id
2678 1009 2759 1055 est
2803 1001 3023 1056 carnale
3054 1000 3400 1056 commodum
3429 1000 3636 1070 cogito,
3689 1005 3752 1052 ut

2156 1087 2281 1143 ideo
2302 1089 2489 1144 venire
2508 1089 2823 1151 dimiserim,
2854 1089 2979 1161 quia
2997 1088 3129 1143 nihil
3146 1104 3234 1143 me
3251 1103 3282 1143 a
3300 1088 3455 1143 vobis
3467 1101 3752 1158 sperarem

2158 1185 2499 1247 recepturum
2520 1178 2548 1232 τ
2577 1193 2666 1243 an,
2698 1178 2948 1249 inquam,
2983 1177 3282 1232 secundum
3311 1191 3534 1232 carnem
3565 1174 3756 1247 cogito

2157 1268 2223 1319 ut
2251 1274 2543 1336 propterea
2571 1268 2648 1321 sit
2679 1266 2829 1337 apud
2858 1282 2966 1329 me,
3005 1269 3111 1331 est,
3155 1269 3211 1320 et
3243 1281 3378 1327 non,
3401 1264 3455 1318 id
3478 1271 3561 1319 est
3592 1262 3754 1318 afﬁr-

2156 1356 2321 1408 matio
2352 1362 2405 1408 et
2434 1354 2652 1426 negatio
2683 1355 2751 1409 de
2789 1353 3024 1410 160
3055 1353 3291 1409 eodem?
3310 1352 3467 1421 Quod
3488 1351 3634 1423 apud
3663 1366 3758 1406 me

2158 1458 2266 1498 non
2298 1443 2382 1507 sit,
2409 1448 2492 1498 est
2514 1447 2713 1510 etnon,
2737 1451 2962 1513 apparet
2981 1443 3035 1496 in
3053 1443 3145 1496 illo
3167 1456 3421 1496 sermone
3442 1443 3540 1514 qui
3558 1445 3762 1496 noster

2156 1547 2337 1586 sermo
2364 1532 2452 1601 [ui
2481 1531 2631 1604 apud
2664 1547 2755 1586 vos
2787 1532 2916 1584 dum
2944 1546 3187 1601 praesens
3215 1546 3391 1585 essem
3431 1529 3573 1584 inter
3602 1543 3705 1583 vos
3743 1542 3760 1582 :

2157 1619 2284 1691 quia
2312 1620 2368 1672 in
2398 1618 2489 1672 illo
2521 1634 2772 1673 sermone
2795 1626 2917 1691 tunc
2938 1618 3119 1673 habito
3140 1634 3254 1673 non
3284 1619 3401 1689 fuit
3429 1621 3511 1673 est
3531 1621 3587 1672 et
3610 1633 3757 1682 non,
3782 1632 3787 1635 ·

2158 1682 2213 1762 id
2244 1714 2326 1761 est
2347 1706 2632 1761 affirmatio
2645 1715 2698 1761 et
2717 1682 2936 1777 negatio
2967 1707 3036 1761 de
3065 1706 3257 1761 eodem
3280 1682 3365 1760 iet
3393 1705 3537 1777 quod
3558 1705 3631 1759 ita
3650 1704 3758 1759 sit:

464 1798 517 1846 et
544 1808 661 1847 non
688 1794 751 1849 in
780 1794 1063 1864 sapientia
1091 1796 1315 1850 carnali
1345 1814 1364 1849 :
1394 1810 1504 1849 non
1532 1796 1676 1850 enim
1709 1797 1911 1852 adhaesi
1940 1813 2125 1879 car-B
2156 1801 2299 1851 Deus
2328 1797 2425 1867 qui
2464 1796 2646 1865 ﬁdelis
2678 1799 2763 1850 est
2793 1803 2844 1850 et
2870 1810 3031 1849 verax
3065 1794 3165 1850 hoc
3210 1796 3387 1850 novit.
3418 1793 3517 1848 Vel
3544 1792 3707 1847 aliter
3743 1810 3759 1847 :

465 1879 681 1935 nalibus
709 1880 1049 1936 documentis
1079 1890 1134 1936 ut
1161 1882 1240 1936 illi
1275 1900 1289 1937 :
1323 1882 1418 1937 sed
1448 1882 1503 1937 in
1533 1884 1711 1955 gratia
1740 1885 1860 1951 Dei,
1893 1886 1947 1940 id
1979 1897 2066 1945 est
2166 1885 2306 1939 Vere
2336 1882 2480 1953 apud
2509 1899 2595 1937 me
2628 1898 2738 1937 non
2754 1882 2850 1937 fuit
2878 1888 2964 1938 est
2986 1887 3041 1938 et
3058 1900 3171 1939 non
3206 1881 3367 1953 :quia
3385 1883 3527 1936 Deus
3543 1881 3756 1950 ﬁdelis,

460 1966 516 2021 in
546 1967 950 2039 magnificando
1002 1970 1234 2042 gratiam
1265 1970 1365 2025 Dei
1398 1986 1410 2025 :
1442 1987 1507 2025 ex
1538 1987 1643 2042 qua
1670 1988 1830 2028 omne
1858 1974 2061 2032 bonum

462 2062 514 2111 et
543 2055 676 2110 nihil
705 2072 773 2111 ex
800 2057 1005 2113 cameli
1037 2058 1299 2129 sapientia
1334 2076 1346 2112 :
1379 2060 1441 2114 in
1462 2062 1667 2130 gratia,
1702 2060 1940 2131 inquam,
1962 2066 2063 2121 Dei

461 2159 562 2199 con
573 2146 784 2200 versati
802 2161 997 2201 sumus
1019 2147 1082 2201 in
1104 2147 1202 2202 hoc
1215 2148 1424 2202 mundo
1454 2149 1865 2205 :abundantius
1880 2159 2062 2208 tamen

464 2231 772 2287 conversati
811 2249 999 2287 sumus
1044 2234 1114 2289 ad
1162 2250 1259 2289 vos
1309 2236 1460 2306 apud
1497 2253 1629 2307 quos
1660 2238 1863 2306 majora
1892 2242 2061 2295 susti-

463 2320 577 2385 nui,
611 2335 734 2377 cum
763 2321 895 2375 nihil
925 2338 958 2377 a
987 2322 1141 2378 vobis
1190 2323 1514 2393 reciperem,
1548 2341 1617 2380 ne
1647 2328 1915 2397 arguendi
1964 2346 2061 2384 vos

463 2408 836 2465 auctoritatem
883 2410 1207 2467 amitterem.
1259 2412 1515 2467 Dicerent
1559 2413 1823 2469 Corinthii
1874 2432 1887 2471 :
1926 2417 2060 2474 Ideo

463 2496 659 2551 Paulus
687 2497 775 2553 hic
816 2499 1249 2555 conversationis
1297 2516 1409 2555 suae.
1451 2502 1773 2557 memoriam
1804 2503 1971 2570 facit;
2004 2514 2062 2561 ut

462 2586 611 2657 quod
636 2585 767 2641 olim
812 2602 923 2642 non
970 2589 1200 2657 accepit,
1246 2589 1409 2644 modo
1452 2590 1861 2661 multiplicatum
1918 2594 2059 2649 reci-

461 2673 595 2745 piat.
629 2674 830 2729 Contra
864 2676 965 2731 hoc
998 2676 1193 2730 Paulus
1230 2692 1242 2730 :
1275 2678 1357 2732 Ne
1386 2678 1585 2748 putetis
1632 2678 1929 2737 intentione
1960 2697 2060 2738 ac-

460 2762 698 2833 cipiendi
725 2778 759 2817 a
787 2763 942 2818 vobis
972 2766 1444 2821 conversationem
1464 2782 1643 2822 meam
1662 2769 1803 2838 apud
1825 2786 1923 2824 vos
1951 2787 2061 2825 me-

465 2865 700 2906 morare.
731 2852 849 2908 Non
873 2853 1026 2907 enim
1049 2854 1165 2909 alia
1195 2853 1250 2908 in
1275 2854 1374 2909 hac
1394 2854 1635 2925 Epistola
1658 2856 1954 2914 scribimus
1978 2876 2062 2913 vo-

470 2939 571 3004 bis,
593 2954 762 3010 quam
778 2956 899 3011 quae
918 2939 973 2993 in
992 2940 1158 3010 priori
1182 2941 1412 3011 epistola
1435 2944 1649 3012 legistis
1681 2964 1699 2999 :
1732 2944 1786 2999 in
1807 2962 1912 3017 qua
1933 2947 2062 3001 scri-

470 3025 558 3096 psi
585 3042 673 3081 me
722 3026 854 3080 nihil
899 3035 1246 3098 accepturum
1292 3044 1326 3083 a
1370 3030 1545 3085 vobis.
1597 3031 1709 3086 Nec
1757 3032 1865 3088 alia
1894 3035 2058 3090 modo

462 3106 752 3169 scribimus
782 3129 941 3185 quam
985 3130 1084 3170 vos
1116 3118 1454 3187 cognovistis
1484 3118 1553 3172 de
1581 3119 1739 3173 nobis
1775 3136 1787 3174 :
1818 3122 2057 3192 quandiu

464 3200 610 3273 apud
640 3216 741 3257 vos
767 3200 986 3268 fuimus,
1039 3202 1170 3257 nihil
1200 3219 1235 3259 a
1263 3205 1420 3260 vobis
1462 3206 1784 3277 accipiendo
1817 3224 1830 3263 :
1864 3209 1959 3264 sed
1990 3210 2058 3265 de

464 3289 655 3345 labore
682 3304 941 3345 manuum
971 3290 1225 3347 vivendo.
1256 3294 1323 3348 Et
1353 3292 1489 3348 sicut
1517 3302 1645 3351 tunc
1674 3297 2007 3367 cognovistis
2042 3316 2055 3353 :

466 3377 547 3434 sic
576 3376 737 3434 etiam
765 3395 925 3450 spero
946 3380 1089 3451 quod
1108 3397 1279 3453 usque
1302 3382 1362 3437 in
1381 3383 1555 3451 ﬁnem
1577 3388 1938 3454 cognoscetis,
1971 3402 2058 3442 me

462 3466 598 3523 nihil
628 3467 877 3538 accipere
907 3483 940 3523 a
961 3468 1117 3524 vobis
1149 3486 1163 3524 :
1199 3470 1351 3526 sicut
1364 3472 1490 3542 jam
1513 3474 1689 3527 etiam
1720 3476 2058 3544 cognovistis

465 3571 567 3611 nos
594 3563 876 3611 manentes
906 3557 1051 3628 apud
1081 3573 1198 3613 vos.
1233 3559 1579 3631 Cognovistis
1608 3561 1729 3615 dico
1759 3578 1834 3617 ex
1874 3567 2057 3633 parte,

465 3642 522 3698 id
551 3652 634 3699 est
661 3646 959 3700 secundum
1008 3662 1145 3717 opus
1176 3648 1321 3719 quod
1353 3649 1590 3703 exterius
1619 3649 1884 3704 videbatis
1917 3668 1931 3705 :
1963 3651 2060 3706 sed

467 3730 631 3787 aliam
660 3741 888 3803 partem,
921 3734 978 3790 id
1006 3742 1090 3790 est
1129 3735 1480 3806 voluntatem,
1524 3736 1856 3808 ignorabatis
1890 3754 1903 3793 :
1937 3738 2060 3795 ideo

465 3818 631 3873 talem
662 3836 749 3874 me
775 3821 920 3876 volui
950 3823 1229 3893 cognosci,
1253 3823 1461 3879 scilicet
1496 3824 1629 3879 nihil
1645 3826 2002 3896 accipientem
2031 3844 2061 3881 a

465 3906 622 3963 vobis
653 3925 667 3962 :
699 3908 825 3980 quia
845 3924 946 3964 nos
965 3927 1160 3966 sumus
1180 3912 1363 3982 gloria
1384 3917 1589 3977 vestra,
1613 3916 1764 3969 sicut
1784 3919 1839 3969 et
1860 3932 1948 3971 vos
1970 3932 2060 3970 no-

464 3999 608 4060 stra,
641 3995 696 4049 id
723 4004 824 4062 est,
857 3997 985 4068 quia
1013 3998 1155 4053 volui
1183 4015 1272 4054 me
1292 3999 1519 4072 gloriari
1547 4001 1601 4056 in
1633 4002 1942 4057 obedientia
1967 4019 2061 4058 ve-

468 4090 585 4138 stra
617 4099 630 4139 :
663 4092 716 4139 et
747 4100 845 4140 vos
871 4085 1093 4156 gloriari
1120 4086 1175 4141 in
1206 4088 1452 4143 doctrina
1470 4097 1658 4145 nostra
1684 4106 1696 4144 :
1729 4108 1850 4163 quae
1876 4092 2061 4164 utique

466 4172 640 4241 gloria
667 4188 779 4229 non
809 4182 972 4239 esset,
1006 4175 1051 4228 si
1080 4190 1373 4247 gravarem
1401 4193 1518 4245 vos,
1551 4179 1875 4249 temporalia
1901 4195 1933 4233 a
1960 4196 2059 4235 vo-

466 4260 551 4316 bis
581 4262 920 4333 accipiendo.
979 4263 1211 4319 Malletis
1253 4265 1395 4320 enim
1440 4266 1707 4337 repellere
1752 4268 2063 4338 Doctorem,

467 4365 633 4420 quam
657 4367 782 4406 eum
812 4359 1114 4408 sustentare
1149 4368 1161 4407 :
1193 4370 1312 4426 qua:
1342 4354 1519 4427 gloria
1564 4355 1693 4409 mihi
1731 4355 1799 4411 de
1827 4357 1981 4411 vobis
2010 4364 2065 4411 et

466 4438 621 4495 vobis
638 4439 706 4494 de
721 4456 810 4496 me
826 4441 1109 4511 apparebit
1129 4444 1192 4498 in
1208 4443 1296 4498 die
1314 4444 1538 4498 Domini
1558 4446 1743 4501 nostri
1759 4446 1890 4501 Jesu
1913 4446 2066 4501 Chri-

2163 1971 2216 2026 id
2240 1980 2321 2026 est
2352 1986 2517 2026 verax
2549 1980 2649 2026 est.
2684 1971 2816 2026 Cum
2846 1979 3022 2026 autem
3048 1972 3194 2025 Deus
3225 1971 3480 2026 doctores
3510 1969 3760 2024 veritatis

2160 2076 2219 2115 se
2249 2060 2502 2114 daturum
2560 2059 2865 2129 promiserit
2900 2075 2912 2113 :
2945 2058 2991 2113 si
3038 2075 3125 2114 me
3182 2060 3463 2114 doctorem
3504 2057 3759 2112 falsitatis

2160 2147 2407 2213 instituit,
2432 2143 2680 2218 profecto
2722 2147 2993 2203 mendacii
3020 2163 3145 2202 reus
3175 2156 3276 2202 est.
3313 2148 3381 2202 Et
3427 2146 3574 2217 quod
3605 2147 3760 2200 Deus

2163 2236 2231 2290 sit
2304 2235 2480 2290 ﬁdelis
2537 2236 2855 2307 promittens
2912 2236 3166 2291 doctores
3234 2234 3476 2290 veritatis
3527 2241 3763 2305 apparet

2160 2325 2212 2379 in
2248 2340 2314 2379 eo
2347 2342 2362 2379 :
2402 2325 2530 2395 quia
2559 2340 2741 2379 sermo
2770 2332 2954 2378 noster
2981 2324 3070 2396 qui
3103 2323 3200 2377 fuit
3248 2323 3393 2394 apud
3421 2338 3537 2387 vos,
3572 2322 3628 2375 in
3658 2322 3758 2377 illo

2162 2428 2416 2468 sermone
2445 2427 2555 2468 non
2585 2412 2683 2466 fuit
2716 2426 2729 2465 :
2759 2420 2841 2467 est
2872 2420 3064 2467 etnon.
3096 2413 3235 2466 Vere
3266 2412 3413 2467 Deus
3442 2409 3619 2465 fidelis
3640 2417 3757 2465 est:

2162 2516 2286 2555 nam
2314 2499 2369 2554 in
2400 2501 2615 2555 Christo
2644 2501 2774 2554 Jesu
2822 2500 2912 2573 qui
2949 2500 3208 2555 Christus
3241 2502 3400 2555 Iesus
3435 2500 3613 2555 Filius
3654 2499 3760 2554 Dei

2162 2596 2261 2653 est,
2297 2589 2392 2661 qui
2410 2588 2572 2643 etiam
2600 2588 2849 2642 Christus
2876 2589 3216 2660 prcedicatus
3241 2592 3326 2643 est
3356 2588 3418 2641 in
3460 2587 3609 2642 vobis
3654 2603 3763 2659 per

2162 2694 2263 2733 nos
2299 2697 2317 2732 :
2345 2676 2548 2731 scilicet
2576 2693 2677 2748 per
2696 2694 2783 2732 me
2814 2682 2870 2731 et
2898 2678 3192 2731 Silvanum
3214 2680 3270 2731 et
3300 2674 3670 2730 Timotheum.
3695 2677 3759 2729 ln

2161 2765 2253 2820 illo
2286 2766 2498 2820 Christo
2530 2782 2645 2821 non
2673 2766 2788 2836 fuit
2819 2770 2900 2820 est
2929 2770 2984 2821 et
3030 2781 3162 2830 non,
3189 2764 3244 2818 id
3275 2771 3357 2818 est
3385 2762 3673 2818 afﬁrmatio
3703 2771 3763 2818 et

2160 2854 2381 2924 negatio
2411 2854 2480 2908 de
2511 2854 2702 2908 eodem
2735 2872 2753 2908 :
2772 2854 2865 2907 sed
2888 2869 3106 2923 semper
3125 2854 3241 2924 fuit
3258 2853 3319 2907 in
3340 2853 3564 2915 illoest,
3586 2851 3642 2905 id
3672 2859 3762 2906 est

2160 2943 2361 2996 veritas
2379 2958 2474 2996 seu
2497 2942 2769 3015 negando,
2796 2957 2891 2997 seu
2915 2940 3263 2996 affirmando.
3287 2940 3430 2995 Vere
3460 2939 3513 2993 in
3535 2939 3629 2994 illo
3646 2955 3762 2995 non

2161 3029 2257 3084 fuit
2288 3038 2370 3084 est
2391 3038 2443 3084 et
2472 3046 2580 3085 non
2614 3044 2626 3084 :
2660 3046 2777 3085 non
2794 3034 3063 3103 quotquot
3082 3033 3221 3085 sunt
3239 3028 3636 3100 promissiones
3657 3029 3764 3083 Dei

2167 3119 2357 3175 Patris
2379 3120 2441 3173 in
2471 3119 2572 3174 illo
2601 3123 2736 3173 sunt
2759 3122 2861 3187 est,
2895 3118 2950 3172 id
2971 3126 3052 3173 est
3069 3133 3215 3172 verae
3237 3125 3289 3171 et
3317 3116 3597 3187 completa:
3621 3134 3636 3182 ;
3668 3116 3761 3171 vel

2097 3202 2324 3261 “etiam
2354 3205 2619 3261 similiter.
2682 3206 2751 3260 Et
2807 3204 2930 3277 quia
2985 3221 3085 3276 per
3144 3204 3416 3260 Christum
3469 3202 3760 3274 completa:

2160 3302 2284 3348 sunt
2313 3293 2705 3364 promissiones
2734 3294 2835 3348 Dei
2865 3294 3037 3364 patris
3067 3292 3122 3347 in
3153 3292 3246 3347 illo
3277 3302 3402 3348 sunt
3430 3300 3532 3359 est,
3585 3292 3639 3347 id
3669 3300 3760 3347 est

2160 3399 2304 3439 verae
2327 3391 2380 3437 et
2428 3382 2712 3453 completa:
2743 3390 2869 3437 sunt
2912 3381 3304 3452 promissiones
3351 3381 3451 3436 Dei
3486 3380 3642 3436 :ideo
3698 3384 3759 3436 et

2157 3488 2260 3543 per
2287 3472 2474 3544 ipsum
2506 3470 2775 3525 Christum
2816 3471 3058 3526 dicimus
3105 3487 3294 3537 amen,
3322 3470 3379 3525 id
3415 3477 3499 3524 est
3527 3470 3598 3523 ita
3626 3484 3758 3524 esse

2161 3560 2488 3630 completum
2518 3559 2658 3613 sicut
2693 3559 3025 3630 promissum
3054 3567 3153 3626 est,
3188 3568 3239 3615 et
3284 3561 3389 3614 hoc
3421 3566 3590 3613 totum
3619 3559 3755 3625 Deo,

2160 3648 2214 3703 id
2245 3656 2327 3702 est
2358 3648 2426 3702 ad
2457 3647 2687 3719 gloriam
2730 3647 2851 3713 Dei,
2883 3655 2934 3702 et
2963 3647 3032 3702 ad
3067 3647 3301 3720 gloriam
3331 3655 3592 3715 nostram,
3625 3647 3764 3717 quia

2160 3753 2257 3808 per
2284 3736 2559 3791 veritatem
2591 3736 2690 3791 Dei
2722 3736 3104 3806 comprobatur
3143 3736 3340 3791 veritas
3368 3743 3574 3791 nostra.
3607 3735 3763 3791 Licet

2162 3826 2338 3880 dicam
2368 3824 2436 3879 ad
2484 3824 2719 3895 gloriam
2765 3832 3010 3880 nostram
3060 3832 3240 3881 tamen
3288 3840 3398 3880 non
3426 3823 3606 3891 nobis,
3656 3824 3761 3879 sed

2162 3914 2278 3968 Deo
2300 3913 2526 3968 debetur
2538 3913 2710 3984 gloria
2737 3928 2749 3966 :
2773 3914 2867 3985 qui
2888 3915 3031 3968 Deus
3047 3915 3457 3982 conﬁrmatnos
3475 3912 3760 3968 vobiscum

2162 4010 2221 4056 ut
2250 4001 2692 4056 veritasinvobis
2713 4001 2810 4056 sit:
2844 4008 2896 4056 et
2918 4002 3023 4056 hoc
3063 4001 3127 4056 in
3161 4002 3398 4058 Christo.
3439 4001 3543 4067 Qui
3588 3999 3758 4055 etiam

2163 4091 2310 4145 Deus
2341 4092 2515 4144 unxit
2543 4107 2644 4145 nos
2689 4089 2809 4145 oleo
2857 4088 3295 4145 sanctificationis
3326 4090 3383 4143 in
3411 4088 3753 4160 baptismate.

2164 4179 2269 4247 Qui
2305 4178 2466 4233 etiam
2495 4180 2739 4251 signavit
2760 4195 2882 4243 nos,
2915 4178 2970 4233 id
2992 4187 3073 4233 est
3094 4179 3310 4249 signum
3331 4177 3677 4234 discretionis
3689 4177 3761 4232 ab

2163 4268 2284 4323 aliis
2316 4267 2547 4335 (scilicet
2566 4267 2813 4337 virtutes)
2840 4267 2990 4321 dedit
3013 4267 3191 4322 nobis.
3223 4268 3319 4339 qui
3340 4270 3516 4322 etiam
3544 4267 3758 4337 pignus

2163 4357 2400 4429 spiritus
2418 4356 2591 4421 dedit,
2624 4355 2680 4410 id
2708 4364 2792 4410 est
2821 4355 3079 4425 Spiritum
3106 4363 3353 4410 sanctum
3381 4363 3438 4409 ut
3485 4356 3553 4409 sit
3593 4355 3759 4409 nobis

2162 4444 2322 4500 arrha
2352 4443 2546 4499 futurae
2564 4444 2752 4516 gloria:
2787 4459 2799 4497 :
2833 4460 2996 4515 quem
3025 4443 3272 4514 spiritum
3298 4443 3446 4499 dedit
3474 4445 3536 4498 in
3567 4444 3759 4498 cordi-

467 4529 545 4583 sti
575 4547 593 4583 :
624 4528 843 4599 quando
873 4546 970 4586 vos
1000 4530 1068 4585 de
1098 4530 1409 4586 obedientia
1437 4530 1688 4599 exhibita,
1722 4548 1827 4605 ego
1856 4534 1924 4588 de
1963 4534 2059 4591 do-
2081 4523 2132 4584 D
2165 4535 2262 4590 bus
2290 4534 2501 4589 nostris
2521 4532 2881 4587 habitatorem
2911 4532 3245 4587 continuum.
3287 4533 3355 4587 Et
3382 4547 3504 4588 cum
3522 4530 3759 4602 Spiritus

468 4615 644 4671 ctrina
692 4618 1185 4673 remunerabimur.
1254 4619 1468 4673 Transit
1513 4620 1710 4675 iterum
1759 4622 1829 4676 ad
1867 4622 2011 4676 aliud
2049 4638 2062 4678 :

468 4703 552 4758 Illi
581 4704 726 4759 enim
754 4707 1085 4761 accusabant
1116 4723 1240 4761 eum
1286 4708 1356 4763 de
1386 4707 1621 4775 levitate,
1667 4710 1791 4780 quia
1821 4710 1873 4764 in
1896 4710 2066 4781 priori

468 4792 708 4862 Epistola
738 4794 947 4849 dixerat
977 4810 1037 4850 se
1085 4803 1366 4849 venturum
1414 4796 1484 4850 ad
1513 4812 1628 4861 eos,
1662 4806 1713 4852 et
1743 4814 1851 4853 non
1894 4816 2065 4854 vene-

469 4887 568 4934 rat.
602 4881 682 4936 De
712 4881 993 4937 mendacio
1022 4892 1203 4938 autem
1233 4899 1342 4938 non
1372 4892 1621 4955 poterant
1659 4902 1782 4941 eum
1813 4902 2062 4958 arguere.

468 4966 687 5022 Dixerat
718 4970 859 5024 enim
895 4987 907 5023 :
944 4970 1168 5026 Veniam
1199 4972 1245 5026 si
1277 4972 1540 5027 Dominus
1584 4974 1914 5045 permiserit.
1949 4976 2065 5030 Lit-

466 5062 583 5111 tera
609 5055 689 5111 sic
711 5057 958 5130 jungitur
992 5073 1004 5113 :
1038 5061 1106 5114 Et
1139 5059 1242 5116 hac
1272 5062 1634 5131 conﬁdentia,
1671 5063 1756 5119 vel
1787 5064 1915 5136 quia
1944 5065 2068 5119 sim-

468 5143 683 5214 pliciter
710 5153 765 5200 et
809 5146 1022 5202 sincere
1069 5156 1425 5205 conversatus
1473 5167 1593 5206 sum
1623 5153 1765 5223 apud
1812 5168 1948 5219 vos;
1980 5153 2065 5208 vel

467 5231 590 5303 quia
619 5249 717 5288 vos
747 5234 876 5288 estis
908 5235 1085 5308 gloria
1114 5254 1252 5303 mea,
1285 5254 1389 5309 ego
1434 5248 1618 5295 vestra
1649 5258 1663 5295 :
1693 5242 1815 5307 hac,
1847 5241 2067 5312 inquam

469 5320 554 5375 vel
574 5321 678 5376 hac
699 5321 1027 5380 confidentia
1048 5327 1196 5382 volui
1212 5330 1401 5383 venire
1421 5328 1494 5383 ad
1516 5346 1605 5385 vos
1635 5349 1653 5384 :
1672 5331 1833 5402 prius
1850 5330 2068 5402 quidem

468 5408 634 5474 volui,
668 5410 767 5465 sed
798 5412 958 5468 modo
988 5414 1133 5470 nolo.
1169 5414 1327 5471 Volui
1358 5417 1542 5488 utique
1572 5425 1720 5483 tunc,
1754 5422 1819 5473 ut
1842 5436 1941 5489 per
1968 5418 2065 5473 ad-

467 5505 690 5552 ventum
720 5515 902 5555 meum
952 5501 1230 5559 haberetis
1262 5506 1571 5561 secundum
1602 5508 1873 5578 gratiam,
1904 5507 1957 5561 id
1987 5514 2067 5561 est

469 5585 600 5658 quia
628 5596 753 5657 post
781 5589 1108 5664 baptismum
1147 5593 1417 5671 peccastis
1458 5594 1512 5653 in
1544 5595 1840 5653 secundam
1869 5595 2067 5652 remis-

2167 4630 2385 4677 sanctus
2415 4622 2482 4676 sit
2512 4621 2566 4675 in
2588 4621 2763 4687 nobis,
2798 4636 2907 4675 non
2936 4629 3018 4675 est
3045 4621 3398 4688 credendum,
3450 4620 3595 4692 quod
3621 4619 3760 4675 levi-

2166 4718 2245 4765 tas
2279 4710 2364 4765 vel
2396 4709 2741 4765 mendacium
2772 4708 2935 4764 fuerit
2966 4710 3021 4763 in
3045 4709 3223 4765 nobis.

2238 4801 2525 4871 Postquam
2544 4815 2602 4853 se
2624 4798 2918 4864 excusavit,
2935 4798 3079 4869 quod
3096 4814 3195 4853 nec
3212 4812 3318 4869 quo
3329 4796 3564 4865 levitate,
3579 4812 3761 4869 neque

2166 4888 2466 4943 secundum
2496 4903 2715 4943 carnem
2745 4887 2993 4957 cogitans
3022 4886 3092 4941 ad
3124 4902 3219 4941 eos
3249 4885 3438 4941 venire
3467 4885 3756 4953 dimiserit,

2166 4976 2345 5031 subdit
2372 4991 2594 5032 causa'n
2634 4991 2804 5047 quare
2843 4991 2953 5029 non
2999 4975 3224 5040 venerit,
3271 4975 3459 5030 dicens
3490 4992 3504 5027 :
3536 4974 3640 5029 Pro
3671 4974 3760 5029 le-

2165 5066 2349 5133 vitate,
2379 5065 2465 5119 vel
2488 5065 2614 5136 quia
2643 5063 2933 5120 carnaliter
2961 5064 3257 5136 cogitarem
3303 5062 3492 5118 venire
3528 5077 3638 5117 non
3669 5063 3760 5117 di-

2167 5153 2290 5209 misi
2324 5169 2336 5208 :
2373 5153 2468 5208 sed
2506 5153 2630 5207 ideo
2658 5160 2717 5207 ut
2736 5168 3021 5223 parcerem
3054 5152 3210 5208 vobis
3256 5167 3365 5205 non
3396 5151 3546 5207 veni.
3585 5151 3656 5206 Et
3702 5158 3762 5206 ut

2167 5241 2420 5307 credatis,
2451 5248 2508 5295 ut
2536 5240 2690 5296 vobis
2717 5256 3001 5311 parcerem
3023 5257 3111 5295 me
3143 5255 3249 5295 non
3271 5238 3506 5305 venisse,
3532 5255 3637 5309 ego
3668 5240 3761 5294 in-

2168 5346 2295 5385 voco
2326 5332 2501 5385 Deum
2532 5334 2730 5384 testem
2751 5330 2906 5399 hujus
2937 5329 3037 5383 rei.
3073 5328 3434 5400 Maliquidem
3463 5328 3758 5398 negligen-

2168 5427 2248 5473 tes
2277 5418 2555 5473 offendere
2594 5419 2787 5483 Deum,
2834 5425 3029 5472 testem
3079 5416 3327 5472 falsitatis
3361 5431 3467 5471 non
3530 5416 3761 5471 multum

2167 5515 2416 5564 curarent
2446 5507 2716 5561 advocare
2766 5508 2976 5560 Deum:
3003 5506 3099 5559 sed
3132 5505 3331 5559 Paulus
3362 5504 3455 5576 qui
3485 5521 3544 5559 se
3588 5512 3763 5560 totum

2169 5596 2224 5653 in
2245 5597 2359 5651 Deo
2382 5603 2658 5671 posuerat,
2682 5610 2787 5651 non
2802 5602 3150 5665 praesumeret
3175 5596 3348 5650 Deum
3373 5592 3550 5649 facere
3564 5601 3762 5651 testem
