3948 6438
148 349 250 404 225

731 345 1109 402 EXPOSITIO
1168 345 1242 402 IN
1295 345 1676 402 EPISTOLAS
1730 344 1958 402 PAULI.
1988 345 2162 400 —IN
2215 345 2436 402 EPIST.
2497 346 2545 401 II
2583 346 2678 401 AD
2720 344 2886 403 COR.

3365 349 3470 404 226

159 470 272 538 ejus
301 467 405 534 rei,
443 485 610 540 quam
642 485 831 526 veram
877 487 985 526 non
1034 470 1382 545 intelligeret.
1418 472 1588 527 Aliter
1618 472 1762 527 enim
1782 471 1840 534 Α
1874 491 1895 522 ι
1930 471 1996 525 sti
2027 471 2203 525 bonus
2236 471 2371 526 odor
2417 487 2604 526 sumus
2634 473 2750 527 Deo
2797 472 2851 527 in
2901 471 2984 526 his
3015 471 3108 544 qui
3141 470 3274 527 salvi
3315 470 3467 538 fiunt,

159 574 348 630 agens,
369 559 648 616 mendacii
667 561 841 614 Deum
866 568 1139 632 argueret.
1175 563 1349 616 Deum
1369 563 1553 634 utique
1575 561 1776 616 invoco

160 654 402 702 testem:
457 663 568 702 non
619 648 795 703 solum
837 657 1027 705 contra
1075 666 1292 720 corpus,
1345 658 1399 704 ut
1448 651 1492 704 si
1539 651 1774 705 mendax

160 735 332 802 fuero,
357 736 415 790 in
448 737 566 792 solo
589 753 678 792 me
707 737 894 808 puniat
922 754 1175 809 corpore,
1199 739 1295 794 sed
1317 739 1575 807 etiamin,
1608 739 1663 793 id
1695 742 1777 794 est

163 833 345 880 contra
377 828 640 882 animam
673 843 877 893 meam,
918 835 973 882 ut
1010 828 1206 898 perdat
1248 844 1369 883 eam
1391 845 1513 884 cum
1543 843 1774 898 corpore

166 913 212 968 si
264 915 544 971 mendacii
582 922 776 972 testem
825 915 964 972 facio
1013 917 1207 972 Deum.
1251 917 1382 972 Inde
1413 918 1586 972 Deum
1614 917 1774 972 advo-

159 1017 222 1058 co
254 1011 448 1059 testem
484 1021 498 1057 :
533 1005 676 1076 quod
702 1021 944 1076 parcens
975 1006 1143 1072 vobis,
1176 1005 1230 1059 id
1251 1013 1334 1061 est
1354 1014 1411 1060 ut
1431 1007 1774 1062 commodius

160 1107 378 1162 possem
410 1108 643 1163 parcere
673 1093 847 1162 vobis,
881 1111 995 1149 non
1018 1095 1145 1150 veni
1170 1094 1504 1151 Corinthum
1520 1096 1696 1162 ultra,
1717 1094 1772 1149 id

162 1189 242 1236 est
268 1181 500 1236 ulterius
531 1197 691 1253 quam
720 1182 895 1253 prima
926 1183 1069 1239 vice.

231 1269 555 1341 Priusquam
581 1269 722 1326 dicat
743 1270 908 1342 inquo
921 1271 1000 1326 eis
1022 1288 1132 1327 non
1153 1272 1421 1328 veniendo
1440 1272 1767 1343 pepercerit,

161 1358 488 1414 determinat
517 1359 606 1414 hic
635 1359 781 1430 quod
810 1355 900 1425 ait,
933 1378 1191 1431 parcens.
1225 1361 1485 1416 Corinthii
1508 1362 1648 1416 enim
1680 1361 1769 1415 in—

161 1446 421 1502 sidiantes
443 1448 629 1503 verbis
658 1449 794 1517 ejus,
828 1449 1074 1504 dicerent
1109 1466 1120 1505 :
1157 1451 1235 1504 Ita
1257 1450 1338 1504 ais
1363 1459 1416 1504 te
1432 1450 1764 1521 pepercisse,

160 1552 218 1590 ac
249 1535 295 1590 si
325 1535 485 1607 regia
505 1543 770 1606 potestate
801 1537 1006 1592 habeas
1037 1554 1137 1592 nos
1167 1554 1363 1609 cogere
1385 1555 1450 1593 ex
1471 1547 1559 1593 tua
1576 1538 1768 1594 volun-

162 1631 290 1680 tate.
325 1625 567 1680 Parcens
596 1641 712 1682 non
742 1626 864 1681 ideo
886 1626 1028 1692 dice,
1055 1628 1184 1699 quia
1207 1643 1306 1682 nos
1329 1628 1693 1682 dominamur
1706 1628 1768 1696 ﬁ-

165 1714 252 1768 dei
280 1718 486 1768 vestrw
519 1733 537 1768 :
566 1712 701 1768 fides
749 1715 894 1769 enim
940 1730 1032 1770 res
1062 1724 1144 1769 est
1167 1715 1493 1781 voluntaria,
1526 1731 1635 1770 non
1663 1731 1766 1770 ne-

1883 582 1904 611 ι
1941 568 1993 615 et
2021 560 2074 614 in
2107 560 2191 615 his
2221 561 2312 631 qui
2361 570 2612 631 pereunt.
2664 561 2798 616 Aliis
2846 561 3067 632 quidem
3115 562 3251 616 odor
3278 561 3472 616 mortis

1882 669 1903 698 ε
1935 649 1990 702 in
2019 657 2270 714 mortem,
2305 649 2427 704 aliis
2465 657 2646 705 autem
2689 651 2824 705 odor
2853 651 2976 706 vitae
3006 650 3060 704 in
3090 650 3275 706 vitam.
3308 650 3376 704 Et
3405 650 3473 703 ad

1881 760 1902 784 α
1940 737 2056 794 haec
2105 738 2227 808 quis
2276 746 2386 793 tam
2454 738 2730 794 idoneus?
2759 740 2881 794 Non
2933 739 3076 794 enim
3117 755 3305 794 sumus
3336 738 3476 794 sicut

1879 849 1901 877 ι
1935 826 2150 897 plurimi
2181 827 2548 882 adulterantes
2588 827 2811 882 verbum
2845 827 2943 882 Dei
2975 845 2988 881 :
3022 829 3120 883 sed
3151 844 3216 883 ex
3245 827 3474 883 sinceri-

1880 935 1902 964 α
1941 922 2065 982 tate,
2115 915 2255 971 sicut
2304 932 2372 972 ex
2424 918 2540 973 Deo
2589 932 2771 972 coram
2820 917 2935 972 Deo
2962 916 3018 971 in
3048 917 3263 973 Christo
3291 916 3476 988 loqui-

1878 1024 1900 1054 α
1937 1020 2078 1060 mur.
2119 1028 2141 1052 υ

2507 1159 2826 1202 EXPOSITIO.

1945 1277 2239 1348 Postquam
2270 1277 2650 1333 determinavit
2672 1279 2946 1350 quomodo
2976 1279 3178 1335 dixerit
3201 1296 3477 1353 parcens;

1872 1365 2196 1420 determinat
2230 1366 2284 1419 in
2323 1383 2431 1438 quo
2479 1368 2802 1438 pepercerit,
2867 1368 3057 1424 dicens
3091 1384 3103 1424 :
3135 1370 3255 1439 Ego
3294 1369 3477 1441 utique

1869 1470 1981 1509 non
2013 1455 2138 1509 veni
2169 1455 2514 1524 Corinthum,
2549 1456 2647 1511 sed
2679 1457 2838 1511 statui
2877 1458 2982 1512 hoc
3029 1457 3208 1528 ipsum
3247 1459 3392 1529 quod
3422 1458 3477 1512 in

1868 1543 2036 1613 priori
2065 1544 2306 1614 Epistola
2327 1552 2636 1599 statueram.
2666 1546 2876 1615 Statui,
2909 1547 3154 1617 inquam,
3187 1547 3332 1617 apud
3362 1563 3470 1612 me,

1868 1647 1979 1686 non
2021 1632 2322 1703 praecipitio
2369 1633 2791 1690 inconsideratae
2840 1635 3140 1700 sententiae,
3201 1635 3299 1690 sed
3328 1636 3479 1708 apud

1867 1737 1957 1776 me
1988 1720 2276 1792 diligenter
2322 1729 2664 1792 pertractans
2695 1737 2759 1778 ex
2802 1723 3029 1778 consilio
3059 1724 3236 1792 statui,
3270 1741 3342 1779 ne
3372 1725 3480 1779 ite-

166 1801 421 1856 cessitate
451 1802 678 1856 dominii
709 1803 975 1876 cogenda.
1027 1804 1310 1858 Dominari
1353 1812 1532 1858 autem
1565 1803 1766 1859 dicitur
1799 1830 1851 1890 Β
1871 1826 2002 1865 rum
2024 1811 2273 1866 venirem
2296 1811 2367 1866 ad
2384 1828 2474 1866 vos
2493 1812 2555 1865 in
2579 1811 2840 1878 tristitia,
2869 1811 2924 1866 id
2946 1820 3030 1867 est
3050 1812 3120 1866 ad
3150 1813 3478 1868 contristan-

167 1889 218 1942 in
247 1891 613 1960 potestatibus
642 1890 766 1960 illis,
799 1891 891 1946 ubi
921 1890 1064 1946 filius
1094 1892 1337 1948 succedit
1366 1892 1506 1963 patri
1537 1909 1638 1946 usu
1668 1908 1770 1947 ne-

166 1978 411 2033 cessario
447 1996 460 2032 :
496 1979 597 2033 sed
627 1979 681 2033 in
726 1979 960 2050 praelatis
1007 1980 1271 2036 Ecclesiae
1301 1980 1484 2050 (etiam
1515 1980 1568 2034 in
1599 1996 1779 2036 saecu-

166 2065 368 2120 laribus
398 2067 494 2138 qui
527 2083 634 2122 non
664 2067 786 2140 lege
809 2068 1193 2136 successionis,
1217 2069 1315 2124 sed
1335 2086 1436 2139 per
1456 2068 1778 2124 electionem

165 2159 420 2224 prmsunt)
454 2156 637 2226 potius
673 2156 780 2211 dici
811 2157 973 2212 debet
1003 2157 1236 2212 servitus
1266 2173 1427 2228 quam
1455 2157 1773 2212 dominium.

168 2243 293 2298 ldeo
342 2244 415 2298 ait
468 2260 580 2299 non
622 2245 964 2300 dominamur
999 2245 1124 2300 fidei
1169 2254 1362 2302 vestra:
1397 2265 1409 2300 :
1442 2247 1537 2302 sed
1580 2263 1776 2302 sumus

171 2333 460 2402 adjutores
490 2335 679 2402 vestri,
714 2350 821 2389 non
851 2343 1127 2390 cessantes
1150 2351 1306 2390 orare
1329 2336 1504 2390 Deum
1521 2351 1622 2406 pro
1653 2351 1777 2390 cor-

172 2421 410 2477 rectione
442 2422 634 2489 vestri,
658 2423 934 2492 adjutores
973 2424 1096 2479 dico
1125 2425 1316 2495 gaudii
1345 2425 1520 2479 vestri
1551 2441 1568 2474 :
1598 2423 1654 2478 in
1680 2424 1775 2478 illa

169 2510 310 2564 enim
341 2527 403 2566 re
438 2527 540 2567 vos
571 2511 886 2580 adjuvamus
916 2512 983 2566 de
1013 2528 1120 2584 qua
1149 2512 1385 2567 habituri
1407 2513 1536 2567 estis
1557 2527 1773 2583 perma-

170 2615 302 2654 nens
331 2600 599 2672 gaudium
633 2619 644 2654 :
681 2617 846 2672 quare
875 2601 1035 2656 nobis
1082 2601 1309 2672 obsequi
1358 2601 1590 2656 debetis.
1629 2601 1772 2655 Vere

169 2703 274 2742 non
301 2688 650 2744 dominamur
697 2689 852 2745 vobis
886 2705 897 2743 :
935 2706 1069 2744 nam
1108 2698 1222 2746 vos'
1247 2690 1415 2745 statis
1462 2690 1568 2759 ﬁde
1601 2709 1619 2745 :
1649 2706 1771 2761 quae

169 2777 456 2832 voluntatis
486 2794 578 2833 res
604 2785 703 2843 est,
727 2793 837 2834 non
866 2778 1230 2846 necessitatis,
1267 2779 1312 2834 si
1333 2794 1431 2834 vos
1449 2778 1624 2834 statis.

677 2932 904 2990 161
954 2933 1178 3008 carus
1210 2935 1278 2989 ιι.

238 3080 259 3104 ι
297 3057 473 3114 Statui
523 3065 703 3111 autem
751 3057 857 3113 hoc
888 3057 1064 3128 ipsum
1113 3059 1257 3128 apud
1312 3075 1442 3124 me;
1473 3074 1540 3113 ne
1572 3058 1767 3113 iterum

173 3165 194 3194 ι
228 3146 280 3199 in
310 3144 532 3200 tristitia
561 3145 804 3200 venirem
835 3147 906 3202 ad
937 3162 1053 3202 vos.
1107 3146 1163 3202 bi
1201 3147 1343 3201 enim
1376 3163 1482 3218 ego
1508 3147 1768 3203 contristo

177 3256 195 3280 ιι
222 3250 319 3289 vos
353 3252 365 3287 :
400 3242 454 3289 et
489 3233 612 3305 quis
643 3243 724 3288 est
753 3235 844 3306 qui
885 3251 974 3290 me
1021 3234 1274 3302 lartiticet,
1310 3235 1414 3290 nisi
1445 3235 1536 3306 qui
1565 3235 1773 3291 contri-

176 3343 196 3371 ι
230 3330 403 3378 statur
432 3339 504 3378 ex
535 3339 620 3378 me
639 3323 666 3376 ‘t
697 3325 761 3377 Et
804 3325 908 3379 hoc
938 3323 1118 3394 ipsum
1148 3324 1343 3394 scripsi
1373 3324 1548 3388 vobis,
1581 3332 1636 3378 ut
1668 3339 1777 3379 non

177 3432 196 3456 α
230 3426 348 3465 cum
396 3426 608 3466 venero
663 3411 932 3466 tristitiam
981 3428 1147 3482 super
1193 3412 1462 3466 tristitiam
1519 3412 1774 3482 habeam,

176 3514 197 3544 ι
229 3494 296 3550 de
344 3496 550 3566 quibus
597 3502 904 3564 oportuerat
953 3512 1040 3551 me
1089 3496 1364 3568 gaudere;
1399 3494 1680 3552 confidens
1722 3496 1778 3550 in

177 3603 198 3632 α
230 3584 484 3639 omnibus
515 3583 690 3649 vobis,
739 3585 868 3656 quia
911 3600 1094 3639 meum
1124 3585 1381 3657 gaudium
1411 3585 1652 3639 omnium
1684 3601 1778 3641 ve-

182 3694 202 3716 -
236 3679 402 3726 strum
435 3681 539 3727 est.
573 3673 714 3727 Nam
762 3690 827 3728 ex
863 3673 1031 3728 multa
1073 3673 1414 3729 tribulatione
1445 3682 1498 3728 et
1527 3674 1778 3747 angustia

182 3783 202 3806 α
237 3762 416 3816 cordis
447 3761 645 3832 scripsi
676 3762 830 3817 vobis
880 3779 982 3833 per
1006 3762 1205 3818 multas
1233 3762 1502 3834 lacrymas
1536 3779 1549 3818 :
1583 3779 1692 3818 non
1721 3771 1779 3817 ut

185 3869 202 3900 ι
238 3849 656 3916 contristemini,
689 3851 785 3905 sed
815 3859 873 3905 ut
903 3851 1084 3906 sciatis
1138 3865 1302 3923 quam
1340 3851 1651 3907 charitatem
1682 3853 1780 3906 ha-

184 3960 203 3984 u
239 3937 395 3992 beam
447 3939 815 3993 abundantius
865 3939 917 3993 in
966 3939 1140 3995 vobis.
1183 3939 1240 3996 Si
1277 3940 1399 4011 quis
1431 3948 1611 3995 autem
1640 3956 1778 3996 con-

183 4048 203 4070 υ
239 4027 471 4082 tristavit
515 4043 624 4096 me,
677 4043 784 4083 non
823 4044 911 4083 me
955 4028 1324 4094 contristavit;
1359 4028 1456 4083 sed
1506 4045 1572 4084 ex
1601 4037 1775 4099 parte,

184 4135 205 4160 α
240 4123 294 4168 ut
323 4131 434 4170 non
475 4131 703 4171 onerem
752 4132 943 4172 omnes
984 4133 1102 4172 vos.
1137 4116 1339 4172 Sufﬁcit
1369 4117 1464 4183 illi,
1502 4117 1596 4188 qui
1625 4118 1779 4186 ejus-

187 4225 206 4248 u
239 4204 383 4258 modi
422 4213 533 4270 'est,
597 4205 907 4277 objurgatio
938 4206 1055 4261 hac
1103 4223 1224 4277 qua:
1257 4204 1313 4260 ﬁt
1347 4222 1380 4260 a
1409 4206 1675 4283 pluribus,
1710 4206 1781 4260 ita

186 4314 204 4336 α
243 4300 296 4346 ut
325 4309 355 4347 e
406 4294 687 4348 contrario
735 4294 912 4365 magis
956 4295 1169 4350 donetis
1200 4302 1253 4350 et
1280 4295 1635 4350 consolemini
1663 4311 1676 4349 :
1711 4310 1781 4349 ne

191 4400 211 4428 ι
244 4379 380 4436 forte
419 4381 803 4438 abundantiori
851 4382 1065 4438 tristitia
1095 4383 1474 4450 absorbeatur,
1509 4383 1599 4455 qui
1629 4384 1779 4452 ejus-

186 4490 205 4512 α
241 4469 385 4525 modi
415 4479 518 4525 est.
560 4471 788 4542 Propter
816 4473 961 4543 quod
991 4473 1218 4528 obsecro
1253 4488 1368 4539 vos,
1405 4480 1462 4526 ut
1492 4471 1782 4528 conﬁrme-

1881 1899 2010 1952 dum
2039 1915 2158 1954 vos.
2194 1900 2396 1954 Iterum
2432 1900 2582 1969 dicit,
2632 1900 2760 1972 quia
2809 1900 2863 1955 in
2906 1900 3079 1972 prima
3107 1901 3356 1972 Epistola
3386 1918 3479 1958 ve-

1879 1996 2032 2042 nerat
2061 1988 2368 2043 contristari
2413 2004 2528 2053 eos,
2565 2005 2690 2054 quia
2783 1989 2919 2059 lapsi
2963 1990 3174 2044 fuerant
3202 1990 3256 2044 in
3283 2005 3482 2061 pecca-

1878 2083 1990 2129 tum
2025 2093 2038 2129 z
2074 2076 2118 2130 si
2149 2092 2258 2130 non
2297 2078 2729 2147 praesentialiter,
2783 2085 2967 2132 tamen
3015 2094 3116 2149 per
3157 2078 3471 2149 epistolam.

1879 2163 1978 2220 Vel
2006 2165 2080 2219 ita
2112 2183 2125 2218 :
2159 2167 2278 2238 Ego
2318 2167 2430 2235 jam
2481 2166 2650 2221 semel
2697 2183 2974 2236 veneram,
3035 2167 3133 2222 sed
3177 2167 3302 2223 ideo
3331 2167 3480 2223 nolui

1877 2253 2072 2307 iterum
2103 2255 2310 2319 venire,
2363 2271 2431 2309 ne
2461 2255 2726 2310 adventus
2754 2272 2911 2310 meus
2942 2264 3084 2310 esset
3113 2256 3268 2311 vobis
3296 2257 3352 2311 in
3380 2257 3480 2312 tri-

1877 2341 2038 2396 stitia.
2092 2342 2221 2397 Ideo
2277 2343 2476 2397 Paulus
2506 2344 2694 2399 venire
2733 2344 2926 2414 noluit,
2973 2345 3100 2416 quia
3148 2344 3193 2398 si
3238 2361 3482 2415 praesens

1874 2428 2050 2496 fieret,
2085 2439 2365 2501 oporteret
2397 2448 2543 2497 eum,
2569 2441 2627 2486 ut
2649 2432 3054 2503 impmnitentes
3087 2433 3376 2488 severitate
3387 2435 3483 2503 ju-

1875 2519 2000 2574 dicii
2038 2528 2348 2574 removeret
2375 2521 2445 2574 ab
2476 2521 2726 2576 Ecclesia
2759 2539 2771 2574 :
2806 2523 2939 2593 quia
2961 2538 3206 2592 praesens
3226 2537 3336 2576 non
3355 2538 3486 2593 ρος-

1875 2615 1955 2662 set
1987 2608 2063 2662 uti
2115 2617 2262 2663 tanta
2308 2608 2552 2679 lenitate,
2603 2610 2797 2664 videns
2844 2610 2986 2664 mala
3016 2626 3202 2664 eorum
3236 2627 3248 2665 :
3283 2619 3483 2682 quanta

1874 2697 2237 2767 temperantia
2282 2713 2411 2768 erga
2461 2697 2585 2753 illos
2622 2715 2723 2768 per
2769 2698 3073 2769 Epistolam
3105 2699 3290 2765 utitur,
3324 2707 3377 2754 et
3405 2700 3486 2756 sic

1868 2785 2067 2839 malum
2103 2786 2206 2840 hoc
2249 2785 2490 2841 eveniret
2525 2804 2539 2840 ε
2571 2795 2630 2840 ut
2658 2802 2782 2841 cum
2811 2787 2865 2840 in
2916 2787 3171 2842 unitatem
3222 2787 3485 2844 Ecclesia:

1816 2897 1821 2904 ο
1872 2889 1968 2929 eos
2015 2890 2276 2930 revocare
2316 2875 2542 2930 deberet
2573 2892 2585 2929 :
2617 2875 2796 2946 potius
2839 2892 2939 2946 per
2973 2875 3364 2932 districtionem
3387 2877 3482 2946 ju-

1807 3192 1853 3253 Ο

1872 2963 2028 3019 stitia
2075 2979 2170 3018 eos
2217 2964 2288 3018 ab
2327 2963 2560 3018 invicem
2610 2973 2913 3034 separaret,
2967 2980 3107 3036 quos
3142 2965 3340 3020 absens
3383 2981 3482 3036 per

1866 3051 2144 3106 lenitatem
2174 3052 2583 3121 misericordiae,
2638 3052 2708 3107 ad
2757 3053 3017 3108 unitatem
3072 3069 3337 3110 revocare
3385 3070 3483 3125 po-

1872 3141 2080 3209 tuisset,
2116 3142 2261 3213 quod
2293 3141 2478 3212 utique
2509 3141 2655 3197 fecit.
2690 3142 2819 3197 Ideo
2848 3142 2999 3197 nolui
3031 3142 3228 3197 iterum
3253 3142 3438 3198 venire
3469 3162 3482 3198 :

1875 3232 2007 3303 quia
2037 3231 2086 3285 si
2116 3247 2209 3302 ego
2240 3232 2515 3286 contristo
2548 3246 2639 3285 vos
2671 3247 2995 3303 quocunque
3043 3232 3206 3287 modo
3244 3233 3367 3304 quis
3399 3236 3485 3288 est

1875 3321 1938 3374 in
1971 3319 2129 3374 vobis
2158 3321 2254 3392 qui
2283 3335 2372 3374 me
2407 3320 2675 3388 ltetiﬁcet,
2709 3322 2826 3376 nisi
2856 3321 2945 3375 ille
2978 3322 3074 3393 qui
3102 3321 3486 3378 contristatur

1877 3425 1951 3466 ex
1972 3425 2081 3474 me,
2104 3407 2160 3463 id
2186 3417 2266 3462 est
2287 3409 2588 3463 secundum
2619 3424 2799 3463 meam
2829 3409 3183 3474 voluntatem,
3208 3419 3265 3464 ut
3293 3411 3489 3465 contri-

1877 3505 2050 3552 status
2087 3497 2155 3552 de
2187 3504 2414 3567 peccato
2461 3496 2769 3567 poeniteat?
2800 3497 2959 3566 Quod
3003 3498 3048 3552 si
3070 3499 3334 3565 venirem,
3377 3515 3488 3554 non

1878 3585 2035 3641 ﬁeret
2062 3594 2120 3640 ut
2163 3585 2358 3656 aliquis
2405 3602 2492 3641 me
2531 3587 2636 3640 hoc
2683 3587 2847 3641 modo
2877 3585 3191 3642 laetificaret.
3225 3589 3310 3642 Me
3340 3589 3485 3642 enim

1877 3683 2146 3747 praesente
2197 3673 2463 3730 districtio
2517 3675 2743 3744 justitiae
2801 3676 2979 3747 magis
3037 3691 3138 3730 vos
3186 3675 3490 3732 deterreret

1882 3776 2048 3832 quam
2077 3759 2147 3813 ad
2192 3759 2572 3830 pmnitentiam
2619 3759 2888 3814 suaderet.
2925 3758 3062 3813 Illud
3095 3760 3253 3814 etiam
3292 3760 3486 3827 innuit,

1879 3865 1944 3905 ac
1974 3848 2021 3902 si
2052 3847 2259 3903 diceret
2293 3863 2305 3901 :
2341 3849 2568 3919 Pr0pter
2611 3849 2786 3904 Deum
2834 3847 3055 3920 quidem
3097 3848 3363 3919 poenitere
3391 3849 3489 3904 de-

1877 3934 2134 3990 buiSsetis
2169 3943 2221 3990 et
2270 3935 2351 4004 (ut
2393 3936 2528 3991 illud
2579 3937 2848 4008 omittam)
2887 3953 2988 4007 pro
3018 3952 3084 3992 eo
3131 3937 3250 3993 solo
3298 3945 3354 3992 ut
3400 3954 3488 3992 me

1880 4025 2163 4080 doctorem
2192 4033 2435 4080 vestrum
2475 4025 2847 4081 lzetiticaretis.
2896 4026 2966 4081 Et
3016 4025 3115 4083 hoc
3143 4027 3352 4098 ipsum,
3386 4026 3492 4082 sci-

1879 4113 2005 4168 licet
2025 4129 2095 4170 ne
2115 4113 2341 4168 veniens
2364 4114 2420 4167 in
2443 4113 2658 4169 tristitia
2690 4115 2962 4170 neminem
2985 4115 3078 4187 qui
3099 4131 3185 4171 me
3201 4115 3496 4171 laztiﬁcaret

1879 4202 2202 4268 invenirem,
2235 4203 2441 4274 scripsi
2467 4203 2614 4258 vobis
2643 4202 2766 4258 ideo
2792 4221 2805 4256 :
2831 4208 2898 4259 ut
2920 4219 3051 4259 cum
3076 4204 3494 4274 praesentialiter

1879 4307 2099 4358 venero,
2153 4307 2268 4346 non
2310 4290 2541 4346 habeam
2587 4292 2892 4348 tristitiam
2941 4308 3111 4364 super
3163 4294 3488 4349 tristitiam.

1880 4379 2202 4448 Hujusmodi
2234 4379 2452 4449 quidem
2501 4379 2774 4434 tristitiam
2824 4380 3054 4436 audiens
3095 4396 3194 4436 vos
3227 4397 3490 4452 peccasse

1881 4468 2096 4523 habebo
2128 4467 2443 4535 secundam,
2480 4468 2527 4522 si
2559 4469 2784 4523 veniens
2813 4484 2912 4523 vos
2960 4467 3298 4525 incorrectos
3340 4475 3492 4525 inve-

190 4576 211 4606 ι
247 4558 312 4612 tis
339 4559 393 4612 in
425 4559 583 4613 illum
614 4561 952 4615 charitatem.
987 4561 1115 4616 Ideo
1146 4561 1290 4616 enim
1316 4569 1370 4616 et
1394 4561 1585 4632 scripsi
1602 4561 1776 4628 vobis,
1805 4553 1862 4614 D
1884 4573 2018 4612 nero
2053 4575 2066 4610 :
2099 4565 2264 4629 utque
2293 4572 2393 4612 vos
2414 4565 2696 4613 correctos
2726 4557 2996 4613 inveniam
3035 4559 3217 4613 scribo
3238 4575 3382 4615 nunc
3402 4575 3491 4616 me

191 4665 212 4695 ι
246 4654 298 4700 ut
327 4662 659 4718 cognoscam
707 4649 1137 4720 experimentum
1168 4659 1429 4716 vestrum,
1473 4666 1541 4704 an
1571 4649 1626 4704 in
1657 4666 1782 4705 om-

189 4755 210 4783 ι
242 4735 400 4790 nibus
449 4737 769 4792 obedientes
812 4738 950 4794 sitis.
1002 4739 1100 4793 Cui
1149 4746 1329 4794 autem
1369 4738 1572 4810 aliquid
1603 4739 1782 4794 dona-

192 4842 213 4871 ι
247 4823 360 4890 stis,
412 4833 467 4880 et
511 4841 615 4896 ego
649 4844 662 4881 :
696 4842 822 4881 nam
871 4835 923 4882 et
971 4843 1076 4900 ego
1107 4828 1252 4900 quod
1290 4827 1507 4894 donavi,
1555 4826 1603 4882 si
1651 4828 1782 4900 quid

191 4930 212 4960 ι
246 4912 460 4982 donavi,
496 4914 697 4970 donavi
742 4924 966 4987 propter
994 4932 1092 4972 vos
1120 4916 1178 4970 in
1207 4933 1442 4987 persona
1474 4916 1692 4983 Christi,
1725 4923 1783 4971 ut

193 5019 212 5048 ι
244 5016 349 5056 non
377 5003 873 5059 circumveniamur
913 5021 943 5059 a
975 5005 1254 5073 Satanna;
1288 5021 1397 5061 non
1428 5005 1574 5061 enim
1625 5005 1784 5078 igno-

196 5110 215 5132 α
247 5105 422 5145 ramus
470 5091 826 5162 wgitationes
889 5094 1024 5162 ejus.
1095 5095 1230 5149 Cum
1278 5094 1553 5149 venissem
1602 5102 1786 5150 autem‘

192 5196 213 5226 ι
244 5177 524 5244 Troadem,
572 5190 797 5252 propter
840 5182 1200 5255 Evangelium
1249 5182 1468 5249 Christi,
1501 5191 1554 5238 et
1583 5182 1782 5236 ostium

193 5286 214 5309 ι
249 5265 371 5320 mihi
400 5276 650 5339 apertum
681 5277 824 5325 esset
851 5271 905 5325 in
938 5270 1188 5338 Domino,
1211 5287 1320 5325 non
1343 5271 1507 5325 habui
1536 5270 1782 5342 requiem

195 5371 215 5400 ι
249 5355 453 5423 spiritui
501 5373 645 5424 meo,
698 5373 762 5413 eo
808 5358 952 5430 quod
992 5375 1102 5414 non
1131 5359 1434 5415 invenerim
1463 5359 1642 5414 Titum
1669 5357 1782 5413 fra-

198 5459 218 5488 ι
251 5447 377 5498 trem
426 5461 608 5500 meum
642 5463 654 5499 :
687 5447 786 5502 sed
832 5446 1164 5504 valefaciens
1186 5449 1286 5515 eis,
1337 5446 1612 5518 profectus
1662 5463 1780 5502 sum

200 5547 220 5575 ι
252 5527 304 5582 in
347 5533 737 5589 Macedoniam.
780 5535 896 5590 Deo
945 5545 1128 5592 autem
1176 5536 1383 5608 gratias
1423 5535 1514 5607 qui
1563 5551 1783 5605 semper

201 5635 222 5665 ι
252 5617 537 5691 triumphat
574 5639 677 5678 nos
724 5623 790 5678 in.
808 5624 1023 5680 Christo
1053 5626 1204 5692 Jesu,
1234 5633 1288 5680 et
1318 5623 1546 5680 odorem
1575 5623 1783 5679 notitia

199 5726 220 5752 κ
252 5721 358 5763 sua:
383 5710 696 5768 manifeth
722 5728 823 5784 per
851 5729 952 5771 nos
981 5714 1039 5770 in
1076 5713 1224 5772 omni
1252 5713 1377 5770 loco
1412 5731 1426 5770 :
1461 5712 1588 5786 quia
1618 5711 1781 5768 Chri-

1883 4647 1938 4700 in
1969 4662 2035 4701 eo
2064 4645 2332 4701 laetificari
2379 4654 2587 4700 tantum
2640 4645 2732 4717 qui
2761 4646 2832 4701 ad
2860 4646 3233 4717 paenitentiam
3279 4647 3491 4703 contri-

1886 4743 2078 4791 statur.
2101 4735 2394 4790 Tristitiam
2427 4735 2551 4791 dico
2578 4735 2804 4790 habeam
2835 4735 2904 4790 de
2935 4735 3090 4791 vobis
3121 4736 3439 4792 incorrectis
3473 4751 3486 4791 :

1893 4823 1956 4880 1
1971 4823 2131 4879 62
2149 4824 2215 4880 de
2232 4825 2428 4896 quibus
2447 4825 2604 4881 modo
2622 4826 2879 4895 primum
2899 4828 3230 4898 oportuerat
3251 4841 3339 4881 me
3359 4842 3494 4897 gau-

1885 4913 2015 4968 dere
2033 4911 2172 4967 bene
2195 4913 2479 4968 correctis.
2503 4913 2572 4967 Et
2588 4928 2780 4968 revera
2793 4913 3051 4986 gaudebo
3073 4913 3210 4969 sicut
3231 4914 3488 4985 oportuit.

1885 5000 2023 5054 Nam
2052 5001 2342 5070 conﬁdens
2372 5017 2493 5056 sum
2521 5002 2585 5056 in
2614 5000 2874 5058 omnibus
2895 5001 3074 5069 vobis,
3107 5002 3252 5074 quod
3281 5003 3350 5059 de
3376 5019 3494 5059 coro

1885 5089 2125 5144 rectione
2161 5090 2327 5145 vestri
2375 5089 2630 5163 gaudebo
2676 5107 2689 5144 :
2731 5099 3024 5162 propterea
3069 5092 3201 5165 quia
3251 5092 3493 5163 quandiu

1887 5193 2034 5233 eram
2066 5179 2210 5249 apud
2240 5193 2357 5244 vos,
2387 5178 2658 5251 gaudium
2699 5196 2890 5235 meum
2921 5188 3040 5236 erat
3078 5180 3340 5253 gaudium
3377 5197 3494 5237 om-

1886 5268 2050 5322 nium
2080 5271 2330 5322 vestrum
2361 5286 2380 5321 :
2403 5267 2529 5338 quia
2557 5275 2616 5322 ut
2643 5268 2880 5338 primum
2926 5268 3194 5324 videbatis
3240 5286 3328 5324 me
3357 5285 3492 5342 gau-

1886 5355 2122 5422 dentem,
2169 5355 2333 5410 etiam
2373 5371 2484 5411 non
2533 5356 2808 5413 intellecta
2851 5373 2912 5412 re
2941 5357 3010 5412 de
3050 5373 3154 5428 qua
3181 5359 3492 5432 gaudebam

1886 5445 1978 5516 pia
2004 5442 2287 5499 affectione
2316 5444 2742 5515 congaudebatis
2764 5445 2896 5500 mihi
2929 5461 2940 5499 :
2967 5452 3019 5500 et
3045 5455 3334 5518 propterea
3362 5463 3494 5502 con-

1887 5532 1994 5588 tido
2016 5532 2161 5603 quod
2183 5548 2375 5587 revera
2397 5533 2465 5588 de
2486 5533 2660 5600 vobis,
2686 5534 2949 5590 correctis
2969 5535 3247 5605 gaudebo.
3270 5534 3367 5590 Vel
3387 5535 3487 5590 ita:

1888 5619 2181 5677 Confidens
2229 5637 2348 5674 sum
2387 5621 2444 5675 in
2486 5620 2664 5688 vobis,
2704 5621 2831 5693 quia
2869 5621 3130 5693 gaudium
3176 5639 3360 5678 meum
3407 5628 3493 5678 est

1887 5708 2146 5783 gaudium
2193 5710 2434 5765 omnium
2499 5717 2757 5780 vestrum,
2805 5709 2863 5767 id
2908 5717 2992 5766 est
3038 5711 3186 5780 quod
3229 5708 3490 5782 gaudium
