3920 6412
193 487 336 559 1181

1121 489 1387 558 GESTA
1417 489 2006 559 TREVERORUM.
2040 527 2117 540 -—
2146 489 2697 560 CONTINUATIO

3447 490 3594 564 1182

185 622 404 690 ageret,
434 622 500 677 ut
519 619 688 692 juxta
711 618 809 676 Dei
836 614 1195 677 voluntatem
1219 623 1275 675 et
1303 618 1612 676 secundum
1639 631 1842 692 supra-
1867 617 1922 679 A
1955 615 2140 692 deret,
2178 620 2416 678 mutatis
2445 621 2705 678 vestibus
2727 635 2794 678 ac
2819 635 2926 694 pro
2957 619 3107 681 albis
3134 620 3318 696 nigris
3348 623 3594 699 indutis,

185 709 726 781 scriptamRomani
746 709 1040 782 pontiﬁcis
1060 708 1574 766 commonicionem
1595 707 1840 764 animam

183 811 344 855 suam
388 799 826 856 immaculatam
869 800 984 854 Deo
1022 799 1256 856 oﬂ‘crret
1292 798 1446 869 (Leo.
1480 813 1562 867 ιιι,
1597 798 1670 868 1),
1702 811 1840 854 ecce

183 886 479 958 diabolus,
509 888 633 959 qui,
660 891 722 945 ut
744 887 1042 959 Scriptura
1061 887 1152 920 ’“‘
1171 887 1332 957 dicit,
1360 885 1590 943 seducit
1617 886 1844 942 univer-

182 990 303 1032 sum
327 977 542 1032 orbem
575 978 770 1049 (Apoc.
798 992 895 1046 xu,
921 977 998 1046 9),
1031 977 1182 1032 sicut
1207 981 1330 1031 arte
1359 990 1462 1032 sua
1486 975 1841 1045 nequissima

182 1079 285 1138 per
317 1065 632 1122 mulierem
675 1067 852 1122 Adam
893 1065 1358 1138 prothoplastum
1391 1079 1612 1136 nosque
1643 1078 1842 1120 omnes

182 1169 285 1226 per
307 1173 316 1204 ‹
345 1169 441 1211 um
472 1154 938 1212 immortalitatis
962 1161 1126 1210 veste
1150 1154 1409 1221 nudavit,
1437 1154 1514 1209 ita
1538 1168 1765 1225 quoque
1785 1150 1843 1207 et

184 1242 354 1314 hujus
384 1245 648 1300 animum
684 1244 902 1301 fraudis
932 1259 1049 1300 sua:
1080 1244 1133 1299 in
1162 1241 1253 1276 ’⁸⁸³
1291 1244 1638 1313 tegumentis
1662 1257 1690 1299 a
1715 1247 1844 1314 pro'

180 1333 369 1402 posito
418 1333 728 1389 castitatis
777 1333 1126 1388 subvertere
1174 1331 1480 1400 laboravit,
1528 1346 1598 1386 ne
1643 1337 1839 1402 posset

177 1435 305 1476 cum
335 1421 628 1492 Apostolo
652 1421 849 1477 dicere
879 1441 890 1475 :
920 1422 1130 1481 Gloria
1160 1421 1367 1478 nostra
1397 1419 1518 1478 lucc
1546 1420 1650 1489 est,
1683 1419 1844 1475 τοιςιί-

176 1511 444 1566 monium
477 1509 574 1543 ’⁸⁸⁸
606 1509 764 1567 bona
800 1511 1144 1568 conscentia
1181 1511 1281 1578 (II
1318 1510 1446 1566 Cor.
1489 1525 1526 1578 ι,
1573 1510 1681 1578 12),
1724 1512 1836 1576 etc,

176 1596 350 1654 Verbi
402 1614 600 1656 causa.
645 1600 746 1655 Est
777 1599 831 1654 in
867 1597 1146 1654 suburbio
1185 1597 1525 1654 Treverensi
1563 1596 1840 1668 Oppidum

179 1685 499 1756 quoddam,
521 1686 677 1758 quod
697 1694 942 1743 vocatur
962 1687 1104 1742 Aula
1124 1686 1336 1742 Palacii
1359 1685 1526 1756 (460),
1553 1685 1648 1741 ubi
1670 1701 1740 1740 ex
1764 1684 1842 1738 in-

177 1773 498 1832 stitutione
537 1776 709 1833 unius
745 1775 990 1831 filiarum
1029 1775 1336 1844 Dagoberti
1371 1774 1524 1843 regis
1557 1773 1840 1845 preciosa;

179 1864 427 1935 virginis
450 1864 680 1921 Athalze
703 1863 794 1896 ³⁵⁸⁷
819 1863 955 1918 inibi
978 1863 1333 1934 quiescentis
1353 1862 1728 1931 congregatio
1749 1842 1841 1892 ’⁵⁸⁸

1953 709 2156 767 artiori
2175 710 2310 766 vitae
2327 709 2541 768 debere
2559 725 2793 782 operam
2813 710 2982 779 dare;
3009 713 3159 784 quod
3181 713 3228 770 si
3250 715 3473 786 perpeti
3496 731 3598 773 no-

1953 798 2220 870 luissent,
2254 800 2460 858 melius
2480 815 2606 857 esse
2629 804 2694 857 ut
2717 799 2883 858 locus
2916 801 3014 859 ille
3043 809 3272 860 careret
3295 803 3349 859 in
3374 805 3597 862 habita-

1952 888 2138 958 cione,
2170 903 2337 960 quam
2367 889 2442 944 ibi
2468 889 2616 945 tales
2638 889 2916 959 degerent
2941 905 3226 962 persona},
3253 907 3382 963 qum
3406 893 3599 966 hujus-

1954 977 2104 1032 modi
2139 977 2460 1048 nequiciam
2495 982 2791 1048 gestarent
2816 979 2926 1036 sub
2951 979 3248 1048 religionis
3277 982 3491 1052 specie.
3526 983 3594 1038 Et

1954 1064 2031 1120 ita
2054 1066 2264 1121 factum
2285 1071 2393 1122 est.
2422 1066 2520 1122 [lla
2540 1066 2722 1136 ejecta
2745 1071 2866 1135 est;
2893 1066 2990 1124 sed
3015 1072 3071 1123 et
3094 1073 3306 1124 cetera:
3333 1069 3596 1126 nolentes

1953 1167 2058 1210 nec
2083 1153 2340 1209 habitum
2369 1169 2472 1210 nec
2496 1155 2995 1212 conversationem
3018 1155 3110 1188 ³⁸⁷⁷
3133 1159 3375 1226 mutare,
3398 1157 3596 1214 simili-

1953 1245 2044 1298 ter
2075 1246 2209 1298 sunt
2241 1243 2464 1313 ejectae,
2496 1247 2552 1298 et
2586 1242 2713 1299 aliae
2741 1244 2794 1299 in
2827 1245 3240 1300 monasterium
3273 1246 3594 1316 puellarum

1953 1331 2103 1402 quod
2123 1333 2399 1388 Horreum
2416 1331 2653 1399 dicitur,
2669 1332 2796 1389 alia;
2817 1337 3008 1389 autem
3027 1333 3098 1389 ad
3116 1333 3225 1389 alia
3247 1335 3335 1390 sui
3359 1335 3594 1391 habitus

1955 1419 2348 1488 migraveruut
2378 1419 2522 1490 loca,
2556 1421 2901 1490 vacavitque
2943 1421 3105 1478 locus
3127 1421 3218 1454 ³³⁷⁸
3238 1421 3592 1492 aliquamdiu

1953 1522 1981 1561 a
2004 1507 2215 1563 divinis
2241 1507 2528 1564 laudibus.
2557 1509 2733 1579 Cujus
2754 1509 2832 1564 rei
2851 1508 3040 1579 gratia
3063 1510 3370 1582 episcopus
3389 1515 3592 1582 postea

1953 1609 2169 1652 summa
2198 1596 2408 1652 ductus
2435 1597 2773 1668 penitentia,
2794 1598 3018 1654 veritus
3037 1612 3104 1653 ne
3123 1598 3293 1670 hujus
3313 1613 3485 1655 causa
3513 1599 3595 1654 in-

1947 1683 2116 1754 jurias
2150 1689 2407 1740 extrema
2444 1684 2621 1740 divini
2654 1685 2744 1718 ²⁸⁷⁹
2769 1685 2970 1755 judicii
3008 1686 3224 1743 ultione
3256 1688 3596 1758 dampnare-

1951 1776 2070 1842 tur,
2105 1778 2392 1829 annuente
2427 1774 2634 1830 domno
2663 1773 2920 1830 Iohanne
2951 1779 3089 1831 tunc
3122 1777 3374 1831 Romano
3406 1775 3594 1847 ponti-

1956 1861 2078 1929 fice,
2097 1862 2398 1918 commissa
2418 1864 2526 1918 sub
2543 1862 2726 1934 ipsius
2749 1863 3079 1920 testimonio
3094 1863 3594 1935 comprovinciali-

175 1956 303 2008 erat
329 1953 666 2025 puellarum
689 1953 1018 2009 canonicam
1040 1952 1214 2007 vitam
1234 1951 1648 2024 profitentium.
1680 1949 1838 2004 Acci-
1868 1989 1918 2046 Β
1954 1950 2060 2005 bus
2078 1950 2387 2020 episcOpis,
2409 1950 2529 2006 suis
2549 1950 2818 2006 videlicet
2839 1951 3234 2021 sufl‘raganeis,
3254 1952 3590 2008 Trevercnsi

173 2042 257 2097 dit
279 2041 488 2113 itaque
514 2047 571 2098 ut
593 2041 905 2112 episcopus
924 2041 1018 2097 uni
1040 2055 1234 2097 earum
1255 2039 1693 2096 commissuram
1717 2038 1838 2109 pal-

178 2130 234 2185 lii
256 2130 552 2198 mitteret,
575 2135 633 2186 ut
656 2129 776 2201 ipse
795 2129 849 2184 ei
867 2129 1076 2184 exinde
1094 2128 1312 2197 caligas
1331 2127 1422 2160 ²⁵⁶⁹
1448 2128 1679 2198 quibus,
1704 2141 1833 2182 cum

176 2217 244 2273 ad
272 2219 593 2274 missarum
620 2216 956 2288 sollempnia
981 2216 1329 2272 celebranda
1357 2215 1722 2285 procederet,
1755 2214 1836 2268 in-

176 2305 488 2375 dueretur,
520 2309 770 2376 aptaret.
799 2307 952 2370 Quas
975 2304 1068 2359 illa
1095 2304 1447 2376 suscipiens,
1469 2308 1526 2358 et
1555 2301 1836 2373 inpudici-

175 2393 268 2450 tize
296 2409 419 2451 sua:
450 2394 795 2465 participem
822 2393 942 2448 fieri
967 2393 1408 2462 concupiscens,
1429 2395 1555 2446 arte
1580 2405 1681 2446 sua
1709 2405 1872 2446 nes--

173 2481 260 2537 cio
293 2497 407 2552 qua
445 2482 687 2538 venifica
723 2481 943 2549 infacit,
979 2485 1144 2535 sutas
1176 2479 1419 2534 remisit.
1457 2479 1675 2545 Quibus
1705 2493 1831 2534 mox

174 2571 496 2641 episcopus
519 2569 610 2602 “7°
634 2569 873 2637 indutis,
902 2569 1104 2623 mirum
1131 2569 1314 2636 dictu,
1339 2583 1445 2622 non
1468 2569 1650 2623 visum
1671 2572 1760 2623 est
1781 2568 1830 2624 ei

179 2659 328 2715 ultra
367 2660 429 2715 id
462 2657 553 2690 ²⁵⁷¹
587 2659 802 2713 debere
833 2657 1050 2726 s03pitc
1091 2657 1205 2712 vita
1246 2657 1585 2727 procedere,
1622 2657 1728 2713 nisi
1763 2656 1833 2711 ad

181 2763 448 2818 praesens
470 2747 712 2802 haberet
733 2760 850 2800 rem
873 2759 999 2799 cum
1023 2744 1281 2800 muliere.
1309 2745 1608 2800 Attonitus
1629 2745 1698 2800 de
1718 2750 1832 2800 tam

176 2836 368 2892 subita
399 2835 616 2889 mentis
642 2833 964 2890 mutacione
985 2840 1217 2903 tamque
1238 2834 1530 2903 inopinata
1550 2833 1744 2890 carnis
1767 2835 1835 2888 ti-

173 2923 502 2991 tillacionc,
523 2923 735 2992 quippe
757 2921 848 2990 qui
873 2921 1241 2991 diSposuerat
1262 2921 1596 2976 carnalibus
1614 2921 1836 2977 deside-

175 3011 273 3066 riis
308 3027 426 3066 non
461 3009 816 3077 consentire,
847 3024 975 3065 cum
1014 3009 1389 3064 festinacioue
1419 3009 1596 3076 exuit,
1625 3024 1687 3064 ac
1714 3010 1830 3077 uni,

173 3102 231 3154 ut
271 3100 350 3154 ita
387 3099 604 3167 dicam,
635 3098 704 3151 de
735 3096 1098 3168 principibus
1128 3097 1520 3164 sacerdotum,
1555 3098 1648 3168 qui
1685 3098 1835 3152 forte

177 3186 290 3243 illic
335 3189 570 3252 aderat,
614 3185 880 3242 indutum
923 3175 1112 3250 dedit;
1149 3185 1245 3254 qui
1280 3199 1405 3241 mox
1440 3190 1499 3241 ut
1535 3185 1740 3253 induit,
1775 3189 1831 3240 et

176 3274 297 3345 ipse
332 3276 687 3331 festinanter
715 3273 895 3340 exuit,
933 3288 1129 3328 secum
1166 3273 1400 3337 mirans,
1436 3273 1608 3328 nichil
1642 3279 1835 3328 tamen

179 3343 401 3419 dicens.
438 3365 592 3419 Tunc
624 3361 831 3431 reliqui
867 3361 962 3431 qui
997 3361 1292 3429 astabant,
1326 3361 1462 3430 quid
1491 3361 1545 3416 id
1573 3350 1832 3416 m‘raculi
1869 3343 1916 3403 Ο

178 3456 336 3506 esset
366 3450 667 3512 admirati.
700 3464 849 3504 unus
875 3453 1000 3520 post
1030 3463 1200 3504 unum
1233 3449 1462 3504 easdem
1494 3448 1712 3516 caligas
1745 3463 1834 3504 se-

175 3544 340 3594 creto
360 3539 665 3610 capientes
684 3537 1014 3605 induerunt,
1038 3543 1097 3592 et
1117 3536 1325 3592 similia
1356 3536 1502 3607 passi
1526 3542 1692 3601 sunt;
1715 3537 1839 3593 nul-

183 3627 488 3684 lustamen
510 3627 650 3698 quid
672 3632 975 3699 pateretur
997 3626 1247 3682 audebat
1276 3641 1378 3696 pro
1401 3627 1493 3659 ²⁵¹²
1517 3626 1736 3696 pudore
1764 3627 1839 3682 fa'

179 3717 306 3771 teri.
337 3717 666 3773 Novissime
690 3720 923 3771 ventum
949 3719 1038 3770 est
1061 3713 1132 3768 ad
1157 3715 1321 3769 urbis
1344 3715 1715 3785 przefectum;
1741 3729 1838 3800 qui

181 3809 238 3858 ut
260 3807 332 3860 ab
351 3804 635 3877 episcOpo
652 3804 856 3872 jussus
872 3802 1081 3871 induit,
1102 3802 1300 3858 furore
1321 3801 1647 3858 incredibili
1672 3802 1843 3860 infre-

179 3893 341 3962 muit,
363 3899 430 3950 et
452 3907 514 3948 se
539 3893 897 3948 incantatqu
929 3905 1062 3946 esse
1092 3891 1472 3962 proclamavit
1504 3890 1614 3959 πη,
1641 3889 1841 3946 scisci-

182 3981 450 4052 tantiquc
471 3980 601 4050 quis
622 3980 950 4048 iniquitatis
973 3980 1145 4050 hujus
1161 3983 1368 4034 auctor
1388 3977 1706 4048 exstiterit,
1723 3979 1841 4049 epi_

183 4082 399 4140 scopus
422 4069 673 4140 aperuit.
699 4069 852 4122 'l‘unc
871 4083 1071 4123 omnes
1089 4068 1142 4122 in
1167 4082 1340 4122 unum
1363 4067 1687 4120 sententias
1705 4081 1840 4121 suas

185 4157 552 4225 proferentes
577 4155 846 4211 dicebant
873 4155 1180 4210 maximum
1206 4155 1312 4208 hoc
1331 4167 1460 4208 esse
1478 4153 1733 4208 dedecus
1749 4166 1841 4209 ec‘

185 4243 400 4313 clesiae,
431 4243 581 4316 quod
603 4244 696 4313 qui
715 4243 996 4299 canonica
1018 4241 1104 4297 vel
1129 4241 1303 4297 etiam
1326 4241 1416 4273 ²⁵τ⁴
1438 4240 1836 4296 ecclesiastica

185 4337 570 4388 censerentur
591 4332 951 4402 professione
978 4330 1079 4386 tali
1108 4329 1356 4400 polleret
1381 4328 1474 4361 ’³⁷³
1499 4328 1834 4398 iniquitate;

187 4433 309 4475 eam
334 4420 569 4492 quidem
589 4435 717 4489 quae
739 4434 857 4475 rem
880 4419 1022 4474 hanc
1043 4421 1278 4474 fecisset
1303 4418 1374 4472 ab
1399 4417 1602 4472 ordine
1626 4416 1838 4472 sancti’

189 4509 394 4566 monia:
421 4507 620 4580 projici
647 4507 880 4576 dignum
905 4522 1060 4575 esse,
1086 4509 1318 4560 ceteras
1344 4520 1480 4560 vero
1506 4503 1583 4559 ibi
1612 4495 1838 4559 manen'

1949 2038 2215 2104 ecclesia,
2250 2039 2571 2094 Jerusalem
2594 2039 2790 2094 258°ire
2824 2038 3144 2110 disposuit;
3179 2039 3330 2096 unde
3364 2041 3593 2096 rediens

1950 2126 2006 2182 in
2037 2126 2165 2183 loco
2197 2127 2532 2198 supradicto
2563 2127 2632 2182 ad
2663 2126 2865 2184 laudes
2891 2128 2989 2183 Dei
3019 2129 3398 2186 celebrandas
3423 2128 3594 2186 clcri-

1947 2231 2050 2272 cos
2084 2215 2390 2286 religiosos
2421 2217 2791 2288 mancipavit.
2818 2216 3023 2272 Euntis
3051 2216 3246 2288 itaque
3271 2218 3593 2275 Jerusalem

1947 2319 2233 2375 quamque
2283 2305 2484 2360 efficax
2536 2319 2823 2375 quamque
2856 2306 2971 2360 Deo
3001 2305 3232 2361 exstitit
3273 2305 3591 2377 penitentia

1944 2399 2134 2462 grata,
2182 2393 2438 2464 prudens
2479 2392 2722 2464 quisque
2765 2391 2986 2463 liquido
3027 2398 3220 2464 potest
3259 2398 3586 2464 advertere,

1943 2496 2073 2538 cum
2108 2480 2377 2537 didicerit
2417 2480 2570 2552 quod
2603 2481 2796 2536 divina
2834 2485 3139 2552 respectus
3170 2481 3475 2538 clementia
3510 2482 3592 2536 vi-

1945 2584 2070 2624 rum
2104 2574 2363 2624 sanctum
2399 2569 2629 2624 beatum
2657 2567 2748 2601 "3‘
2777 2569 3110 2639 Symeonem
3141 2569 3247 2624 sibi
3277 2569 3590 2640 cmjunxe-

1947 2657 2021 2711 rit
2047 2671 2358 2727 secumque
2387 2656 2712 2712 adduxerit.
2747 2657 2922 2726 Cujus
2950 2657 3079 2727 quia
3114 2657 3329 2712 mentio
3354 2672 3416 2713 se
3440 2657 3592 2712 intu-

1948 2743 2032 2814 lit,
2063 2744 2200 2800 licet
2232 2744 2301 2799 de
2334 2744 2433 2799 illo
2463 2745 2749 2816 prolixior
2779 2749 3072 2801 tractatus
3101 2745 3384 2800 habeatur
3415 2745 3585 2816 (461),

1945 2837 2003 2887 et
2035 2846 2121 2886 me
2155 2832 2298 2887 libet
2330 2831 2419 2888 vel
2453 2833 2521 2888 ad
2557 2833 2863 2900 modicum,
2901 2839 2962 2890 ut
2992 2833 3036 2889 si
3071 2833 3346 2890 memoria
3375 2834 3501 2904 ejus
3532 2833 3587 2888 in

1948 2919 2352 2975 benedictione
2401 2921 2499 2990 qui
2548 2921 2789 2977 adduxit
2841 2920 3106 2990 eum’m,
3146 2921 3381 2977 Domino
3429 2921 3590 2992 adju-

1945 3015 2136 3076 vante,
2171 3008 2538 3064 sanctitatem
2580 3009 2706 3078 ejus
2748 3009 3161 3080 perstringere.

2017 3100 2066 3150 3.
2100 3095 2190 3128 ³⁵⁸³
2221 3097 2446 3152 Interea
2481 3097 2726 3154 domnus
2759 3099 2971 3169 P0ppo,
3006 3097 3076 3153 de
3109 3113 3222 3168 quo
3253 3111 3446 3154 sermo
3476 3099 3584 3165 est,

1943 3184 2261 3240 Trevericte
2285 3185 2456 3254 huius
2481 3185 2821 3256 metropolis
2842 3192 3156 3242 strennuus
3181 3186 3468 3257 provisor,
3497 3187 3588 3240 Je-

1947 3272 2277 3343 rosolimam
2310 3273 2553 3329 tendens
2585 3274 2703 3342 (an.
2739 3275 2912 3344 1028),
2948 3274 3024 3330 ibi
3058 3274 3168 3329 loci
3200 3289 3312 3344 quo
3345 3274 3586 3344 Symeon

1947 3363 2285 3417 morabatur
2301 3361 2603 3432 applicuit,
2627 3377 2872 3432 eumque
2895 3366 2952 3418 ut
2975 3377 3167 3418 secum
3193 3361 3389 3418 venire
3413 3361 3590 3417 vellet

1947 3449 2230 3504 exoravit.
2275 3449 2379 3515 Qui
2423 3464 2703 3514 annuens,
2736 3465 2865 3505 cum
2899 3449 3261 3505 Antiochiam
3293 3448 3384 3482 ’⁸⁸⁸
3416 3448 3586 3506 simul

1949 3537 2342 3606 devenissent,
2374 3539 2612 3609 Symeon
2642 3537 2734 3570 ’⁵⁸⁸
2765 3553 2792 3594 a
2828 3537 3200 3609 primoribus,
3236 3537 3446 3608 quibus
3478 3537 3589 3608 pri-

1949 3625 2076 3680 dem
2110 3625 2187 3680 ibi
2221 3641 2281 3682 se
2313 3632 2508 3681 notum
2543 3627 2779 3695 fecerat,
2815 3632 3140 3682 remoratus
3171 3626 3455 3694 substitit,
3492 3626 3592 3681 do-

1950 3730 2052 3770 nec
2082 3716 2279 3784 Poppo
2305 3713 2644 3770 Jerosolima
2669 3714 2900 3771 rediens
2921 3729 3089 3770 secus
3111 3727 3236 3770 eam
3265 3713 3358 3748 ’⁵⁸⁸
3387 3713 3592 3770 civita-

1950 3806 2066 3857 tem
2096 3801 2186 3834 ²⁸⁸⁷
2219 3802 2330 3857 iter
2371 3802 2616 3858 reflexit.
2661 3805 2813 3858 Tunc
2854 3802 3185 3858 admonitus
3225 3802 3279 3858 in
3309 3802 3587 3874 sompuis,

1949 3891 2193 3963 praefato
2226 3905 2288 3946 se
2321 3891 2554 3961 praesuli
2583 3891 3030 3960 commendavit,
3063 3897 3120 3946 et
3163 3906 3358 3947 secum
3387 3892 3592 3947 Treve-

1951 3979 2056 4034 rim
2091 3977 2244 4033 venit
2281 3978 2448 4048 (462),
2485 3979 2580 4034 ubi
2629 3985 2802 4050 prout
2849 3979 2970 4050 ipse
3015 3979 3184 4050 petiit
3214 3977 3304 4012 ³⁵⁸⁸
3335 3978 3388 4033 in
3442 3980 3588 4035 turri

1951 4065 2194 4135 quadam
2219 4066 2450 4121 deserta
2473 4081 2501 4120 a
2523 4069 2793 4136 Peppone
2818 4067 3103 4134 reclusus,
3126 4067 3281 4122 sicut
3303 4067 3588 4136 quondam

1950 4153 2005 4208 in
2037 4153 2252 4208 vertice
2275 4153 2489 4208 montis
2512 4155 2700 4224 Synai,
2738 4154 2816 4208 ita
2845 4169 2996 4210 nunc
3021 4153 3108 4209 bic
3133 4168 3360 4224 quoque
3382 4167 3591 4222 graves

1949 4240 2328 4309 malignorum
2368 4240 2677 4310 spirituum
2715 4241 2957 4297 insidias
2993 4241 3265 4312 perpetiit
3297 4240 3407 4310 ’3”,
3443 4255 3590 4310 quos

1948 4327 2186 4383 Domino
2213 4327 2530 4382 auxiliante
2559 4327 2877 4398 superavit.
2910 4329 3212 4383 Postremo
3235 4343 3364 4384 cum
3394 4327 3470 4383 ibi
3503 4343 3591 4383 re-

1948 4415 2146 4472 clusus
2171 4416 2556 4484 transegisset
2586 4420 2810 4486 septem
2839 4429 3042 4485 annos,
3073 4415 3124 4471 ei
3157 4416 3254 4486 qui
3283 4416 3441 4474 dedit
3471 4415 3592 4472 ani-

1950 4519 2091 4560 mam
2119 4503 2372 4559 reddidit
2397 4503 2515 4558 Kal.
2537 4503 2690 4560 Junii
2723 4517 2872 4560 anno
2899 4503 3211 4560 Dominicae
3240 4505 3589 4561 incarnatio-

189 4593 352 4667 tium,
381 4612 451 4651 ne
476 4596 547 4650 ab
569 4595 654 4650 eis
677 4594 1102 4665 quodammodo
1133 4596 1247 4648 tam
1283 4592 1491 4648 infame
1519 4591 1610 4624 "7°
1639 4607 1837 4663 proce-
1863 4630 1917 4691 D
1951 4592 2036 4648 nis
2071 4595 2204 4647 1035
2233 4590 2342 4645 “9°.
2379 4593 2526 4646 Deus
2557 4594 2748 4647 autem
2781 4605 2911 4647 eum
2940 4589 3030 4624 ²⁸⁹¹
3063 4589 3263 4648 multis
3304 4589 3584 4648 virtutum

1473 4791 1478 4796 .
1537 4733 1773 4790 VARLE
1818 4732 2224 4793 LECTIONES.

255 4883 346 4956 "9‘
378 4900 542 4942 sacra
572 4901 617 4940 s.
655 4887 693 4941 C
725 4887 914 4956 (sacra
945 4899 974 4940 c
1001 4897 1158 4956 corr.
1186 4885 1360 4956 ‘01.).

191 5036 340 5098 corr.
371 5041 485 5098 eps
500 5029 538 5098 ρ
554 5032 585 5098 1
607 5069 621 5098 ,ν
650 5028 709 5084 ct
725 5025 817 5082 ita
839 5028 877 5081 C
901 5029 958 5080 3.
987 5039 1124 5098 sq].

197 5097 246 5149 1.
287 5096 425 5153 C3.‘
471 5096 564 5130 ³⁵⁷⁵
602 5097 691 5154 ita
728 5109 925 5154 omnes
957 5097 1184 5154 codices
1215 5097 1280 5150 Β.

192 5165 280 5221 ita
307 5169 347 5223 C
380 5171 438 5224 4.
521 5166 612 5200 ³⁸⁷⁸
645 5167 874 5223 infamie
906 5169 1008 5221 Bl.
1089 5165 1181 5198 ²⁶ῖ⁷
1213 5165 1647 5220 conversionem
1686 5166 1783 5219 Bl.

191 5240 428 5297 sepius.
509 5235 602 5271 ’⁸³³
634 5237 796 5294 deest
813 5238 914 5291 C3.
997 5234 1088 5270 ²⁸⁸²
1119 5251 1248 5292 cum
1284 5238 1383 5291 B2.

191 5303 280 5339 ’⁸³⁸
304 5310 526 5366 simeon
557 5310 658 5364 Bt.
743 5305 834 5340 ²⁵⁶⁸
863 5307 1109 5364 dccstC.
1190 5305 1281 5339 ’³⁸⁷
1311 5307 1591 5362 deestBl.

1439 4882 1531 4915 ποι
1562 4883 1721 4940 deest
1752 4881 1852 4937 Bt.
1935 4881 2027 4914 ιιοο
2065 4879 2221 4937 deest
2253 4881 2354 4936 ce.
2435 4879 2526 4914 ’σιτ
2565 4880 2756 4936 atbele
2792 4880 2830 4934 Β
2860 4884 2920 4935 a.
2960 4885 3016 4937 δ.
3057 4880 3124 4936 c.

190 4955 441 5020 gationis
473 4958 574 5011 B2.
615 4957 670 5012 4.
710 4952 767 5011 5.
805 4968 938 5012 corr
999 4955 1067 5010 ut
1094 4952 1327 5010 videtur
1346 4954 1720 5022 congregatio
1746 4954 1812 5007 CI
1834 4994 1847 5008 .
1877 4953 1935 5008 ει
1954 4953 2043 5008 ita
2066 4952 2104 5006 C
2127 4955 2158 5005 3
2180 4965 2320 5022 sqq.

1207 5023 1297 5056 τιτι
1333 5025 1385 5079 id
1419 5024 1577 5080 deest
1613 5026 1648 5076 ις
1682 5028 1736 5078 1.
1819 5023 1912 5057 ιιτι

1326 5093 1568 5164 polleret
1601 5109 1756 5150 corr.
1799 5093 2081 5166 pollerent
2115 5093 2153 5146 C
2188 5097 2239 5146 1.
2285 5093 2392 5161 poll

1326 5165 1647 5219 versionem
1686 5166 1783 5219 Bl.
1867 5164 1958 5197 ²⁶⁷⁸
1987 5163 2150 5219 locus
2182 5161 2295 5217 iste
2327 5164 2392 5217 Bl

1565 5205 1654 5267 ἵέέῗε
1683 5205 1751 5291 ἔῖ
1772 5207 1868 5290 1.1.
1909 5205 2157 5303 ισὲῐῖιῗξ
2182 5205 2596 5302 ὶῑῗσῗὶχιιιι.
2634 5205 2837 5289 ’δίνῗὶίῖ

3206 4879 3299 4913 ⁸⁸⁸⁸
3337 4892 3581 4948 congre-

2405 4950 2496 4984 ’δι’
2527 4967 2577 5007 c.
2603 4950 2813 5006 exinde
2837 4951 2875 5006 c
2899 4955 2955 5006 3.
3037 4949 3132 4984 αιτο
3156 4947 3215 5020 οἳ
3241 4949 3268 5009 δ
3295 4951 3395 5020 ea.
3426 4947 3484 5005 4*.
3515 4954 3572 5004 δ.

1944 5038 2045 5095 pro
2065 5019 2396 5095 posticam.
2429 5037 2533 5092 pre
2565 5029 2602 5077 (λ
2637 5027 2690 5078 1.
2723 5092 2732 5095 _
2775 5021 2868 5054 "7‘
2900 5038 2960 5093 p.
2997 5035 3126 5095 esse
3152 5019 3216 5076 Ci.
3299 5019 3394 5095 "7f
3423 5020 3585 5095 dccc!

2285 5090 2574 5161 pollerent
2599 5092 2732 5163 post
2759 5090 2916 5149 corr.
2960 5091 3326 5164 pollueretur
3356 5091 3396 5146 C
3427 5094 3484 5146 3.
3527 5090 3584 5146 et

2285 5177 2295 5216 β
2327 5164 2426 5217 Bt.
2511 5163 2602 5197 "7’
2634 5163 2794 5219 deest
2825 5165 2892 5218 Bl
2913 5206 2926 5219 .
3007 5163 3100 5196 ²⁸⁸⁰
3131 5161 3481 5218 iherusalem
3508 5163 3572 5215 C.

1675 5305 1768 5339 ³⁸⁸⁸
1797 5306 1974 5376 peciit
2008 5307 2110 5360 B2.
2133 5302 2386 5374 sapius,
2417 5305 2474 5360 et
2501 5306 2593 5362 ita
2621 5305 2821 5375 etiam,
2857 5303 3249 5376 frequencius,
3282 5302 3580 5376 sentencia

194 5382 245 5450 ﬁt
262 5381 391 5450 alia
413 5378 777 5450 hujusmodz’,
797 5377 902 5450 sed
920 5377 1323 5450 nonomniozos
1344 5377 1538 5450 locis._
1595 5375 1691 5450 ’⁸εῇ
1710 5374 1986 5450 perpetiit
2009 5388 2155 5448 quos
2175 5387 2330 5432 corr.
2361 5389 2678 5448 perpessus
2700 5381 2791 5432 est
2807 5374 3050 5447 'quas'Cl
3069 5417 3082 5432 .
3111 5374 3170 5432 et
3185 5375 3279 5434 ita
3300 5375 3400 5430 C3.
3431 5387 3541 5444 sqq
3559 5414 3572 5428 .

192 5446 280 5480 "9°
307 5446 520 5506 XXXVI
560 5464 714 5508 corr.
753 5446 991 5506 XXXVI.
1030 5449 1130 5504 C3.
1213 5447 1305 5482 ²⁸⁹¹
1346 5462 1475 5504 cum
1509 5447 1610 5503 B2.
1651 5446 1908 5505 de’est‘C.

1784 5595 1996 5652 NOTxE

265 5734 408 5870 (460)
441 5730 782 5812 Palatiolum
812 5731 936 5786 sive
967 5729 1212 5812 Pfalzel;
1245 5745 1307 5810 ν..
1343 5744 1518 5810 supra
1550 5745 1600 5786 c.
1636 5733 1722 5786 24.

288 5805 410 5870 461)
442 5803 525 5858 Ex
555 5801 662 5858 bac
692 5801 819 5858 Vita
853 5803 926 5858 ab
954 5801 1261 5858 Eberwmo
1291 5801 1440 5856 infra
1469 5815 1523 5855 in
1559 5802 1716 5870 Appe

288 5799 410 5875 461)
442 5803 525 5858 Ex
555 5801 662 5858 bac
692 5801 819 5858 Vita
853 5803 926 5858 ab
954 5799 1261 5858 Eberwino
1291 5799 1440 5856 infra
1469 5799 1523 5855 in
1559 5799 1824 5872 Append.

1944 5727 2555 5800 fragmentaquaadam
2581 5726 2840 5800 exhibui.

2015 5802 2162 5870 (462)
2198 5797 2381 5856 Aliter
2410 5797 2753 5856 Eberwinus
2780 5798 2904 5854 haec
2933 5801 3154 5869 narrat,
3185 5813 3235 5853 ν.
3269 5798 3436 5854 infra.
