3920 6414
333 389 487 468 1188

1243 397 1509 468 CESTA
1542 397 2136 468 TREVEROBUM.
2173 435 2248 452 --
2277 402 2839 478 CONTINUATIO

3592 417 3744 492 1184

331 521 566 584 indiciis
594 523 1009 600 magniﬁcavit,
1041 526 1120 586 ita
1143 531 1204 588 ut
1229 527 1447 590 erectis
1471 529 1738 591 manibus
1762 532 1982 590 nostris
2013 510 2069 573 Α
2099 516 2273 579 dom”

2144 531 2308 579 omne
2319 517 2670 582 Johannein
2688 521 2801 582 hac
2813 521 3026 584 sancta
3038 522 3176 585 sede
3187 525 3518 600 apostolica
3526 530 3747 606 prede-

331 627 562 673 sursum
597 613 668 672 ad
698 616 876 674 Deum
908 633 975 675 ac
1001 613 1095 652 ’⁸⁸³
1119 619 1399 678 cordibus
1426 621 1660 693 nostris,
1695 621 1986 694 evangeli-

328 718 458 761 cum
481 703 626 760 illud
649 705 985 764 exultantes
1007 707 1324 766 decantare
1349 711 1658 783 possimus,
1686 713 1819 784 quia
1841 713 1988 772 visi-

332 791 489 850 tavit
505 793 666 850 Deus
679 795 908 866 plebem
927 811 1104 855 suam
1133 801 1294 867 (Luc.
1321 815 1362 871 ι,
1387 802 1498 873 68).
1533 803 1736 872 Itaque
1759 817 1864 873 pro
1887 802 1989 858 mi-

332 881 663 940 raculorum
681 885 969 956 frequenti
987 889 1327 947 ostensione
1347 889 1796 962 populustotius
1814 891 1988 961 hujus

335 970 644 1041 provincia
683 987 841 1046 saepe
881 975 1100 1034 dictum
1142 979 1474 1050 Popponem
1517 979 1990 1061 deprecabantur

333 1057 690 1133 episcopum,
729 1063 812 1119 uti
842 1063 912 1119 ad
944 1065 1222 1122 honorem
1251 1066 1352 1122 Dei
1381 1070 1440 1122 et
1468 1068 1653 1124 sancti
1687 1067 1848 1125 illius
1877 1057 1991 1125 viri

329 1145 420 1201 vel
454 1162 558 1219 per
589 1165 648 1205 se
679 1150 768 1207 vel
803 1167 907 1223 per
938 1154 1248 1225 epistolam
1275 1170 1438 1212 suam
1461 1157 1780 1214 Romanum
1804 1157 1993 1229 ponti-

335 1234 496 1292 licem
517 1239 879 1311 consuleret,
905 1247 961 1297 et
984 1248 1254 1300 eventum
1280 1245 1363 1300 rei
1389 1246 1714 1316 nunciaret,
1734 1251 1994 1318 peteret-

331 1338 442 1394 que
467 1327 746 1397 quatinus
771 1333 1147 1390 auctoritatis
1174 1333 1266 1368 "9’
1300 1340 1617 1408 praecepto,
1645 1351 1814 1407 quem
1839 1338 1992 1393 Deus

332 1413 708 1475 evidentibus
728 1419 1026 1478 miraculis
1047 1423 1503 1496 commendaret,
1528 1425 1682 1482 hunc
1703 1423 1794 1460 '5“
1815 1425 1990 1482 etiam

335 1502 593 1562 fidelium
626 1508 876 1579 populus
899 1510 1073 1580 digno
1099 1514 1318 1569 sanctis
1348 1515 1632 1585 obsequio
1663 1515 1994 1586 frequenta-

337 1595 445 1662 ret,
480 1599 541 1649 et
571 1609 818 1653 annuam
865 1599 1252 1671 depositionis
1294 1602 1422 1673 ejus
1463 1603 1614 1660 diem
1661 1603 1993 1676 sollempni-

331 1684 424 1736 tcr
445 1680 538 1716 ³⁸⁸⁵
559 1683 908 1743 celebraret.
939 1690 1124 1761 Super
1147 1693 1316 1761 cujus
1336 1691 1420 1747 rei
1440 1692 1684 1763 negocio
1707 1693 1992 1764 archiepi-

335 1783 552 1841 scopus
587 1772 790 1830 habito
821 1779 1381 1848 conprovincialium
1421 1781 1827 1852 episcoporum
1859 1798 1993 1838 con-

2098 623 2322 668 cessore
2340 612 2533 670 vestro
2555 627 2754 670 amore
2781 613 3030 673 visionis
3057 616 3318 688 sepulcri
3347 619 3458 678 Dei
3488 620 3745 685 hominis

2096 701 2286 758 Jhesu
2302 700 2533 759 Christi
2546 703 2880 761 Jerusalem
2895 719 3140 777 peregre
3151 709 3739 786 profectusfuissem,

2098 789 2166 846 in
2191 789 2430 862 regione
2458 791 2665 850 nostra
2691 807 3015 864 pravorum
3055 795 3358 854 hominum
3383 805 3747 872 supercrevit

2099 879 2422 952 iniquitas,
2436 881 2529 938 ita
2540 881 2722 939 utnec
2740 881 2938 940 adhuc
2953 898 3169 943 manus
3181 885 3255 942 ab
3266 887 3505 960 incepta
3514 892 3744 962 possint

2096 967 2408 1024 retrahere
2433 970 2718 1042 nequicia
2743 970 2856 1040 ²⁶⁰⁹,
2891 972 3092 1031 omnia
3111 988 3226 1046 per
3253 977 3571 1035 circuitum
3597 980 3743 1038 diri-

2091 1056 2325 1127 pientes
2337 1058 2395 1114 et
2404 1058 2508 1115 dev
2515 1059 2798 1118 astantes.
2813 1061 3012 1132 Super
3023 1077 3138 1134 quo
3147 1065 3472 1134 sepissime
3483 1067 3744 1140 depreca-

2101 1143 2197 1202 tus
2202 1145 2437 1218 faciem
2451 1148 2676 1205 domini
2687 1151 2801 1206 mei
2810 1150 2992 1222 regis,
3009 1153 3301 1224 quatinus
3310 1169 3552 1213 manum
3561 1157 3742 1216 michi

2091 1237 2432 1307 porrigeret
2459 1250 2582 1294 sua
2607 1236 2700 1270 ²⁶¹⁰
2726 1239 3290 1312 animadversionis,
3323 1245 3627 1318 nichilque
3652 1245 3742 1281 ’ω

2092 1325 2345 1396 profeci,
2379 1340 2529 1397 srrpe
2567 1328 2750 1384 etiam
2787 1343 2975 1399 supra
3005 1331 3307 1388 nominato
3333 1334 3744 1404 pradocessori

2098 1413 2291 1468 vestro
2315 1427 2424 1484 pro
2454 1415 2650 1471 eodem
2687 1418 3044 1488 supplicavi,
3077 1433 3182 1476 nec
3209 1423 3531 1494 quicquam
3561 1438 3746 1496 usque

2100 1500 2300 1559 adhuc
2317 1505 2738 1562 consolationis
2763 1505 3094 1576 impetravi.
3121 1507 3504 1573 Quamobrem
3524 1511 3744 1570 deside-

2098 1601 2166 1644 ro
2179 1590 2392 1648 utvetn
2402 1607 2512 1649 uno
2526 1593 2848 1650 solacietur
2860 1595 3044 1652 michi
3054 1597 3172 1652 Deo
3185 1597 3470 1656 amabilis
3483 1600 3745 1670 paterni-

2103 1681 2196 1734 tas
2221 1679 2441 1748 vestra,
2475 1683 2559 1738 mi
2567 1681 2800 1752 ttatque
2824 1684 3025 1740 virum
3055 1685 3125 1742 de
3153 1685 3634 1747 honoratioribus
3659 1704 3746 1745 ve-

2100 1766 2248 1825 stris
2268 1783 2340 1826 ac
2349 1783 2474 1840 pru
2494 1771 2866 1842 lentioribus,
2881 1775 2988 1843 qui
3005 1773 3189 1831 michi
3211 1774 3278 1832 in
3299 1777 3744 1836 necessitatibus

333 1857 482 1929 silio,
517 1862 670 1932 quod
705 1865 978 1923 subditus
1002 1867 1112 1923 sibi
1142 1869 1392 1940 populus
1423 1869 1516 1942 pie
1549 1871 1717 1944 petiit
1748 1871 1990 1944 implere
2021 1875 2072 1935 Β
2101 1856 2246 1944 meis
2265 1858 2514 1915 σθηείίίο
2534 1860 2718 1917 simul
2737 1861 2793 1917 σε
2811 1861 3050 1918 auxilio
3068 1861 3456 1936 εαπναθειτιν,
3487 1866 3744 1923 (lu-Tm"

333 1945 598 2005 decrevit
641 1952 810 2026 (463).

405 2039 454 2092 4.
489 2037 582 2071 ³⁸³⁸
615 2040 824 2097 Verum
852 2049 913 2098 ut
939 2045 1009 2100 ad
1033 2044 1124 2078 ³⁵⁸⁷
1147 2046 1408 2102 ordinem
1441 2047 1800 2105 narrationis
1829 2064 1992 2106 acce-

334 2122 486 2195 dam,
523 2124 668 2183 libet
701 2130 770 2185 ad
811 2133 1114 2202 superiora
1150 2149 1464 2207 parumper
1495 2136 1812 2207 respicere.
1843 2139 1992 2210 Pop-

337 2227 486 2284 pone
508 2214 564 2270 in
589 2217 880 2288 praelibati
906 2221 1136 2278 itineris
1158 2224 1400 2293 ncgocio
1429 2229 1720 2296 occupato
1743 2227 1988 2284 necdum

334 2316 590 2375 reverso,
626 2307 993 2366 Giselbertus
1023 2311 1116 2346 ²⁵⁹⁸
1149 2313 1382 2384 quidam
1414 2329 1611 2371 comes
1639 2314 1710 2371 de
1741 2315 1990 2372 castello

334 2391 732 2453 Lucelenburc
779 2397 874 2432 ³⁸³⁸
923 2401 1218 2458 nominato
1276 2417 1406 2458 cum
1466 2401 1585 2459 lilio
1642 2418 1747 2460 suo
1806 2405 1993 2462 Cuon-

331 2479 473 2536 rado
495 2481 606 2552 ποθ,
635 2499 747 2540 non
771 2487 858 2543 sic
878 2486 970 2521 ²⁶⁰¹
993 2488 1167 2546 aliter
1195 2505 1365 2574 quam
1396 2490 1546 2547 solet
1575 2491 1748 2563 lupus
1772 2491 1826 2548 in
1849 2507 1988 2551 oves

332 2567 588 2627 insanire
606 2573 654 2628 si
674 2575 904 2644 quando
927 2578 1242 2648 contigerit
1264 2567 1558 2652 pastorem
1583 2579 1808 2652 deesse,
1838 2581 1988 2640 alius

331 2655 462 2728 hoc,
495 2659 650 2718 alius
681 2662 822 2722 illud
849 2665 958 2722 sibi
982 2667 1312 2739 vendicare,
1346 2667 1444 2725 ille
1473 2684 1873 2741 quoscumque
1897 2686 1990 2728 ca-

333 2761 492 2817 pere,
519 2749 633 2806 iste
655 2751 748 2786 ²⁶⁰²
769 2759 962 2810 autem
987 2755 1334 2828 dcprzedari,
1363 2758 1566 2830 sicque
1589 2759 1737 2816 mala
1764 2759 1990 2816 inenar-

333 2835 536 2892 rabilia
571 2853 682 2896 non
714 2829 1027 2900 cessabant
1060 2850 1417 2918 perpetrare.
1465 2829 1630 2914 Quod
1671 2849 1989 2922 episcopus

331 2938 604 2984 reversus
653 2944 974 2990 conversus
1023 2935 1468 3006 conperiens—
1499 2951 1606 2993 nec
1656 2939 1808 2994 enim
1861 2939 1990 3010 ipso

331 3021 626 3082 praesente
669 3033 698 3074 a
731 3019 956 3076 malicia
1005 3038 1106 3079 sua
1141 3037 1205 3080 se
1241 3029 1513 3096 poterant
1561 3027 1886 3097 continere,
1919 3059 1987 3068 —

331 3115 462 3157 cum
498 3119 608 3161 non
645 3109 936 3178 potuisset
959 3111 1080 3168 ullo
1106 3112 1274 3170 modo
1298 3113 1416 3169 illis
1438 3115 1739 3186 resistere,
1773 3115 1986 3188 quippe

335 3190 547 3288 quibus
573 3195 760 3253 tocius
782 3197 953 3268 hujus
981 3201 1294 3272 provinciae
1317 3202 1693 3274 valentiores,
1719 3203 1817 3274 qui
1841 3204 1986 3262 hanc
2021 3236 2067 3289 (ι

334 3276 389 3334 in
421 3295 523 3338 eos
557 3283 902 3342 debuissent
930 3288 1197 3358 iniuriam
1226 3291 1318 3324 ²⁶⁰³
1350 3292 1666 3363 vindicare,
1698 3293 1988 3350 confoede-

334 3371 443 3424 rati
477 3378 642 3428 erant
678 3375 916 3432 hominii
945 3377 1037 3412 ²⁶⁰⁴
1069 3381 1504 3452 conjunctione,
1535 3395 1801 3454 persaepe
1833 3382 1985 3454 apud

333 3455 742 3530 imperatorem
769 3466 1137 3525 Cuonradum
1160 3467 1256 3503 ²⁶⁰⁸
1279 3484 1340 3526 se
1363 3471 1743 3542 proclamavit
1769 3471 1840 3528 de
1864 3470 1989 3526 illo-

333 3559 457 3602 rum
504 3551 834 3624 tyrannide,
887 3556 1178 3628 nichilque
1232 3559 1420 3630 potuit
1473 3559 1781 3632 proiicere,
1835 3560 1989 3616 sicut

330 3635 664 3710 subscripta
695 3641 821 3710 ejus
852 3643 1100 3714 epistola
1141 3652 1580 3702 commemorat.
1621 3648 1783 3704 Unde
1815 3664 1984 3719 quam

333 3723 533 3792 plures
565 3732 625 3783 et
655 3730 776 3799 regi
807 3735 866 3786 et
897 3746 1060 3804 papae
1093 3733 1363 3790 mittebat
1388 3735 1480 3768 “0°
1503 3735 1808 3807 epistolas,
1842 3753 1988 3808 quas

333 3813 468 3880 quia
519 3829 624 3885 pro
674 3818 1051 3876 multitudine
1099 3822 1402 3879 taediosum
1436 3830 1564 3880 erat
1596 3824 1856 3894 singulas
1889 3842 1987 3897 p0-

335 3915 473 3958 ncre
503 3901 614 3973 ³⁵⁸⁷,
649 3919 850 3962 verum
883 3909 1061 3964 etiam
1095 3909 1227 3980 quia
1260 3925 1372 3966 non
1405 3926 1605 3968 omnes
1636 3913 1880 3982 contigit
1915 3913 1985 3968 ad

335 4002 519 4046 meam
553 3993 832 4051 noticiam
865 3995 1160 4068 devenire,
1196 4012 1364 4056 unam
1397 3999 1546 4058 hanc
1579 4004 1802 4058 tantum
1834 4003 1988 4060 suill-

331 4078 445 4136 ciat
478 4096 584 4154 pro
613 4084 884 4142 omnibus
912 4085 1199 4157 posuisse.

644 4187 909 4230 EPISTOLA
953 4190 1226 4232 rorroms
1267 4191 1520 4235 serscorr
1557 4176 1668 4232 ³⁸⁸³⁸.

401 4240 896 4302 Reverentissimo
901 4246 1078 4319 patri
1084 4254 1331 4318 patrum
1340 4263 1456 4322 gra
1464 4249 1554 4307 tia
1568 4250 1866 4308 etnomine
1879 4254 1988 4309 Be-

328 4330 1493 4408 nedicto,Poppo,licetindignus,divina
1510 4339 1708 4396 tamen
1725 4339 1987 4412 largien-

335 4417 390 4473 te
410 4418 743 4492 clementia,
765 4425 987 4481 sanctae
1014 4424 1389 4485 Treverensis
1407 4427 1666 4486 ecclesiae
1683 4429 1982 4499 minister,

246 4529 259 4546 ι
331 4520 461 4563 cum
475 4507 660 4568 totius
671 4509 923 4584 eiectus
939 4513 1252 4572 dilectione
1269 4514 1528 4574 debitam
1541 4515 1980 4589 subjectionem.

329 4596 647 4670 Superiori
667 4614 822 4658 anno
844 4615 976 4658 cum
996 4604 1293 4661 annuente
1316 4606 1665 4664 veneranda
1687 4607 1985 4664 memoria

2102 1943 2202 2000 tur
2231 1945 2360 2002 dico
2382 1947 2452 2003 de
2469 1948 2761 2017 adversis,
2793 1949 3141 2007 consilietur
3171 1953 3369 2010 autem
3397 1953 3467 2011 de
3495 1954 3591 2014 his
3615 1969 3745 2026 quae

2104 2032 2289 2090 latere
2308 2049 2423 2092 non
2443 2038 2613 2094 credo
2636 2053 2814 2096 aures
2831 2041 3041 2096 vestra
3060 2042 3428 2100 sanctitatis.
3452 2044 3672 2101 Atvero
3688 2045 3743 2102 si

2101 2119 2388 2182 hactenus
2405 2139 2506 2182 vos
2531 2127 2853 2196 latuerunt,
2877 2129 3016 2199 jam
3041 2143 3200 2187 nunc
3229 2129 3458 2188 obsecro
3477 2131 3569 2188 uti
3591 2131 3744 2190 beni-

2092 2224 2279 2280 gnum
2313 2213 2535 2271 litteris
2562 2216 2712 2272 meis
2741 2218 3178 2275 accommodare
3201 2219 3406 2276 velitis
3435 2219 3730 2278 auditum.

2113 2299 2216 2357 Vir
2231 2302 2479 2373 quidam
2500 2305 2635 2360 vita
2651 2305 2848 2362 sancti
2857 2306 2976 2362 tate
2993 2306 3323 2365 laudabilis
3339 2308 3504 2379 apud
3512 2322 3616 2368 nos
3627 2309 3743 2368 die-

2102 2386 2204 2445 bus
2222 2389 2364 2447 istis
2387 2405 2462 2447 ex
2481 2392 2596 2450 hac
2618 2395 2743 2450 luce
2757 2395 3067 2465 migravit,
3087 2409 3259 2466 quem
3272 2397 3328 2453 si
3344 2396 3542 2469 signis
3560 2398 3618 2455 et
3628 2399 3742 2455 vir-

2101 2477 2330 2535 tutibus
2358 2493 2490 2550 qua
2498 2495 2611 2553 per
2631 2495 2762 2538 eum
2787 2483 3075 2540 Dominus
3097 2483 3376 2554 operatur
3406 2485 3638 2542 credere
3659 2485 3743 2542 de-

2101 2565 2359 2633 beamus,
2367 2569 2586 2640 procul
2601 2569 2777 2627 dubio
2796 2584 2925 2626 eum
2941 2585 3073 2628 cum
3088 2571 3314 2629 sanctis
3331 2572 3559 2631 aeterna!
3575 2573 3744 2632 beati-

2101 2656 2332 2714 tudinis
2354 2656 2571 2715 habere
2591 2661 2952 2716 conservi-um
2975 2674 3093 2716 non
3113 2657 3472 2719 dubitamus.
3491 2663 3616 2721 Sed
3630 2678 3742 2721 non

2103 2745 2223 2802 tam
2259 2747 2440 2816 signa
2476 2761 2608 2819 quae
2633 2748 2922 2819 ﬁdelibus
2950 2749 3009 2804 et
3034 2747 3381 2820 inﬁdelibus
3413 2755 3741 2810 communia

2098 2836 2258 2905 sunt,
2273 2851 2457 2908 quam
2462 2837 2616 2908 ﬁdei
2632 2837 2848 2902 virtus,
2864 2851 2986 2908 qua
3008 2837 3212 2902 fideles
3223 2836 3298 2894 ab
3309 2838 3738 2910 inﬁdelibus”-

2099 2926 2398 2995 questrati
2417 2927 2577 2996 sunt,
2611 2940 2733 2996 qua
2756 2927 2881 2997 ipse
2904 2926 3042 2982 dum
3063 2925 3258 2982 adhuc
3277 2928 3343 2984 in
3361 2942 3597 3000 corpore
3619 2945 3735 2986 ma-

2099 3015 2606 3087 neretpturimum
2625 3014 2840 3086 riguit,
2862 3015 2932 3071 de
2949 3017 3078 3086 ejus
3098 3029 3202 3072 nos
3222 3017 3540 3076 sanctitate
3559 3018 3736 3076 certos

2097 3104 2300 3161 reddit
2320 3105 2428 3162 ³⁸η,
2464 3107 2728 3164 Proinde
2747 3109 3067 3166 accersivit
3083 3124 3188 3168 nos
3210 3111 3333 3168 tam
3351 3109 3542 3166 clerus
3561 3122 3734 3180 quam

2095 3193 2347 3266 populus
2367 3194 2625 3252 ecclesiae
2643 3197 2876 3267 nostra,
2897 3197 3280 3270 obsecrantes,
3299 3197 3393 3255 uti
3407 3197 3625 3256 litteris
3642 3212 3734 3254 no-

2097 3283 2245 3341 stris
2260 3284 2344 3340 ad
2357 3284 2514 3342 hanc
2529 3287 2912 3356 apostolicam
2931 3288 3141 3358 sedem,
3159 3289 3256 3346 cui
3267 3302 3367 3346 vos
3377 3287 3611 3346 auctore
3621 3287 3732 3344 Deo

2096 3373 2450 3444 prasidetis,
2475 3387 2607 3431 cum
2624 3374 2798 3432 illius
2813 3374 2937 3432 viri
2952 3376 3150 3434 sancti
3165 3376 3294 3434 vita
3309 3375 3400 3410 ²⁸ι³
3418 3377 3475 3432 et
3487 3376 3733 3434 miracu-

2100 3462 2178 3520 lis
2197 3462 2403 3521 missis
2420 3463 2766 3534 peteremus,
2793 3465 2952 3536 quod
2971 3465 3262 3536 peticione
3288 3464 3533 3538 dignum
3555 3464 3734 3522 credi-

2097 3565 2248 3620 mus,
2275 3553 2586 3624 q-uatinus,
2619 3554 2676 3610 si
2703 3553 2794 3609 ita
2821 3551 2984 3610 nobis
3013 3555 3252 3610 cautum
3277 3553 3570 3623 videatur,
3601 3553 3733 3608 dato

2098 3639 2266 3698 nobis
2287 3641 2472 3699 vestri
2499 3641 2868 3712 apostolatus
2901 3643 3146 3712 decreto,
3178 3657 3385 3701 nomen
3413 3645 3541 3717 ejus
3563 3641 3733 3700 liceat

2098 3744 2227 3786 cum
2238 3732 2581 3788 sanctorum
2599 3731 2936 3789 nominibus
2952 3731 3244 3790 conscribi
3254 3732 3559 3804 ceteraque
3567 3731 3733 3789 hono-

2094 3821 2186 3876 ris
2205 3820 2434 3877 sanctis
2456 3819 2642 3876 debiti
2666 3821 2784 3891 ipsi
2806 3821 3085 3892 impendi.
3111 3822 3330 3894 Itaque
3343 3821 3494 3895 quid
3503 3819 3727 3890 sola-cii,

2097 3909 2250 3980 quid
2263 3908 2502 3966 consilii
2518 3923 2692 3980 super
2705 3909 3064 3966 altevatione
3080 3910 3500 3982 angustiarum
3511 3910 3730 3968 nostra-

2094 4013 2231 4055 rum
2252 3999 2392 4055 hinc
2407 3998 2615 4056 etinde
2631 3998 2970 4056 obortarum
2989 4001 3316 4071 prudencia
3337 3999 3536 4057 vestra
3553 3997 3729 4056 michi

2096 4087 2424 4144 ineundum
2443 4085 2534 4121 ⁸⁸³⁸
2557 4087 2903 4154 decreverit,
2923 4089 3055 4145 sine
3075 4088 3255 4160 longa
3285 4087 3558 4160 temporis
3586 4085 3730 4144 dita.

2099 4179 2255 4236 tione
2275 4178 2606 4247 dignemini
2623 4177 2955 4234 insinuare.
2975 4179 3176 4233 Honor
3189 4177 3379 4234 vester
3393 4176 3451 4233 et
3462 4177 3730 4233 meritum

2095 4252 2254 4322 apud
2275 4250 2462 4322 Deum
2479 4261 2714 4322 semper
2727 4249 2788 4322 et
2803 4249 3063 4306 homines
3084 4249 3396 4322 augeatur.

2169 4322 2277 4376 Sed
2309 4320 2448 4390 quid
2477 4318 2626 4391 papa,
2650 4321 2720 4376 ad
2752 4319 2872 4375 haec
2903 4318 3293 4391 responderit,
3329 4332 3610 4389 quamque
3643 4318 3730 4374 he-

2097 4393 2269 4462 ηῖὲηο
2311 4389 2542 4446 “limis
2581 4390 2929 4470 (‘illSdSllpml
2959 4389 3724 4470 decursasacceperit,_mea

2097 4459 2207 4519 non
2233 4469 2324 4519 est
2349 4476 2498 4533 Opus
2525 4459 2882 4531 praefatione.
2908 4463 3099 4530 Ipsum
3119 4460 3272 4533 audi,
3295 4459 3434 4530 quid
3454 4459 3623 4518 dicat.

2436 4529 2696 4613 epistola
2728 4547 2904 4588 DOMNI
2936 4529 3092 4589 mm
3114 4529 3206 4564 ³⁸⁸⁵
3232 4529 3403 4601 (464).
3451 4601 3486 4613 ἢ
3531 4601 3542 4613 ο

2167 4604 2527 4662 Benedictus
2546 4605 2867 4674 episcopus,
2891 4617 3096 4661 servus
3113 4599 3415 4662 servorum
3435 4601 3564 4673 Dei,
3587 4599 3727 4673 Pop-

1680 4721 1918 4777 VARleE
1977 4721 2382 4779 LECTIONES.

401 4809 492 4843 2392
525 4827 553 4867 a
590 4813 682 4866 BS.

401 4813 492 4843 ²⁵⁹²
525 4827 553 4867 a
590 4813 682 4866 Bs.
784 4813 875 4847 ²⁵⁹³
918 4830 968 4869 a.
1003 4815 1130 4885 ejus
1168 4817 1262 4870 Bt.
1296 4817 1422 4886 ejus
1449 4819 1589 4874 ante
1617 4822 1771 4873 auct.

367 4885 564 4955 LCL).
595 4952 605 4955 Α
644 4883 740 4917 ³³⁸⁸
766 4885 926 4942 deest
955 4887 1052 4941 BI.
1139 4886 1231 4918 ’⁵⁸⁵
1259 4902 1304 4942 c.
1345 4890 1448 4942 Lll.
1487 4889 1691 4944 Leibn.
1714 4890 1771 4945 :l

329 4895 387 4936 θι
421 4895 564 4937 GL).

644 4883 740 4917 ³³⁸⁸
766 4885 926 4942 deest
955 4887 1017 4941 BI
1039 4883 1052 4939 ξ

332 5025 445 5131 τίει·
479 5027 1062 5131 ει.τ;..τίεςίείιδο,εμι

336 5096 436 5182 Cl.
477 5098 535 5152 et
564 5097 856 5182 ita‘sqq.‘
905 5096 974 5130 ³⁸⁸

331 5307 432 5382 (33.
471 5324 610 5382 sqq.
693 5311 785 5344 ²⁶³²
820 5307 1208 5368 reddidit'llh.
1251 5314 1505 5370 reddidit
1545 5316 1644 5370 B5.

1801 4819 1938 4889 post
1959 4818 2102 4894 add.
2139 4820 2233 4894 C_I.
2269 4818 2334 4894 et
2349 4816 2566 4894 ita_C_I_3.
2593 4829 2733 4894 sqq:
2761 4816 2932 4894 ‘_”’_‘_
2957 4816 3018 4871 ct
3043 4816 3268 4894 huncce

1139 4886 1231 4918 ’που
1259 4902 1304 4942 c.
1331 4883 1448 4942 ιη.
1487 4889 1736 4945 Leibn.:
1762 4883 1827 4952 u‘.
1863 4903 1918 4945 ο.
1958 4890 2122 4944 xxv.
2170 4889 2271 4944 Cl.
2307 4892 2366 4943 δ.
2449 4886 2541 4920 ποτ
2568 4883 2732 4944 deest
2760 4886 2861 4941 Bs.
2903 4891 2960 4941 δ.
3043 4883 3136 4918 που
3163 4884 3503 4952 gisilbertus
3529 4885 3625 4940 es.
3664 4888 3719 4941 δ.

333 4951 432 5040 ’ξθξ
456 4951 875 5040 lueele'nbulrch
915 4958 1007 5010 1:2.
1045 4956 1556 5040 iungerilzurchllt.
1594 4960 2216 5040 gguine!culmrchnC.I
2291 4958 2382 5040 ’θίξθ
2408 4957 2670 5040 cunrado
2693 4957 2768 5040 ‘C.
2805 4971 3082 5040 βαφαῖς..
3137 4951 3224 5040 ’f“
3251 4956 3409 5040 ἐίσας,

1142 5029 1386 5108 ’σθ’-ἱῃςο
1421 5030 1686 5108 Bi.‘__'_°°3
1718 5031 1878 5108 deest
1911 5033 2032 5108 Bi._
2061 5031 2181 5108 7"":
2207 5031 2420 5108 homini
2455 5032 2562 5108 ΒΩ..
2595 5033 2656 5108 3._
2693 5027 3038 5108 homines}:
3061 5029 3117 5082 4.
3153 5031 3211 5083 δ.
3249 5027 3487 5083 hominii
3516 5039 3717 5108 eporr.

1029 5098 1347 5156 cunradum
1384 5103 1449 5156 C.
1531 5101 1624 5134 ¹⁶⁰⁶
1657 5103 1967 5157 mittebant
2003 5103 2101 5156 B'Z.
2145 5104 2245 5158 C6.
2285 5116 2435 5159 corr.
2473 5101 2740 5156 mittebat
2775 5099 2842 5154 Cl
2947 5098 3038 5133 ²⁶⁰¹⁷
3071 5111 3209 5154 nere
3237 5113 3436 5154 verum
3467 5127 3526 5138 -—
3561 5098 3725 5154 inter-

334 5166 505 5222 missa
538 5176 674 5245 sunt
717 5166 734 5228 (
746 5166 926 5245 infra
954 5185 1005 5245 c.
1048 5171 1490 5245 8)_desuntill3,
1519 5173 1704 5245 fol-iis
1745 5173 1937 5230 tribus
1977 5174 2222 5245 ercisis.

337 5250 537 5308 papam
574 5241 612 5296 C
647 5245 693 5296 1.
731 5245 782 5300 6.
806 5240 921 5298 ubi
953 5242 1170 5322 incipit
1197 5256 1246 5299 ο.
1280 5244 1474 5325 ΧΧῩΙ..
1519 5240 1633 5277 ’ποθ
1665 5245 1948 5347 nequucia
1985 5244 2078 5298 ll“).
2159 5243 2250 5276 ²⁶¹⁰
2281 5243 2440 5325 deest
2471 5245 2564 5322 Bi.

337 5307 432 5362 C3.
471 5324 610 5369 sae.
693 5311 785 5344 ²⁶³²
820 5311 1074 5368 reddidit
1109 5315 1208 5368 lli.
1251 5314 1505 5369 reddidit
1545 5316 1644 5369 B5.
1731 5315 1750 5347 ²
1782 5315 1821 5346 ⁸³
1853 5315 2012 5369 deest
2043 5315 2142 5368 Bt.
2225 5314 2317 5348 ³⁸³⁸
2347 5330 2401 5369 ιη
2425 5329 2564 5369 eunc

2830 4813 2920 4847 ²⁸⁹⁶
2957 4815 3018 4871 ct
3048 4813 3198 4870 hunc
3229 4813 3403 4870 etiam
3436 4812 3493 4868 C.
3529 4811 3726 4878 (deleto

2291 4958 2382 4992 ²⁶⁰⁰
2408 4957 2670 5016 cunrado
2703 4957 2768 5013 C.
2805 4971 3056 5028 semper.
3137 4953 3224 4990 ²⁶⁰¹
3251 4956 3409 5028 κεῖσαι
3439 4955 3540 5028 82.
3581 4954 3722 5012 sicut

2324 5171 2417 5205 ¹⁶⁰³
2467 5173 2629 5229 deest
2651 5170 2838 5227 rubra
2871 5172 2972 5226 B2.
3013 5173 3071 5226 4.
3109 5174 3168 5225 δ.
3209 5170 3309 5225 C3.
3350 5168 3632 5239 Popponis
3659 5170 3720 5226 ad

2644 5240 2736 5275 ³⁸1⁸
2767 5241 3061 5312 nichilque
3083 5254 3232 5312 corr.
3257 5239 3433 5312 nichil
3458 5239 3549 5312 CA1.
3574 5240 3625 5297 et
3643 5241 3726 5297 ita

2225 5314 2317 5348 “1‘
2347 5315 2401 5370 in
2425 5313 2672 5371 eundem
2700 5314 2800 5368 B2.
2833 5317 2890 5368 5.
2924 5317 2942 5366 (
2966 5309 2998 5369 6
3109 5309 3202 5344 ³⁸η
3229 5311 3384 5368 deest
3409 5309 3594 5367 rubra
3624 5312 3715 5367 Βῆ.

333 5380 380 5432 s.
417 5383 466 5434 5.
506 5380 604 5456 ςῖῑς.
639 5383 990 5456 Benedictus
1025 5399 1165 5454 papa
1201 5385 1456 5455 Popponi
1489 5387 1582 5440 C1.
1617 5389 1668 5441 6.
1704 5388 1778 5442 In
1812 5389 1906 5440 (:3.
1938 5388 2004 5443 in
2038 5387 2316 5456 margine
2353 5386 2487 5443 alia
2524 5398 2710 5442 manu
2741 5384 3028 5456 scriptum
3070 5383 3288 5455 legitur
3316 5402 3336 5439 :
3366 5383 3723 5439 canonizacio

334 5452 525 5507 sancti
572 5453 894 5523 Symeouis.
929 5452 1048 5512 -σ.
1088 5452 1219 5510 Llll.
1254 5452 1371 5513 me.
1407 5456 1604 5513 Leibn.
1637 5470 1683 5514 o.
1722 5457 1930 5512 XXVII.
1969 5459 2062 5512 Cl.
2095 5461 2155 5511 6.

1936 5572 2140 5627 ΝΟΤ.Ε

401 5677 550 5753 (ᾴ63)
583 5680 646 5753 Υ.
680 5679 992 5753 epistolam
1024 5699 1072 5740 c.
1106 5685 1156 5739 4.

401 5747 550 5822 (664)
583 5752 664 5808 Ex
714 5747 920 5808 codice
969 5753 1218 5824 quodam
1267 5754 1535 5811 ecclesiae
1587 5756 1638 5810 S.
1694 5755 1980 5812 Simeonis

2089 5685 2385 5758 editaest
2437 5687 2590 5758 Acta,
2630 5686 2724 5740 SS.
2759 5687 2888 5744 Jun.
2922 5689 2964 5754 l,
3001 5703 3054 5758 p.
3105 5687 3193 5754 96,
3245 5686 3414 5756 cujus
3462 5683 3724 5742 lectiones

2093 5757 2225 5813 hinc
2259 5755 2391 5812 inde
2422 5755 2612 5814 attuli.
