3920 6448
187 388 341 452 1189

1111 374 1380 452 essm
1427 382 2015 453 TREVERORUM.
2070 424 2123 435 -—
2157 368 2715 452 coNriNUA'rzo

3448 381 3605 450 1190

183 511 603 573 multitudinis
607 512 766 588 fusa
781 526 951 586 prece
966 514 1412 572 commendetur.
1437 514 1662 572 Interea
1684 514 1843 570 ClIbl-
1874 502 1931 564 A
1958 519 2084 571 arte
2115 511 2437 570 substratis
2479 512 2642 569 novis
2689 511 2839 584 aliis,
2888 511 3248 585 resolidavit,
3284 512 3361 571 ita
3397 519 3461 570 ut
3492 528 3602 571 non

189 605 450 662 cularius
467 604 824 675 postulatum
841 605 1054 661 obtulit
1071 620 1329 673 censum,
1350 619 1518 675 quem
1538 609 1843 674 acceptum

192 692 366 749 ut'"1
388 693 570 763 coepit
596 692 649 747 in
677 708 960 763 pauperes
990 694 1341 763 expendere,
1378 708 1487 749 una
1512 707 1711 749 omnes
1734 706 1846 748 caa-

191 784 401 851 perunt
433 794 578 835 voce
610 779 884 850 clamare,
932 780 1178 835 nummis
1215 780 1321 835 sibi
1357 795 1505 851 Opus
1535 795 1645 836 non
1679 794 1843 845 esse;

191 868 261 923 de
298 882 535 922 nummo
568 868 719 922 enim
754 872 852 923 aut
886 867 1062 921 nichil
1097 873 1197 923 aut
1228 882 1428 938 parum
1459 868 1704 937 quisque
1736 867 1845 922 sibi

191 954 441 1012 valentis
484 969 826 1025 comparare
860 970 1058 1025 posse,
1095 956 1249 1025 quia,
1286 955 1433 1010 sicut
1468 955 1591 1024 ipse
1622 959 1843 1025 nosset,

193 1044 421 1098 modius
444 1058 595 1098 unus
622 1042 893 1097 frumenti
920 1042 1355 1114 appenderetur
1379 1042 1583 1098 solidis
1603 1046 1687 1097 25.
1716 1041 1848 1107 Qui-

195 1132 303 1187 bus
334 1130 432 1185 ille
464 1131 788 1201 respondit,
826 1130 982 1186 aliud
1019 1130 1154 1200 quid
1189 1130 1297 1185 sibi
1335 1146 1449 1201 pl‘tD
1471 1130 1562 1162 ²⁶⁷¹
1586 1129 1849 1186 manibus

194 1231 305 1274 non
340 1232 497 1288 esse,
534 1232 648 1288 quo
679 1218 971 1289 potuisset
1016 1217 1245 1273 illorum
1277 1217 1369 1250 "7'
1400 1218 1851 1273 necessitatibus

195 1308 649 1364 communicare.
710 1307 832 1372 Quo
878 1313 1077 1361 contra
1129 1306 1211 1360 illi
1249 1326 1260 1360 :
1292 1308 1387 1373 Si,
1436 1307 1721 1376 inquiunt,
1772 1305 1854 1362 ad

188 1408 450 1466 presens
490 1395 666 1451 aliud
703 1394 857 1465 quid
894 1394 1040 1449 dare
1074 1394 1242 1450 nobis
1282 1409 1395 1449 mm
1425 1394 1603 1451 habes
1629 1394 1739 1462 "7‘,
1775 1393 1853 1450 da

195 1483 411 1540 saltem
442 1484 513 1539 de
534 1482 862 1554 pinguibus
890 1483 1060 1554 equis
1094 1484 1235 1553 tuis,
1264 1484 1332 1538 ut
1352 1483 1444 1538 re!
1462 1488 1542 1538 ad
1560 1482 1854 1539 modicum

191 1573 599 1643 compescatur
634 1572 862 1628 esuries
904 1572 1109 1627 nostra
1142 1572 1339 1627 edulio
1370 1571 1592 1629 carnis.
1630 1574 1697 1627 At
1731 1569 1848 1651 ille,

192 1659 336 1715 licet
378 1660 617 1729 invitus,
672 1660 1017 1717 recordatus
1062 1665 1250 1716 tamen
1296 1660 1458 1716 verbi
1500 1659 1658 1716 illius
1699 1659 1851 1730 quod

192 1748 373 1817 vulgo
404 1749 461 1804 in
494 1748 866 1819 proverbium
900 1750 1153 1804 vertitur
1182 1767 1193 1805 :

1959 602 2433 659 ineonvenienter
2463 602 2518 657 in
2549 602 2673 671 ejus
2705 602 2874 659 laude
2908 602 3039 657 libri
3074 601 3164 635 ²⁶⁸⁴
3196 603 3509 674 Sapientiae
3541 602 3606 658 ει»

1957 689 2053 747 lud
2090 690 2294 746 debeat
2330 705 2647 761 personare
2676 710 2686 743 :
2712 692 2863 747 Ecce
2891 690 3165 747 sacerdos
3190 702 3461 761 magnus.
3497 695 3605 762 qui

1956 779 2021 835 in
2047 780 2179 834 vita
2207 793 2319 835 sua
2346 778 2621 849 sufulsit
2646 778 2741 810 ³⁸⁸⁸
2774 778 3023 845 domum,
3060 778 3211 833 etin
3242 778 3449 835 diebus
3475 781 3607 837 suis

1956 866 2360 924 corroboracit
2385 868 2665 937 templum
2694 866 2903 935 (Eccli.
2932 882 2981 936 1.,
3011 867 3081 937 1),
3117 872 3230 922 etc.
3265 865 3359 899 ³⁵⁸⁸
3389 867 3607 923 Resoli-

1958 953 2151 1010 datam
2199 954 2393 1024 itaque
2423 959 2480 1010 et
2510 954 2601 987 ’⁸⁸⁷
2634 956 2687 1009 in
2724 954 3031 1025 pristinum
3074 954 3447 1010 reformatam
3491 959 3608 1012 sta-

1961 1048 2101 1111 tum,
2137 1044 2418 1114 preciosis
2446 1042 2599 1098 beati
2634 1043 2871 1099 Materni
2904 1041 2995 1075 ²⁶⁸⁸
3026 1042 3292 1113 reliquiis
3314 1057 3343 1098 a
3367 1042 3495 1100 loco
3520 1058 3607 1100 se-

1961 1131 2207 1202 pulchri,
2242 1146 2371 1187 cum
2394 1146 2500 1186 con
2513 1131 2953 1202 provincialium
2978 1132 3387 1202 episc0porum
3410 1147 3606 1189 coram

1962 1220 2280 1291 positorum
2322 1233 2389 1275 ac
2426 1219 2610 1275 totius
2650 1219 2904 1275 dioccsis
2950 1233 3069 1275 suae
3109 1218 3250 1274 cleri
3288 1224 3348 1274 et
3384 1220 3605 1291 populi,

1961 1310 2167 1378 utpote
2196 1307 2546 1363 sinodus’m
2566 1307 2773 1377 gratia,
2795 1308 2910 1378 jam
2932 1306 3042 1377 ²⁶⁹⁰,
3071 1312 3133 1362 ut
3166 1308 3243 1363 ita
3275 1308 3483 1378 dicam,
3518 1323 3612 1379 pe-

1962 1395 2163 1451 rendie
2193 1396 2313 1450 heri
2341 1400 2401 1451 et
2428 1395 2597 1451 hodie
2626 1394 2941 1451 celebrataa
2970 1395 3139 1466 (473),
3176 1396 3274 1464 ibi,
3312 1395 3367 1451 id
3397 1395 3488 1429 ²⁶⁹¹
3516 1402 3606 1452 est

1961 1482 2192 1538 Treveri
2216 1482 2324 1553 "9’,
2348 1488 2856 1552 congregatorum,
2882 1483 3110 1552 annisu,
3137 1488 3203 1539 t2
3226 1483 3343 1539 Kal.
3371 1484 3611 1541 Novem-

1966 1570 2088 1627 bris
2111 1571 2413 1628 translatis
2432 1570 2544 1639 ²⁶⁹³,
2570 1571 2889 1627 illustravit
2912 1575 3087 1641 atque
3109 1571 3421 1641 dedicavit,
3452 1571 3611 1628 dedi-

1964 1662 2151 1715 catam
2176 1659 2465 1715 donativis
2492 1659 2775 1731 pluribus,
2800 1658 3013 1729 quibus
3035 1660 3108 1716 ab
3131 1660 3606 1731 imperatoribus,

1969 1745 2240 1804 videlicet
2270 1747 2540 1803 Heinrico
2571 1746 2829 1803 secundo
2851 1751 2906 1801 et
2934 1746 3197 1803 Conrado
3222 1746 3313 1780 ²⁶⁹⁶
3342 1747 3613 1805 similiter

192 1846 425 1902 Carum
446 1847 701 1917 quisque
724 1845 911 1914 dabit,
932 1846 1037 1916 qui
1054 1860 1201 1903 cara
1219 1848 1479 1917 recipere
1500 1846 1717 1916 quierit
1736 1843 1849 1909 ππ,
1887 1851 1938 1910 Β
1968 1836 2224 1893 secundo
2247 1835 2501 1906 itemque
2525 1835 2792 1892 Heinrico
2819 1850 2952 1905 rege
2977 1836 3207 1905 quidem
3236 1836 3417 1894 tercio
3439 1837 3615 1909 impe-

194 1934 451 2005 primum
497 1934 659 1989 dedit
703 1950 889 2003 suum,
924 1935 1133 1989 deinde
1166 1935 1410 1990 aliorum
1445 1948 1555 1988 non
1585 1932 1852 2002 equidem

193 2023 482 2091 omnium,
531 2023 633 2077 sed
677 2039 877 2079 eorum
922 2028 1145 2078 tantum
1188 2039 1333 2093 quos
1365 2023 1431 2078 ad
1468 2022 1576 2077 hoc
1617 2021 1854 2093 pietatis

194 2124 351 2180 opus
394 2125 498 2165 sua
546 2112 735 2181 potuit
773 2111 1182 2166 exhortatione
1224 2111 1533 2180 instigare;
1566 2115 1626 2164 et
1656 2109 1853 2164 laniati

194 2204 379 2268 atque
412 2198 677 2254 devorati
702 2203 836 2256 sunt
860 2200 915 2253 in
938 2199 1030 2231 “7°
1053 2206 1342 2255 momento
1371 2214 1562 2255 coram
1595 2213 1683 2254 eo.
1719 2200 1856 2253 Post

194 2285 321 2341 haec
356 2286 428 2341 ad
463 2287 651 2343 locum
684 2287 1039 2343 destinatum
1078 2288 1385 2359 processit.

269 2396 324 2446 7.
360 2390 454 2424 ""7
486 2392 741 2463 Denique
794 2393 978 2448 inerat
1020 2393 1071 2449 ei
1114 2393 1465 2464 permaxima
1516 2391 1856 2449 sollicitudo

194 2483 302 2534 aut
328 2478 402 2534 de
424 2478 517 2511 ’⁸⁷⁸
539 2481 952 2535 construendis
981 2481 1248 2536 ecclesiis
1281 2484 1379 2537 aut
1412 2481 1482 2536 de
1516 2479 1856 2551 reparandis

193 2564 294 2598 "7’
329 2566 657 2623 dirutarum
689 2572 982 2623 vetustate
1017 2568 1221 2636 ruinis,
1267 2583 1398 2639 quo;
1422 2583 1509 2624 um
1542 2567 1711 2623 alteri
1745 2567 1857 2622 evi-

197 2655 352 2710 dens
375 2656 648 2726 perbibet
675 2656 1069 2711 testimonium
1094 2656 1338 2712 ecclesia
1366 2656 1517 2712 beati
1542 2657 1698 2712 Petri
1724 2670 1859 2727 apo-

196 2741 346 2797 stoli
368 2756 499 2813 quae
523 2742 724 2798 domus
737 2747 791 2798 et
808 2743 1157 2814 episcOpalis
1176 2746 1345 2799 sedes
1367 2744 1600 2801 dicitur.
1625 2747 1776 2815 llaec,
1795 2750 1855 2801 ut

195 2831 401 2886 ferunt
425 2829 518 2862 ²⁶⁸⁰
541 2832 708 2901 (470),
740 2831 1066 2902 antiquitus
1093 2832 1196 2886 fuit
1224 2831 1426 2887 domus
1449 2832 1672 2888 domnze
1696 2833 1859 2889 Hele-

191 2932 308 2988 nae,
339 2917 509 2987 cujus
534 2923 742 2986 rogatu
768 2933 797 2973 a
824 2920 995 2975 beato
1027 2919 1259 2989 Agricio
1290 2921 1561 2991 primitus
1591 2921 1856 2978 dedicata

192 3011 290 3063 est
307 3005 364 3061 in
380 3005 659 3061 honorem
683 3006 961 3078 principis
979 3009 1396 3079 apostolorum,
1416 3015 1693 3080 quattuor
1715 3024 1859 3064 mar-

194 3094 421 3150 moreis
462 3108 681 3163 magna:
727 3094 1060 3151 altitudinis
1092 3095 1231 3152 fulta
1266 3098 1613 3169 columpnis,
1648 3098 1703 3153 in
1738 3097 1859 3168 qui-

195 3184 311 3239 bus
343 3184 463 3238 tota
499 3180 596 3237 illa
630 3185 926 3239 structura
971 3198 1171 3239 novem
1221 3187 1475 3242 arculas
1506 3186 1611 3241 hac
1636 3191 1692 3241 et
1725 3185 1858 3242 illae

195 3270 478 3327 distortis
508 3272 893 3326 consistebat.
933 3272 1041 3327 Sed
1076 3274 1223 3344 (471)
1260 3274 1665 3345 superioribus
1692 3276 1858 3330 annis

197 3374 320 3415 non
365 3359 566 3429 paucis
608 3373 719 3416 una
763 3359 1200 3431 columpnarum
1234 3360 1462 3417 illarum
1495 3362 1857 3432 longitudine

198 3447 296 3505 sui
330 3446 569 3517 fatigata
613 3452 669 3503 et
710 3448 904 3504 oneris
946 3450 1341 3518 magnitudine
1385 3456 1766 3520 praegravata,
1804 3451 1855 3506 in

204 3548 474 3608 prmeeps
504 3535 817 3605 ceciderat,
850 3537 931 3591 ita
957 3540 1016 3592 ut
1042 3536 1233 3593 nullus
1260 3539 1469 3595 timore
1502 3539 1683 3596 ruinae
1716 3538 1861 3596 divi-

206 3638 349 3680 num
398 3622 475 3679 ibi
525 3625 854 3680 celebraret
905 3624 1171 3682 ofllcium.
1227 3626 1431 3682 Nullus
1480 3642 1713 3699 quoque
1761 3629 1855 3699 qui

206 3716 370 3769 tecta
424 3712 694 3768 reticeret
743 3713 996 3769 audebat
1046 3714 1382 3785 ascendere,
1438 3721 1676 3786 propter
1706 3715 1861 3786 quod

210 3800 443 3857 diutino
491 3799 761 3870 neglectu
809 3800 898 3833 ²⁶⁸ί
946 3800 1016 3856 ad
1064 3802 1120 3857 id
1168 3817 1360 3859 rerum
1410 3804 1747 3874 devenerat,
1798 3808 1863 3861 ut

201 3889 322 3959 jam
345 3888 550 3945 domus
570 3890 863 3946 oracionis
882 3905 991 3946 non
1013 3890 1330 3963 diceretur,
1348 3892 1448 3948 sed
1470 3908 1499 3949 a
1524 3895 1862 3965 pastoribus

207 3990 392 4048 pecus
424 3976 499 4032 ibi
533 3982 766 4048 pastum
800 3978 1138 4035 minaretur.
1176 3981 1330 4035 Hanc
1364 3980 1490 4053 ipse
1523 3980 1720 4037 labore
1750 3997 1864 4038 ma-

204 4078 324 4134 gno
353 4071 413 4121 et
444 4065 705 4136 inpensa,
760 4066 977 4122 eisdem
1030 4066 1356 4138 columpnis
1407 4069 1572 4139 quasi
1621 4070 1864 4127 circum-

206 4152 441 4210 amictis
456 4151 547 4185 ³⁶⁸²
569 4154 827 4224 basibus,
846 4169 988 4225 quas
1008 4154 1229 4211 usualis
1249 4155 1468 4213 locutio
1486 4156 1861 4231 pilares(472)

207 4245 507 4313 nuncupat
540 4240 653 4311 “3’,
688 4242 941 4314 itemque
974 4244 1226 4300 arcubus
1255 4244 1555 4315 prioribus
1583 4244 1859 4303 laudabili

1970 1928 2162 1979 ratore
2186 1929 2377 1980 autem
2404 1924 2678 1993 secundo,
2701 1924 2852 1979 sicut
2874 1924 2927 1979 in
2952 1924 3263 1995 praeceptis
3286 1924 3517 1982 illorum
3542 1924 3613 1982 de

1965 2012 2358 2068 Treverim’m
2372 2013 2725 2082 continetur,
2746 2013 3067 2069 honoratus
3087 2013 3295 2079 fuerat,
3313 2013 3612 2084 magniﬁce

1967 2100 2196 2156 ditavit.
2235 2101 2607 2157 Postmodum
2632 2105 2823 2157 autem
2848 2100 3065 2171 placuit
3089 2101 3140 2155 ei
3164 2102 3403 2157 eandem
3427 2102 3612 2159 eccle-

1965 2188 2108 2246 siam
2127 2188 2465 2261 ampliorem
2487 2190 2749 2258 reddere,
2770 2188 3022 2259 fecitque
3040 2194 3100 2246 ut
3116 2204 3267 2245 nunc
3288 2188 3465 2246 tercia
3488 2196 3611 2246 tan-

1965 2281 2087 2335 tum
2109 2282 2386 2348 quantum
2407 2277 2567 2349 prius
2584 2277 2838 2334 ambitus
2854 2278 2981 2347 ejus
2997 2282 3164 2349 parte
3184 2278 3258 2333 sit
3279 2278 3477 2347 major.
3506 2281 3612 2336 Cu-

1960 2366 2056 2436 jus
2086 2370 2421 2435 structurae,
2457 2371 2516 2422 ut
2551 2366 2765 2436 audivi,
2803 2371 3019 2422 tantam
3055 2366 3408 2422 fundamenti
3435 2367 3611 2438 jussit

1968 2453 2091 2510 ﬂeri
2123 2454 2216 2487 ’⁸⁸⁸
2248 2454 2724 2526 profunditatem,
2760 2459 3031 2524 quantam
3064 2469 3214 2511 nunc
3244 2455 3407 2512 vides
3441 2460 3612 2513 terras

1967 2543 2511 2615 supereminentem.
2548 2543 2690 2599 Huic
2714 2542 2928 2598 etenim
2954 2544 3115 2615 operi
3138 2558 3267 2599 cum
3291 2544 3616 2601 studiosius

1967 2630 2291 2701 insisteret,
2324 2646 2587 2702 opusque
2611 2630 2725 2701 jam
2758 2630 2828 2686 ad
2859 2630 3042 2687 hastae
3072 2632 3491 2701 longitudinem
3524 2648 3618 2689 su-

1968 2734 2071 2791 per
2100 2723 2317 2776 terram
2353 2719 2625 2776 eductum
2658 2719 2885 2788 fuisset,
2914 2719 3004 2774 die
3029 2721 3274 2790 quadam
3297 2736 3425 2775 cum
3451 2721 3616 2776 sede-

1970 2814 2059 2863 ret
2083 2808 2177 2865 ubi
2199 2808 2390 2876 flebat,
2425 2807 2533 2876 sol,
2565 2812 2629 2864 ut
2651 2812 2778 2863 erat
2811 2806 2985 2862 solito
3019 2808 3354 2878 ferventior,
3385 2804 3616 2864 refulsit

1970 2895 2022 2951 in
2048 2895 2236 2966 capud
2259 2896 2383 2967 ejus
2404 2927 2464 2934 —
2487 2900 2614 2950 erat
2636 2895 2785 2951 enim
2810 2894 3010 2951 calvus
3033 2927 3101 2933 -—
3122 2902 3178 2950 et
3205 2895 3498 2952 incanduit
3525 2911 3618 2953 ce-

1971 2984 2200 3041 rebrum
2232 2984 2378 3055 ejus,
2410 2988 2464 3039 et
2499 2983 2654 3039 sicut
2685 2983 2833 3039 solet
2864 2984 3023 3038 febre
3052 2989 3385 3054 correptus,
3419 2984 3490 3040 de
3522 2984 3615 3041 die

1971 3072 2026 3128 in
2068 3071 2219 3128 diem
2266 3072 2707 3141 ingravescente
2751 3072 2951 3127 eadem
2999 3071 3337 3141 valitudine,
3384 3072 3617 3129 fortiter

1968 3164 2261 3230 :egrotare
2288 3159 2499 3231 cmpit;
2534 3173 2638 3216 nec
2670 3159 2852 3215 multo
2883 3163 3011 3229 post
3054 3159 3123 3215 ad
3168 3159 3368 3216 ultima
3410 3160 3622 3217 ductus

1970 3247 2238 3320 spiritum
2264 3245 2520 3303 reddidit
2536 3247 2643 3304 sub
2664 3246 2756 3301 die
2777 3245 2957 3301 ""16
2977 3247 3098 3301 Kal.
3120 3246 3260 3302 Julii
3284 3262 3441 3302 anno
3463 3249 3624 3304 Domi

1971 3335 2115 3393 uicae
2157 3334 2576 3392 incarnationis
2615 3338 2751 3391 1067
2779 3332 2871 3367 ³⁸⁸⁸
2902 3334 3070 3405 (474).
3117 3335 3294 3405 Cujus
3339 3335 3619 3405 exequias

1968 3422 2260 3480 Treveriei
2302 3421 2473 3493 digne
2516 3425 2920 3493 procurantes,
2968 3422 3364 3493 deposuerunt
3397 3438 3528 3478 eum
3560 3424 3616 3479 in

1972 3526 2138 3593 porta
2161 3519 2422 3577 civitatis
2444 3533 2574 3589 quae
2598 3522 2979 3588 cognomento
3002 3517 3170 3587 Nigra
3197 3519 3535 3588 vocabatur,
3560 3519 3617 3576 in

1973 3621 2084 3679 qua
2113 3613 2170 3664 et
2200 3607 2322 3679 ipse
2347 3608 2577 3663 beatum
2603 3607 2961 3679 Symeonem,
2991 3606 3160 3676 cujus
3190 3619 3362 3677 supra
3400 3606 3617 3662 mentio

1970 3696 2064 3729 “9°
2092 3700 2204 3766 est,
2239 3700 2414 3754 terrae
2443 3695 2951 3753 commendaverat
2978 3694 3101 3760 ’τοιίς
3134 3694 3228 3750 ubi
3261 3708 3291 3750 a
3324 3694 3617 3763 religiosis

1975 3784 2231 3855 clericis,
2266 3783 2324 3840 in
2352 3784 2557 3840 eodem
2599 3782 2727 3840 loco
2761 3784 2833 3838 ab
2864 3783 2990 3854 ipso
3020 3784 3094 3838 ob
3122 3784 3401 3839 honorem
3431 3783 3530 3840 Dei
3560 3788 3620 3840 et

1977 3874 2133 3930 beati
2158 3872 2317 3930 illius
2336 3872 2447 3928 viri
2466 3872 2809 3944 mancipatis
2834 3875 3003 3943 (475),
3030 3887 3133 3944 pro
3155 3872 3279 3941 ejus
3303 3872 3502 3942 requie
3526 3872 3621 3930 die

1975 3976 2043 4020 ac
2073 3968 2243 4019 nocte
2276 3975 2482 4033 preces
2515 3961 2838 4018 funduntur
2865 3962 2935 4016 ad
2968 3964 3166 4031 Deum,
3197 3962 3288 4019 cui
3317 3968 3406 4018 est
3434 3963 3622 4019 honor

1974 4054 2032 4107 et
2062 4050 2248 4121 gloria
2275 4049 2328 4104 in
2363 4049 2560 4106 secula
2613 4049 2943 4106 seculorum
2973 4048 3081 4104 ποί.
3117 4050 3275 4105 Sedit
3325 4054 3517 4105 autem
3562 4049 3617 4104 in

1973 4139 2317 4212 episcopatu
2353 4152 2533 4195 annos
2563 4142 2649 4208 30,
2686 4153 2912 4195 menses
2945 4143 2996 4208 5,
3031 4138 3158 4194 dies
3188 4142 3270 4193 10.

2043 4247 2076 4300 8
2104 4243 2216 4299 ²⁷⁰².
2249 4243 2350 4301 Cui
2378 4243 2653 4300 defuncto
2684 4243 2973 4300 successit
2999 4243 3055 4298 in
3079 4242 3428 4300 sacerdotali
3457 4243 3621 4299 mini-

1567 4369 1803 4425 νΑΒυΕ
1855 4366 2237 4427 LECTIONES
2249 4410 2262 4423 .

283 4461 378 4497 I011
409 4462 569 4521 deos:
599 4465 637 4519 ρ
666 4468 723 4519 6.
806 4462 899 4497 2071

210 4533 344 4589 Β1.

924 4465 1057 4535 post
1083 4466 1282 4536 suppl.
1324 4467 1362 4522 C
1404 4472 1453 4536 tu.

1276 4747 1369 4781 ³⁸⁸⁸
1396 4762 1424 4803 e
1451 4762 1609 4805 corr.
1647 4751 1748 4805 C1.

213 4818 322 4871 Bt.
406 4814 498 4849 ’5“
530 4814 871 4874 ibidem'Tr.

211 4902 367 4960 s,.__s.
404 4889 472 4960 tu
498 4902 698 4960 marg.
736 4893 934 4960 suppl.

210 4956 307 4989 ’⁸⁸⁷
337 4972 391 5014 s.
432 4959 495 5013 d.
536 4956 753 5015 desunt
774 4956 876 5016 B'1‘.

214 4748 322 4802 (36.
404 4745 496 4779 ’⁸⁸⁷
523 4748 814 4827 tunam.
854 4748 1054 4874 εαένῖι.
1094 4748 1196 4803 (31.

214 4818 322 4871 Β1.
406 4814 498 4849 ¹⁶⁹¹
530 4818 743 4873 ibidem
774 4819 871 4874 Tr.
1000 4861 1011 4873 .
1053 4824 1109 4874 5.
1150 4821 1189 4874 C

892 4893 934 4946 t.
976 4890 1042 4945 C1

960 4959 1052 4993 ’⁸⁸⁸
1082 4960 1230 5017 MVII
1243 5003 1255 5014 .

1536 4464 1628 4498 2m
1666 4465 1766 4522 ίιιο
1800 4468 1838 4523 c
1867 4470 1923 4522 3,
1964 4471 2020 4522 4,
2104 4464 2196 4497 εστι
2233 4479 2295 4519 n.
2336 4462 2395 4517 h.
2436 4462 2654 4519 desunt
2682 4464 2721 4518 Β
2753 4468 2804 4520 2.

300 4537 344 4612 ι.
426 4533 518 4567 ³⁸⁷⁸
549 4533 1045 4612 inZeoaesuiitB
1070 4538 1126 4612 4_.
1156 4533 1213 4592 5ῖ
1248 4537 1313 4591 C.
1397 4534 1564 4612 ξ’ττρ.
1594 4536 1731 4612 LYI.
1770 4537 2015 4612 Leiépq
2048 4538 2115 4607 ll,
2140 4550 2194 4593 ο.
2225 4536 2389 4612 XXX.
2422 4534 2540 4589 Ct.
2578 4536 2760 4589 6.—C
2794 4533 2855 4612 1..
2879 4536 3025 4612 add.
3060 4535 3233 4612 ruga.
3259 4554 3280 4612 ε
3306 4537 3384 4612 De
3434 4535 3609 4612 Ρρῇἷ.

213 4619 247 4659 e
298 4604 523 4675 iscopo.
608 4604 700 4638 ’⁸⁷⁸
734 4606 896 4662 deest
926 4605 963 4661 Β
992 4611 1050 4661 2.
1093 4609 1148 4661 4.
1189 4612 1247 4662 5.
1283 4607 1416 4688 post
1441 4606 1587 4664 add.
1630 4608 1669 4662 C
1703 4612 1757 4662 1.
1842 4607 1933 4641 ²⁶⁷⁰
1973 4624 2033 4664 ra
2082 4604 2316 4663 arandis
2343 4619 2499 4663 corr.
2542 4620 2601 4658 re
2649 4606 2882 4661 arandis
2916 4606 2954 4659 C
2988 4610 3044 4659 1.

213 4619 309 4707 2‘21
343 4675 609 4710 nnnlnntn
638 4677 673 4710 Ω
698 4680 727 4710 κ
837 4676 928 4710 1612
960 4678 1329 4710 ninnnmnnha
1356 4678 1423 4710 ΩΔ
1538 4677 1631 4710 2683
1661 4682 1821 4710 unan
1854 4680 1918 4710 ΩΙ
2037 4623 2128 4710 ἢ..
2164 4678 2324 4710 lihnia
2357 4679 2428 4710 Ωιι
2538 4621 2965 4710 ισεΡαιιιΐιιΙηςυίι
3001 4676 3034 4710 υ

341 4675 609 4745 neglecto
635 4677 674 4731 Β
696 4680 753 4732 5.
837 4676 928 4710 ²⁶⁸²
960 4675 1332 4734 circumactis
1354 4678 1457 4733 Bt.
1538 4677 1631 4711 ²⁶⁸³
1661 4682 1827 4735 vocat
1854 4680 1953 4735 Bl.
2037 4675 2128 4711 ⁵⁸⁸⁸
2162 4678 2327 4731 libris
2355 4679 2453 4731 Β5.
2538 4675 2628 4707 ’⁸⁸³
2657 4675 2971 4732 suﬂ‘ulcivit
3000 4676 3099 4731 Bt.
3180 4675 3247 4709 ³⁸⁸

404 4745 496 4821 ff?
523 4748 814 4821 tamam.
854 4748 1054 4821 suppl.
1094 4748 1196 4803 C1.
1276 4747 1424 4821 ’f’ffe
1451 4762 1609 4805 corr.
1647 4751 1748 4805 C1.
1830 4748 1922 4782 ²⁶⁸⁹
1950 4749 2209 4821 synodus
2240 4762 2395 4805 corr.
2424 4745 2640 4821 synodi
2671 4747 2764 4821 C_1.
2800 4748 2855 4803 et
2870 4747 2976 4821 ita
3005 4746 3080 4821 C3
3109 4760 3247 4821 sqq:

1064 4824 1109 4874 5.
1150 4821 1216 4875 C.
1298 4818 1389 4851 3‘"
1417 4830 1614 4875 truere
1649 4821 1747 4874 B2.
1788 4833 1942 4876 corr.
1985 4818 2204 4875 treueri
2240 4822 2340 4874 C1.
2422 4818 2513 4849 "’3
2544 4818 2832 4873 translato
2868 4820 2966 4874 B2.
3000 4819 3057 4870 4.

1064 4931 1075 4943 .
1158 4888 1251 4922 ²⁶⁹⁸
1280 4890 1502 4946 treueri
1537 4891 1645 4945 Bt?
1672 4893 1736 4945 4?
1764 4890 2046 4946 treuerim
2077 4904 2235 4947 corr.
2273 4888 2495 4945 treueri
2520 4889 2620 4943 Cl.
2652 4888 2711 4943 et
2730 4889 2819 4946 ita
2841 4889 2915 4943 (33
2936 4902 3072 4959 sqq.

2842 4468 3007 4534 potes
3038 4465 3078 4519 Β
3106 4465 3171 4520 4?
3198 4470 3257 4521 5.
3340 4464 3434 4499 ³⁸⁷⁸
3472 4465 3617 4523 velit

3125 4605 3219 4639 ²⁶⁸⁰
3257 4606 3444 4663 fertur
3476 4605 3603 4662 lt‘B.

3180 4675 3270 4709 ⁵⁸⁸⁸⁸
3299 4681 3421 4732 etc.
3455 4677 3615 4733 deest

3330 4747 3422 4780 ²⁶⁹⁰
3454 4746 3616 4805 deest

2422 4816 2513 4849 “’3
2544 4818 2832 4873 translato
2868 4820 2966 4874 B2.
3000 4819 3057 4870 4.
3089 4816 3161 4872 5.’
3184 4816 3205 4818 ἡ
3229 4816 3319 4851 ’⁸³⁸
3350 4820 3609 4874 cunl‘ado

3156 4888 3247 4921 ²⁶⁹⁶
3279 4888 3468 4944 facere
3504 4889 3614 4943 B1?

2085 4677 2128 4711 “
2162 4678 2327 4731 libris
2355 4679 2453 4731 B5.
2538 4674 2628 4707 ³⁸⁸³
2657 4674 2971 4732 suﬂ‘ulcivit
3000 4676 3099 4731 Bt.

1334 4962 1496 5017 estea
1521 4975 1676 5017 corr.
1716 4961 1983 5016 MXLVII.
2021 4962 2122 5016 Bl.
2167 4960 2376 5017 LXVII.
2413 4973 2569 5017 corr.
2608 4960 2822 5014 XLVII.
2863 4960 2964 5014 C1.
2994 4958 3050 5014 3".
3083 4961 3140 5014 4.
3224 4958 3315 4991 ²⁶⁹⁹
3349 4973 3427 5013 m.
3461 4958 3614 5015 facta

211 4976 303 4989 η’·
337 4976 391 5014 s.
432 4976 495 5013 u.
536 4976 876 5016 aesuucm.
961 4976 1052 5040 ’ξπ
1082 4976 1255 5017 uvu.
1285 4976 1496 5065 1postea
1521 4976 1676 5017 corr.
1716 4976 1983 5016 manu.
2021 4976 2122 5016 ut.
2167 4976 2376 5043 LAVlt.
2413 4976 2569 5017 corr.
2609 4976 2822 5014 ALVII.
2863 4976 3050 5041 (31.3.
3083 4976 3140 5014 4.
3349 4976 3427 5013 m.
3461 4976 3614 5015 iacta

211 5028 328 5101 Bt?
356 5029 425 5101 3?
463 5099 470 5101 _
496 5028 591 5063 ²⁷⁰⁰
614 5030 1042 5087 commendant
1064 5032 1128 5086 C.
1215 5030 1282 5063 ²⁷⁰
1332 5046 1387 5087 s.
1428 5032 1606 5087 Amen
1640 5032 1741 5087 B2.
1825 5031 1918 5063 ²⁷⁰¹
1947 5044 2001 5089 c.
2033 5031 2197 5086 LVII.
2228 5029 2431 5088 Lubu.
2462 5030 2539 5086 In
2556 5030 2657 5085 C3.
2685 5029 2874 5088 ταῦτα
2895 5030 3116 5101 legatur
3136 5051 3155 5088 ,θ
3175 5028 3248 5086 de
3278 5028 3617 5086 Everhardo

210 5099 687 5173 archiepiscopo;
719 5102 786 5159 in
815 5102 885 5159 CI
905 5142 919 5157 .
957 5101 1132 5159 nulla
1159 5102 1493 5161 distiucfio.

1815 5196 2019 5254 ΝΟΤᾸΞ

311 5323 438 5392 470)
470 5321 534 5375 ν.
571 5333 751 5392 supra
779 5335 830 5377 c.
860 5325 955 5392 19.

311 5324 417 5378 470
470 5323 534 5375 ν.
571 5333 751 5392 supra
779 5335 830 5377 c.
867 5325 955 5377 19.

309 5323 438 5474 471)
471 5392 552 5474 Cf.
594 5391 673 5474 de
710 5392 820 5474 b_oc
848 5391 987 5474 loco
1025 5390 1382 5474 Steininger,
1410 5392 1860 5474 ‘Bemerkuugen

214 5461 695 5544 surgesebicbte
721 5463 824 5519 des
847 5464 1054 5521 Domes
1078 5479 1149 5521 zu
1179 5461 1339 5520 Trier
1360 5461 1517 5520 1839.
1542 5467 1594 5521 4.
1618 5479 1675 5535 p.
1702 5468 1753 5520 1.

288 5532 441 5677 972)
467 5533 701 5590 Pfeiler.
1618 5532 1635 5535 “
1812 5605 1822 5615 υ

314 5607 417 5662 473
473 5607 553 5677 De
584 5604 809 5675 synodo
838 5604 1083 5676 quadam
1114 5620 1144 5662 a
1171 5606 1460 5677 Poppone
1474 5619 1669 5662 mense
1694 5606 1864 5677 Iunio

219 5680 358 5735 1036
403 5674 705 5733 celebrata
752 5691 806 5733 v.
852 5674 1155 5734 Hontheim
1204 5674 1407 5733 Prodr.
1442 5674 1485 5748 Ι,
1518 5691 1571 5748 p.
1608 5677 1728 5733 318.
1766 5676 1855 5732 Cf.

1972 5322 2245 5394 Brower._
2264 5320 2304 5384 I.
2340 5336 2394 5394 p.
2430 5323 2559 5378 518.

2068 5392 2193 5461 474)
2225 5391 2309 5463 Ita
2341 5390 2641 5463 auctorem
2668 5390 2981 5463 scripsisse
3007 5394 3147 5463 puto
3178 5406 3285 5463 pro
3318 5393 3472 5450 1047.

2070 5460 2194 5533 475)
2228 5460 2352 5528 Qua
2382 5462 2453 5519 de
2482 5477 2545 5542 re
2577 5460 2961 5587 v._PopPonis
2993 5460 3254 5520 chartam
3276 5478 3328 5520 a.
3356 5466 3494 5521 1042
3524 5461 3622 5522 da-

2070 5550 2089 5587 n
2123 5548 2213 5587 an.
2249 5534 2554 5587 Hontheim
2597 5533 2744 5587 Hist.
2811 5574 2827 5587 .
2872 5547 2927 5587 ι).
2962 5538 3065 5587 379
3098 5552 3111 5587 :
3142 5533 3221 5587 In
3266 5535 3440 5587 porta
3490 5548 3622 5587 am

1974 5537 2089 5590 tam
2121 5548 2213 5616 ap.
2249 5533 2554 5616 Hloutheim
2597 5533 2827 5616 Itis“,
2872 5547 2927 5603 p.
2952 5538 3065 5616 ‘379
3098 5552 3111 5588 :
3142 5533 3221 5591 Iu
3255 5535 3440 5616 pprta
3490 5548 3625 5616 qua

1972 5602 3432 5750 emussitaama’aameaa
3449 5606 3630 5741 3’25:
