3948 6456
479 313 586 369 227

1043 314 1098 368 S.
1141 311 1498 368 BRUNONIS
1537 312 2182 370 CARTIIUSIANORUM
2220 313 2704 372 INSTITUTORIS
2743 314 2896 371 OPP.
2941 316 3115 372 PARS
3154 316 3219 373 Il.

3686 321 3788 374 228

487 435 633 506 quod
665 434 901 490 futurum
933 444 1188 506 exspecto
1233 435 1314 508 (ut
1344 437 1496 509 digni
1529 437 1646 492 sitis
1677 438 1880 493 habere
1911 439 2084 494 Deum
2111 440 2166 500 Α
2187 437 2461 509 rigeretur
2488 441 2556 494 ab
2581 440 2832 496 Ecclesia
2883 441 3189 512 expulistis)
3232 441 3483 507 obsecro,
3536 441 3788 513 inquam,

490 526 610 594 oro)
642 532 694 579 et
717 539 812 580 vos
843 524 1126 579 habituros
1175 525 1412 580 confido.
1455 526 1585 582 Ideo
1615 527 1694 582 ait
1723 527 2003 583 conﬁdens
2034 527 2090 580 in

487 612 758 678 omnibus,
803 629 870 668 ne
900 623 1188 684 peccantes
1211 622 1466 684 putarent
1498 615 1721 669 Paulum
1745 615 1987 670 difﬁdere
2019 615 2087 670 de

487 700 784 757 salvatione
820 701 928 756 sui.
987 701 1128 770 Quia
1156 702 1289 756 dixit
1319 703 1591 758 tristitiam
1643 704 1872 758 habeam
1923 720 2087 774 super

485 789 772 855 tristitiam,
820 790 1068 845 dicerent
1098 789 1173 845 illi
1208 805 1220 844 :
1253 790 1573 847 Habuistine
1617 792 1883 847 tristitiam
1904 793 1932 846 ?
1963 793 2083 848 Uti-

483 894 588 949 que
619 878 802 932 habui.
838 879 979 934 Nam
1011 895 1116 950 ego
1137 880 1338 951 scripsi
1366 881 1511 935 vobis
1528 897 1600 934 ex
1629 882 1815 935 multa
1838 881 2081 936 tribula-

483 967 634 1022 tione
666 967 931 1037 corporis,
961 967 1279 1036 jejunando,
1309 967 1602 1038 vigilando,
1627 977 1683 1022 ut
1713 969 1858 1023 Deus
1887 985 2080 1039 parce-

480 1062 562 1110 ret
593 1055 748 1110 vobis
783 1071 795 1110 :
829 1060 885 1111 et
911 1072 984 1110 ea:
1014 1056 1200 1111 multa
1228 1058 1494 1127 angustia
1523 1057 1704 1112 cordis
1727 1057 1988 1113 sollicitus
2009 1058 2078 1112 de

477 1143 651 1198 salute
683 1151 867 1198 vestra
897 1143 1088 1214 scripsi
1118 1143 1291 1209 vobis,
1325 1143 1616 1215 aﬂligendo
1645 1161 1732 1200 me
1754 1162 1851 1216 per
1878 1145 2076 1201 multas

474 1230 759 1303 lacrymas.
793 1232 910 1287 Nec
955 1232 1078 1286 ideo
1128 1248 1214 1286 me
1254 1232 1562 1288 tribulatum
1613 1241 1666 1288 et
1707 1234 2074 1304 angustiatum

473 1335 596 1374 esse
626 1335 894 1386 memoro,
930 1327 986 1374 ut
1032 1335 1131 1375 vos
1157 1336 1374 1376 mecum
1404 1321 1803 1376 contristemini
1839 1336 1852 1374 :
1882 1324 1978 1377 sed
2008 1327 2072 1378 ut

472 1411 670 1464 sciatis
681 1409 1312 1480 quantamcharitatem
1335 1409 1567 1465 habeam
1589 1410 1661 1465 ad
1693 1425 1904 1468 omnes.
1931 1411 2071 1465 Cha-

470 1495 678 1551 ritatem
717 1496 840 1552 dico
871 1497 1257 1553 abundantius
1277 1500 1339 1553 in
1372 1499 1518 1553 vobis
1562 1506 1836 1553 ostensam
1871 1516 1884 1552 :
1918 1499 2060 1569 apud

473 1600 608 1656 quos
652 1592 706 1639 et
744 1584 944 1639 diutius
991 1588 1173 1640 mansi
1205 1603 1218 1639 :
1254 1594 1306 1640 et
1336 1586 1468 1640 nihil
1516 1602 1547 1639 a
1588 1587 1743 1640 vobis
1775 1586 2062 1657 recipiens,

471 1673 539 1728 de
571 1673 759 1728 labore
790 1689 1048 1728 manuum
1097 1674 1224 1729 vixi.
1277 1673 1510 1730 Ostensa
1551 1690 1739 1740 causa,
1787 1691 1953 1746 quare
1997 1675 2065 1729 ad

471 1776 566 1816 eos
595 1777 704 1817 non
733 1762 957 1827 venerit,
994 1779 1114 1833 quae
1134 1778 1299 1818 causa
1329 1763 1398 1818 ad
1428 1763 1740 1818 suasionem
1769 1763 2061 1818 correctio-

472 1849 558 1904 nis
587 1848 786 1904 idonea
811 1849 924 1918 fuit,
969 1850 1151 1904 subdit
1197 1851 1266 1905 de
1295 1850 1389 1905 illo
1419 1867 1580 1922 quem
1610 1851 1680 1905 ab
1710 1851 1956 1906 Ecclesia
1986 1868 2072 1906 se-

473 1938 653 2008 parari
678 1938 918 2007 jusserat
962 1938 1016 1991 in
1065 1937 1167 1992 alia
1198 1939 1440 2009 Epistola
1475 1955 1486 1993 :
1520 1939 1640 2010 quia
1672 1939 1903 1994 duxerat
1932 1955 2070 1994 uxo-

475 2042 591 2080 rem
622 2025 794 2096 patris
827 2042 839 2080 :
874 2026 1026 2095 cujus
1056 2026 1427 2096 pcenitentiam
1467 2027 1614 2097 (quia
1658 2027 1858 2081 audivit
1887 2027 2070 2081 indul-

474 2113 661 2187 gentia
706 2114 949 2184 dignam)
1003 2113 1188 2169 scribit
1233 2114 1497 2170 Ecclesise
1544 2115 1963 2180 Corinthiorum,
2015 2123 2072 2169 ut

471 2217 594 2257 eum
628 2201 888 2272 recipiant
921 2217 933 2255 :
971 2202 1208 2257 scientes
1240 2202 1458 2256 Paulum
1503 2202 1793 2256 indulsisse
1823 2202 1920 2258 illi.
1962 2203 2068 2257 Lit-

469 2297 589 2346 tera
618 2290 696 2345 sic
718 2289 968 2360 jungitur
1003 2307 1016 2344 :
1058 2290 1198 2346 Nolo
1226 2299 1284 2345 ut
1313 2306 1410 2345 vos
1439 2290 1834 2346 contristemini
1859 2309 1872 2356 ;
1897 2291 1993 2346 sed
2024 2291 2069 2346 si

471 2378 593 2450 quis
622 2378 961 2434 contristavit
990 2394 1078 2433 me
1100 2379 1178 2446 (ut
1209 2379 1298 2434 ille
1329 2379 1422 2451 qui
1441 2395 1667 2434 uxorem
1696 2380 1866 2450 patris
1896 2380 2066 2450 duxit)

468 2482 577 2522 non
615 2483 703 2522 me
750 2475 960 2522 tantum
1007 2467 1368 2533 contristavit,
1406 2467 1502 2522 sed
1547 2483 1645 2522 vos
1693 2485 1705 2521 :
1753 2475 1805 2522 et
1850 2468 1954 2523 hoc
2001 2484 2067 2523 ex

466 2563 621 2628 parte
659 2573 672 2609 :
705 2572 813 2610 non
858 2556 1000 2610 enim
1032 2571 1222 2612 omnes
1267 2556 1569 2612 contristati
1612 2556 1768 2624 estis,
1811 2556 1908 2611 sed
1937 2557 2066 2611 boni

467 2652 673 2698 tantum
737 2644 1062 2700 condoluere
1109 2643 1257 2698 fratri
1305 2643 1566 2716 peccanti.
1619 2645 1700 2699 Ex
1742 2653 1895 2714 parte
1941 2644 2064 2701 ideo

463 2732 586 2789 dico
621 2750 634 2787 :
668 2737 732 2788 ut
753 2750 867 2790 non
889 2749 1117 2789 onerem
1147 2750 1340 2788 omnes
1361 2750 1472 2799 vos,
1498 2733 1552 2787 id
1574 2741 1656 2787 est
1677 2733 1964 2805 indignum
1982 2741 2064 2788 est

461 2822 565 2878 hoc
612 2837 749 2877 onus
798 2821 1075 2892 imponere
1124 2822 1280 2877 vobis
1321 2821 1595 2888 omnibus,
1653 2829 1712 2874 ut
1759 2820 1906 2876 fratri
1953 2837 2063 2876 non

462 2909 880 2981 compatiamini.
915 2910 1030 2964 Hoc
1069 2918 1251 2965 autem
1294 2909 1502 2964 ironice
1533 2908 1666 2964 dicit
1711 2917 1936 2979 pr0pter
1967 2924 2062 2964 eos

463 2997 555 3070 qui
586 2997 967 3068 superbierunt
1001 2998 1070 3052 de
1099 2997 1254 3068 lapsu
1283 2996 1482 3063 fratris,
1517 2997 1604 3052 cui
1634 2997 1928 3051 condolere
1959 2997 2061 3052 de-

462 3087 730 3151 buerant;
763 3086 849 3140 vel
878 3085 990 3140 ita:
1017 3086 1140 3140 Non
1180 3101 1268 3140 me
1313 3085 1653 3141 contristavit
1683 3093 1926 3152 tantum;
1961 3086 2058 3140 sed

461 3189 560 3230 vos
589 3190 656 3229 ex
685 3181 854 3244 parte,
887 3173 942 3227 id
974 3181 1055 3228 est
1085 3173 1386 3229 secundum
1415 3181 1627 3244 partem
1658 3173 1922 3228 bonorum
1959 3190 1970 3228 :
2004 3181 2056 3228 et

460 3262 599 3318 hanc
627 3270 835 3333 partem
867 3261 1096 3332 excipio,
1128 3269 1186 3315 ut
1214 3277 1322 3316 non
1367 3277 1593 3316 onerem
1640 3276 1830 3316 omnes
1860 3277 1958 3316 vos
1987 3261 2054 3316 de

460 3358 772 3421 contemptu
800 3349 1074 3420 peccantis
1112 3349 1293 3404 fratris
1328 3367 1340 3402 :
1377 3349 1594 3420 quidam
1641 3349 1784 3403 enim
1816 3357 2054 3404 vestrum

460 3440 621 3510 (sicut
643 3439 846 3509 justum
881 3440 1017 3508 erat)
1066 3437 1482 3493 condoluerunt.
1515 3438 1595 3492 De
1626 3437 1718 3492 illo
1749 3446 1928 3491 autem
1962 3438 2055 3509 qui

458 3544 545 3583 me
575 3535 629 3583 et
657 3543 754 3584 vos
783 3526 1140 3593 contristavit,
1186 3526 1374 3582 scitote
1428 3526 1680 3598 quoniam
1722 3527 1931 3596 su/ﬁcit
1965 3527 2057 3581 illi

462 3618 558 3690 qui
589 3621 671 3672 est
703 3617 996 3688 ejusmodi,
1029 3615 1086 3670 id
1116 3623 1199 3671 est
1228 3623 1389 3670 tanta:
1425 3614 1732 3685 fragilitatis
1765 3632 1778 3668 :
1812 3614 1956 3685 quod
1985 3613 2054 3686 (si

458 3705 624 3760 nimia
662 3705 997 3760 districtione
1028 3705 1280 3773 vexetur)
1313 3703 1643 3773 desperabit.
1677 3702 1778 3770 Illi,
1812 3702 2050 3774 inquam,

459 3793 654 3849 suﬂicit
681 3794 798 3848 haec
827 3793 1159 3863 objurgatio,
1186 3807 1294 3862 qua
1317 3808 1439 3846 eum
1461 3791 1737 3861 objurgati
1762 3791 1912 3856 estis,
1945 3791 2054 3861 pel-

455 3880 619 3936 lendo
651 3880 719 3934 ab
749 3879 994 3936 Ecclesia
1021 3896 1123 3950 pro
1144 3887 1388 3950 peccato.
1422 3879 1745 3949 Objurgatio
1766 3879 1908 3948 dico,
1934 3897 2055 3951 qua:

456 3969 525 4038 ﬁt
555 3969 647 4024 illi
675 3986 710 4024 a
735 3969 994 4040 pluribus
1018 3968 1262 4039 peccanti
1293 3967 1450 4022 fratri
1472 3968 1616 4036 juste
1639 3967 2054 4023 condolentibus

455 4055 652 4112 sufficit
693 4072 705 4110 :
742 4057 815 4110 ita
839 4064 896 4110 ut
926 4072 1024 4111 vos
1055 4072 1084 4110 e
1113 4055 1386 4111 contrario
1419 4064 1662 4126 agentes,
1715 4064 1773 4109 ut
1817 4055 1955 4110 sicut
1985 4056 2052 4110 ab

455 4145 708 4201 Ecclesia
736 4145 888 4215 prius
917 4144 1231 4215 separastis,
1265 4159 1409 4199 nunc
1441 4144 1761 4199 econtrario
1787 4144 2053 4200 Ecclesiae

458 4250 583 4290 eum
615 4233 930 4288 restituatis.
963 4235 1007 4288 Ε
1035 4233 1342 4298 contrario,
1376 4232 1618 4303 inquam,
1651 4232 1790 4288 sicut
1819 4232 2052 4302 amplius

456 4322 791 4396 objurgastis
821 4329 873 4376 et
901 4321 994 4376 ille
1041 4320 1308 4390 patienter
1355 4320 1586 4387 sustulit,
1631 4323 1715 4375 ita
1745 4321 1924 4393 magis
1951 4321 2051 4375 do-

451 4412 622 4478 netis,
656 4411 711 4466 id
741 4418 823 4465 est
851 4409 1135 4466 remittatis
1168 4408 1217 4463 ei
1245 4418 1529 4479 peccatum
1571 4425 1747 4475 suum,
1780 4417 1832 4464 et
1861 4425 1930 4464 ne
1958 4425 2053 4479 pu-

2193 535 2248 580 ut
2282 527 2599 582 charitatem
2627 529 2774 584 hanc
2794 530 3160 597 conﬁrmetis,
3183 528 3237 583 id
3258 538 3340 584 est
3357 528 3570 584 ﬁrmam
3592 539 3646 585 et
3662 547 3790 600 per-

2188 613 2384 670 fectam
2415 617 2708 671 ostendatis
2737 620 2798 672 in
2829 619 3014 683 illum,
3048 617 3400 690 indulgendo,
3431 627 3485 673 et
3512 619 3569 673 in
3598 618 3794 674 Eccle-

2186 703 2319 757 siam
2370 705 2700 774 recipiendo,
2747 721 2906 776 quam
2946 705 3261 761 charitatem
3311 705 3613 777 inco‘pistis
3662 723 3791 762 eum

2184 791 2507 860 abjiciendo.
2543 793 2765 847 Debetis
2795 793 3079 866 indulgere
3109 795 3158 849 ei
3192 812 3204 848 :
3237 811 3373 850 nam
3403 795 3525 850 ideo
3554 796 3785 867 scripsi,

2182 887 2240 934 ut
2261 889 2494 951 coeptam
2518 881 2833 936 charitatem
2852 882 3240 937 consummetis
3258 899 3272 936 :
3289 890 3343 938 et
3372 887 3436 938 ut
3453 898 3791 954 cognoscam

2181 970 2638 1041 experimentum
2660 975 2932 1037 vestrum,
2948 971 3003 1025 id
3025 978 3106 1025 est
3129 986 3226 1026 vos
3247 979 3498 1042 expertos
3516 986 3641 1027 cum
3657 987 3787 1027 eum

2177 1057 2245 1110 ab
2295 1057 2541 1112 Ecclesia
2569 1074 2636 1112 ex
2675 1057 2906 1114 163
2943 1058 3257 1114 obedientia
3291 1060 3627 1130 separastis;
3683 1075 3789 1116 co-

2177 1161 2463 1217 gnoscam,
2496 1147 2638 1211 dico,
2688 1164 2765 1201 an
2805 1147 3122 1203 obedientes
3163 1149 3290 1202 sitis
3317 1148 3381 1203 in
3411 1149 3690 1214 omnibus,
3726 1157 3791 1203 ut

2176 1234 2315 1288 sicut
2334 1233 2486 1304 prius
2515 1234 2779 1289 obedistis
2811 1251 2931 1290 eum
2965 1235 3320 1303 removendo,
3357 1235 3436 1291 sic
3466 1252 3610 1291 nunc
3639 1236 3788 1292 obe-

2174 1321 2332 1375 diatis
2362 1321 2695 1392 indulgendo
2739 1323 2863 1393 ipsi.
2913 1323 3000 1388 Et,
3038 1323 3176 1378 sicut
3204 1339 3422 1393 moneo,
3454 1324 3665 1379 debetis
3696 1325 3786 1379 in-

2172 1409 2397 1480 dulgere
2431 1425 2444 1464 :
2480 1410 2606 1480 quia
2634 1412 2684 1465 si
2714 1426 2806 1466 vos
2835 1410 2996 1466 alicui
3041 1411 3402 1468 condonastis
3450 1412 3688 1484 aliquid,
3719 1417 3781 1469 et

2170 1513 2266 1568 ego
2297 1498 2576 1552 vobiscum
2608 1498 2807 1552 indulsi

2238 1585 2492 1641 Dicercnt
2525 1585 2602 1640 illi
2637 1601 2648 1639 :
2683 1585 2906 1641 Donasti
2959 1586 3213 1653 fortasse,
3253 1587 3350 1642 sed
3398 1602 3507 1643 non
3553 1595 3784 1659 propter

2167 1688 2286 1728 nos.
2313 1674 2408 1741 Ita,
2430 1674 2651 1745 inquam
2673 1690 2684 1728 :
2703 1692 2840 1730 nam
2860 1675 3002 1747 quod
3020 1692 3115 1746 ego
3132 1676 3354 1742 donavi,
3377 1678 3427 1732 si
3447 1677 3778 1747 aliquando,

2100 1761 2377 1849 Bdonavi
2420 1764 2652 1834 aliquid,
2708 1764 2812 1818 hoc
2860 1768 3092 1836 propter
3139 1781 3228 1820 vos
3277 1764 3501 1819 donavi.
3552 1765 3652 1820 Ubi
3701 1765 3780 1820 ita

2173 1848 2377 1904 dictum
2417 1867 2573 1904 suum
2624 1851 2871 1921 reprimit
2908 1869 2921 1904 :
2955 1851 3011 1906 Si
3041 1851 3168 1922 quid
3200 1851 3415 1918 donavi,
3447 1852 3685 1907 ostendit
3717 1868 3779 1907 se

2171 1937 2361 2007 paucis
2392 1937 2682 1993 indulsisse
2710 1954 2808 2010 pro
2851 1937 2979 2005 alio,
3010 1947 3066 1992 ut
3096 1955 3196 1994 nos
3226 1939 3511 1994 admoneat
3538 1955 3648 1994 non
3677 1956 3779 2010 pro

2171 2025 2372 2080 carnali
2401 2026 2709 2091 dilectione,
2761 2027 2857 2080 sed
2900 2026 3076 2098 magis
3106 2043 3206 2097 pro
3237 2028 3413 2082 fructu
3441 2027 3780 2098 poenitentia;

2169 2112 2483 2168 dimittenda
2505 2130 2626 2168 esse
2655 2123 2897 2184 peccata.
2947 2115 3145 2169 Iterum
3171 2114 3282 2170 ille.
3315 2113 3456 2182 Quid
3483 2115 3610 2170 inde
3639 2115 3689 2170 si
3721 2123 3782 2170 tu

2170 2201 2485 2257 condonasti
2504 2202 2531 2255 ‘I
2561 2201 2784 2256 Multum
2814 2202 3002 2273 utique
3030 2202 3153 2274 quia
3174 2203 3286 2258 hoc
3323 2203 3524 2259 donavi
3552 2206 3615 2258 in
3643 2219 3778 2275 per-

2169 2306 2306 2346 sona
2339 2290 2568 2356 Christi,
2604 2290 2753 2345 idem
2802 2290 2966 2344 valuit
2994 2289 3071 2344 illi
3100 2291 3186 2346 cui
3215 2289 3414 2345 donavi
3444 2305 3511 2346 ac
3543 2290 3588 2346 si
3615 2291 3778 2346 Chri-

2169 2371 2282 2431 stus
2313 2378 2542 2433 donaret
2573 2378 2624 2432 ei
2651 2377 2704 2432 in
2744 2379 2962 2449 propria
3010 2394 3265 2448 persona.
3311 2378 3538 2450 Oportet
3583 2379 3776 2451 utique

2168 2481 2265 2520 vos
2296 2466 2579 2536 indulgere
2612 2467 2658 2521 ei
2690 2475 2802 2520 tum
2837 2476 3063 2538 propter
3090 2483 3198 2534 me,
3230 2475 3521 2538 propterea
3549 2471 3616 2522 ut
3652 2485 3774 2526 non

2166 2556 2701 2621 circumveniamur,
2745 2554 2799 2608 id
2861 2563 2942 2608 est
2990 2571 3056 2609 ne
3102 2555 3437 2625 decipiamur
3465 2573 3500 2609 a
3529 2556 3771 2612 Satana.

2166 2644 2314 2698 Sicut
2343 2643 2485 2697 enim
2526 2643 2581 2696 in
2629 2643 2795 2697 nimia
2831 2642 3055 2697 mollitie
3106 2643 3324 2714 decipit,
3358 2643 3438 2699 sic
3471 2643 3525 2698 in
3563 2646 3773 2700 severi-

2163 2739 2268 2786 tate
2299 2749 2418 2805 quae
2457 2747 2619 2803 supra
2664 2731 2888 2786 modum
2931 2740 3032 2799 est,
3079 2731 3326 2786 diabolus
3369 2731 3771 2788 circumvenit:

2163 2819 2285 2874 ideo
2315 2835 2511 2875 moneo
2541 2836 2608 2874 ne
2642 2819 3137 2874 circumveniamini
3168 2835 3198 2872 a
3228 2820 3425 2875 Satana
3456 2838 3469 2874 :
3500 2821 3633 2892 quia
3663 2837 3770 2877 nos

2161 2925 2276 2961 non
2305 2909 2629 2978 ignoramus
2657 2908 3030 2978 cogitationes
3051 2910 3172 2978 ejus
3193 2908 3421 2972 Satanm,
3445 2923 3608 2979 quam
3638 2925 3773 2964 ver-

2162 3003 2295 3050 sutae
2344 2995 2450 3048 sint
2486 3012 2498 3048 :
2531 2995 2624 3049 ubi
2671 2995 2831 3050 etiam
2887 2994 3240 3065 intelligimus
3282 2995 3557 3061 virtutem,
3608 3004 3668 3050 ut
3715 2998 3773 3052 in
3837 3037 3844 3043 -

2160 3081 2560 3153 disciplinando
2618 3092 2905 3154 peccatore
2979 3099 3133 3137 suam
3201 3082 3399 3138 inferat
3475 3083 3769 3142 fallaciam.

2088 3141 2134 3201 Ο
2156 3141 2409 3225 Ostendit
2437 3141 2635 3226 iterum
2667 3171 2881 3236 Paulus,
2915 3171 3060 3243 quod
3081 3170 3241 3242 culpa
3269 3187 3458 3226 eorum
3487 3171 3604 3237 fuit,
3635 3141 3772 3226 dum

2153 3259 2495 3329 propositum
2544 3258 2796 3313 veniendi
2835 3258 2904 3313 ad
2953 3273 3049 3314 eos
3103 3259 3350 3326 mutavit,
3400 3259 3528 3330 quia
3558 3275 3655 3314 eos
3685 3259 3772 3314 in-

2155 3355 2428 3403 correctos
2476 3347 2697 3402 audivit.
2745 3348 2867 3402 Non
2914 3346 3052 3402 ultra
3105 3347 3228 3402 veni
3281 3347 3618 3418 Corinthum,
3667 3348 3770 3403 sed

2155 3435 2279 3490 veni
2310 3451 2479 3506 usque
2506 3434 2792 3490 Troadem.
2829 3436 2966 3490 Cum
2987 3443 3167 3490 autem
3186 3436 3461 3491 venissem
3496 3435 3769 3492 Troadem

2155 3528 2386 3596 prapter
2414 3524 2785 3593 Evangelium
2806 3522 3018 3579 Christi
3046 3523 3456 3594 praedicandum
3491 3541 3504 3578 :
3537 3524 3765 3596 (ubique

2156 3611 2299 3666 enim
2329 3611 2724 3682 praedicabant)
2755 3615 2811 3666 et
2839 3627 2962 3665 cum
3010 3611 3104 3678 ibi,
3155 3611 3386 3678 Troade,
3429 3616 3574 3668 esset
3620 3612 3769 3668 mihi

2155 3704 2418 3771 apertum
2441 3703 2671 3766 ostium,
2706 3699 2756 3753 id
2787 3708 2890 3764 est,
2915 3707 3126 3755 mentes
3145 3716 3336 3754 eorum
3356 3708 3557 3771 paratae
3577 3709 3769 3756 essent

2155 3789 2225 3842 ad
2255 3788 2627 3858 recipiendum
2669 3787 2895 3843 verbum
2942 3787 3162 3850 Christi,
3209 3796 3260 3842 et
3291 3788 3395 3844 hoc
3431 3790 3493 3843 in
3525 3789 3766 3844 Domino

2155 3877 2439 3948 (Dominus
2469 3877 2613 3932 enim
2641 3876 2812 3932 corda
2851 3892 3042 3931 eorum
3069 3876 3370 3948 aperiebat)
3401 3892 3524 3933 cum
3552 3876 3629 3930 ita
3659 3893 3765 3932 ve-

2152 3965 2377 4031 nissem,
2399 3981 2516 4020 non
2539 3966 2710 4020 habui
2731 3965 2977 4036 requiem
2997 3965 3234 4036 spiritui
3251 3980 3392 4019 meo.
3413 3964 3678 4036 Requiem
3700 3981 3765 4021 se

2153 4054 2280 4108 dicit
2310 4069 2416 4108 non
2456 4052 2731 4118 habuisse,
2763 4053 2888 4124 quia
2935 4053 2989 4107 in
3033 4053 3381 4123 pradicando
3427 4068 3534 4108 non
3581 4054 3763 4123 potuit

2153 4141 2559 4196 tunclaborare.
2577 4141 2834 4212 Requiem
2858 4156 2967 4195 non
2985 4140 3169 4206 habui,
3187 4157 3246 4197 eo
3261 4141 3401 4212 quod
3420 4158 3535 4196 non
3553 4142 3757 4196 inveni

2152 4230 2209 4284 in
2237 4229 2447 4284 Troade
2475 4232 2718 4299 fratrem
2740 4245 2930 4285 meum
2967 4230 3170 4284 Titum.
3205 4230 3308 4284 Per
3328 4229 3673 4284 Timotheum
3703 4237 3763 4285 et

2151 4318 2325 4373 Titum
2357 4317 2643 4388 epistolam
2673 4317 2905 4388 primam
2945 4317 3237 4373 Corinthiis
3270 4317 3488 4372 miserat
3529 4332 3541 4370 :
3574 4317 3764 4374 Timo-

2151 4408 2307 4460 theus
2337 4414 2520 4461 autem
2549 4421 2798 4462 reversus
2830 4415 2945 4461 erat
2965 4407 3033 4460 ad
3054 4405 3276 4460 Paulum
3309 4424 3322 4460 :
3357 4406 3456 4460 sed
3485 4406 3634 4460 Titus
3664 4406 3762 4462 de-

449 4508 525 4556 tet
555 4501 659 4556 hoc
697 4515 795 4555 vos
823 4515 1003 4570 agere,
1040 4497 1195 4570 quasi
1224 4513 1332 4553 non
1365 4505 1620 4553 curantes
1642 4497 1708 4552 de
1738 4514 1824 4562 eo,
1859 4512 2050 4553 conso-
2071 4498 2122 4559 D
2152 4494 2421 4550 tinebatur
2451 4495 2625 4549 adhuc
2669 4494 2931 4560 Corinthi,
2975 4494 3272 4549 laborando
3313 4494 3381 4549 de
3413 4494 3760 4550 correctione

455 4589 654 4644 lemini
683 4605 807 4643 eum
838 4587 1152 4658 frequenter
1181 4602 1280 4657 per
1310 4585 1714 4641 consolationes
1743 4585 2049 4656 Scriptura-

449 4693 591 4732 rum.
613 4677 740 4732 Ideo
772 4676 893 4731 dico
914 4675 1128 4730 donetis
1150 4683 1200 4729 et
1223 4674 1596 4743 consolemini,
1620 4691 1690 4729 ne
1711 4677 1860 4745 forte
1882 4672 2052 4744 (quod

452 4765 559 4821 cito
589 4765 908 4835 contingere
941 4764 1148 4834 posset)
1181 4762 1271 4818 hic
1308 4764 1402 4834 qui
1442 4767 1525 4818 est
1557 4762 1849 4834 ejusmodi,
1887 4761 1942 4815 id
1972 4769 2053 4816 est

452 4853 637 4908 multae
665 4851 994 4922 fragilitatis,
1026 4851 1406 4917 absorbeatur,
1439 4849 1495 4904 id
1526 4858 1608 4905 est
1635 4851 1938 4921 desperans
1964 4849 2055 4904 de-

449 4941 706 5012 glutiatur
734 4939 1136 4995 abundantiori
1169 4940 1430 4995 tristitia.
1465 4938 1522 4994 Si
1555 4939 1700 4993 enim
1731 4953 1894 5009 supra
1929 4953 2053 4992 mo-

449 5029 577 5083 dum
610 5028 908 5084 coerceatis
957 5044 1101 5095 eum,
1151 5028 1473 5099 desperabit
1518 5027 1586 5082 de
1617 5027 1790 5082 salute
1823 5044 1837 5080 :
1870 5035 1923 5081 et
1949 5027 2054 5082 cito

450 5116 760 5173 revolvatur
805 5115 965 5170 etiam
1012 5116 1067 5170 in
1108 5116 1346 5171 deterius
1391 5123 1696 5186 peccatum.
1743 5114 1933 5169 Melior
1974 5121 2057 5168 est

449 5205 597 5260 enim
633 5204 1004 5260 misericordia
1040 5205 1110 5260 ad
1158 5204 1388 5260 salutem
1419 5220 1578 5275 quam
1607 5203 1868 5259 severitas
1891 5202 2057 5272 justi-

450 5294 540 5349 tiae
567 5307 842 5366 generans
889 5293 1350 5364 desperationem.
1395 5295 1631 5363 Pr0pter
1673 5291 1836 5363 quod,
1869 5307 1937 5345 ne
1967 5289 2060 5344 ille

449 5381 807 5436 absorbeatur
835 5397 956 5436 cum
1007 5396 1229 5452 possem
1269 5380 1536 5449 imperare
1571 5396 1584 5431 :
1633 5377 1810 5449 magis
1839 5393 1905 5432 ex
1933 5378 2060 5432 cha—

448 5469 628 5537 ritate,
655 5471 873 5526 obsecro
896 5487 985 5526 vos
1003 5473 1069 5526 ut
1089 5468 1431 5524 charitate-m
1448 5467 1588 5521 bene
1609 5465 1902 5537 incceptam
1915 5465 2061 5536 (cha-

446 5545 580 5613 ritas
611 5557 756 5614 enim
783 5557 883 5614 fuit
913 5557 1062 5630 quod
1092 5571 1218 5613 eum
1247 5571 1313 5610 ex
1363 5561 1636 5626 pracepto
1675 5569 1820 5626 meo,
1851 5561 1909 5610 ut
1933 5567 2061 5610 cor-

2153 4599 2360 4638 eorum.
2430 4585 2542 4638 Hoc
2590 4590 2772 4638 autem
2835 4583 2979 4654 quod
3037 4591 3259 4653 propter
3301 4583 3601 4637 absentiam
3650 4582 3760 4638 Titi

2150 4672 2451 4728 Troadibus
2496 4671 2795 4742 praedicare
2834 4687 2942 4725 non
2973 4671 3164 4741 potuit,
3214 4669 3373 4741 culpa
3407 4670 3502 4725 fuit
3548 4671 3756 4725 Corin-

2152 4761 2407 4828 thiorum,
2440 4775 2669 4831 quorum
2699 4759 3027 4815 incorrectio
3075 4759 3251 4814 Titum
3281 4759 3575 4814 detinebat.
3610 4759 3757 4814 Pro-

2152 4857 2270 4920 pter
2298 4849 2471 4903 Titum
2488 4848 2656 4904 noluit
2677 4847 2890 4903 Troade
2913 4846 3214 4918 praedicare
3235 4847 3428 4901 Paulus
3464 4861 3476 4900 :
3503 4845 3589 4902 vel
3620 4847 3756 4918 quia

2153 4937 2302 4991 Titus
2332 4935 2479 5007 prius
2510 4936 2588 4990 eis
2631 4936 3044 5008 pradicaverat,
3077 4951 3147 4990 ne
3176 4935 3391 5001 Paulus,
3427 4950 3492 4990 eo
3523 4935 3758 4992 absente

2153 5025 2479 5097 pradicans,
2511 5025 2795 5079 videretur
2839 5024 3087 5078 minuere
3123 5031 3445 5094 potestatem
3493 5022 3615 5077 Titi.
3650 5023 3757 5078 Vel

2157 5114 2284 5186 quia
2312 5115 2458 5168 Titus
2505 5114 2774 5184 interpres
2832 5120 2948 5168 erat
2996 5111 3164 5178 Pauli,
3198 5120 3250 5167 et
3292 5112 3531 5182 linguam
3561 5127 3759 5167 eorum

2157 5201 2470 5272 expressius
2498 5201 2648 5272 loqui
2676 5209 2908 5272 poterat.
2933 5201 3058 5256 Non
3077 5200 3263 5272 utique
3295 5199 3536 5271 requiem
3566 5201 3755 5268 habui,

2156 5291 2251 5345 sed
2277 5291 2620 5362 valefaciens
2645 5291 2744 5359 eis,
2770 5289 3083 5352 Troadibus,
3099 5291 3390 5360 profectus
3411 5304 3539 5343 sum
3561 5289 3625 5342 in
3651 5289 3761 5344 Ma-

2159 5377 2469 5434 cedoniam.
2505 5378 2571 5432 Hi
2602 5377 2927 5432 Macedones
2973 5376 3029 5431 in
3075 5392 3276 5446 magno
3316 5376 3524 5431 honore
3557 5392 3758 5432 susce—

2158 5475 2358 5538 perunt
2395 5466 2714 5538 Apostolum
2749 5481 2760 5519 :
2797 5474 2854 5521 ut
2885 5465 3049 5520 etiam
3077 5465 3145 5522 de
3175 5465 3338 5521 rebus
3377 5479 3571 5521 eorum
3603 5465 3761 5538 quid-

2159 5556 2288 5629 quid
2319 5555 2498 5624 vellet,
2532 5555 2823 5626 disponere
2852 5561 3057 5626 posset.
