3948 6430
137 294 235 347 229

767 288 1148 346 EXPOSITIO
1188 290 1261 345 IN
1297 288 1680 346 EPISTOLAS
1719 288 1943 345 PAULI.
1976 318 2044 330 —

2110 289 2181 344 ΙΝ
2213 289 2428 345 EPIST.
2473 289 2520 344 II
2551 289 2646 344 AD
2681 287 2846 344 COR~
3357 286 3463 342 230

216 414 314 470 Hic
345 414 539 486 incipit
571 414 765 469 Paulus
791 413 1146 486 magniﬁcare
1197 431 1276 479 se,
1311 421 1364 468 et
1393 413 1754 468 ministerium
1775 414 1831 473 Α
1863 435 1885 460 α
1913 412 2184 467 Christum
2215 413 2285 468 ad
2324 414 2498 468 Deum
2534 429 2546 467 :
2579 427 2691 468 non
2739 410 2885 484 quod
2934 408 3265 465 sufﬁcientes
3294 406 3462 462 simus

154 520 304 559 suum
341 519 354 559 :
390 513 445 559 et
474 504 963 576 pseudoapostolos
1010 503 1380 574 multipliciter
1425 503 1752 574 deprimere,

151 593 276 665 quia
322 593 548 664 quidam
569 593 973 649 Corinthiorum
1012 592 1136 647 illos
1164 591 1533 663 praeferebant
1562 592 1752 647 Paulo.

157 681 438 738 Profectus
503 698 622 736 sum
678 681 734 736 in
782 681 1195 738 Macedoniam:
1248 681 1323 736 ibi
1390 689 1570 736 autem
1635 697 1755 735 sum

156 771 475 826 constitutus
507 771 865 842 triumphator
909 771 964 825 in
1012 770 1248 835 Christo,
1295 778 1347 826 et
1385 770 1512 825 inde
1540 771 1755 842 gratias

152 875 255 932 ago
276 862 383 916 Deo
404 863 502 933 qui
519 877 738 932 semper
757 860 1076 932 triumphat
1096 876 1218 925 nos,
1238 859 1293 913 id
1315 867 1397 914 est
1419 859 1755 930 triumphare

155 963 254 1003 nos
286 947 414 1004 facit
439 949 504 1003 in
530 948 747 1004 Christo
763 950 914 1015 Jesu,
939 948 994 1003 id
1017 955 1097 1003 est
1121 964 1219 1019 per
1251 947 1522 1002 Christum
1543 949 1752 1014 lesum,

149 1035 206 1089 in
238 1052 346 1107 quo
377 1052 485 1090 non
534 1036 864 1106 triumphant
910 1035 1120 1106 pseudo
1153 1051 1166 1090 :
1199 1043 1250 1090 et
1281 1035 1372 1106 qui
1401 1036 1550 1090 Deus
1579 1035 1754 1089 mani-

155 1125 315 1178 festat
344 1125 573 1180 odorem
618 1125 842 1180 notitia;-
889 1141 1023 1190 s-uce,
1074 1124 1130 1178 id
1174 1132 1255 1178 est
1303 1124 1577 1179 Christum
1613 1139 1624 1177 :
1659 1139 1756 1194 per

152 1213 303 1282 cujus
346 1213 734 1268 humanitatem
765 1213 1058 1268 odoramus
1108 1212 1345 1267 divinam
1395 1221 1449 1267 et
1504 1211 1755 1266 indivisi-

156 1302 318 1357 bilem
367 1303 682 1357 essentiam.
734 1302 834 1357 Vel
877 1301 1190 1356 manifestat
1237 1318 1335 1372 per
1380 1317 1479 1356 nos
1529 1299 1757 1356 odorem

158 1407 268 1446 suae
315 1391 542 1457 notitiae,
600 1391 654 1446 id
712 1399 794 1446 est
842 1391 1281 1462 praedicationem
1348 1399 1610 1457 nostram,
1659 1406 1757 1461 per

154 1496 310 1551 quam
359 1480 534 1535 virtus
597 1480 697 1536 Dei
758 1480 1137 1535 manifestatur
1183 1480 1237 1534 in
1287 1480 1435 1535 omni
1480 1479 1602 1535 loco
1645 1495 1755 1551 quo

153 1569 538 1640 praedicamus.
581 1568 890 1623 Manifestat
937 1569 1122 1640 utique
1163 1585 1265 1640 per
1293 1585 1394 1623 nos
1425 1586 1438 1622 :
1473 1572 1606 1640 quia
1652 1585 1755 1624 nos

153 1674 345 1713 sumus
376 1659 552 1713 bonus
581 1658 716 1712 odor
738 1657 966 1722 Christi,
1002 1657 1055 1710 id
1100 1665 1181 1712 est
1211 1657 1257 1711 si
1302 1657 1420 1728 quis
1465 1657 1757 1727 puritatem

1861 523 1883 552 ι
1919 502 2164 572 cogitare
2206 502 2412 574 aliquid
2459 517 2492 557 a
2556 501 2751 566 nobis,
2819 499 2972 572 quasi
3014 515 3078 554 ex
3126 496 3319 562 nobis;
3370 495 3468 550 sed

1860 615 1881 639 ι
1918 590 2238 647 suﬂicientia
2322 598 2510 646 nostra
2593 607 2660 645 ex
2713 591 2829 644 Deo
2883 595 2967 644 est
3052 587 3143 659 qui
3201 593 3255 642 et
3339 584 3464 640 ido-

1861 703 1882 727 α
1919 696 2051 735 neos
2097 696 2199 736 nos
2256 679 2385 735 fecit
2426 679 2706 733 ministros
2765 678 2905 733 Novi
2953 675 3304 745 Testamenti,
3352 689 3461 730 non

1859 769 2098 824 «littera
2161 769 2258 824 sed
2327 768 2538 839 spiritu.
2603 767 2801 822 Littera
2868 767 3014 821 enim
3056 764 3294 831 occidit,
3343 762 3461 834 spi-

1860 881 1881 907 α
1917 859 2054 913 ritus
2081 866 2263 913 autem
2294 856 2552 914 viviﬁcat.
2615 855 2751 924 Quia
2783 855 2829 910 si
2883 854 3211 909 ministratio
3267 852 3462 909 mortis

1859 947 2111 1002 «litteris
2200 944 2500 1002 deformata
2551 945 2608 1000 in
2664 944 2934 1016 lapidibus
3035 942 3132 998 fuit
3203 942 3261 998 in
3331 942 3459 1015 glo-

1860 1056 1882 1086 «
1916 1035 2016 1102 ria,
2051 1036 2121 1090 ita
2151 1044 2210 1090 ut
2238 1052 2348 1091 non
2377 1043 2601 1106 possent
2639 1033 2923 1089 intendere
2966 1031 3062 1087 filii
3093 1031 3257 1087 Israel
3284 1031 3342 1086 in
3370 1030 3459 1086 fa-

1860 1145 1882 1175 ι
1919 1125 2057 1181 ciem
2087 1124 2278 1197 Moysi,
2314 1132 2539 1196 propter
2559 1123 2794 1195 gloriam
2824 1122 3002 1177 vultus
3031 1123 3149 1191 ejus
3177 1137 3298 1192 quae
3337 1134 3463 1176 eva-

1861 1237 1882 1263 ι
1920 1222 2132 1280 cuatur,
2173 1213 2448 1285 quomodo
2495 1229 2604 1268 non
2651 1212 2826 1283 magis
2869 1210 3190 1265 ministratio
3237 1209 3458 1280 spiritus

1859 1326 1881 1351 α
1919 1303 2020 1358 erit
2049 1303 2103 1356 in
2136 1302 2310 1375 gloria
2331 1303 2360 1356 ἲν
2387 1303 2528 1357 Nam
2557 1301 2603 1356 si
2633 1299 2958 1355 ministratio
3003 1298 3372 1354 damnationis
3403 1297 3458 1352 in

1859 1411 1882 1443 ι
1918 1391 2094 1465 gloria
2126 1401 2227 1459 est,
2260 1391 2431 1447 multo
2459 1391 2638 1463 magis
2680 1390 2919 1444 abundat
2975 1388 3336 1443 ministerium
3361 1389 3457 1458 ju-

1859 1504 1879 1528 α
1918 1481 2076 1536 stitia
2107 1481 2158 1535 in
2209 1480 2409 1553 gloria.
2454 1481 2596 1535 Nam
2627 1495 2730 1535 nec
2777 1476 3134 1550 gloriﬁcatum
3169 1484 3270 1545 est,
3309 1477 3458 1548 quod

1859 1591 1880 1621 α
1917 1569 2111 1626 claruit
2139 1569 2194 1623 in
2225 1570 2325 1625 hac
2353 1577 2525 1639 parte,
2559 1575 2785 1639 pr0pter
2811 1567 3170 1623 excellentem
3200 1566 3450 1637 gloriam.

1860 1683 1881 1707 «
1920 1659 1976 1714 Si
2007 1659 2148 1713 enim
2190 1659 2335 1730 quod
2366 1665 2664 1714 evacuatur
2710 1673 2811 1728 per
2858 1656 3091 1729 gloriam
3134 1663 3235 1719 est,
3286 1655 3457 1711 multo

152 1753 363 1801 actuum
393 1754 702 1800 nostrorum
733 1745 1064 1811 considerat,
1115 1753 1294 1816 potest
1337 1746 1571 1800 odorare
1600 1745 1754 1799 boni-
1782 1777 1835 1836 B
1861 1772 1882 1796 ι
1916 1748 2096 1820 magis
2127 1748 2270 1818 quod
2302 1755 2486 1802 manet
2533 1747 2588 1800 in
2635 1745 2812 1818 gloria
2841 1753 2943 1800 est.
2986 1745 3261 1800 Habentes
3289 1743 3458 1816 igitur

153 1843 308 1889 tatem
357 1834 578 1900 Christi,
632 1835 785 1904 cujus
841 1849 942 1890 nos
1000 1850 1186 1888 sumus
1241 1833 1491 1888 ministri.
1551 1835 1749 1900 Bonus,

152 1923 392 1994 inquam,
425 1923 565 1978 odor
594 1939 780 1977 sumus
817 1940 830 1977 :
866 1929 919 1978 et
949 1923 994 1977 si
1042 1938 1152 1978 non
1197 1921 1522 1993 quibusdam
1569 1922 1755 1978 incre-

159 2012 318 2077 dulis,
356 2020 540 2066 tamen
571 2013 700 2080 Deo,
735 2011 826 2083 qui
869 2011 1016 2066 videt
1045 2011 1304 2066 interiora
1335 2011 1516 2066 cordis
1547 2011 1746 2066 nostri.

155 2101 349 2166 Bonus,
385 2100 626 2171 inquam,
657 2101 792 2155 odor
821 2117 1009 2154 sumus
1057 2108 1314 2171 quantum
1344 2100 1414 2155 ad
1447 2101 1660 2166 Deum;
1701 2107 1754 2154 et

156 2189 208 2242 in
237 2189 320 2243 his
353 2189 444 2260 qui
472 2189 608 2243 salvi
653 2187 785 2243 ﬁunt
829 2205 926 2260 per
973 2189 1332 2260 Evangelium
1380 2197 1647 2255 nostrum,
1701 2195 1755 2243 et

152 2279 210 2332 in
242 2278 327 2334 his
351 2278 448 2350 qui
475 2282 741 2350 pereunt,
776 2294 875 2348 per
897 2286 1265 2349 contemptum
1294 2277 1538 2346 ejusdem
1570 2278 1752 2334 Evan-

149 2366 291 2437 gelii,
327 2375 596 2437 quantum
645 2367 714 2421 ad
759 2367 970 2435 Deum;
1012 2367 1066 2421 in
1115 2367 1354 2437 utrisque
1397 2367 1670 2422 salvandis
1701 2375 1754 2421 et

153 2455 404 2526 perituris
436 2455 614 2510 bonus
642 2456 780 2511 odor
797 2472 986 2510 sumus
1020 2471 1033 2509 :
1058 2455 1156 2510 sed
1180 2464 1438 2527 quantum
1469 2455 1541 2510 ad
1569 2456 1750 2511 homi-

149 2560 264 2611 nes,
297 2545 432 2600 aliis
454 2544 678 2617 quidem
701 2561 887 2599 sumus
908 2545 1042 2600 odor
1060 2546 1281 2601 mortis.
1307 2544 1575 2600 Increduli
1606 2544 1751 2600 enim

150 2633 430 2688 audientes
458 2649 488 2686 a
517 2633 677 2688 nobis
706 2633 871 2688 fidem
919 2627 1164 2699 Christi,
1192 2633 1377 2688 dicunt
1425 2650 1484 2688 se
1514 2633 1750 2688 odorare

153 2737 257 2776 rem
287 2720 643 2778 mortiferam.
689 2721 928 2779 164
962 2723 1106 2778 Odor
1133 2723 1355 2792 mortis,
1387 2722 1530 2789 dico,
1563 2722 1750 2779 valens

151 2810 225 2865 eis
252 2812 315 2866 in
343 2815 609 2876 mortem,
642 2811 698 2866 id
730 2811 894 2866 estad
915 2811 1342 2866 damnationem.
1368 2812 1512 2867 Aliis
1533 2816 1746 2878 autem,

149 2899 200 2953 id
242 2907 324 2955 est
369 2899 647 2965 fidelibus,
692 2917 881 2954 sumus
921 2901 1050 2956 odor
1104 2901 1250 2955 vitaz.
1304 2901 1408 2956 Per
1450 2900 1748 2956 doctrinam

151 2987 289 3043 enim
319 2997 570 3044 nostram
600 2989 827 3044 odorant
857 2989 1022 3045 vitam
1074 2989 1313 3058 justitite,
1365 2989 1544 3045 eundo
1587 2989 1665 3045 sic
1693 2989 1750 3043 in

149 3077 302 3131 vitam
334 3085 619 3132 aeternam.
667 3078 814 3133 Deus
869 3093 968 3148 per
1012 3093 1111 3132 nos
1159 3077 1473 3132 manifestat
1520 3078 1747 3132 odorem

145 3164 362 3233 justitia
402 3180 568 3221 suae:
623 3173 674 3221 et
721 3166 790 3220 ad
840 3166 957 3222 haec
1000 3165 1395 3221 manifestanda
1442 3169 1564 3238 quis
1611 3167 1754 3222 inter

150 3255 354 3323 pseudo
383 3262 496 3309 tam
545 3255 772 3310 idoneus
821 3255 960 3311 sicut
1004 3271 1108 3326 ego
1157 3263 1211 3310 et
1253 3255 1550 3326 coapostoli
1596 3255 1752 3310 mei?

147 3342 316 3398 Nemo
346 3344 540 3415 utique
590 3348 706 3399 tam
747 3343 983 3400 idoneus
1013 3365 1030 3400 :
1061 3361 1198 3400 nam
1245 3361 1346 3400 nos
1389 3360 1506 3399 non
1554 3361 1751 3400 sumus

148 3433 291 3487 sicut
314 3432 580 3504 plurimi,
614 3432 817 3488 scilicet
843 3431 1073 3502 pseudo,
1095 3433 1489 3488 adulterantes
1524 3434 1750 3489 verbum

151 3521 279 3576 Dei:
310 3521 448 3577 sicut
481 3521 628 3576 enim
658 3521 870 3576 adulter
905 3538 1022 3576 rem
1045 3521 1269 3576 alterius
1287 3529 1508 3592 usurpat
1541 3522 1746 3588 illicite,

153 3609 227 3665 sic
253 3610 465 3680 pseudo
491 3609 854 3664 ministerium
900 3609 1308 3680 praedicationis
1339 3625 1372 3664 a
1397 3610 1615 3665 nemine
1645 3611 1751 3665 sibi

151 3697 463 3767 injunctum.
497 3698 648 3754 Sicut
676 3699 838 3753 etiam
883 3698 1098 3754 adulter
1128 3698 1364 3755 fructum
1403 3699 1608 3754 sobolis
1639 3715 1748 3754 non

152 3788 333 3857 quaerit
375 3787 432 3842 in
476 3803 645 3857 opere
689 3787 1033 3858 turpitudinis
1081 3803 1212 3855 suae,
1266 3787 1365 3843 sed
1406 3787 1748 3844 solummodo

151 3875 357 3946 explere
404 3875 740 3931 libidinem:
793 3876 871 3932 sic
913 3876 991 3930 illi
1043 3877 1255 3947 pseudo
1301 3875 1645 3932 solummodo
1692 3885 1750 3932 ut

149 3962 338 4020 lucrari
369 3965 588 4036 possint
633 3964 971 4036 temporalia,
1021 3980 1131 4020 non
1178 3973 1368 4021 curant
1397 3966 1465 4020 de
1497 3966 1577 4021 eis
1607 3982 1748 4038 quos

148 4051 355 4123 docent,
406 4053 526 4108 sive
575 4061 818 4124 pereant,
873 4053 988 4108 sive
1018 4069 1126 4108 non
1174 4062 1416 4124 pereant.
1466 4055 1610 4121 Non,
1657 4054 1746 4108 in-

149 4156 321 4210 quam,
351 4141 727 4197 adulteramus
759 4142 987 4198 verbum
1032 4141 1130 4197 Dei
1164 4159 1177 4196 :
1226 4143 1323 4198 sed
1351 4143 1628 4215 loquimur
1672 4160 1747 4198 ea:

150 4230 496 4297 sinceritate,
532 4229 586 4285 id
620 4238 704 4285 est
726 4230 1022 4285 secundum
1050 4246 1246 4301 puram
1278 4230 1405 4286 ﬁdei
1433 4232 1742 4287 veritatem.

148 4316 258 4372 Non
287 4318 484 4374 iterum
515 4318 890 4374 adulteramus
926 4334 938 4373 :
972 4320 1069 4375 sed
1104 4321 1383 4392 loquimur
1409 4323 1473 4376 in
1499 4320 1738 4384 Christo,

145 4405 192 4459 id
242 4415 322 4461 est
377 4407 686 4464 secundum
745 4408 907 4463 fidem
964 4416 1016 4463 et
1071 4409 1460 4464 institutionem
1537 4409 1740 4465 Christi

1861 1857 1882 1884 α
1919 1835 2085 1890 talem
2113 1851 2288 1905 spem,
2324 1834 2490 1889 multa
2527 1831 2728 1888 ﬁducia
2774 1832 2994 1887 utimur.
3045 1832 3114 1886 Et
3159 1847 3268 1886 non
3319 1831 3460 1886 sicut

1862 1943 1882 1976 ι
1918 1925 2135 1995 Moyses
2185 1945 2208 1974 ι
2259 1923 2497 1994 ponebat
2545 1921 2794 1978 velamen
2842 1936 3010 1991 super
3058 1920 3255 1976 faciem
3304 1935 3459 1974 suam

1858 2036 1879 2061 α
1919 2012 2121 2083 (Exod.
2145 2026 2350 2081 xxxnv,
2376 2013 2487 2081 33),
2528 2034 2549 2058 η
2571 2018 2626 2065 ut
2646 2026 2756 2066 non
2777 2009 3117 2065 intenderent
3138 2007 3260 2063 ﬁliis
3289 2008 3455 2064 Israel

1859 2123 1882 2152 «
1917 2101 1970 2154 in
2004 2100 2197 2157 faciem
2227 2101 2365 2169 ejus,
2401 2101 2549 2172 quod
2599 2106 2907 2164 evacuatur,
2963 2098 3061 2152 sed
3106 2097 3286 2152 obtusi
3333 2104 3457 2152 sunt

1859 2211 1881 2240 α
1919 2206 2114 2245 sensus
2145 2205 2355 2245 eorum.
2391 2190 2577 2260 Usque
2619 2187 2674 2242 in
2721 2187 3048 2243 hodiernum
3097 2187 3240 2241 enim
3285 2186 3453 2257 diem,

1858 2301 1880 2328 α
1915 2279 2150 2350 idipsum
2179 2278 2429 2335 velamen
2472 2278 2526 2332 in
2584 2277 2815 2334 lectione
2863 2275 3077 2332 Veteris
3123 2275 3458 2332 Testamenti

1859 2391 1878 2416 ιι
1917 2376 2098 2423 manet
2139 2383 2248 2424 non
2291 2367 2614 2432 revelatum,
2667 2365 2815 2437 quod
2861 2365 2918 2419 in
2963 2364 3178 2420 Christo
3222 2379 3456 2421 evacua-

1857 2478 1880 2508 ι
1915 2465 2022 2525 tur,
2071 2457 2168 2512 sed
2215 2473 2391 2528 usque
2419 2456 2474 2510 in
2523 2455 2850 2511 hodiernum
2901 2454 3046 2509 diem
3091 2469 3214 2510 cum
3254 2453 3458 2526 legitur

1859 2568 1880 2597 α
1915 2547 2152 2616 Moyses,
2186 2545 2438 2600 velamen
2485 2544 2724 2616 positum
2768 2551 2850 2598 est
2879 2559 3046 2614 super
3093 2558 3192 2599 cor
3237 2558 3451 2597 eorum.

1857 2656 1880 2685 α
1916 2635 2052 2690 Cum
2083 2642 2264 2689 autem
2293 2649 2594 2690 conversus
2625 2632 2786 2688 fuerit
2813 2632 2882 2686 ad
2935 2633 3130 2699 Deum,
3177 2630 3458 2687 auferetur

1857 2743 1879 2774 ι
1913 2723 2184 2778 velamen.
2223 2746 2245 2770 ‹‹
2280 2722 2546 2777 Dominus
2573 2729 2756 2777 autem
2777 2721 3000 2792 spiritus
3027 2728 3110 2776 est
3158 2721 3342 2790 (Joan.
3375 2736 3451 2789 ιν,

1858 2833 1880 2862 ι
1913 2812 2027 2883 24).
2069 2832 2090 2861 ι
2141 2811 2245 2868 Ubi
2293 2819 2471 2867 autem
2519 2810 2742 2882 spiritus
2791 2808 3028 2876 Domini,
3087 2808 3161 2862 ibi
3207 2808 3450 2866 libertas.

1856 2924 1876 2948 ιι
1911 2902 2026 2956 Nos
2075 2916 2204 2956 vero
2250 2916 2443 2955 omnes
2481 2899 2720 2955 revelata
2765 2898 2905 2954 facie
2951 2897 3186 2968 gloriam
3233 2898 3454 2953 Domini

1855 3011 1877 3037 α
1915 2989 2281 3060 speculantes,
2315 2989 2368 3043 in
2399 2987 2648 3044 eamdem
2674 2987 2967 3059 imaginem
3007 2986 3458 3042 transformamur

1855 3101 1876 3124 α
1913 3093 1946 3132 a
1975 3078 2217 3134 claritate
2248 3079 2303 3133 in
2351 3077 2678 3145 claritatem,
2734 3085 2988 3148 tanquam
3016 3091 3048 3130 a
3089 3075 3308 3132 Domini
3335 3075 3454 3147 spi-

1862 3189 1884 3214 ι(
1918 3167 2043 3222 ritu.
2081 3188 2104 3218 ι

2495 3305 2792 3346 EXPOSITIO
2806 3331 2820 3346 ο

1922 3435 1990 3488 Ει
2020 3433 2148 3505 quia
2175 3432 2299 3490 dico
2327 3448 2491 3488 nemo
2539 3433 2610 3488 ad
2639 3434 2756 3488 haec
2813 3440 2923 3487 tam
2973 3432 3220 3502 idoneus,
3270 3433 3451 3491 dicitis

1849 3531 2141 3594 pr0pterea
2173 3522 2318 3594 quod
2347 3522 2564 3588 iterum,
2599 3530 2659 3576 ut
2687 3522 2740 3575 in
2772 3520 2881 3576 alia
2917 3521 3165 3592 Epistola
3187 3522 3278 3577 ubi
3308 3523 3452 3580 dice-

1850 3611 1974 3664 bam
2005 3611 2272 3666 Omnibus
2293 3613 2485 3666 omnia
2506 3613 2697 3682 factus
2716 3627 2844 3666 sum
2873 3610 2922 3677 (Ι
2942 3611 3062 3666 Cor.
3097 3625 3176 3676 xx,
3200 3615 3290 3681 22)
3312 3619 3444 3680 etc.,

1847 3700 2156 3772 incipimus
2172 3700 2586 3766 commendare,
2609 3699 2664 3754 id
2685 3708 2767 3753 est
2788 3697 3140 3771 magniﬁcare
3168 3703 3448 3757 nosmeti-

1846 3789 2140 3860 psos.Non
2183 3789 2416 3860 utique:
2469 3789 2565 3843 sed
2611 3787 2970 3843 ministerium
3018 3787 3118 3843 Dei
3165 3788 3222 3842 in
3266 3789 3446 3846 nobis.

1849 3879 1962 3933 Aut
1988 3878 2248 3950 nunquid
2277 3894 2500 3949 egemus
2518 3878 2668 3934 sicut
2698 3878 2925 3950 quidam
2954 3876 3186 3947 (scilicet
3213 3879 3448 3950 pseudo)

1848 3968 2329 4023 commendatitiis
2351 3968 2602 4038 epistolis
2625 3967 2810 4021 missis
2840 3967 2909 4021 ab
2937 3967 3058 4022 aliis
3088 3968 3159 4022 ad
3180 3983 3272 4023 vos
3295 3989 3314 4035 ;
3345 3973 3450 4026 aut

1847 4072 1922 4111 ex
1951 4054 2119 4122 vobis,
2153 4055 2337 4110 missis
2365 4055 2434 4110 ad
2455 4055 2632 4110 alios?
2661 4055 2744 4110 Illi
2760 4055 2903 4110 enim
2925 4055 3153 4127 pseudo,
3182 4064 3239 4111 ut
3270 4058 3449 4130 magis

1844 4153 2068 4215 possent
2101 4144 2322 4210 lucrari,
2355 4160 2478 4200 cum
2510 4145 2812 4199 transibant
2839 4144 2910 4199 de
2963 4145 3084 4201 loco
3132 4145 3202 4200 ad
3243 4146 3442 4213 locum,

1845 4234 2208 4304 precabantur
2253 4241 2314 4288 ut
2357 4233 2497 4288 illia
2544 4233 2742 4304 quibus
2806 4233 2948 4288 irent
2998 4235 3449 4292 commendarent

1846 4338 1941 4378 eos
1968 4339 2070 4393 per
2097 4321 2373 4392 epistolas,
2407 4322 2512 4376 illis
2537 4322 2607 4376 ad
2636 4338 2773 4393 quos
2819 4322 3136 4377 transibant.
3189 4325 3309 4396 Ego
3338 4325 3450 4379 uti-

1845 4428 1952 4482 que
1982 4427 2091 4466 non
2122 4426 2261 4482 egeo
2282 4411 2526 4481 epistolis
2551 4411 2960 4467 commendatiis
2995 4426 3006 4465 :
3041 4428 3165 4466 nam
3195 4429 3287 4469 vos
3308 4414 3449 4471 estis

145 4491 405 4565 loquimur
451 4513 528 4554 ex
589 4498 721 4563 Deo,
780 4497 835 4551 id
891 4505 974 4552 est
1032 4497 1331 4552 secundum
1388 4499 1535 4570 quod
1592 4499 1813 4564 DeusD
1844 4504 2042 4556 nostra
2076 4500 2337 4572 epistola,
2386 4499 2510 4570 quia
2547 4499 2891 4572 signaculum
2933 4500 3042 4555 mei
3087 4501 3443 4572 apostolatus,

146 4579 284 4655 loqui
326 4585 611 4652 insinuat;
670 4589 728 4641 et
775 4602 964 4642 coram
1011 4587 1140 4654 Deo,
1175 4586 1231 4642 id
1277 4595 1361 4643 est
1389 4587 1443 4641 in
1475 4587 1743 4660 benepla-

147 4671 244 4728 cito
297 4673 417 4731 Dei.
719 4667 724 4676 ’

806 4799 1030 4857 CAPUT
1076 4801 1168 4856 III.

217 4961 238 4992 ι
278 4941 576 5015 Incipimus
641 4941 838 4997 iterum
885 4941 1253 5014 nosmetipsos
1299 4942 1687 4999 commendare
1717 4943 1746 4998 ‘P

154 5050 173 5072 α
206 5032 304 5085 Aut
331 5032 581 5105 nunquid
632 5047 856 5103 egemus
907 5031 1066 5100 (sicut
1113 5031 1355 5103 quidam)
1386 5033 1744 5087 commenda-

158 5138 177 5166 ι
210 5119 329 5175 titiis
352 5120 603 5192 epistolis
624 5120 693 5174 ad
723 5135 842 5187 vos,
876 5128 965 5174 aut
979 5137 1046 5175 ex
1062 5120 1223 5176 vobis
1243 5120 1271 5174 ξ’
1298 5121 1542 5192 Epistola
1562 5130 1744 5177 nostra

159 5225 179 5254 ι
210 5223 299 5262 vos
327 5210 478 5278 estis,
513 5209 728 5280 scripta
766 5208 819 5263 in
865 5209 1126 5265 cordibus
1172 5210 1390 5279 nostris,
1428 5227 1550 5281 quae
1577 5210 1745 5266 scitur

159 5313 179 5343 ι
210 5305 258 5350 et
309 5298 508 5371 legitur
563 5299 636 5352 ab
696 5297 946 5353 omnibus
1006 5297 1336 5367 hominibus,
1396 5299 1739 5366 manifestati,

158 5405 176 5427 ιι
210 5387 454 5454 quoniam
484 5385 724 5458 epistola
752 5387 884 5441 estis
928 5386 1147 5456 Christi,
1200 5387 1496 5443 ministrata
1525 5404 1554 5442 a
1584 5389 1743 5443 nobis

161 5493 179 5517 α
209 5480 255 5526 et
283 5476 496 5547 scripta,
529 5491 647 5531 non
695 5482 1014 5544 atramento,
1063 5475 1161 5531 sed
1221 5475 1424 5548 Spiritu
1481 5476 1582 5532 Dei
1613 5477 1739 5531 vivi.

159 5580 177 5604 ι
208 5561 318 5618 Non
363 5565 417 5619 in
482 5564 686 5620 tabulis
736 5563 962 5635 lapideis
989 5609 1001 5630 ,
1054 5565 1151 5620 sed
1211 5565 1267 5619 in
1312 5566 1512 5621 tabulis
1559 5565 1743 5622 cordis

164 5668 184 5699 ι
214 5653 529 5711 carnalibus.
575 5653 858 5711 Fiduciam
901 5662 1081 5712 autem
1125 5653 1293 5711 talem
1334 5655 1599 5712 habemus
1646 5670 1746 5726 per

1849 4589 1943 4662 qui
1980 4605 2078 4644 vos
2109 4589 2162 4642 in
2193 4587 2301 4643 ﬁde
2321 4588 2520 4643 Christi
2551 4587 2792 4643 fundavi.
2816 4588 3061 4658 Epistola
3089 4589 3212 4645 dico
3232 4592 3448 4663 scripta

1846 4680 1912 4734 in
1931 4679 2189 4735 cordibus
2200 4680 2432 4743 nostris,
2448 4676 2610 4733 ﬁdem
2631 4677 2776 4732 enim
2798 4685 3036 4733 vestram
3057 4693 3335 4750 nunquam
3355 4680 3451 4736 ob-

1847 4767 2148 4824 liviscimur
2181 4782 2193 4821 :
2221 4767 2318 4822 sed
2349 4767 2416 4822 de
2436 4767 2607 4822 salute
2628 4774 2809 4822 vestra
2830 4766 3058 4823 sollicite
3077 4769 3252 4823 Deum
3282 4784 3447 4840 roga-

1846 4872 1968 4911 mus
1989 4855 2078 4913 :1
2091 4856 2250 4912 65
2271 4873 2393 4929 qua:
2409 4858 2649 4929 epistola
2661 4858 2846 4911 scitur
2860 4856 2927 4912 ab
2943 4857 3222 4914 omnibus.
3240 4858 3448 4914 Omnes

1848 4946 1993 5000 enim
2025 4947 2201 5001 sciunt
2226 4961 2326 5001 vos
2355 4961 2452 5017 per
2479 4962 2566 5000 me
2597 4945 2668 5000 ad
2690 4943 2854 5000 ﬁdem
2884 4961 3205 5014 conversos,
3241 4955 3294 5002 et
3323 4964 3448 5020 quas

1846 5033 2092 5105 Epistola
2124 5035 2334 5106 legitur
2363 5035 2430 5090 ab
2461 5035 2739 5090 omnibus.
2775 5035 2831 5090 Si
2862 5035 2982 5107 quis
3013 5034 3158 5091 enim
3186 5036 3317 5092 velit
3345 5052 3446 5093 co-

1847 5138 2114 5193 gnoscere
2144 5123 2322 5194 qualis
2351 5122 2454 5177 sim
2483 5123 2538 5178 in
2568 5123 2745 5189 vobis,
2778 5139 2866 5180 me
2895 5124 3029 5197 legit
3059 5132 3114 5180 et
3142 5127 3445 5197 cognoscit.

1846 5211 1957 5266 Vos
1969 5211 2092 5268 dico
2104 5212 2484 5283 mani/estati,
2507 5214 2776 5286 quoniam
2787 5214 2926 5268 estis
2943 5215 3180 5286 epistola
3206 5213 3448 5271 Christi:

1846 5301 1970 5372 quia
2000 5299 2138 5356 ﬁdes
2169 5309 2353 5356 vestra
2369 5309 2422 5356 et
2441 5301 2582 5356 bona
2612 5301 2719 5356 vita
2735 5302 2974 5356 ostendit
3004 5302 3260 5357 virtutem
3289 5303 3446 5359 Chri-

1847 5389 1933 5445 sti.
1969 5389 2210 5460 Epistola
2241 5389 2441 5444 Christi
2488 5390 2629 5457 dico,
2670 5391 3008 5446 ministrata
3039 5408 3075 5446 a
3117 5392 3292 5448 nobis.
3344 5393 3448 5448 Per

1846 5479 1951 5534 hoc
1981 5478 2127 5534 enim
2157 5478 2304 5550 quod
2334 5478 2465 5534 estis
2493 5494 2618 5534 mea
2648 5479 2878 5549 epistola
2926 5479 3019 5550 qui
3046 5495 3145 5535 vos
3192 5480 3440 5548 instruxi,

1847 5583 1953 5640 ego
1983 5575 2163 5622 autem
2192 5566 2419 5638 epistola
2458 5566 2678 5634 Christi,
2731 5567 2812 5623 sic
2853 5583 2942 5623 me
2987 5568 3261 5624 mediante
3311 5568 3444 5624 estis

1845 5655 2074 5728 epistola
2103 5655 2300 5712 Christi
2329 5671 2342 5712 :
2375 5673 2538 5728 quem
2581 5655 2858 5712 Christum
2899 5655 3054 5713 vobis
3108 5655 3440 5729 dispensavi.
