3920 6412
361 359 511 427 1227
566 299 570 302 .

989 359 1255 428 GESTA
1287 364 1878 432 TREVERORUM.
1911 400 1989 415 --
2039 365 2308 430 GESTA
2338 364 2777 431 GODEFRIDI
2811 363 3138 432 ACHIEP.

3646 367 3804 430 1228

888 736 1262 827 GESTA
1376 737 2020 828 GODEFRIDI
2121 737 2434 827 ARClI

1709 737 2020 828 FlllDl
2121 721 3257 828 ARCIIIEI’ISCOPI3835.

431 988 478 1039 t.
513 984 696 1052 lgitur
728 991 864 1056 post
890 1001 1193 1044 excessum
1230 988 1514 1044 Brunonis
1544 987 1803 1059 episcopi
1838 987 2012 1044 Gotb-
2044 970 2094 1028 Α
2125 985 2437 1042 desideriis
2467 987 2763 1054 anhelare,
2800 992 2861 1042 ut
2891 985 2943 1041 in
2979 986 3165 1042 locum
3203 987 3330 1057 ejus
3372 986 3669 1057 potuisset
3703 1002 3791 1044 as-

359 1071 544 1129 t‘ridus
570 1071 663 1105 ³⁸⁸⁸
691 1073 747 1128 in
777 1075 1179 1146 episcopatum
1223 1077 1530 1132 suecessit.
1579 1077 1680 1133 llic
1711 1077 1781 1132 de
1815 1077 2013 1133 Leodi-

354 1159 512 1216 censi
533 1162 841 1232 parrochia
865 1163 1345 1234 progenitoribus
1363 1164 1669 1220 admodum
1694 1165 2007 1236 nobilibus,

254 1252 261 1260 '
356 1255 522 1320 patre
551 1250 842 1320 Rutt'rido,
895 1257 1080 1308 matre
1113 1253 1450 1310 Fridesinda
1484 1255 1728 1321 nomine,
1777 1269 1850 1309 ex
1883 1254 2012 1312 vico

353 1337 450 1408 qui
467 1332 791 1396 Falmanies
805 1340 1024 1396 dicitur
1043 1341 1240 1396 extitit
1263 1342 1673 1399 oriundusm".
1693 1343 2010 1400 Arnoldum

353 1427 704 1484 avunculum
737 1443 926 1497 suum,
964 1430 1203 1500 majoris
1234 1431 1538 1501 aecclesize,
1575 1432 1780 1488 domus
1811 1432 1986 1488 videli

350 1519 450 1570 cet
472 1515 629 1570 beati
652 1516 812 1572 Petri
836 1517 1084 1588 apostoli
1115 1519 1497 1590 prepositum,
1527 1520 1821 1576 'l‘reberim
1852 1535 2014 1578 secu-

352 1608 469 1674 tus,
506 1604 578 1659 ab
617 1603 954 1660 Everhardo
1001 1607 1389 1663 Treberornm
1437 1608 1713 1680 episcopo
1765 1609 2014 1666 clericus

350 1695 446 1748 est
475 1691 836 1761 designatus.
870 1694 1081 1750 Verum
1112 1694 1208 1751 ubi
1241 1696 1532 1752 inmatura
1560 1697 1834 1754 libertate
1867 1699 2014 1768 poti-

352 1785 452 1836 tus
483 1783 599 1848 est,
634 1781 917 1837 continuo
968 1797 1072 1854 per
1123 1798 1472 1855 coequevos,
1509 1785 1721 1856 quibus
1752 1785 1924 1842 luxus
1953 1792 2010 1842 et

353 1868 579 1925 desidia
600 1869 759 1924 cordi
785 1876 896 1940 est,
932 1885 1130 1928 amare
1162 1872 1332 1940 vicia,
1369 1879 1664 1945 corruptae
1689 1875 1794 1932 viae
1819 1876 2016 1932 trami-

351 1961 470 2012 tem
503 1957 776 2014 incedere
806 1959 1179 2030 perdocetur,
1216 1976 1282 2017 ac
1317 1961 1484 2018 velud
1527 1977 1712 2033 equus
1745 1964 2010 2036 infrenis,

352 2049 584 2102 rectore
610 2052 969 2118 contempto,
1003 2049 1148 2106 recti
1183 2048 1411 2107 itineris
1441 2049 1534 2083 ³⁸³⁸
1563 2052 1770 2108 lineam
1802 2053 2014 2110 dereli-

351 2134 511 2206 quid.
543 2137 864 2208 Propterea
891 2138 1044 2194 enim
1077 2139 1148 2194 ab
1181 2139 1441 2196 Arnoldo
1474 2155 1651 2213 supra
1687 2151 2009 2200 memorato

352 2224 409 2280 in
443 2224 828 2282 ministerium
857 2226 1110 2284 Heinrici
1143 2229 1337 2298 quarti
1373 2230 1526 2298 regis
1559 2230 1864 2300 delegatus
1893 2237 2006 2302 est,

2124 1088 2388 1143 surgere.
2416 1075 2570 1131 Misit
2592 1090 2732 1142 ergo
2750 1090 2854 1146 per
2873 1077 3222 1132 sccrctarios
3241 1089 3375 1131 suos
3396 1075 3673 1132 lleinrico
3700 1092 3790 1132 re-

2121 1163 2178 1232 gi
2204 1163 2358 1218 mille
2381 1169 2612 1219 centum
2638 1169 2695 1218 et
2723 1163 2893 1230 ultra,
2925 1169 2982 1219 ut
3009 1164 3246 1234 dicitur,
3272 1178 3496 1219 marcas
3519 1164 3784 1232 argenti.

2122 1255 2178 1308 et
2207 1252 2284 1308 ita
2309 1267 2439 1308 eum
2470 1252 2580 1307 sibi
2609 1253 2966 1322 conciliavit,
2995 1257 3076 1321 ut,
3103 1269 3231 1308 cum
3259 1253 3651 1308 Treberenses
3687 1268 3784 1308 ve-

2123 1340 2314 1395 nirent
2339 1345 2397 1395 et
2422 1340 2546 1395 dari
2571 1341 2680 1396 sibi
2707 1341 3044 1411 episcopum
3067 1346 3432 1411 expeterent,
3454 1347 3510 1396 et
3537 1340 3781 1411 quidam

2122 1428 2281 1485 illius
2330 1429 2606 1500 ineptiam
2663 1434 3097 1500 pretenuerent,
3153 1446 3254 1485 rex
3305 1445 3415 1486 non
3465 1444 3533 1486 eo
3583 1429 3778 1485 minus

2123 1517 2425 1573 omitteret
2455 1517 2589 1588 quin
2621 1533 2752 1573 eum
2784 1518 3124 1589 episcopum
3175 1517 3580 1574 constitueret.
3637 1517 3774 1573 Erat

2123 1607 2274 1661 enim
2307 1605 2511 1662 senilis
2543 1606 2932 1676 desipientia),
2964 1606 3172 1676 plenus
3205 1607 3399 1663 furore
3432 1605 3770 1674 iracundiae,

2124 1693 2501 1750 discretionis
2521 1693 2890 1764 permodica,
2924 1694 3019 1764 qui
3054 1709 3158 1750 nec
3185 1694 3377 1751 domui
3411 1693 3498 1727 ⁸³⁸⁸
3529 1709 3648 1752 sua)
3685 1693 3776 1752 be-

2126 1796 2195 1837 ne
2230 1788 2470 1838 noverat
2494 1796 2750 1853 preesse.
2784 1784 2894 1838 Pro
2917 1782 3240 1852 bujusmodi
3264 1782 3479 1853 eligere
3500 1798 3628 1842 eum
3649 1788 3772 1860 epi-

2126 1885 2364 1942 sc0pum
2387 1870 2794 1927 formidabant.
2818 1871 2917 1926 Set
2939 1877 3127 1927 tamen
3142 1870 3254 1940 ³⁸⁸³,
3272 1871 3504 1935 vellent.
3527 1874 3768 1944 nollent,

2127 1958 2516 2014 intronizatus
2542 1965 2634 2014 est
2664 1958 2755 2014 die
2782 1963 2814 2013 6
2841 1960 3032 2016 Nonas
3056 1959 3210 2016 Julii.
3245 1960 3560 2032 Statimque
3592 1962 3766 2019 missa

2127 2046 2424 2116 legaeione
2443 2047 2735 2102 mandavit
2757 2047 3050 2119 episcopis
3069 2047 3459 2106 aacclesiarum
3483 2050 3769 2120 subjecta-

2129 2153 2250 2193 rum
2274 2137 2596 2194 Treverieae
2621 2138 2985 2210 metropolis,
3017 2139 3294 2210 quatinus
3319 2140 3602 2197 Treberim
3631 2156 3768 2199 con-

2124 2227 2426 2283 venientes
2442 2227 2626 2297 ipsum
2639 2228 3408 2284 consecrarentantistitem.
3430 2229 3603 2296 Quam
3616 2231 3767 2288 vide-

353 2318 436 2383 ut,
487 2313 619 2385 quia
648 2314 721 2370 de
756 2329 978 2372 morum
1009 2315 1137 2386 ejus
1167 2316 1609 2387 irreligiositate
1656 2321 2010 2389 regulariter
2039 2325 2092 2383 B
2126 2313 2259 2370 licet
2294 2316 2792 2371 consecrationem
2817 2316 2908 2372 sui
2933 2315 3070 2372 licet
3095 2317 3220 2388 ipse
3244 2317 3519 2374 voluisset
3550 2317 3766 2377 accele-

352 2416 466 2459 non
488 2409 754 2474 speraret
779 2403 960 2461 ullum
985 2405 1456 2464 ecclesiasticum
1480 2408 1760 2464 honorem
1784 2411 2011 2465 contin-

353 2504 512 2562 gere,
549 2491 598 2548 si
630 2491 882 2550 facultas
913 2495 1277 2566 subpeteret,
1311 2495 1583 2553 videlicet
1619 2498 1666 2553 si
1700 2497 2012 2555 ecclesiar-

355 2579 593 2637 charum
617 2581 931 2652 quisquam
955 2582 1070 2638 vita
1095 2582 1430 2650 decederet,
1463 2585 1510 2641 si
1545 2587 1814 2657 nequiret
1841 2603 2013 2644 cano-

355 2669 505 2740 nice,
530 2671 690 2740 regia
722 2669 932 2727 saltem
962 2671 1368 2729 intruderetur
1398 2680 1719 2746 potestate.
1755 2677 2014 2747 Contigit

357 2758 554 2829 itaque
594 2763 922 2830 temporum
966 2759 1201 2817 labente
1237 2762 1556 2832 curriculo,
1602 2763 1882 2822 decanum
1917 2766 2015 2822 do-

359 2860 487 2902 mus
516 2846 896 2904 Treberensis
934 2848 1086 2906 diem
1126 2856 1450 2906 extremum
1483 2851 1778 2920 claudere,
1813 2857 1868 2909 et
1900 2870 2011 2910 non

358 2933 542 2992 multo
577 2938 708 3006 post
739 2935 1252 2994 archidiaconatus
1300 2939 1572 3010 otllciuin,
1626 2941 1741 2998 alio
1783 2957 2014 3013 quoque

359 3023 438 3080 ibi
461 3024 735 3093 obeunte,
770 3039 1011 3081 vacare:
1045 3025 1198 3097 quod
1222 3033 1287 3083 ut
1310 3028 1429 3097 regi
1461 3028 1738 3100 innotuit,
1772 3030 2016 3087 directis

358 3126 488 3169 mox
507 3111 578 3168 ad
599 3112 957 3182 Egilbertum
982 3113 1318 3186 episcopum
1346 3115 1579 3186 litteris,
1613 3119 1924 3189 mandavit,
1953 3126 2014 3174 ut

357 3215 534 3272 supra
561 3206 939 3258 memoratum
966 3202 1334 3260 Gothfridum
1361 3205 1475 3261 illis
1494 3205 1810 3264 honoribus
1835 3208 2016 3264 subli-

357 3293 563 3360 maret,
579 3289 734 3360 quod
757 3289 864 3347 nisi
889 3291 1130 3360 faceret,
1156 3306 1345 3360 regem
1367 3293 1709 3349 offenderet.
1731 3295 1853 3352 Jam
1875 3312 2014 3352 vero

357 3375 624 3450 adeptus,
643 3377 688 3434 si
706 3377 1006 3436 debuisset
1028 3381 1352 3452 quempiam
1374 3381 1461 3437 cla
1473 3382 1713 3440 ustralis
1734 3384 2011 3455 stipendii

357 3467 444 3523 vel
475 3467 680 3525 altaris
697 3468 850 3526 dono
871 3468 1174 3533 investire.
1191 3485 1303 3527 non
1325 3471 1577 3528 faciebat
1601 3473 1727 3530 sine
1752 3477 2012 3532 muneris

354 3557 762 3622 assecucione;
811 3573 971 3614 more
1019 3558 1313 3616 diabolico
1349 3577 1456 3615 non
1493 3577 1702 3632 passus
1731 3578 1794 3618 se
1824 3564 2007 3620 solum

355 3644 616 3715 interire,
649 3647 789 3718 quin
811 3652 870 3702 et
894 3646 1039 3704 alios
1068 3649 1374 3718 satagebat
1405 3666 1600 3705 secum
1632 3652 2006 3724 precipitare,

355 3735 668 3804 prescrtim
699 3751 832 3792 cum
859 3749 932 3792 ex
962 3735 1218 3792 decretis
1249 3739 1586 3807 pontificum
1619 3740 2008 3800 Romanorum

357 3829 473 3876 tam
494 3821 814 3879 vendentes
839 3837 1008 3894 quam
1031 3830 1294 3880 ementes
1318 3826 1568 3881 honores
1589 3827 1868 3886 mcclesiae
1893 3830 2012 3886 sint

356 3910 653 3981 dampnati
686 3910 1075 3967 anathemate.
1121 3912 1260 3968 Cum
1293 3917 1485 3970 autem
1518 3929 1620 3971 nec
1655 3916 1741 3972 sic
1774 3919 1917 3975 satis
1949 3919 2012 3974 li-

357 3999 494 4054 bere
527 3999 638 4055 sibi
673 3999 976 4056 videretur
1007 4002 1319 4058 canonicas
1359 4017 1535 4074 posse
1576 4007 1912 4064 venundare
1963 4038 2012 4048 ~—

355 4087 515 4158 prior
543 4087 698 4144 enim
728 4087 950 4146 decano
982 4090 1320 4162 prepositus
1343 4092 1519 4148 debet
1544 4092 1820 4152 investire
1843 4128 1910 4137 —
1932 4099 2013 4154 af-

357 4175 595 4233 fectavit
617 4182 676 4232 et
700 4176 844 4248 ipse,
875 4175 970 4211 ³⁸³⁰
997 4179 1044 4235 si
1080 4193 1225 4249 quas
1253 4185 1454 4251 posset
1484 4183 1890 4254 preposituras
1921 4200 2013 4242 ac-

353 4264 608 4335 quirere.
644 4265 832 4335 lgitur
863 4268 1300 4338 congregationi
1330 4269 1482 4326 beati
1509 4271 1810 4343 Symeonis
1834 4289 2014 4348 super

358 4357 580 4423 portam
604 4353 862 4411 civitatis
884 4361 1116 4426 preerat
1138 4357 1369 4428 quidam
1391 4359 1736 4418 Uodclricus
1758 4363 2009 4434 nomine,

355 4445 530 4498 natus
550 4442 622 4498 de
643 4442 854 4500 ﬁnibus
879 4444 1181 4516 Aquileiae,
1201 4461 1368 4518 quem
1393 4447 1543 4504 idem
1563 4449 1906 4508 Gothl‘ridus
1923 4450 2015 4490 ³⁸⁶⁰

355 4544 458 4601 per
501 4529 807 4587 Martinam
855 4534 1140 4604 quendam
1177 4534 1541 4606 capellanum
1585 4551 1752 4593 suum
1795 4539 1873 4594 ita
1904 4540 2015 4596 cir-

353 4619 666 4691 cumvenit,
705 4624 788 4691 ut,
820 4621 870 4678 si
901 4621 1223 4692 Aquileiam
1258 4638 1522 4680 remeare
1553 4624 1854 4690 voluisset.
1886 4643 2015 4700 pre-

352 4708 636 4780 posituraa
668 4723 792 4768 sua)
819 4725 949 4767 eum
984 4711 1256 4768 heredem
1285 4713 1708 4781 substitueret;
1740 4731 1871 4773 cum
1903 4718 2014 4776 uti-

350 4811 462 4868 que
495 4811 608 4854 non
645 4798 962 4868 dignitates
1002 4800 1440 4857 mcelcsiasticae
1465 4802 1597 4871 jure
1629 4802 2008 4877 hereditario,

350 4886 452 4943 sed
482 4887 750 4958 probatis
781 4890 915 4946 vitae
946 4903 1061 4946 sava-
1093 4889 1261 4945 'Iiate
1295 4889 1413 4945 sint
1445 4891 1836 4962 conferendas,
1869 4909 2010 4966 quo-

349 4989 470 5032 rum
506 4975 623 5032 vita
655 4977 910 5034 subditis
937 4977 1016 5034 sit
1050 4978 1281 5034 vivendi
1317 4993 1535 5034 norma.

2126 2404 2264 2472 rari,
2299 2410 2492 2459 tamen
2539 2403 2791 2460 diversis
2834 2419 3140 2460 causarum
3185 2405 3646 2463 intercidentium
3671 2404 3767 2441 ""

2127 2490 2585 2562 prepedicbatur
2608 2491 2951 2547 obstaculis.
2979 2493 3124 2548 Ecce
3147 2491 3295 2548 enim
3319 2493 3638 2564 Stephanus
3655 2495 3766 2552 lie-

2125 2579 2308 2634 tensis
2347 2580 2683 2650 episc0pus,
2710 2586 2770 2636 ut
2797 2580 3020 2636 audivit
3041 2580 3196 2652 quod
3219 2582 3444 2653 prefato
3463 2581 3658 2638 ordine
3680 2583 3764 2640 in-

2125 2668 2394 2730 traverit,
2418 2667 2520 2724 illo
2545 2669 2746 2724 venire
2771 2669 3193 2735 dissimulavit;
3217 2670 3472 2727 venisset
3493 2672 3762 2741 tamen,si

2126 2755 2303 2828 pallio
2327 2771 2442 2826 quo
2467 2757 2790 2814 avunculus
2819 2773 2961 2814 suus
2991 2757 3245 2814 Calistus
3279 2773 3420 2831 papa
3444 2773 3569 2816 eum
3592 2759 3763 2817 hono-

2126 2845 2298 2914 ravit,
2318 2845 2830 2903 inconsecratione
2847 2847 3284 2917 metropolitani
3303 2847 3613 2918 permissus
3629 2848 3764 2906 fuis-

2125 2941 2216 2989 set
2247 2933 2427 2992 indui.
2464 2935 2585 2991 Non
2615 2935 2766 2990 enim
2799 2935 2910 2991 nisi
2943 2935 3118 3006 pallio
3149 2935 3387 2993 indutus
3415 2936 3592 2994 voluit
3619 2937 3759 2994 inte-

2130 3037 2288 3079 resse
2307 3023 2768 3080 consecracioni.
2795 3023 2986 3089 Quare
3004 3029 3198 3080 autem
3219 3037 3288 3080 eo
3309 3039 3417 3080 non
3438 3025 3510 3081 sit
3528 3025 3762 3096 permil-

2127 3125 2229 3168 sus
2282 3110 2462 3180 indui,
2513 3125 2688 3167 causa
2741 3109 2864 3168 haec
2914 3117 3050 3168 est:
3089 3112 3354 3183 quoniam
3405 3113 3560 3184 quasi
3594 3111 3762 3170 in'm

2126 3199 2394 3266 injuriam
2421 3199 2766 3270 metropolis
2797 3201 3082 3258 aecclesiaa
3111 3215 3180 3258 eo
3207 3201 3564 3271 gloriabatur
3594 3217 3654 3260 se
3683 3203 3765 3260 in-

2127 3287 2243 3356 dui,
2283 3304 2388 3344 ncc
2425 3290 2478 3344 in
2511 3288 2636 3358 ejus
2667 3288 2759 3322 ³⁸⁸⁵
2792 3305 2896 3346 usu
2933 3289 3110 3346 ullum
3144 3291 3326 3347 voluit
3361 3291 3414 3347 in
3446 3289 3764 3364 metropoli-

2125 3384 2263 3433 tauo
2283 3377 2500 3434 habere
2522 3385 2875 3450 respectum.
2904 3381 3004 3436 Est
3021 3384 3080 3434 et
3099 3379 3208 3435 alia
3228 3394 3424 3450 causa,
3444 3395 3616 3452 quare
3633 3396 3763 3440 con-

2125 3466 2448 3523 secracioni
2475 3466 2780 3536 promissae
2807 3465 3057 3523 noluerit
3083 3468 3389 3524 interesse.
3411 3467 3758 3540 lnteripsum

2124 3555 2478 3624 Stephanum
2511 3561 2568 3610 et
2604 3555 2935 3612 Heinricum
2981 3556 3393 3613 Virdunensem
3435 3558 3758 3630 episcopum

2126 3643 2272 3701 facta
2321 3649 2411 3699 est
2461 3645 2793 3711 contcncio,
2847 3646 2980 3714 quis
3033 3661 3230 3702 eorum
3264 3645 3756 3718 metropolitanum

2121 3737 2578 3789 consecraturus
2619 3739 2775 3790 esset
2813 3734 3170 3806 episcopum,
3213 3735 3497 3806 Stephano
3539 3740 3764 3806 preten-

2122 3821 2297 3878 dente
2323 3821 2480 3879 sedis
2501 3838 2624 3879 suae
2649 3823 3061 3895 principatum,
3097 3823 3363 3881 Heinrico
3392 3828 3578 3881 autem
3609 3824 3758 3881 ordi-

2122 3911 2375 3967 nationis
2414 3926 2534 3968 suae
2571 3913 2910 3982 prioratum.
2948 3913 3046 3968 Set
3081 3917 3209 3968 uter
3236 3927 3432 3970 eorum
3459 3912 3754 3982 justiorem

2125 3999 2494 4070 proposuerit
2543 4015 2799 4069 causam,
2848 4000 3156 4070 edisserat,
3207 4001 3452 4057 maxime
3482 4015 3606 4060 cum
3637 4001 3758 4058 Ste-

2118 4087 2346 4158 phanus
2377 4087 2627 4158 quodam
2663 4090 2816 4144 fastu
2848 4089 3158 4162 superbiae,
3194 4089 3498 4148 Heinricus
3521 4104 3650 4148 vero
3670 4104 3756 4147 ra—

2119 4177 2276 4232 tione
2299 4177 2550 4234 volucrit
2573 4184 2957 4235 consecrator
2979 4179 3264 4243 existere;
3292 4179 3400 4236 nisi
3422 4179 3470 4236 si
3493 4180 3635 4236 forte
3653 4193 3756 4236 tec-

2117 4264 2293 4322 clesia
2321 4265 2592 4322 Metensis
2617 4265 2670 4322 in
2697 4266 3024 4338 privilegiis
3047 4267 3280 4338 habeat,
3314 4268 3464 4338 quod
3489 4281 3624 4324 suus
3641 4267 3755 4340 epi-

2120 4368 2337 4426 scopus
2369 4354 2447 4410 sit
2479 4354 2994 4426 metrOpolitanum
3027 4361 3502 4413 consecraturus.
3541 4357 3748 4413 Interea

2121 4443 2254 4500 dum
2289 4442 2395 4500 hec
2425 4448 2742 4514 agerentur
2774 4445 3109 4516 supervenit
3143 4446 3292 4500 forte
3325 4444 3550 4516 quidam
3578 4443 3754 4502 cardi-

2122 4531 2290 4600 nalis,
2326 4531 2722 4589 Willehelmus
2750 4533 3000 4601 nomine,
3033 4533 3412 4591 Prenestinus
3436 4532 3748 4607 episcopus,

2121 4619 2324 4678 dicens
2339 4636 2400 4677 se
2419 4622 2492 4678 ab
2511 4622 2836 4692 apostolica
2857 4623 3212 4680 auctoritate
3230 4623 3531 4693 directum,
3547 4627 3751 4694 utquo-

2121 4723 2370 4780 cumque
2395 4709 2449 4765 in
2479 4709 2610 4768 loco
2627 4709 2938 4783 episcopos
2961 4723 3074 4766 non
3095 4713 3472 4768 consecratos
3493 4708 3582 4766 vel
3602 4707 3747 4767 aliud

2120 4797 2426 4868 quodlibet
2459 4798 2792 4868 bujusmodi
2829 4799 3052 4868 negocii
3098 4798 3478 4871 inperfectum
3518 4795 3752 4855 invenis-

2119 4891 2228 4954 set,
2261 4886 2626 4958 adimpleret.
2669 4888 2848 4954 Quem
2885 4892 2947 4942 ut
2977 4886 3304 4957 Stephanus
3333 4885 3601 4942 Metensis
3627 4885 3749 4942 Tro-

2122 4974 2303 5030 berim
2322 4975 2555 5031 venisse
2573 4975 2880 5046 comperit,
2898 4974 3141 5032 directis
3160 4974 3228 5030 ad
3249 4988 3376 5030 eum
3397 4973 3629 5039 litteris.
3647 4973 3750 5046 pri-

417 5086 466 5137 2.
513 5084 717 5156 Itaque
763 5099 1002 5141 corrasa
1050 5085 1182 5144 hinc
1210 5088 1267 5143 et
1303 5084 1436 5142 inde
1485 5087 1744 5145 thesauri
1798 5105 2002 5163 magna
2035 5037 2087 5097 D
2121 5077 2286 5163 '""m_
2315 5061 2546 5163 qPidem
2589 5062 3066 5163 Peikéritatenf.
3092 5062 3337 5163 rggam’
3457 5066 3653 5163 39.5%?
3682 5076 3750 5118 ex

345 5172 644 5244 congerie,
675 5188 805 5234 cum
838 5175 1031 5232 Bruno
1058 5174 1280 5232 obisset
1310 5172 1431 5246 (an.
1464 5180 1642 5247 1124),
1674 5179 1830 5251 cepit
1853 5179 2000 5236 totis

2121 5152 2450 5221 apostolica
2475 5152 2830 5210 auctoritate
2854 5151 3179 5216 interdixit.
3204 5166 3275 5212 ne
3298 5151 3432 5224 quid
3457 5149 3546 5184 ⁸⁸³⁸
3567 5150 3648 5207 sui
3665 5165 3750 5206 or-

1729 5329 1965 5384 VARH‘S
1995 5331 2123 5388 LEC
2139 5332 2394 5386 FIONES.

412 5471 510 5548 mf
533 5475 772 5548 Hygia
800 5475 924 5534 cod.
958 5478 998 5531 Β
1027 5482 1078 5532 2.
1098 5477 1208 5548 fol
1232 5476 1334 5532 53’.
1357 5478 1668 5548 teguntur.

1750 5479 1842 5511 ³⁸³⁸
1871 5479 2248 5548 guothfridus
2281 5493 2456 5538 erasa
2485 5481 2506 5537 ι
2541 5483 2692 5537 (tera
2719 5498 2751 5538 u
2779 5483 2902 5538 and.
2959 5481 3050 5515 ³⁸³⁷
3081 5481 3326 5538 oriudus
3356 5493 3531 5538 era-sa
3563 5480 3745 5540 littera

346 5556 380 5597 u
403 5545 526 5621 cod.
605 5545 716 5621 ’“'_
723 5545 744 5621 j
751 5548 973 5621 teneris
995 5545 1146 5621 om.
1173 5547 1402 5621 itineris
1423 5545 1469 5606 ὸ.
1549 5549 1642 5582 ³⁸³⁸
1662 5551 1800 5620 post
1817 5545 1894 5621 sui

1018 5545 1146 5621 iniri.
1173 5547 1402 5621 itineris
1423 5545 1469 5606 ὸ.
1549 5545 2010 5621 ³⁸⁸³⁸]108ιδιὶ1ιρι.
2036 5565 2084 5608 ο.
2163 5551 2566 5620 “‘°gutht‘r.c.

2649 5552 2738 5586 1°“
2762 5555 2793 5609 d
2809 5571 2898 5608 om
2910 5570 2979 5610 ue
3003 5567 3151 5610 corr.
3179 5552 3371 5626 domui
3395 5566 3441 5609 ο.
3517 5551 3610 5626 ³⁸⁸³7
3631 5555 3746 5626 pou

342 5617 535 5688 suppl.
569 5630 616 5675 ο.
695 5615 790 5651 ⁸³⁸³
821 5618 1306 5702 intercidencium
1338 5633 1387 5680 ο.
1420 5634 1596 5726 gnem
1624 5615 1706 5680 a'd
1734 5615 2157 5694 [morem/ere
2183 5615 2422 5682 εθσίιιαε
2447 5638 2599 5704 sum,
2647 5627 2891 5698 Scripsi
2923 5627 3120 5683 tamen
3146 5626 3215 5686 in
3238 5623 3545 5688 verborum
3575 5615 3680 5690 πιὶσ
3702 5639 3743 5688 α

342 5698 444 5726 mm
471 5702 502 5726 ιι
601 5685 694 5726 ιω
725 5689 889 5726 Hnno}
913 5703 944 5726 ρ
1057 5689 1148 5726 «sit
1179 5706 1264 5726 nia
1295 5704 1327 5726 ιο
1446 5689 1515 5726 m
1546 5692 1696 5726 num!
1733 5691 2036 5726 haud"...
2094 5693 2360 5726 nufmnnf
2385 5694 2518 5726 ηηηι
2557 5697 2940 5726 “Hmagni”...
2977 5697 3066 5726 -.τι
3103 5697 3144 5726 n

339 5685 521 5748 arae.
601 5685 694 5726 "“
725 5689 889 5752 dmt
913 5703 959 5752 ο.
1057 5689 1148 5726 ³⁸⁵⁸
1179 5691 1267 5750 eis
1295 5704 1342 5753 σ.

1446 5689 1515 5730 ⁸⁸⁸
1546 5692 1700 5769 quod
1729 5689 2060 5769 legendam},
2093 5693 2207 5755 aut
2220 5695 2360 5771 post
2383 5694 2520 5772 quid
2552 5689 2944 5774 cumadd-um
2973 5697 3066 5762 est
3090 5697 3158 5758 P.
