3920 6452
429 386 573 507 i231

1048 434 1315 508 GESTA
1342 432 1933 510 TREVERORUM.
1975 480 2044 491 —-
2072 431 2346 508 'GESTA
2378 429 2830 507 GODEFRIDI
2860 430 3243 507 ARCHIEP.

3684 435 3822 505 4232

427 599 549 655 haec
605 598 797 655 omnia
839 595 955 654 illis
994 597 1378 669 inferebatur,
1424 599 1795 658 Guotfridum
1840 600 2072 672 inquam
2105 583 2158 643 Α
2193 596 2319 655 dies
2345 598 2403 655 et
2427 597 2608 668 locus,
2630 595 2735 655 ubi
2758 598 2869 656 loci
2890 597 3282 669 inprovincia
3312 597 3516 656 vestra
3532 599 3823 671 conpotem

424 687 640 743 dictum
683 687 1043 758 episcopum,
1087 687 1617 759 congregabantur,
1663 694 1723 744 et
1764 690 1842 745 ita
1888 690 2073 760 ipsum

423 775 849 847 compellarunt
880 795 891 829 :
931 774 1229 841 Quamdiu
1258 776 1379 833 ista
1398 778 1655 848 pass-uri
1690 787 1935 835 sumus?
1966 779 2075 846 Qui

424 865 500 920 ait
528 884 540 919 :
588 865 695 922 Vos
723 865 895 922 scitis
905 864 1235 936 perﬁdiam
1253 866 1313 922 et
1329 867 1636 924 maliciam
1660 868 1846 925 tocius
1866 882 2077 939 cogna‘

422 954 602 1011 tionis
622 953 798 1011 illius
805 955 1096 1025 pessima,
1122 966 1255 1024 qua
1276 954 1345 1010 de
1365 955 1607 1012 castello
1642 956 2076 1014 Lucelenbuo'ch

421 1042 576 1099 dicto
604 1041 697 1075 ³⁸⁵³
728 1042 984 1099 oriunda
1016 1042 1378 1114 est,quantis
1410 1045 1882 1102 adversitatibus
1917 1046 2078 1103 ante-

431 1144 686 1189 cessores
730 1145 905 1201 meos,
975 1133 1093 1188 mei
1142 1131 1353 1202 utique
1406 1135 1674 1204 respectu
1728 1134 2078 1205 apostolicos

421 1219 605 1290 viros,
631 1221 1020 1293 affecerunt;
1047 1221 1118 1275 ut
1125 1220 1430 1291 propheta
1450 1222 1643 1279 verbis
1688 1224 1872 1280 utar:
1898 1225 2078 1281 «Non

427 1309 585 1364 enim
603 1309 819 1367 melior
838 1322 971 1366 sum
991 1323 1175 1380 quam
1182 1309 1395 1381 patres
1414 1311 1531 1366 mei
1555 1309 1689 1379 (III
1694 1313 1837 1385 Reg.
1859 1329 1968 1383 xix,
1988 1314 2040 1386 4)
2059 1330 2072 1378 ;

418 1410 623 1469 nempe
645 1396 757 1469 qui
793 1411 901 1455 nos
939 1398 1313 1469 impugnant,
1355 1400 1476 1470 ipsi
1519 1401 1713 1457 nostri
1739 1401 2077 1473 protecturi

425 1485 617 1543 erant.
635 1488 712 1542 At
730 1486 813 1542 illi
838 1487 1302 1557 responderunt:
1321 1488 1481 1547 Num
1513 1490 1571 1546 si
1602 1490 1914 1547 materiali
1941 1492 2077 1563 gla-

411 1572 508 1632 dio
533 1572 853 1647 defendere
865 1588 973 1633 nos
992 1589 1111 1632 non
1128 1576 1511 1647 potes,quare
1529 1578 1739 1635 saltim
1758 1579 2075 1650 spirituali

415 1677 524 1721 nos
544 1676 663 1720 non
695 1662 971 1737 defendis
990 1671 1016 1721 7
1045 1664 1116 1719 Et
1140 1663 1240 1720 ille
1265 1682 1277 1720 :
1303 1665 1634 1736 Numquid,
1663 1666 1762 1721 ait.
1789 1667 2071 1738 audistis,

418 1752 702 1824 quomodo
732 1751 835 1808 illi
864 1753 1288 1811 auctoritatem
1329 1754 1717 1826 episcopalem
1754 1756 2074 1827 parvipen-

422 1840 595 1908 dunt,
630 1840 908 1912 dicentes,
938 1855 1058 1899 non
1083 1854 1252 1913 posse
1297 1856 1389 1899 me
1433 1856 1793 1916 quemquam
1838 1845 2075 1902 vinculo

2189 689 2386 744 vismn
2402 688 2627 760 fuerit,
2659 687 2866 758 ibique
2892 686 3128 745 sedente
3173 687 3280 745 hoc
3317 687 3439 745 loco
3478 688 3733 760 judicis,
3776 691 3824 745 et

2188 775 2492 833 advocatis
2542 776 3024 846 circumjacentis
3076 777 3397 846 provincia
3443 779 3729 849 episcopis
3775 784 3827 836 et

2188 864 2336 921 aliis
2348 864 2680 935 quibusque
2693 866 3001 936 religiosis
3006 865 3472 936 personis,homo
3487 866 3592 924 ille
3635 882 3822 925 conve-

2187 953 2398 1009 niatur
2409 972 2433 1023 ;
2443 954 2499 1010 si
2512 954 2791 1010 innocens
2806 953 3085 1010 inventus
3091 954 3316 1025 fuerit,
3347 955 3704 1028 dimittatur,
3729 961 3819 1014 sin

2190 1042 2408 1109 autem,
2434 1043 2799 1099 amoveatur.
2827 1044 2947 1100 Nos
2967 1057 3101 1100 vero
3122 1043 3396 1101 acclesia
3412 1046 3636 1115 vestra,
3668 1047 3817 1104 anti~

2187 1145 2320 1201 qua
2332 1131 2432 1187 illi
2445 1132 2501 1186 et
2517 1131 2708 1188 nobili
2732 1132 3055 1189 Treberica
3071 1133 3659 1205 melropoli,propicio
3688 1137 3813 1203 Deo,

2189 1219 2447 1278 debitum
2462 1235 2577 1277 non
2590 1221 2951 1291 abnegamus
2963 1221 3239 1279 honorem
3249 1225 3683 1294 veru'mptamen
3693 1239 3814 1281 cum

2187 1309 2391 1366 eadem
2413 1310 2679 1367 acclesia
2696 1311 2778 1367 ad
2810 1312 3074 1381 priorem
3101 1311 3310 1383 fuerit
3350 1312 3632 1370 restituta
3671 1315 3818 1370 deco-

2184 1412 2330 1455 rem.
2368 1400 2434 1454 Et
2456 1414 2743 1470 responso
2763 1404 3028 1471 accepto,
3051 1398 3129 1455 hii
3171 1399 3263 1433 ³⁸⁸⁷
3287 1401 3553 1472 quimissi
3600 1402 3817 1459 fuerant

2187 1489 2467 1559 absoluti,
2498 1490 2554 1544 in
2588 1504 2692 1546 sua
2724 1495 2863 1546 sunt
2886 1491 3167 1548 restituti.

2256 1584 2306 1632 7.
2344 1578 2603 1648 Denique
2633 1593 2763 1635 cum
2794 1581 2910 1650 jam
2944 1581 3062 1635 fere
3094 1582 3165 1636 ad
3196 1584 3446 1638 omnium
3487 1596 3589 1653 per
3615 1582 3814 1638 circui-

2182 1669 2307 1721 tum
2331 1666 2605 1721 noticiam
2630 1668 2989 1737 devenisset,
3008 1683 3326 1740 omnesque
3338 1669 3462 1739 ejus
3477 1670 3811 1729 detestareu.

2185 1759 2283 1810 tur
2315 1754 2660 1824 ingressum,
2695 1770 2820 1826 eos,
2856 1772 3003 1827 quos
3040 1773 3217 1829 supra
3263 1759 3568 1814 memoravi
3608 1774 3713 1830 pro
3753 1775 3809 1815 se

2184 1842 2422 1898 Romam
2453 1843 2735 1914 directos,
2771 1844 2971 1916 sepius
3004 1845 3324 1916 lacessivit,
3359 1846 3509 1917 quod
3538 1851 3648 1902 tam
3680 1848 3811 1903 infa-

412 1930 737 2002 spirituali
755 1930 851 1987 vel
872 1931 1068 2001 ligare
1088 1929 1183 1987 vel
1204 1929 1522 2002 absolvere,
1556 1935 1841 2005 quoniam
1864 1935 2073 2004 prede-
2102 1946 2156 2007 Β
2188 1930 2294 1987 mis
2325 1930 2394 1986 de
2428 1945 2498 1986 eo
2527 1947 2724 1988 rumor
2756 1933 3131 2004 processerit,
3168 1934 3422 2005 ipsorum
3470 1935 3651 2006 culpae
3679 1950 3802 1992 esse

411 2033 706 2077 cessorum
733 2033 991 2077 meorum
1036 2020 1103 2076 in
1151 2018 1266 2078 hac
1308 2020 1446 2078 sede
1499 2020 2075 2094 archiepiscoporum

405 2109 589 2180 pallii
608 2109 890 2167 videlicet
916 2124 1033 2166 non
1058 2109 1283 2181 fungar
1314 2110 1551 2180 honore,
1572 2126 1687 2183 pro
1720 2127 1834 2184 quo
1871 2115 2077 2185 acqui-

405 2198 609 2269 rendo,
641 2212 744 2257 vos
772 2196 992 2257 videtis
1027 2198 1188 2270 quod
1230 2200 1495 2271 corporis
1542 2201 1904 2272 inﬁrmitate
1938 2217 2076 2275 pre-

403 2287 655 2361 peditus
702 2287 980 2345 domuum
1009 2301 1239 2359 papam
1287 2289 1462 2347 adire
1504 2303 1623 2345 non
1654 2305 1917 2361 possum.
1966 2293 2081 2349 Set

413 2376 575 2435 sicut
600 2376 840 2449 sapius,
900 2376 994 2433 ita
1046 2377 1268 2433 iterum
1324 2378 1385 2433 et
1434 2391 1593 2435 nunc
1648 2379 1915 2437 obsecro:
1974 2395 2076 2438 vos

413 2465 727 2537 segregate
754 2464 944 2522 michi
973 2464 1045 2521 de
1071 2464 1238 2522 vobis
1253 2465 1583 2537 prudentes
1627 2468 1944 2540 utriusque
1987 2484 2077 2526 or-

407 2554 573 2613 dinis
591 2556 778 2626 viros,
797 2554 906 2626 qui
928 2555 1102 2612 tanta
1124 2553 1429 2625 legacione
1452 2556 1622 2628 digni
1641 2556 1996 2630 habeantur,
2021 2562 2082 2618 et

407 2659 514 2717 ego
537 2644 624 2703 eis
645 2645 758 2702 via
777 2643 1058 2703 subsidia
1077 2644 1455 2702 ministrabo.
1479 2646 1961 2719 Responsumque
1981 2656 2071 2706 est

401 2734 452 2790 ei
472 2753 484 2791 :
502 2735 603 2790 Ea
609 2734 795 2807 parte
812 2747 945 2805 qua
966 2733 1232 2807 loqueris
1248 2749 1392 2792 vera
1411 2736 1571 2806 sunt,
1587 2737 1694 2793 sed
1712 2737 1889 2794 aliud
1905 2739 2072 2798 nobis

400 2823 760 2880 insinuatur
781 2821 855 2878 ab
880 2822 978 2879 his
995 2822 1104 2893 qui
1120 2835 1226 2880 nos
1236 2826 1709 2896 persequuntur,
1722 2829 2074 2884 comminan-

400 2911 576 2977 tibus,
607 2925 727 2968 non
752 2911 891 2967 ante
908 2925 1015 2968 nos
1031 2925 1236 2982 pacem
1259 2911 1592 2983 habituros,
1620 2928 1804 2986 quam
1818 2931 2068 2975 munera

397 3013 535 3071 qua
564 3000 718 3072 ipsis
743 3014 852 3070 pro
871 2999 1151 3056 electione
1169 2999 1260 3057 tui
1288 3002 1660 3073 spepondisti
1671 3004 2060 3081 persolveris.

413 3089 867 3159 l’erumptamen
897 3090 970 3146 ut
993 3089 1264 3147 omnibus
1285 3090 1501 3161 pateat
1516 3089 1608 3123 ³⁸⁵³
1625 3093 1784 3163 quod
1801 3094 1865 3150 in
1893 3094 2063 3154 nobis

397 3190 516 3233 non
536 3175 810 3247 obsistat,
826 3190 931 3234 nos
952 3178 1233 3233 damnum
1248 3191 1472 3249 papam
1494 3180 1559 3235 in
1578 3182 1816 3238 nomine
1837 3182 1935 3238 tuo
1956 3184 2059 3240 ad-

2186 2017 2410 2073 dicens.
2445 2018 2540 2075 Set
2574 2034 2646 2074 ex
2676 2020 2763 2076 eis
2794 2021 3080 2091 quendam
3121 2022 3532 2079 Theodericum
3564 2024 3801 2092 nomine,

2185 2104 2494 2162 diaconum
2527 2107 2750 2177 domus,
2773 2108 2959 2163 virum
2995 2123 3185 2165 acrem
3210 2109 3439 2180 ingenio
3462 2114 3518 2165 et
3541 2111 3807 2167 ambicio-

2181 2208 2306 2249 sum
2329 2194 2516 2257 valde,
2528 2209 2632 2266 per
2653 2210 2831 2266 supra
2854 2205 3230 2255 memoratum
3246 2199 3627 2270 presbiterum
3646 2215 3805 2256 suum

2180 2281 2487 2339 Mai-tinum
2521 2287 2581 2339 et
2612 2284 2920 2341 Bolsonem
2955 2286 3262 2357 quendam,
3297 2302 3463 2358 quem
3511 2288 3598 2344 hic
3629 2289 3808 2344 archi-

2181 2370 2526 2429 diaconatus
2550 2373 2741 2429 ofﬁcio
2766 2374 3203 2447 sublimaverat,
3222 2376 3354 2447 quia
3376 2390 3503 2433 cum
3521 2378 3632 2447 jam
3653 2378 3803 2433 dicto

2179 2460 2423 2517 Martino
2443 2461 2551 2532 ipsi
2568 2462 2974 2534 episcopatum
2989 2472 3247 2536 emptum
3264 2465 3431 2535 ierat,
3447 2465 3798 2535 aliisinsciis,

2179 2548 2313 2605 data
2346 2556 2405 2605 et
2432 2551 2721 2622 promissa
2755 2552 2997 2624 pecunia
3031 2554 3315 2625 corrupit,
3346 2558 3406 2611 ut
3437 2560 3632 2611 contra
3665 2555 3801 2612 alios

2178 2637 2299 2707 ipse
2332 2638 2605 2696 defensor
2637 2640 2764 2710 ejus
2784 2640 2969 2697 ﬁeret.
3005 2643 3143 2697 Nam
3172 2646 3294 2715 pra:
3336 2644 3548 2699 ceteris
3580 2643 3800 2712 majoris

2174 2730 2301 2782 erat
2324 2727 2685 2798 eloquenciaa
2717 2735 2775 2785 et
2808 2731 3201 2802 auctoritatis,
3234 2734 3321 2787 set
3351 2737 3411 2789 et
3430 2732 3601 2788 animi
3624 2732 3800 2804 dupli-

2174 2814 2280 2883 cis,
2314 2815 2410 2886 qui
2435 2817 2730 2888 utrimque
2764 2833 2934 2875 manu
2969 2819 3320 2891 ﬁrmaverat,
3364 2820 3478 2889 hic,
3519 2822 3667 2892 quod
3697 2836 3796 2878 tec-

2173 2902 2369 2959 clesiaa
2393 2918 2457 2959 ca
2469 2920 2626 2961 usam
2653 2907 3027 2977 ageret,illic,
3053 2907 3208 2978 quod
3232 2907 3463 2980 adjutor
3483 2909 3609 2980 ejus
3621 2908 3795 2967 ﬁdelis

2171 2991 2479 3048 existeret.
2510 2994 2617 3060 Qui
2659 2994 2888 3051 demum
2932 3010 3061 3052 cum
3104 2997 3315 3054 crebro
3358 2997 3636 3055 adversus
3669 3013 3791 3055 eum

2170 3081 2358 3137 factos
2376 3089 2623 3139 conatus
2643 3090 3008 3153 evacuasset,
3037 3100 3283 3157 persepe
3306 3086 3479 3143 etiam
3504 3085 3785 3155 incitaret,

2160 3168 2320 3238 justo
2337 3168 2439 3225 Dei
2455 3170 2697 3243 judicio,
2720 3172 2821 3229 illo
2842 3188 3056 3243 genere
3080 3174 3264 3231 morbi
3284 3189 3453 3246 quem
3466 3175 3643 3231 Graeci
3660 3174 3792 3232 lien-

396 3260 677 3332 hibimus,
704 3267 763 3323 et
781 3265 1237 3323 tribulacionem
1287 3268 1398 3324 loci
1442 3268 1635 3325 nostri
1679 3285 2050 3343 exponemus,
2085 3308 2134 3371 Ο
2166 3257 2372 3358 teriam
2394 3258 3795 3371 minominaminﬁrmaiusnmspel‘atos“1111.301”

394 3355 851 3425 dicemusque,si
875 3355 986 3412 tibi
1003 3356 1201 3412 visum
1203 3356 1429 3427 fuerit,
1446 3357 1607 3429 quod
1627 3362 1777 3430 quia
1786 3362 2036 3430 pallizm

2180 3348 2419 3404 'exisset
2443 3352 2784 3406 utventrem
2813 3356 3110 3423 purgaret,
3132 3352 3304 3409 simul
3334 3367 3461 3410 cum
3491 3353 3780 3423 egestione

394 3444 736 3515 metrOpolis
761 3445 971 3503 nostra
999 3458 1116 3501 non
1143 3444 1380 3515 habeat,
1414 3445 1572 3503 hanc
1612 3461 1738 3505 esse
1785 3464 2046 3522 causam,

392 3547 581 3603 quare
595 3548 711 3590 non
725 3536 924 3605 possis
946 3534 1398 3605 impugnatores
1420 3535 1604 3607 hujus
1625 3536 1903 3597 acclesia
1922 3554 2052 3597 nos-

396 3621 503 3679 tra
532 3624 916 3694 conprimere,
948 3623 1372 3694 addemusquc,
1410 3624 1476 3679 ut
1496 3640 1614 3696 pro
1658 3627 1771 3683 Dei
1817 3629 2051 3684 nomine

390 3712 734 3767 meminerit
760 3709 1177 3767 tribulationis
1206 3713 1425 3768 nostra
1463 3712 1725 3770 debitum
1774 3715 2049 3773 honorem

390 3798 666 3856 acclesia
694 3800 910 3856 nostra
938 3799 1316 3855 concedendo.
1358 3802 1561 3870 Itaque
1613 3802 1667 3856 in
1719 3803 1825 3859 hec
1865 3806 2043 3861 verba

389 3886 779 3956 accinguntur
826 3887 935 3944 viae
983 3886 1400 3944 bonoraciores
1446 3890 1555 3945 viri
1600 3889 1691 3924 ³⁸⁵⁴
1739 3893 2044 3966 utriusque

387 3973 633 4030 ordinis.

455 4094 505 4144 6.
543 4091 800 4160 Cumque
841 4091 1078 4145 Romam
1121 4091 1554 4165 pervenissent,
1598 4094 1721 4152 illic
1763 4096 1908 4154 fama
1953 4112 2036 4154 rei

389 4178 601 4235 seriem
635 4178 958 4235 deduxerat
993 4194 1241 4236 omnem.
1288 4181 1428 4239 Cum
1476 4198 1616 4254 ergo
1671 4200 1907 4243 causam
1949 4189 2036 4246 sui

383 4265 670 4323 adventus
702 4268 758 4325 in
793 4268 1036 4325 auribus
1070 4269 1264 4326 domni
1310 4272 1569 4344 Honorii,
1619 4279 1760 4332 tunc
1795 4277 2036 4333 Romani

382 4355 698 4426 pontiﬁcis,
769 4358 1203 4429 exposuissent,
1281 4358 1373 4393 ³⁸⁸³
1441 4362 1587 4434 ipse,
1652 4371 1890 4422 narrato
1965 4382 2035 4423 eo

380 4445 531 4515 quod
566 4445 830 4501 audierat
868 4461 1046 4517 super
1080 4447 1350 4518 ingressu
1380 4450 1631 4511 hominis
1663 4450 1823 4512 illius
1853 4487 1920 4497 —
1952 4457 2032 4513 ita

377 4533 529 4590 enim
571 4534 759 4605 ipsum
802 4536 1119 4593 nominavit
1156 4568 1224 4577 —
1255 4539 1662 4598 Guothfridum
1705 4543 1857 4616 dico,
1902 4559 2031 4616 per-

2160 3436 2506 3507 exspiravit.

2229 3527 2280 3580 8.
2314 3525 2563 3583 Proinde
2592 3542 2721 3582 cum
2770 3527 3047 3585 deﬁnitus
3089 3529 3320 3586 concilii
3362 3542 3535 3603 super
3573 3531 3675 3587 hac
3724 3546 3784 3587 re

2163 3613 2342 3670 futuri
2362 3616 2645 3673 terminus
2662 3618 3179 3689 appropinquaret,
3202 3619 3476 3676 indicitur
3495 3621 3634 3677 Tulli
3657 3635 3787 3677 con-

2161 3701 2357 3759 cilium
2390 3709 2421 3759 3
2453 3704 2589 3761 Idus
2622 3706 2831 3776 Martii,
2869 3706 3157 3765 mediante
3199 3709 3631 3780 quadragesima
3660 3710 3779 3780 (an.

2160 3795 2314 3861 1127,
2336 3792 2520 3850 Mart.
2544 3795 2656 3865 13).
2683 3797 2785 3852 Ubi
2812 3797 3149 3867 presidente
3175 3798 3461 3870 prelibato
3484 3800 3784 3856 Petrocar-

2158 3880 2359 3951 dinali,
2392 3897 2522 3937 cum
2554 3883 2847 3955 episcopis
2893 3887 3188 3957 Stephano
3236 3887 3472 3944 Metensi
3520 3887 3783 3945 Heinrico

2155 3970 2408 4026 Tullensi
2442 3975 2501 4026 et
2532 3972 2832 4031 Gerhardo
2851 3975 3179 4046 Trecasino,
3200 3981 3260 4032 et
3282 3976 3584 4033 abbatibus
3615 3992 3782 4048 quam

2155 4058 2422 4130 pluribus
2468 4066 2528 4115 ct
2561 4062 2947 4119 obtimatibus
2990 4064 3261 4135 regionis,
3310 4064 3489 4137 primo
3535 4066 3780 4121 omnium

2153 4148 2385 4218 Petrus,
2419 4151 2668 4220 prolatis
2701 4165 2894 4207 coram
2927 4152 3146 4209 litteris
3166 4153 3355 4209 domui
3388 4168 3563 4225 papae,
3607 4156 3785 4210 conti-

2151 4238 2428 4293 nentibus
2450 4239 2692 4295 relatam
2709 4241 2780 4296 ad
2804 4241 3184 4312 apostolicam
3209 4241 3404 4299 sedem
3429 4244 3498 4300 de
3517 4242 3681 4313 hujus
3706 4244 3782 4299 in-

2149 4324 2886 4399 tronizacioneginfamiam,
2924 4329 3108 4400 legit;
3144 4331 3350 4388 deinde
3393 4332 3782 4388 consedentes

2144 4427 2214 4469 ex
2238 4414 2441 4471 ordine
2462 4418 2817 4475 commonuit
2839 4419 3176 4477 obedieneia
3192 4421 3459 4478 Romanae
3478 4420 3775 4485 (ecclesiae,

2146 4518 2314 4575 quam
2348 4506 2705 4576 prevaricari
2740 4508 3020 4565 nefarium
3054 4514 3164 4580 est,
3190 4514 3252 4566 ut
3284 4508 3434 4580 quod
3466 4523 3642 4581 super
3668 4508 3775 4565 hoc

2142 4593 2366 4651 scirent
2396 4595 2630 4652 edicere
2659 4611 2769 4655 non
2802 4598 3163 4656 omitterent.
3199 4598 3422 4665 Quanta
3451 4603 3588 4655 tunc
3618 4598 3777 4655 audi-

377 4622 638 4694 quisivit,
663 4622 714 4679 si
737 4638 931 4681 rerum
950 4623 1153 4682 harum
1179 4625 1477 4685 innoxium
1511 4630 1833 4688 voluissent
1866 4633 2026 4691 illum

368 4711 702 4782 juramento
736 4711 1136 4785 comprobare,
1170 4720 1231 4771 et
1270 4717 1645 4787 negantibus,
1678 4720 1757 4775 ait
1788 4739 1799 4775 :
1842 4723 2028 4779 Homo

368 4800 478 4859 ille
492 4802 765 4859 sanctam
778 4802 893 4860 Dei
909 4801 1255 4875 acclesiam,
1270 4819 1386 4862 non
1404 4804 1715 4865 habentem
1728 4811 2028 4868 maculam

367 4892 481 4950 aut
493 4905 731 4963 rugam,
746 4894 1106 4965 sgmoniaca
1114 4896 1367 4962 pravita
1376 4894 1453 4955 tis
1476 4896 1611 4954 deco
1620 4897 1845 4958 loravit
1862 4900 2027 4975 infa-

363 4984 492 5040 mia
516 4979 652 5050 88‘”;
678 4980 837 5038 unde
860 4981 985 5040 nisi
1031 4984 1404 5056 expurgatus
1437 4985 1664 5059 fuerit,
1711 5002 1841 5046 cum
1872 5005 2028 5063 pace

367 5071 623 5128 ecclesia
638 5069 973 5141 episcopare
987 5085 1105 5128 non
1111 5074 1356 5144 poterit.
1380 5074 1530 5132 Ecce
1546 5089 1649 5147 ego
1663 5075 1833 5135 ultra
1848 5080 2026 5150 Alpes

363 5159 661 5215 missurus
675 5171 808 5215 sum
806 5158 1081 5231 fratrem
1094 5160 1361 5217 nostrum
1379 5162 2026 5232 Petrmn,cardinalcm

364 5245 681 5306 diaconum
700 5246 869 5307 tituli
888 5248 1117 5313 sancta
1138 5248 1358 5307 Maria
1380 5250 1448 5308 in
1470 5252 1574 5309 via
1603 5251 1748 5323 lata,
1767 5258 2018 5327 sapien-

361 5333 476 5390 tem
496 5333 710 5408 utique
732 5335 793 5392 et
816 5328 1141 5394 discretum
1170 5338 1390 5409 virum,
1403 5353 1518 5411 pro
1541 5339 1929 5412 disponendis
1956 5346 2020 5401 in

347 5421 633 5492 partibus
647 5416 725 5483 ill
728 5426 781 5483 is
798 5425 1223 5484 ecclesiasticis
1236 5428 1330 5485 uti
1338 5428 1449 5484 lita
1457 5428 1631 5487 tibus.
1655 5431 1770 5496 Qui
1784 5447 1917 5488 cum
1937 5435 2019 5490 ad

354 5523 457 5570 vos
473 5513 723 5584 venerit,
740 5514 969 5572 obedite
989 5514 1090 5572 illi
1108 5517 1270 5574 sicut
1285 5518 1345 5574 et
1360 5519 1566 5587 michi,
1581 5520 1676 5576 sta
1685 5520 1789 5577 tua
1798 5521 2016 5593 tarque

1746 5618 1979 5676 VARI/E
2028 5620 2322 5679 LECTION
2327 5624 2426 5681 ES.

2060 4672 2111 4731 D
2141 4687 2252 4752 ret,
2284 4683 2580 4755 explicare
2615 4700 2726 4742 non
2760 4686 3002 4757 sufﬁcio,
3052 4686 3296 4744 maxime
3344 4702 3472 4744 cum
3515 4686 3773 4758 plerique

2140 4770 2357 4829 vidisse
2381 4788 2462 4845 se,
2501 4773 2596 4830 alii
2631 4775 2865 4833 audisse
2890 4791 2954 4834 se
2972 4777 3431 4848 conclamarent;
3450 4777 3559 4832 hoc
3578 4775 3771 4847 itaque

2136 4865 2363 4918 certum
2382 4877 2443 4919 se
2467 4862 2703 4932 habere,
2725 4865 2879 4937 quod
2905 4866 2950 4923 si
2974 4864 3104 4937 quis
3125 4864 3431 4936 difﬁderet,
3456 4862 3774 4922 voluissent

2130 4949 2713 5023 jurejurandojfldem
2747 4955 2958 5011 facere.
2996 4957 3066 5011 At
3092 4954 3188 5011 ille
3212 4958 3274 5011 ut
3297 4954 3440 5013 vidit
3457 4967 3637 5027 prope
3656 4967 3773 5011 mo-

2137 5038 2271 5097 dum
2299 5041 2628 5113 confusum,
2661 5043 2820 5103 aliud
2851 5044 3006 5115 quod
3040 5043 3263 5116 diﬂ‘ugii
3294 5059 3405 5101 non
3432 5043 3666 5116 habens,
3689 5041 3773 5099 di-

2131 5129 2309 5187 cebat
2336 5150 2347 5185 :
2376 5130 2508 5202 quia
2543 5133 2884 5205 conparium
2916 5149 3173 5206 suorum,
3196 5134 3598 5208 episcoporum
3618 5131 3772 5191 vide-

2132 5216 2291 5288 licet,
2324 5219 2522 5277 nullus
2557 5220 2677 5278 illic
2706 5228 3078 5295 conpareret,
3110 5223 3205 5295 qui
3248 5222 3421 5293 hujus
3466 5237 3592 5279 eum
3639 5221 3767 5277 facti

2130 5309 2700 5382 accusaret,justum
2723 5312 2835 5369 sibi
2860 5313 3065 5385 videri,
3102 5311 3256 5385 quod
3287 5312 3358 5371 de
3384 5311 3506 5369 sola
3540 5311 3768 5369 infamia

2131 5395 2316 5455 solius
2339 5398 2427 5455 sui
2453 5413 2621 5456 manu
2655 5401 2706 5457 ei
2736 5400 2830 5435 ⁸⁸⁸⁸
2858 5417 2921 5459 se
2943 5416 3271 5475 expurgare
3292 5399 3580 5459 licuisset.
3606 5399 3767 5466 Quod

2126 5486 2480 5554 negantibus
2507 5493 2566 5543 et
2612 5490 2948 5548 dicentibus
3000 5496 3340 5548 accusatum
3387 5494 3694 5560 utcumque
3734 5502 3762 5542 a

425 5694 515 5792 :3
544 5699 701 5792 9ξὲίὲ
733 5702 1176 5792 ίξῖζνςέξθὲἓέξ,
1227 5701 1322 5792 Ϊ⁰⁶Ῐ
1346 5708 1633 5792 Paria”:
1701 5704 1792 5739 ³³⁸⁵
1824 5706 1940 5792 ¹.⁰⁰ί
1969 5706 2189 5792 θ’...ῗω
2214 5712 2344 5792 i930
2376 5728 2527 5792 00’?“-
2562 5717 2685 5792 ipse
2716 5735 2764 5781 c.
2843 5719 2936 5756 ⁸⁸³⁸
2969 5720 3184 5780 inﬁmia
3230 5733 3380 5785 corr.
3406 5719 3665 5782 infamia
3706 5733 3755 5783 ο·

421 5765 514 5812 ³⁸⁸⁷
543 5769 633 5835 bis
663 5786 710 5839 θ.
743 5770 838 5815 ³³⁸³
866 5772 1183 5838 liemeriam
1216 5788 1263 5837 c.
1292 5765 1438 5841 73-
1462 5765 1505 5841 i.
1539 5765 1590 5842 σέ
1616 5765 1939 5867 λειεντερίαέαῖ
1973 5765 1990 5771 ”
2008 5765 2110 5822 ³⁸⁵³
2129 5765 2490 5864 mlitust”:
2514 5765 2575 5852 ὀί
