3920 6464
95 435 121 496 1
143 437 281 497 233

879 431 1146 500 GESTA
1187 426 1543 497 TREVER.
1579 460 1656 476 --
1688 419 2042 494 APPEND.
2076 417 2526 490 TRANSLAT.
2562 419 2630 489 Β.
2661 415 2914 488 CELSI.

3443 411 3596 486 1234

84 585 460 646 catholicis
487 593 564 646 et
595 586 906 648 veracibus
929 568 1215 660 personis,
1241 585 1377 658 quin
1400 591 1480 658 et,
1505 599 1634 643 cum
1654 582 1830 642 liceat
1860 578 1912 638 A
1950 577 2126 650 tibus,
2159 577 2467 637 Heinricus
2497 575 2901 649 Virdunensis,
2934 574 3030 650 qui
3064 579 3121 634 et
3139 573 3324 648 Tullo,
3348 573 3420 635 de
3445 574 3596 651 judi-

87 677 510 749 cuicumque
551 694 852 751 personae,
888 684 948 736 ut
997 678 1158 735 aiunt
1210 681 1426 746 scorto,
1475 676 1531 732 in
1577 675 1830 732 veritate

88 772 526 838 compertam
570 768 894 840 symoniam
925 767 1228 824 dumtaxat
1261 767 1386 823 zelo
1406 767 1502 822 Dei
1528 779 1826 834 accusare,

87 856 339 912 debere
379 872 546 912 eum
587 857 996 927 religiosorum
1019 873 1081 913 se
1111 859 1350 913 fratrum
1376 855 1712 912 testimonio
1736 868 1832 909 ex-

92 960 389 1016 purgare
421 963 439 1010 ;
469 945 783 1017 lectisque
807 961 982 1018 super
1009 947 1114 1002 hoc
1135 946 1189 1000 in
1213 959 1516 1002 commune
1533 943 1828 1015 plerisque

88 1039 495 1090 sanctorum
539 1035 832 1104 decretis,
866 1035 1019 1090 inter
1052 1034 1357 1103 legendum
1390 1033 1548 1089 venit
1597 1031 1826 1103 quidam

93 1123 192 1193 baj
206 1122 364 1179 ulus
398 1121 480 1178 lit
495 1130 770 1180 terarum
791 1124 1250 1194 subscriptarum
1276 1121 1696 1190 Mogonciensns
1710 1119 1829 1191 epi-

93 1211 280 1282 scopi
301 1211 369 1267 in
391 1213 648 1282 quibus
669 1213 1000 1281 selegatum
1018 1211 1531 1283 apostolicm'sedis
1547 1208 1826 1274 nominat;

99 1301 508 1372 quodquam
536 1301 782 1371 indigne
801 1317 998 1356 omnes
1034 1300 1388 1372 acceperint,
1416 1303 1702 1355 noverunt
1729 1297 1826 1368 qui

99 1395 465 1461 prescntcs
493 1391 843 1447 audierunt.
867 1392 1004 1456 Qua:
1039 1389 1172 1445 dum
1206 1389 1372 1446 lectze
1404 1402 1599 1444 coram
1649 1385 1828 1442 omni-

101 1480 221 1536 bus
238 1479 662 1548 l‘uissent,ita
679 1481 884 1534 Petrus
899 1479 1242 1534 Guothfriilu
1255 1495 1301 1532 ιη
1322 1477 1669 1546 alloquitur:
1692 1476 1828 1540 Que-

95 1567 369 1625 rebaris
391 1570 628 1640 prius,
645 1567 877 1640 frater,
903 1569 1168 1640 irrogari
1194 1566 1304 1624 tibi
1339 1567 1700 1633 violentiam,
1765 1580 1826 1621 eo

105 1657 286 1728 quod.
339 1672 486 1714 non
547 1657 703 1714 esset
738 1658 842 1730 qui
876 1658 1338 1727 eoepiseoporum
1379 1656 1432 1710 te
1483 1653 1827 1724 accusaret,-

92 1759 235 1802 εσσε
275 1746 522 1809 audis.
582 1746 799 1818 qualia
829 1747 943 1803 iste
975 1746 1292 1802 adversum
1331 1744 1383 1800 te
1429 1743 1823 1814 testiﬁcata/r1

177 1839 236 1889 9.
270 1835 436 1888 Cum
461 1848 624 1903 ergo
643 1848 754 1888 non
769 1832 1007 1887 haberet
1031 1831 1296 1886 idoneum
1323 1830 1456 1901 quid
1475 1829 1816 1898 obtendere,

110 1921 428 1977 indicitur
465 1921 641 1977 aliud
670 1920 979 1977 concilium
1013 1919 1368 1984 Wormaciae,
1407 1918 1604 1989 illique
1637 1918 1821 1988 injun-
1853 1936 1902 1995 Β

108 2009 304 2078 gitur,
351 2015 423 2065 ut
459 2025 545 2064 eo
581 2009 935 2066 conveniens
963 2023 1092 2064 cum
1121 2007 1414 2078 episcopis
1445 2022 1547 2062 sex
1580 2006 1818 2078 ipseque

111 2097 434 2170 septimus
451 2113 528 2154 se
546 2101 853 2169 expurget.
873 2095 1188 2189 lluinanius
1203 2100 1394 2151 autem
1411 2095 1817 2164 decreverunt,

113 2186 496 2257 petentibus
539 2201 644 2258 pro
675 2200 743 2242 eo
791 2183 1062 2241 omnibus
1116 2184 1574 2240 misericordiam
1621 2183 1713 2238 Dei
1761 2189 1817 2238 et

115 2274 540 2331 clementiam
593 2274 787 2330 domni
834 2273 1071 2329 Honorii
1121 2272 1330 2329 summi
1388 2271 1702 2343 pontiﬁcis,
1758 2277 1820 2327 ut

114 2363 446 2434 episcopis
461 2363 690 2432 tribus,
707 2363 1020 2418 abbatibus
1035 2361 1282 2431 duobus,
1303 2360 1645 2432 presbiteris
1665 2360 1822 2416 simi-

118 2450 263 2506 liter
278 2452 549 2507 duobus
573 2451 704 2506 boni
721 2449 1042 2506 testimonii
1063 2465 1122 2505 se
1146 2448 1356 2504 debeat
1375 2463 1702 2519 expurgare
1725 2447 1818 2504 die

118 2539 192 2593 ab
227 2539 377 2595 hinc
414 2544 550 2610 640,
583 2538 733 2610 quod
763 2542 849 2594 est
881 2537 1016 2593 ldus
1049 2537 1200 2607 Maii,
1234 2536 1518 2592 dominica
1553 2537 1817 2607 proxima

121 2635 261 2687 ante
295 2637 732 2704 pentecosten.
769 2630 891 2696 Quo
922 2628 1196 2684 videlicet
1228 2628 1589 2684 induciarum
1621 2629 1816 2700 spacio

122 2720 417 2788 decurso,
462 2719 568 2777 ubi
601 2717 976 2774 Wormaciam
1010 2721 1244 2772 ventum
1293 2722 1401 2785 est,
1456 2732 1564 2772 non
1613 2717 1811 2774 habuit

125 2807 197 2863 de
215 2807 536 2878 iniunctis
561 2805 824 2878 personis
849 2805 946 2875 qui
971 2803 1314 2874 adjuvarent
1335 2819 1486 2860 eum.
1515 2807 1688 2861 Erant
1715 2821 1813 2864 au-

125 2899 245 2952 tem
297 2897 388 2952 ibi
435 2893 919 2966 supradictorum
969 2893 1376 2964 episcoporum
1427 2893 1560 2964 duo,
1605 2894 1811 2952 Virdu-

1943 668 2035 725 cio
2069 668 2466 738 interrogatus
2498 669 2606 724 hoc
2635 667 2818 724 edixit
2845 685 2856 721 :
2887 667 3064 738 quod,
3098 667 3232 738 quia
3261 665 3593 728 antedictas

1943 773 2227 828 personas
2254 756 2347 790 ³⁸⁶⁰
2379 757 2448 813 ad
2481 755 2921 828 expurgandum
2954 770 3016 812 se
3048 771 3160 812 non
3210 756 3586 829 produceret,

1931 845 2153 915 justum
2185 861 2335 916 esse,
2372 845 2738 917 utdepositis
2787 843 3225 916 episcopalibus
3269 845 3340 900 ab
3391 845 3578 907 officio

1938 940 2214 992 cessaret.
2249 935 2408 991 Unde
2445 934 2540 992 ille
2573 934 2908 1005 indignatus
2939 940 3000 990 et
3023 933 3340 992 iracundias
3367 934 3584 1007 spiritu

1937 1023 2221 1094 repletus,
2254 1022 2409 1094 cepit
2440 1022 2697 1078 exortari
2747 1036 2848 1078 eos
2895 1021 2993 1092 qui
3042 1036 3238 1078 secum
3289 1024 3478 1091 erant,
3525 1026 3592 1078 ut

1935 1110 2154 1180 egressi
2182 1112 2334 1166 foras
2351 1109 2442 1143 3°“
2466 1123 2623 1165 arma
2645 1109 3010 1182 corriperent
3037 1127 3051 1175 ;
3072 1115 3131 1164 et
3155 1109 3406 1180 regressi
3427 1109 3586 1167 intro

1937 1202 2160 1270 partem
2191 1213 2391 1255 eorum
2421 1213 2550 1269 quae
2580 1197 2690 1255 sibi
2739 1198 2987 1254 adversa
3038 1198 3228 1254 fuerat
3289 1197 3588 1255 trucidare

1934 1292 2226 1359 pararent.
2265 1287 2424 1354 Quod
2466 1287 2718 1357 qualiter
2766 1287 2955 1357 gratia
3012 1287 3108 1342 Dei
3162 1287 3587 1344 interveniente

1934 1376 2240 1432 omiserint
2277 1378 2488 1441 facere,
2524 1377 2744 1432 referre
2778 1390 2887 1432 non
2919 1388 3013 1433 e3t
3043 1377 3114 1431 ab
3148 1391 3226 1431 re.
3250 1376 3464 1448 Nempe
3487 1375 3586 1432 ille

1934 1479 2106 1536 pecca
2119 1471 2236 1521 tum
2262 1473 2503 1536 peccato
2519 1464 2608 1534 adj
2621 1464 2821 1534 iciens,
2839 1469 3071 1536 sumpto
3089 1479 3254 1521 sacro
3270 1463 3586 1534 ewangelio

1927 1554 2144 1624 juravit
2182 1553 2236 1610 in
2268 1569 2336 1610 eo
2367 1555 2438 1610 de
2472 1553 2724 1625 inposito
2755 1553 2862 1610 sibi
2894 1553 3134 1609 crimine
3169 1553 3477 1609 innocuum
3498 1540 3583 1610 3e

1933 1657 2079 1698 esse.
2109 1641 2230 1708 Quo
2257 1642 2432 1711 facto,
2461 1641 2550 1698 sui
2569 1655 2791 1698 summa
2824 1656 2956 1698 cum
2981 1641 3362 1698 festinacione
3385 1655 3586 1698 accur-

1934 1734 2152 1798 rentes,
2187 1734 2244 1786 et
2279 1729 2348 1786 ad
2383 1745 2584 1787 manus
2612 1729 2772 1786 illum
2807 1728 3127 1799 trahentes,
3159 1730 3490 1787 eduxerunt
3512 1728 3582 1787 de

1932 1818 2204 1889 concilio,
2235 1824 2293 1875 et
2327 1819 2489 1891 quasi
2517 1818 2840 1876 voluntatis
2881 1833 3004 1876 suae
3051 1834 3288 1891 compos
3335 1819 3582 1878 elfectus

1937 1907 2111 1964 fuerit
2141 1911 2197 1963 et
2230 1907 2551 1964 obtinuerit
2587 1923 2753 1965 suum
2787 1909 3086 1977 honorem,
3124 1923 3227 1979 per
3257 1908 3406 1964 viam
3431 1909 3584 1966 ince-

1935 1997 2291 2052 debantcum
2305 1996 2536 2053 cantico
2554 2013 2567 2061 ;
2585 1995 2785 2066 sicque
2802 1995 2899 2052 ille
2923 2000 3248 2052 conventus
3273 1995 3579 2069 impiorum

1931 2084 2114 2140 evasit
2153 2099 2370 2141 manus.
2405 2086 2558 2140 Tune
2619 2084 2954 2154 cardiualis,
3007 2083 3206 2140 habito
3248 2099 3426 2157 super
3472 2085 3580 2142 hoc

1929 2173 2335 2244 episcoporum
2359 2177 2414 2228 et
2442 2173 2632 2229 tocius
2655 2172 2796 2229 cleri
2821 2172 3087 2243 consilio,
3105 2173 3364 2230 decrevit
3389 2189 3577 2245 ipsum

1929 2277 2059 2317 cum
2091 2260 2182 2293 ³⁸⁸⁸
2208 2261 2476 2317 omnibus
2509 2261 2604 2332 qui
2633 2277 2763 2318 eum
2795 2261 2867 2318 de
2891 2260 3080 2316 medio
3103 2261 3463 2318 sustulerant
3483 2277 3580 2318 ex-

1929 2349 2359 2406 communicare
2413 2349 2467 2404 in
2518 2349 2856 2406 crastinum.
2915 2349 3080 2416 Quod
3131 2353 3194 2407 ut
3245 2349 3576 2420 audierunt,

1929 2453 2126 2494 omnes
2149 2453 2212 2493 se
2235 2438 2306 2493 de
2325 2437 2485 2495 illius
2509 2437 2894 2494 contubernio
2924 2438 3364 2508 subtraxerunt,
3401 2437 3479 2494 ita
3513 2445 3575 2495 ut

1929 2527 2023 2598 qui
2061 2527 2244 2598 pridie
2277 2527 2447 2582 turba
2484 2525 2665 2582 multa
2699 2525 3016 2582 comitatus
3046 2525 3116 2582 de
3145 2526 3392 2583 concilio
3423 2526 3578 2583 exie-

1929 2621 2038 2680 rat,
2072 2614 2337 2685 sequenti
2369 2613 2462 2670 die
2493 2628 2622 2670 cum
2657 2616 2898 2670 vocatus
2925 2613 3248 2685 adveniret,
3278 2613 3375 2670 vix
3399 2629 3573 2672 unum

1926 2704 2021 2774 qui
2054 2718 2183 2759 eum
2218 2707 2565 2774 sequeretur
2597 2701 2867 2759 habebat.
2906 2701 3066 2758 Unde
3113 2701 3470 2759 conterritus
3518 2703 3571 2758 in

1923 2793 2122 2849 facii-in
2159 2808 2218 2849 se
2253 2791 2590 2863 prostravit,
2622 2789 2993 2862 omniumque
3024 2790 3380 2850 miserationi
3399 2805 3576 2864 expo-

1921 2881 2092 2950 situs,
2124 2885 2349 2936 tantum
2382 2879 2516 2936 vitae
2551 2878 2880 2935 necessaria
2899 2877 3139 2936 concedi
3161 2879 3271 2936 sibi
3299 2879 3573 2952 impetra-

126 2985 340 3041 nensis
365 2989 437 3040 et
462 2982 778 3052 Tullensis,
797 2997 899 3038 nec
918 2996 1028 3036 non
1049 2987 1104 3036 et
1131 2980 1227 3036 alii
1247 2985 1391 3049 tres,
1416 2983 1674 3055 Buckoip

2027 2987 2040 3035 ;
2074 2967 2366 3040 uicliilque
2401 2971 2683 3034 moratus,
2710 2967 2848 3024 licet
2866 2966 3104 3038 invitus,
3133 2967 3265 3040 quia
3303 2968 3571 3024 obtinere

127 3073 411 3130 civitatis
437 3075 504 3129 et
531 3071 855 3140 Sigefridus
887 3069 1178 3141 Spirensis
1201 3077 1260 3126 et
1282 3070 1631 3127 Uodalricus
1667 3075 1808 3128 Con-

131 3160 528 3230 stantiensis,
560 3159 648 3216 vir
671 3159 840 3216 valde
871 3158 1202 3228 religiosus.
1239 3158 1462 3224 Quibus
1491 3161 1807 3218 conseden-

1917 3073 2027 3114 non
2063 3057 2275 3129 potuit,
2314 3056 2664 3129 pontificalia
2699 3055 2971 3128 deposuit
2999 3055 3092 3112 die
3136 3060 3202 3114 16
3251 3055 3372 3112 Kal.
3416 3056 3568 3114 Juuii

1915 3151 2036 3214 (an.
2074 3148 2254 3217 1127).

1365 3512 2367 3674 APPENDIX

392 3791 1858 3932 MONUMENTORUM
1992 3795 3311 3936 TREVERENSIUM

703 4307 712 4315 υ
810 4187 980 4281 EX
1038 4187 1975 4283 TRANSLATIONE
2072 4189 2502 4282 SANCTI
2601 4191 2927 4282 CELSI

1218 4385 1711 4474 AUCTORE
1789 4385 2490 4475 THEODERICO

185 4578 633 4659 “Tlteoderieas,
649 4583 757 4659 qai
777 4595 832 4659 ᾳ.
860 4585 998 4659 1006
1017 4581 1445 4659 monasteriam
1463 4583 1529 4659 ῥ’.
1541 4581 1796 4659 Malitia
1826 4583 2175 4659 Z’reeereme
2193 4582 2502 4659 ingressas
2519 4580 2624 4659 est,
2645 4579 2719 4659 ab
2738 4579 2951 4659 aetate
2971 4580 3274 4659 Rieliardo
3284 4583 3550 4659 rogatus,

153 4647 420 4725 libellam
433 4653 506 4710 de
527 4647 925 4725 eammeam
943 4653 1001 4708 et
1017 4653 1335 4710 miraculis
1353 4655 1419 4710 S.
1451 4653 1608 4725 Celsi
1629 4653 1892 4725 scripsit,
1919 4667 2182 4710 sermone
2203 4647 2440 4725 (itidem
2460 4647 2706 4725 tumido,
2729 4651 2835 4709 sed
2850 4652 3179 4725 qaogmalta
3209 4653 3282 4710 de
3299 4647 3551 4725 Egbert?

151 4719 586 4798 [θραῳζίαᾳιές
595 4724 815 4798 potata
834 4723 1022 4798 digna
1039 4725 1336 4798 memoria
1348 4724 1626 4798 tradidit,
1639 4719 1997 4798 praefatione
2009 4725 2090 4780 ad
2103 4719 2470 4798 [tie-"Ilerdam
2488 4719 2761 4798 abbatem
2768 4719 3108 4798 priemissa.
3141 4726 3278 4788 Qua
3289 4719 3367 4780 ea}
3386 4719 3552 4780 Actis

152 4790 263 4848 SS.
298 4790 626 4866 Febr—III,
663 4798 787 4865 396,
819 4790 922 4851 ubi
953 4808 1027 4850 ea:
1055 4795 1356 4852 codicibus
1381 4790 1710 4852 Badecerisi
1737 4790 1797 4852 et
1829 4796 2173 4853 Treverensi
2198 4795 2362 4852 edita
2389 4795 2548 4865 sunt,
2581 4790 2948 4866 repetit—ntroin

220 4968 724 5029 Excellentissimo
739 4970 953 5028 Christi
979 4971 1248 5044 operario
1270 4971 1540 5043 patrique
1564 4985 1790 5043 perma-
1817 4969 1866 5032 C
1897 4986 2006 5027 am.
2042 4972 2227 5042 Rogat
2262 4985 2508 5042 namque
2558 4974 2800 5042 paterna
2852 4970 3042 5042 pietas
3081 4974 3298 5041 vestra,
3350 4971 3544 5028 immol

155 5057 348 5125 gnifico
377 5059 670 5118 Riehardo
693 5075 834 5117 suus
865 5059 962 5117 ille
994 5075 1228 5117 suorum
1264 5059 1502 5117 ultimus
1532 5060 1784 5116 Theode-

162 5144 320 5220 ricus,
370 5166 486 5222 quo
535 5151 689 5207 inter
739 5150 1050 5206 monachos
1100 5149 1242 5205 nihil
1285 5150 1534 5206 habetur
1584 5149 1779 5220 vilius,

159 5237 441 5294 monastici
475 5241 668 5294 tamen
696 5236 847 5294 haud
910 5237 1211 5294 immemor
1261 5235 1563 5309 prepositi,
1627 5237 1778 5293 omni

159 5323 647 5400 apologiaedimota
671 5327 932 5413 ambage,
948 5341 1103 5384 verae
1117 5326 1465 5415 obedientiaa
1498 5327 1780 5398 obseque-

1895 5058 1987 5092 ³⁸⁸³
2017 5059 2440 5115 incvitabiliter
2473 5058 2812 5131 imperando
2843 5058 3111 5131 iniungit,
3146 5064 3433 5130 quatenus
3462 5059 3545 5115 in-

1892 5147 2223 5204 ventionem
2274 5147 2690 5206 sacratissima:
2741 5147 2930 5218 gleba
2977 5147 3130 5204 beati
3189 5147 3544 5204 confessoris

1893 5235 2106 5292 Christi
2135 5235 2308 5307 Celsi,
2339 5235 2508 5306 cujus
2544 5235 2821 5308 przeclara
2856 5235 3062 5292 merita
3091 5235 3352 5305 ejusdem
3373 5249 3544 5293 voca~

1893 5325 2060 5382 minis
2084 5324 2410 5397 produntur
2432 5324 2800 5397 etymologia,
2817 5339 2924 5382 nec
2945 5339 3058 5381 non
3084 5339 3194 5396 qua
3214 5325 3538 5395 occasione,

1497 5421 1736 5479 VARUS
1777 5423 2176 5480 LECTIONES.

220 5547 303 5587 ⁸⁸⁸⁸
322 5555 588 5628 per'sonis
618 5568 767 5614 corr.
807 5569 1087 5629 personas
1115 5570 1162 5614 e.
1239 5555 1330 5590 θεαί
1359 5556 1393 5610 f.
1429 5569 1480 5612 e.
1511 5569 1661 5614 corr.
1697 5555 1734 5611 f.
1767 5569 1813 5610 ο.

165 5633 289 5700 hinc
308 5645 446 5704 inde
469 5645 726 5703 correxi.

1897 5556 1986 5588 P9”
2006 5555 2141 5628 post
2163 5554 2352 5624 suppl.
2386 5568 2432 5611 e.
2513 5552 2606 5588 ³⁸⁸³
2639 5553 2754 5610 imo
2783 5552 2872 5611 ed.
2904 5553 3229 5614 Seribendi
3246 5553 3540 5613 rationem
