  <div class='ocr_page' id='page_1' title='image "/cluster/home/n/w/nwhite01/storage/ocr_20150623/153-154/uc1.31175019678096/1209.png"; bbox 0 0 3920 6410; ppageno 0'>
   <div class='ocr_carea' id='block_1_1' title="bbox 396 388 544 449">
    <p class='ocr_par' dir='ltr' id='par_1_1' title="bbox 396 388 544 449">
     <span class='ocr_line' id='line_1_1' title="bbox 396 388 544 449; baseline -0.014 0"><span class='ocrx_word' id='word_1_1' title='bbox 396 388 544 449; x_wconf 70' lang='grc'>1235</span> 
     </span>
    </p>
   </div>
   <div class='ocr_carea' id='block_1_2' title="bbox 1076 369 3117 449">
    <p class='ocr_par' dir='ltr' id='par_1_2' title="bbox 1076 369 3117 449">
     <span class='ocr_line' id='line_1_2' title="bbox 1076 369 3117 449; baseline -0.006 -1"><span class='ocrx_word' id='word_1_2' title='bbox 1076 383 1345 449; x_wconf 82' lang='lat' dir='ltr'>GESTA</span> <span class='ocrx_word' id='word_1_3' title='bbox 1375 379 1733 445; x_wconf 83' lang='lat' dir='ltr'>TREVER.</span> <span class='ocrx_word' id='word_1_4' title='bbox 1764 412 1843 425; x_wconf 92' lang='lat'>—-</span> <span class='ocrx_word' id='word_1_5' title='bbox 1871 369 2234 440; x_wconf 83' lang='lat' dir='ltr'>APPEND.</span> <span class='ocrx_word' id='word_1_6' title='bbox 2270 370 2720 437; x_wconf 80' lang='lat' dir='ltr'>TRANSLAT.</span> <span class='ocrx_word' id='word_1_7' title='bbox 2758 370 2826 436; x_wconf 90' lang='lat' dir='ltr'>S.</span> <span class='ocrx_word' id='word_1_8' title='bbox 2862 369 3117 437; x_wconf 87' lang='lat' dir='ltr'><strong>CELSI.</strong></span> 
     </span>
    </p>
   </div>
   <div class='ocr_carea' id='block_1_3' title="bbox 3661 370 3822 435">
    <p class='ocr_par' dir='ltr' id='par_1_3' title="bbox 3661 370 3822 435">
     <span class='ocr_line' id='line_1_3' title="bbox 3661 370 3822 435; baseline -0.019 0"><span class='ocrx_word' id='word_1_9' title='bbox 3661 370 3822 435; x_wconf 70' lang='lat'>1236</span> 
     </span>
    </p>
   </div>
   <div class='ocr_carea' id='block_1_4' title="bbox 392 500 3827 604">
    <p class='ocr_par' dir='ltr' id='par_1_4' title="bbox 392 500 3827 604">
     <span class='ocr_line' id='line_1_4' title="bbox 392 500 3827 604; baseline -0.005 -16"><span class='ocrx_word' id='word_1_10' title='bbox 392 531 692 590; x_wconf 88' lang='lat' dir='ltr'>Divinitati</span> <span class='ocrx_word' id='word_1_11' title='bbox 727 530 957 604; x_wconf 84' lang='lat' dir='ltr'>quidem</span> <span class='ocrx_word' id='word_1_12' title='bbox 1002 536 1137 588; x_wconf 85' lang='lat' dir='ltr'>ante</span> <span class='ocrx_word' id='word_1_13' title='bbox 1187 528 1470 601; x_wconf 90' lang='lat' dir='ltr'>temporis</span> <span class='ocrx_word' id='word_1_14' title='bbox 1521 531 1737 585; x_wconf 90' lang='lat' dir='ltr'>motum</span> <span class='ocrx_word' id='word_1_15' title='bbox 1788 523 2041 595; x_wconf 85' lang='lat' dir='ltr'>cognita,</span> <span class='ocrx_word' id='word_1_16' title='bbox 2073 500 2130 561; x_wconf 82' lang='grc' dir='ltr'><strong>Α</strong></span> <span class='ocrx_word' id='word_1_17' title='bbox 2228 522 2279 575; x_wconf 78' lang='lat'>2.</span> <span class='ocrx_word' id='word_1_18' title='bbox 2318 521 2479 576; x_wconf 88' lang='lat' dir='ltr'>Anno</span> <span class='ocrx_word' id='word_1_19' title='bbox 2513 518 2817 576; x_wconf 61' lang='lat' dir='ltr'>dominicae</span> <span class='ocrx_word' id='word_1_20' title='bbox 2850 516 3268 576; x_wconf 81' lang='lat' dir='ltr'>incarnationis</span> <span class='ocrx_word' id='word_1_21' title='bbox 3299 524 3418 589; x_wconf 82' lang='lat'>978,</span> <span class='ocrx_word' id='word_1_22' title='bbox 3456 518 3697 591; x_wconf 83' lang='lat' dir='ltr'>quando</span> <span class='ocrx_word' id='word_1_23' title='bbox 3746 518 3827 573; x_wconf 90' lang='lat' dir='ltr'>di-</span> 
     </span>
    </p>
   </div>
   <div class='ocr_carea' id='block_1_5' title="bbox 392 616 2048 691">
    <p class='ocr_par' dir='ltr' id='par_1_5' title="bbox 392 616 2048 691">
     <span class='ocr_line' id='line_1_5' title="bbox 392 616 2048 691; baseline -0.005 -13"><span class='ocrx_word' id='word_1_24' title='bbox 392 625 609 679; x_wconf 88' lang='lat' dir='ltr'>nostris</span> <span class='ocrx_word' id='word_1_25' title='bbox 643 628 835 679; x_wconf 89' lang='lat' dir='ltr'>autem</span> <span class='ocrx_word' id='word_1_26' title='bbox 872 622 1190 679; x_wconf 69' lang='lat' dir='ltr'>fzeeelentis</span> <span class='ocrx_word' id='word_1_27' title='bbox 1223 622 1451 689; x_wconf 89' lang='lat' dir='ltr'>diebus,</span> <span class='ocrx_word' id='word_1_28' title='bbox 1491 617 1912 691; x_wconf 72' lang='lat' dir='ltr'>pimmemorize</span> <span class='ocrx_word' id='word_1_29' title='bbox 1943 616 2048 682; x_wconf 85' lang='lat' dir='ltr'>Eg—</span> 
     </span>
    </p>
   </div>
   <div class='ocr_carea' id='block_1_6' title="bbox 394 712 2050 780">
    <p class='ocr_par' dir='ltr' id='par_1_6' title="bbox 394 712 2050 780">
     <span class='ocr_line' id='line_1_6' title="bbox 394 712 2050 780; baseline -0.004 -13"><span class='ocrx_word' id='word_1_30' title='bbox 394 712 558 768; x_wconf 89' lang='lat' dir='ltr'>berto</span> <span class='ocrx_word' id='word_1_31' title='bbox 580 714 902 769; x_wconf 68' lang='lat' dir='ltr'>Trevericaa</span> <span class='ocrx_word' id='word_1_32' title='bbox 928 714 1094 770; x_wconf 82' lang='lat' dir='ltr'>urbis</span> <span class='ocrx_word' id='word_1_33' title='bbox 1115 713 1445 780; x_wconf 90' lang='lat' dir='ltr'>hierarcha,</span> <span class='ocrx_word' id='word_1_34' title='bbox 1464 712 1537 767; x_wconf 89' lang='lat' dir='ltr'>ob</span> <span class='ocrx_word' id='word_1_35' title='bbox 1552 722 1847 765; x_wconf 88' lang='lat' dir='ltr'>enormem</span> <span class='ocrx_word' id='word_1_36' title='bbox 1873 718 2050 775; x_wconf 83' lang='lat' dir='ltr'>quan-</span> 
     </span>
    </p>
   </div>
   <div class='ocr_carea' id='block_1_7' title="bbox 393 793 2052 862">
    <p class='ocr_par' dir='ltr' id='par_1_7' title="bbox 393 793 2052 862">
     <span class='ocr_line' id='line_1_7' title="bbox 393 793 2052 862; baseline -0.005 -6"><span class='ocrx_word' id='word_1_37' title='bbox 393 800 519 857; x_wconf 85' lang='lat' dir='ltr'>dam</span> <span class='ocrx_word' id='word_1_38' title='bbox 544 804 811 860; x_wconf 72' lang='lat' dir='ltr'>ecclesize</span> <span class='ocrx_word' id='word_1_39' title='bbox 839 804 1152 859; x_wconf 76' lang='lat' dir='ltr'>utilitatem</span> <span class='ocrx_word' id='word_1_40' title='bbox 1179 802 1522 859; x_wconf 89' lang='lat' dir='ltr'>so&#39;emniter</span> <span class='ocrx_word' id='word_1_41' title='bbox 1548 803 1716 855; x_wconf 91' lang='lat' dir='ltr'>nacta</span> <span class='ocrx_word' id='word_1_42' title='bbox 1734 798 1902 852; x_wconf 89' lang='lat' dir='ltr'>beata</span> <span class='ocrx_word' id='word_1_43' title='bbox 1927 793 2052 862; x_wconf 83' lang='lat' dir='ltr'>ejus</span> 
     </span>
    </p>
   </div>
   <div class='ocr_carea' id='block_1_8' title="bbox 394 881 2056 963">
    <p class='ocr_par' dir='ltr' id='par_1_8' title="bbox 394 881 2056 963">
     <span class='ocr_line' id='line_1_8' title="bbox 394 881 2056 963; baseline -0.005 -19"><span class='ocrx_word' id='word_1_44' title='bbox 394 888 618 963; x_wconf 88' lang='lat' dir='ltr'>lipsaua</span> <span class='ocrx_word' id='word_1_45' title='bbox 653 895 1000 949; x_wconf 77' lang='lat' dir='ltr'>mortalibus</span> <span class='ocrx_word' id='word_1_46' title='bbox 1020 894 1133 950; x_wconf 90' lang='lat' dir='ltr'>sint</span> <span class='ocrx_word' id='word_1_47' title='bbox 1160 892 1393 947; x_wconf 83' lang='lat' dir='ltr'>tandem</span> <span class='ocrx_word' id='word_1_48' title='bbox 1419 892 1677 959; x_wconf 88' lang='lat' dir='ltr'>detecta,</span> <span class='ocrx_word' id='word_1_49' title='bbox 1705 887 1807 943; x_wconf 90' lang='lat' dir='ltr'>sed</span> <span class='ocrx_word' id='word_1_50' title='bbox 1848 881 2056 940; x_wconf 87' lang='lat' dir='ltr'>etinsi-</span> 
     </span>
    </p>
   </div>
   <div class='ocr_carea' id='block_1_9' title="bbox 396 963 2054 1052">
    <p class='ocr_par' dir='ltr' id='par_1_9' title="bbox 396 963 2054 1052">
     <span class='ocr_line' id='line_1_9' title="bbox 396 963 2054 1052; baseline -0.008 -14"><span class='ocrx_word' id='word_1_51' title='bbox 396 983 490 1052; x_wconf 85' lang='lat' dir='ltr'>gni</span> <span class='ocrx_word' id='word_1_52' title='bbox 521 985 861 1039; x_wconf 89' lang='lat' dir='ltr'>meritorum</span> <span class='ocrx_word' id='word_1_53' title='bbox 888 984 1046 1039; x_wconf 90' lang='lat' dir='ltr'>illius</span> <span class='ocrx_word' id='word_1_54' title='bbox 1072 982 1309 1051; x_wconf 90' lang='lat' dir='ltr'>indicio,</span> <span class='ocrx_word' id='word_1_55' title='bbox 1342 996 1469 1050; x_wconf 62' lang='lat' dir='ltr'>qua?</span> <span class='ocrx_word' id='word_1_56' title='bbox 1492 980 1565 1036; x_wconf 88' lang='lat' dir='ltr'>ob</span> <span class='ocrx_word' id='word_1_57' title='bbox 1589 978 1735 1034; x_wconf 90' lang='lat' dir='ltr'>tanti</span> <span class='ocrx_word' id='word_1_58' title='bbox 1789 963 2054 1030; x_wconf 75' lang='lat' dir='ltr'>thesauri</span> 
     </span>
    </p>
   </div>
   <div class='ocr_carea' id='block_1_10' title="bbox 394 1062 2055 1145">
    <p class='ocr_par' dir='ltr' id='par_1_10' title="bbox 394 1062 2055 1145">
     <span class='ocr_line' id='line_1_10' title="bbox 394 1062 2055 1145; baseline -0.008 -18"><span class='ocrx_word' id='word_1_59' title='bbox 394 1077 640 1130; x_wconf 82' lang='lat' dir='ltr'>eatenus</span> <span class='ocrx_word' id='word_1_60' title='bbox 664 1074 947 1129; x_wconf 84' lang='lat' dir='ltr'>occultati</span> <span class='ocrx_word' id='word_1_61' title='bbox 974 1072 1292 1145; x_wconf 79' lang='lat' dir='ltr'>optabilem</span> <span class='ocrx_word' id='word_1_62' title='bbox 1319 1070 1653 1127; x_wconf 86' lang='lat' dir='ltr'>ostensione</span> <span class='ocrx_word' id='word_1_63' title='bbox 1677 1068 1806 1123; x_wconf 89' lang='lat' dir='ltr'>luce</span> <span class='ocrx_word' id='word_1_64' title='bbox 1834 1062 2055 1119; x_wconf 89' lang='lat' dir='ltr'>clarius</span> 
     </span>
    </p>
   </div>
   <div class='ocr_carea' id='block_1_11' title="bbox 392 1156 2056 1232">
    <p class='ocr_par' dir='ltr' id='par_1_11' title="bbox 392 1156 2056 1232">
     <span class='ocr_line' id='line_1_11' title="bbox 392 1156 2056 1232; baseline -0.008 -15"><span class='ocrx_word' id='word_1_65' title='bbox 392 1169 521 1220; x_wconf 91' lang='lat' dir='ltr'>acta</span> <span class='ocrx_word' id='word_1_66' title='bbox 559 1181 690 1221; x_wconf 87' lang='lat' dir='ltr'>esse</span> <span class='ocrx_word' id='word_1_67' title='bbox 723 1169 1064 1232; x_wconf 89' lang='lat' dir='ltr'>noscuntur,</span> <span class='ocrx_word' id='word_1_68' title='bbox 1118 1177 1239 1218; x_wconf 89' lang='lat' dir='ltr'>mea</span> <span class='ocrx_word' id='word_1_69' title='bbox 1294 1160 1588 1231; x_wconf 91' lang='lat' dir='ltr'>pusillitas</span> <span class='ocrx_word' id='word_1_70' title='bbox 1645 1156 2056 1229; x_wconf 89' lang='lat' dir='ltr'>qualicumque</span> 
     </span>
    </p>
   </div>
   <div class='ocr_carea' id='block_1_12' title="bbox 393 1246 2051 1327">
    <p class='ocr_par' dir='ltr' id='par_1_12' title="bbox 393 1246 2051 1327">
     <span class='ocr_line' id='line_1_12' title="bbox 393 1246 2051 1327; baseline -0.006 -14"><span class='ocrx_word' id='word_1_71' title='bbox 393 1258 583 1313; x_wconf 90' lang='lat' dir='ltr'>relatu</span> <span class='ocrx_word' id='word_1_72' title='bbox 618 1256 770 1327; x_wconf 78' lang='lat' dir='ltr'>style</span> <span class='ocrx_word' id='word_1_73' title='bbox 803 1253 1237 1323; x_wconf 63' lang='lat' dir='ltr'>memoriaeque,</span> <span class='ocrx_word' id='word_1_74' title='bbox 1275 1250 1615 1323; x_wconf 81' lang='lat' dir='ltr'>posteritati</span> <span class='ocrx_word' id='word_1_75' title='bbox 1668 1246 2051 1320; x_wconf 65' lang='lat' dir='ltr'>prospiciens,</span> 
     </span>
    </p>
   </div>
   <div class='ocr_carea' id='block_1_13' title="bbox 394 1338 2055 1412">
    <p class='ocr_par' dir='ltr' id='par_1_13' title="bbox 394 1338 2055 1412">
     <span class='ocr_line' id='line_1_13' title="bbox 394 1338 2055 1412; baseline -0.01 -10"><span class='ocrx_word' id='word_1_76' title='bbox 394 1348 666 1404; x_wconf 91' lang='lat' dir='ltr'>mandare</span> <span class='ocrx_word' id='word_1_77' title='bbox 692 1362 801 1401; x_wconf 91' lang='lat' dir='ltr'>non</span> <span class='ocrx_word' id='word_1_78' title='bbox 828 1345 1085 1400; x_wconf 80' lang='lat' dir='ltr'>differat.</span> <span class='ocrx_word' id='word_1_79' title='bbox 1120 1344 1315 1412; x_wconf 86' lang='lat' dir='ltr'>Neque</span> <span class='ocrx_word' id='word_1_80' title='bbox 1336 1342 1487 1397; x_wconf 90' lang='lat' dir='ltr'>enim</span> <span class='ocrx_word' id='word_1_81' title='bbox 1513 1354 1741 1409; x_wconf 58' lang='lat' dir='ltr'>{equum</span> <span class='ocrx_word' id='word_1_82' title='bbox 1770 1338 1891 1391; x_wconf 90' lang='lat' dir='ltr'>fore</span> <span class='ocrx_word' id='word_1_83' title='bbox 1924 1349 2055 1390; x_wconf 89' lang='lat' dir='ltr'>ceu-</span> 
     </span>
    </p>
   </div>
   <div class='ocr_carea' id='block_1_14' title="bbox 393 1424 2046 1505">
    <p class='ocr_par' dir='ltr' id='par_1_14' title="bbox 393 1424 2046 1505">
     <span class='ocr_line' id='line_1_14' title="bbox 393 1424 2046 1505; baseline -0.009 -11"><span class='ocrx_word' id='word_1_84' title='bbox 393 1437 554 1505; x_wconf 65' lang='lat' dir='ltr'>seitis,</span> <span class='ocrx_word' id='word_1_85' title='bbox 585 1442 649 1493; x_wconf 90' lang='lat' dir='ltr'>ut</span> <span class='ocrx_word' id='word_1_86' title='bbox 680 1440 843 1491; x_wconf 89' lang='lat' dir='ltr'>tanta</span> <span class='ocrx_word' id='word_1_87' title='bbox 879 1434 1290 1490; x_wconf 87' lang='lat' dir='ltr'>miraculorum</span> <span class='ocrx_word' id='word_1_88' title='bbox 1328 1431 1473 1487; x_wconf 92' lang='lat' dir='ltr'>tanti</span> <span class='ocrx_word' id='word_1_89' title='bbox 1520 1430 1631 1485; x_wconf 91' lang='lat' dir='ltr'>viri</span> <span class='ocrx_word' id='word_1_90' title='bbox 1693 1424 2046 1491; x_wconf 85' lang='lat' dir='ltr'>coruscatio,</span> 
     </span>
    </p>
   </div>
   <div class='ocr_carea' id='block_1_15' title="bbox 393 1517 2044 1593">
    <p class='ocr_par' dir='ltr' id='par_1_15' title="bbox 393 1517 2044 1593">
     <span class='ocr_line' id='line_1_15' title="bbox 393 1517 2044 1593; baseline -0.009 -10"><span class='ocrx_word' id='word_1_91' title='bbox 393 1528 465 1583; x_wconf 89' lang='lat' dir='ltr'>ob</span> <span class='ocrx_word' id='word_1_92' title='bbox 498 1526 813 1583; x_wconf 90' lang='lat' dir='ltr'>multorum</span> <span class='ocrx_word' id='word_1_93' title='bbox 848 1525 1057 1581; x_wconf 89' lang='lat' dir='ltr'>salutis</span> <span class='ocrx_word' id='word_1_94' title='bbox 1086 1526 1456 1593; x_wconf 80' lang='lat' dir='ltr'>augmentum</span> <span class='ocrx_word' id='word_1_95' title='bbox 1489 1520 1722 1576; x_wconf 64' lang='lat' dir='ltr'>conlitus</span> <span class='ocrx_word' id='word_1_96' title='bbox 1784 1517 2044 1588; x_wconf 82' lang='lat' dir='ltr'>profusa,</span> 
     </span>
    </p>
   </div>
   <div class='ocr_carea' id='block_1_16' title="bbox 393 1605 2044 1676">
    <p class='ocr_par' dir='ltr' id='par_1_16' title="bbox 393 1605 2044 1676">
     <span class='ocr_line' id='line_1_16' title="bbox 393 1605 2044 1676; baseline -0.008 -7"><span class='ocrx_word' id='word_1_97' title='bbox 393 1615 567 1671; x_wconf 90' lang='lat' dir='ltr'>inerti</span> <span class='ocrx_word' id='word_1_98' title='bbox 585 1617 879 1669; x_wconf 87' lang='lat' dir='ltr'>remaneat</span> <span class='ocrx_word' id='word_1_99' title='bbox 898 1612 1306 1668; x_wconf 75' lang='lat' dir='ltr'>taciturnitate</span> <span class='ocrx_word' id='word_1_100' title='bbox 1323 1606 1712 1664; x_wconf 79' lang='lat' dir='ltr'>abstrusa.Ad</span> <span class='ocrx_word' id='word_1_101' title='bbox 1732 1605 1882 1676; x_wconf 88' lang='lat' dir='ltr'>quod</span> <span class='ocrx_word' id='word_1_102' title='bbox 1909 1620 2044 1673; x_wconf 83' lang='lat' dir='ltr'>ego:</span> 
     </span>
    </p>
   </div>
   <div class='ocr_carea' id='block_1_17' title="bbox 394 1695 2041 1774">
    <p class='ocr_par' dir='ltr' id='par_1_17' title="bbox 394 1695 2041 1774">
     <span class='ocr_line' id='line_1_17' title="bbox 394 1695 2041 1774; baseline -0.008 -16"><span class='ocrx_word' id='word_1_103' title='bbox 394 1705 588 1768; x_wconf 81' lang='lat' dir='ltr'>Miror,</span> <span class='ocrx_word' id='word_1_104' title='bbox 625 1704 878 1774; x_wconf 89' lang='lat' dir='ltr'>inquam,</span> <span class='ocrx_word' id='word_1_105' title='bbox 916 1700 1225 1757; x_wconf 82' lang='lat' dir='ltr'>admodum</span> <span class='ocrx_word' id='word_1_106' title='bbox 1258 1702 1437 1753; x_wconf 67' lang='lat' dir='ltr'>tantae</span> <span class='ocrx_word' id='word_1_107' title='bbox 1473 1696 1799 1768; x_wconf 62' lang='lat' dir='ltr'>prudentiae</span> <span class='ocrx_word' id='word_1_108' title='bbox 1836 1695 2041 1759; x_wconf 80' lang='lat' dir='ltr'>virum,</span> 
     </span>
    </p>
   </div>
   <div class='ocr_carea' id='block_1_18' title="bbox 394 1783 2046 1862">
    <p class='ocr_par' dir='ltr' id='par_1_18' title="bbox 394 1783 2046 1862">
     <span class='ocr_line' id='line_1_18' title="bbox 394 1783 2046 1862; baseline -0.007 -14"><span class='ocrx_word' id='word_1_109' title='bbox 394 1808 457 1848; x_wconf 88' lang='lat' dir='ltr'>ac</span> <span class='ocrx_word' id='word_1_110' title='bbox 475 1793 806 1849; x_wconf 83' lang='lat' dir='ltr'>vehementi</span> <span class='ocrx_word' id='word_1_111' title='bbox 832 1798 1072 1861; x_wconf 90' lang='lat' dir='ltr'>stupore</span> <span class='ocrx_word' id='word_1_112' title='bbox 1097 1789 1406 1862; x_wconf 88' lang='lat' dir='ltr'>percellor,</span> <span class='ocrx_word' id='word_1_113' title='bbox 1435 1787 1703 1857; x_wconf 83' lang='lat' dir='ltr'>quidnam</span> <span class='ocrx_word' id='word_1_114' title='bbox 1735 1784 1899 1841; x_wconf 88' lang='lat' dir='ltr'>vobis</span> <span class='ocrx_word' id='word_1_115' title='bbox 1926 1783 2046 1838; x_wconf 85' lang='lat' dir='ltr'>ani-</span> 
     </span>
    </p>
   </div>
   <div class='ocr_carea' id='block_1_19' title="bbox 2158 609 3826 680">
    <p class='ocr_par' dir='ltr' id='par_1_19' title="bbox 2158 609 3826 680">
     <span class='ocr_line' id='line_1_19' title="bbox 2158 609 3826 680; baseline 0 -15"><span class='ocrx_word' id='word_1_116' title='bbox 2158 609 2306 666; x_wconf 60' lang='lat' dir='ltr'>vinae,</span> <span class='ocrx_word' id='word_1_117' title='bbox 2329 611 2618 667; x_wconf 52' lang='lat' dir='ltr'>memoriae</span> <span class='ocrx_word' id='word_1_118' title='bbox 2644 612 2780 666; x_wconf 90' lang='lat' dir='ltr'>Otto</span> <span class='ocrx_word' id='word_1_119' title='bbox 2804 611 3116 679; x_wconf 90' lang='lat' dir='ltr'>secundus,</span> <span class='ocrx_word' id='word_1_120' title='bbox 3146 610 3371 665; x_wconf 78' lang='lat' dir='ltr'>maximi</span> <span class='ocrx_word' id='word_1_121' title='bbox 3397 611 3633 680; x_wconf 85' lang='lat' dir='ltr'>augusti</span> <span class='ocrx_word' id='word_1_122' title='bbox 3654 613 3826 667; x_wconf 83' lang='lat' dir='ltr'>Otto-</span> 
     </span>
    </p>
   </div>
   <div class='ocr_carea' id='block_1_20' title="bbox 2160 698 3822 769">
    <p class='ocr_par' dir='ltr' id='par_1_20' title="bbox 2160 698 3822 769">
     <span class='ocr_line' id='line_1_20' title="bbox 2160 698 3822 769; baseline 0.001 -16"><span class='ocrx_word' id='word_1_123' title='bbox 2160 698 2252 754; x_wconf 89' lang='lat' dir='ltr'>nis</span> <span class='ocrx_word' id='word_1_124' title='bbox 2286 698 2588 769; x_wconf 85' lang='lat' dir='ltr'>relativus,</span> <span class='ocrx_word' id='word_1_125' title='bbox 2626 701 2894 755; x_wconf 62' lang='lat' dir='ltr'>Romanu?</span> <span class='ocrx_word' id='word_1_126' title='bbox 2928 698 3275 755; x_wconf 63' lang='lat' dir='ltr'>monarcbiaa</span> <span class='ocrx_word' id='word_1_127' title='bbox 3310 699 3528 769; x_wconf 84' lang='lat' dir='ltr'>apicem</span> <span class='ocrx_word' id='word_1_128' title='bbox 3569 704 3822 755; x_wconf 86' lang='lat' dir='ltr'>strenue</span> 
     </span>
    </p>
   </div>
   <div class='ocr_carea' id='block_1_21' title="bbox 2162 788 3821 861">
    <p class='ocr_par' dir='ltr' id='par_1_21' title="bbox 2162 788 3821 861">
     <span class='ocr_line' id='line_1_21' title="bbox 2162 788 3821 861; baseline 0.002 -20"><span class='ocrx_word' id='word_1_129' title='bbox 2162 789 2541 857; x_wconf 85' lang='lat' dir='ltr'>gubernando</span> <span class='ocrx_word' id='word_1_130' title='bbox 2589 790 2866 861; x_wconf 88' lang='lat' dir='ltr'>princeps</span> <span class='ocrx_word' id='word_1_131' title='bbox 2917 790 3123 857; x_wconf 89' lang='lat' dir='ltr'>agebat</span> <span class='ocrx_word' id='word_1_132' title='bbox 3174 788 3230 842; x_wconf 94' lang='lat' dir='ltr'>in</span> <span class='ocrx_word' id='word_1_133' title='bbox 3281 794 3534 859; x_wconf 87' lang='lat' dir='ltr'>sceptro,</span> <span class='ocrx_word' id='word_1_134' title='bbox 3589 796 3821 845; x_wconf 60' lang='lat' dir='ltr'>sancta?</span> 
     </span>
    </p>
   </div>
   <div class='ocr_carea' id='block_1_22' title="bbox 2163 878 3821 950">
    <p class='ocr_par' dir='ltr' id='par_1_22' title="bbox 2163 878 3821 950">
     <span class='ocr_line' id='line_1_22' title="bbox 2163 878 3821 950; baseline 0.001 -18"><span class='ocrx_word' id='word_1_135' title='bbox 2163 878 2491 934; x_wconf 88' lang='lat' dir='ltr'>Trevirensi</span> <span class='ocrx_word' id='word_1_136' title='bbox 2557 895 2585 934; x_wconf 92' lang='lat' dir='ltr'>a</span> <span class='ocrx_word' id='word_1_137' title='bbox 2639 881 2752 934; x_wconf 91' lang='lat' dir='ltr'>Deo</span> <span class='ocrx_word' id='word_1_138' title='bbox 2801 878 3213 934; x_wconf 62' lang='lat' dir='ltr'>conservandae</span> <span class='ocrx_word' id='word_1_139' title='bbox 3260 878 3522 934; x_wconf 73' lang='lat' dir='ltr'>ecclesim</span> <span class='ocrx_word' id='word_1_140' title='bbox 3574 881 3821 950; x_wconf 66' lang='lat' dir='ltr'>praefuit</span> 
     </span>
    </p>
   </div>
   <div class='ocr_carea' id='block_1_23' title="bbox 2170 966 3819 1037">
    <p class='ocr_par' dir='ltr' id='par_1_23' title="bbox 2170 966 3819 1037">
     <span class='ocr_line' id='line_1_23' title="bbox 2170 966 3819 1037; baseline 0.002 -18"><span class='ocrx_word' id='word_1_141' title='bbox 2170 966 2352 1023; x_wconf 69' lang='lat' dir='ltr'>beatae</span> <span class='ocrx_word' id='word_1_142' title='bbox 2388 968 2814 1024; x_wconf 84' lang='lat' dir='ltr'>recordationis</span> <span class='ocrx_word' id='word_1_143' title='bbox 2846 968 2932 1023; x_wconf 88' lang='lat' dir='ltr'>vir</span> <span class='ocrx_word' id='word_1_144' title='bbox 2962 967 3245 1023; x_wconf 87' lang='lat' dir='ltr'>virtutum</span> <span class='ocrx_word' id='word_1_145' title='bbox 3296 969 3584 1037; x_wconf 80' lang='lat' dir='ltr'>Egbertus</span> <span class='ocrx_word' id='word_1_146' title='bbox 3626 970 3819 1024; x_wconf 87' lang='lat' dir='ltr'>archi-</span> 
     </span>
    </p>
   </div>
   <div class='ocr_carea' id='block_1_24' title="bbox 2168 1056 3817 1128">
    <p class='ocr_par' dir='ltr' id='par_1_24' title="bbox 2168 1056 3817 1128">
     <span class='ocr_line' id='line_1_24' title="bbox 2168 1056 3817 1128; baseline 0.003 -20"><span class='ocrx_word' id='word_1_147' title='bbox 2168 1056 2388 1111; x_wconf 89' lang='lat' dir='ltr'>mandri</span> <span class='ocrx_word' id='word_1_148' title='bbox 2404 1061 2455 1112; x_wconf 89' lang='lat' dir='ltr'>ta</span> <span class='ocrx_word' id='word_1_149' title='bbox 2482 1058 2828 1128; x_wconf 89' lang='lat' dir='ltr'>lampabilis,</span> <span class='ocrx_word' id='word_1_150' title='bbox 2846 1056 3040 1113; x_wconf 89' lang='lat' dir='ltr'>clarus</span> <span class='ocrx_word' id='word_1_151' title='bbox 3063 1072 3091 1126; x_wconf 89' lang='lat' dir='ltr'>q</span> <span class='ocrx_word' id='word_1_152' title='bbox 3106 1057 3289 1112; x_wconf 88' lang='lat' dir='ltr'>uidem</span> <span class='ocrx_word' id='word_1_153' title='bbox 3310 1058 3817 1128; x_wconf 64' lang='lat' dir='ltr'>parentelaagene-</span> 
     </span>
    </p>
   </div>
   <div class='ocr_carea' id='block_1_25' title="bbox 2169 1146 3816 1218">
    <p class='ocr_par' dir='ltr' id='par_1_25' title="bbox 2169 1146 3816 1218">
     <span class='ocr_line' id='line_1_25' title="bbox 2169 1146 3816 1218; baseline 0.002 -19"><span class='ocrx_word' id='word_1_154' title='bbox 2169 1146 2413 1201; x_wconf 90' lang='lat' dir='ltr'>rositate</span> <span class='ocrx_word' id='word_1_155' title='bbox 2439 1148 2606 1217; x_wconf 69' lang='lat'>(5&#39;26),</span> <span class='ocrx_word' id='word_1_156' title='bbox 2630 1148 2729 1203; x_wconf 87' lang='lat' dir='ltr'>sed</span> <span class='ocrx_word' id='word_1_157' title='bbox 2757 1147 2970 1203; x_wconf 90' lang='lat' dir='ltr'>clarior</span> <span class='ocrx_word' id='word_1_158' title='bbox 2997 1147 3816 1218; x_wconf 85' lang='lat' dir='ltr'>totiusprobitatisimpretia-</span> 
     </span>
    </p>
   </div>
   <div class='ocr_carea' id='block_1_26' title="bbox 2171 1234 3812 1307">
    <p class='ocr_par' dir='ltr' id='par_1_26' title="bbox 2171 1234 3812 1307">
     <span class='ocr_line' id='line_1_26' title="bbox 2171 1234 3812 1307; baseline 0.002 -18"><span class='ocrx_word' id='word_1_159' title='bbox 2171 1234 2267 1289; x_wconf 89' lang='lat' dir='ltr'>bili</span> <span class='ocrx_word' id='word_1_160' title='bbox 2302 1237 2457 1291; x_wconf 89' lang='lat' dir='ltr'>dote.</span> <span class='ocrx_word' id='word_1_161' title='bbox 2494 1239 2559 1291; x_wconf 86' lang='lat' dir='ltr'>Et</span> <span class='ocrx_word' id='word_1_162' title='bbox 2595 1252 2822 1307; x_wconf 79' lang='lat' dir='ltr'>revera,</span> <span class='ocrx_word' id='word_1_163' title='bbox 2853 1236 2983 1306; x_wconf 90' lang='lat' dir='ltr'>quia</span> <span class='ocrx_word' id='word_1_164' title='bbox 3020 1236 3139 1307; x_wconf 92' lang='lat' dir='ltr'>ipsa</span> <span class='ocrx_word' id='word_1_165' title='bbox 3185 1237 3409 1305; x_wconf 85' lang='lat' dir='ltr'>gemina</span> <span class='ocrx_word' id='word_1_166' title='bbox 3457 1235 3812 1293; x_wconf 85' lang='lat' dir='ltr'>claritudine</span> 
     </span>
    </p>
   </div>
   <div class='ocr_carea' id='block_1_27' title="bbox 2168 1325 3811 1397">
    <p class='ocr_par' dir='ltr' id='par_1_27' title="bbox 2168 1325 3811 1397">
     <span class='ocr_line' id='line_1_27' title="bbox 2168 1325 3811 1397; baseline 0.001 -18"><span class='ocrx_word' id='word_1_167' title='bbox 2168 1326 2586 1394; x_wconf 81' lang='lat' dir='ltr'>pollucibiliter</span> <span class='ocrx_word' id='word_1_168' title='bbox 2615 1327 2819 1396; x_wconf 86' lang='lat' dir='ltr'>viguit,</span> <span class='ocrx_word' id='word_1_169' title='bbox 2873 1326 2955 1381; x_wconf 90' lang='lat' dir='ltr'>uti</span> <span class='ocrx_word' id='word_1_170' title='bbox 3010 1340 3193 1380; x_wconf 90' lang='lat' dir='ltr'>nonor</span> <span class='ocrx_word' id='word_1_171' title='bbox 3239 1325 3467 1381; x_wconf 89' lang='lat' dir='ltr'>debitus</span> <span class='ocrx_word' id='word_1_172' title='bbox 3516 1327 3811 1397; x_wconf 85' lang='lat' dir='ltr'>pOposcit,</span> 
     </span>
    </p>
   </div>
   <div class='ocr_carea' id='block_1_28' title="bbox 2165 1414 3811 1487">
    <p class='ocr_par' dir='ltr' id='par_1_28' title="bbox 2165 1414 3811 1487">
     <span class='ocr_line' id='line_1_28' title="bbox 2165 1414 3811 1487; baseline 0.001 -19"><span class='ocrx_word' id='word_1_173' title='bbox 2165 1414 2346 1470; x_wconf 85' lang='lat' dir='ltr'>totius</span> <span class='ocrx_word' id='word_1_174' title='bbox 2370 1416 2530 1485; x_wconf 89' lang='lat' dir='ltr'>regni</span> <span class='ocrx_word' id='word_1_175' title='bbox 2556 1416 2935 1487; x_wconf 85' lang='lat' dir='ltr'>pontiﬁcibus</span> <span class='ocrx_word' id='word_1_176' title='bbox 2960 1420 3133 1484; x_wconf 88' lang='lat' dir='ltr'>atque</span> <span class='ocrx_word' id='word_1_177' title='bbox 3157 1414 3533 1486; x_wconf 89' lang='lat' dir='ltr'>cptimatibus</span> <span class='ocrx_word' id='word_1_178' title='bbox 3566 1414 3691 1485; x_wconf 89' lang='lat' dir='ltr'>ipsa</span> <span class='ocrx_word' id='word_1_179' title='bbox 3723 1416 3811 1471; x_wconf 91' lang='lat' dir='ltr'>sui</span> 
     </span>
    </p>
   </div>
   <div class='ocr_carea' id='block_1_29' title="bbox 2162 1504 3810 1576">
    <p class='ocr_par' dir='ltr' id='par_1_29' title="bbox 2162 1504 3810 1576">
     <span class='ocr_line' id='line_1_29' title="bbox 2162 1504 3810 1576; baseline 0.002 -19"><span class='ocrx_word' id='word_1_180' title='bbox 2162 1506 2489 1560; x_wconf 85' lang='lat' dir='ltr'>reverentia</span> <span class='ocrx_word' id='word_1_181' title='bbox 2527 1505 2872 1576; x_wconf 64' lang='lat' dir='ltr'>praecelluit.</span> <span class='ocrx_word' id='word_1_182' title='bbox 2919 1504 3175 1573; x_wconf 81' lang='lat' dir='ltr'>Denique</span> <span class='ocrx_word' id='word_1_183' title='bbox 3226 1508 3451 1559; x_wconf 89' lang='lat' dir='ltr'>statura</span> <span class='ocrx_word' id='word_1_184' title='bbox 3500 1519 3810 1575; x_wconf 87' lang='lat' dir='ltr'>procerus,</span> 
     </span>
    </p>
   </div>
   <div class='ocr_carea' id='block_1_30' title="bbox 2159 1593 3808 1664">
    <p class='ocr_par' dir='ltr' id='par_1_30' title="bbox 2159 1593 3808 1664">
     <span class='ocr_line' id='line_1_30' title="bbox 2159 1593 3808 1664; baseline 0.002 -17"><span class='ocrx_word' id='word_1_185' title='bbox 2159 1594 2357 1649; x_wconf 84' lang='lat' dir='ltr'>vultus</span> <span class='ocrx_word' id='word_1_186' title='bbox 2387 1604 2579 1650; x_wconf 84' lang='lat' dir='ltr'>autem</span> <span class='ocrx_word' id='word_1_187' title='bbox 2615 1595 2789 1651; x_wconf 90' lang='lat' dir='ltr'>rutila</span> <span class='ocrx_word' id='word_1_188' title='bbox 2827 1594 3189 1651; x_wconf 83' lang='lat' dir='ltr'>formositate</span> <span class='ocrx_word' id='word_1_189' title='bbox 3224 1610 3340 1664; x_wconf 67' lang='lat' dir='ltr'>pra)</span> <span class='ocrx_word' id='word_1_190' title='bbox 3372 1593 3637 1650; x_wconf 89' lang='lat' dir='ltr'>omnibus</span> <span class='ocrx_word' id='word_1_191' title='bbox 3666 1598 3808 1651; x_wconf 86' lang='lat' dir='ltr'>tunc</span> 
     </span>
    </p>
   </div>
   <div class='ocr_carea' id='block_1_31' title="bbox 2161 1683 3805 1755">
    <p class='ocr_par' dir='ltr' id='par_1_31' title="bbox 2161 1683 3805 1755">
     <span class='ocr_line' id='line_1_31' title="bbox 2161 1683 3805 1755; baseline 0.001 -18"><span class='ocrx_word' id='word_1_192' title='bbox 2161 1684 2443 1754; x_wconf 90' lang='lat' dir='ltr'>temporis</span> <span class='ocrx_word' id='word_1_193' title='bbox 2469 1684 2816 1755; x_wconf 86' lang='lat' dir='ltr'>primatibus</span> <span class='ocrx_word' id='word_1_194' title='bbox 2847 1684 3056 1739; x_wconf 88' lang='lat' dir='ltr'>enituit</span> <span class='ocrx_word' id='word_1_195' title='bbox 3105 1683 3422 1738; x_wconf 79' lang='lat' dir='ltr'>venustius.</span> <span class='ocrx_word' id='word_1_196' title='bbox 3474 1685 3609 1738; x_wconf 83' lang='lat' dir='ltr'>Erat</span> <span class='ocrx_word' id='word_1_197' title='bbox 3656 1684 3805 1738; x_wconf 91' lang='lat' dir='ltr'>enim</span> 
     </span>
    </p>
   </div>
   <div class='ocr_carea' id='block_1_32' title="bbox 2160 1772 3808 1845">
    <p class='ocr_par' dir='ltr' id='par_1_32' title="bbox 2160 1772 3808 1845">
     <span class='ocr_line' id='line_1_32' title="bbox 2160 1772 3808 1845; baseline 0.001 -18"><span class='ocrx_word' id='word_1_198' title='bbox 2160 1775 2571 1830; x_wconf 82' lang='lat' dir='ltr'>monachorum</span> <span class='ocrx_word' id='word_1_199' title='bbox 2610 1775 2937 1845; x_wconf 74' lang='lat' dir='ltr'>prmeipuus</span> <span class='ocrx_word' id='word_1_200' title='bbox 2971 1778 3127 1828; x_wconf 88' lang='lat' dir='ltr'>tutor</span> <span class='ocrx_word' id='word_1_201' title='bbox 3163 1786 3224 1828; x_wconf 89' lang='lat' dir='ltr'>ac</span> <span class='ocrx_word' id='word_1_202' title='bbox 3256 1772 3509 1828; x_wconf 89' lang='lat' dir='ltr'>nutritor</span> <span class='ocrx_word' id='word_1_203' title='bbox 3541 1788 3607 1827; x_wconf 90' lang='lat' dir='ltr'>ac</span> <span class='ocrx_word' id='word_1_204' title='bbox 3641 1788 3808 1842; x_wconf 79' lang='lat' dir='ltr'>regu-</span> 
     </span>
    </p>
   </div>
   <div class='ocr_carea' id='block_1_33' title="bbox 394 1862 3807 1953">
    <p class='ocr_par' dir='ltr' id='par_1_33' title="bbox 394 1862 3807 1953">
     <span class='ocr_line' id='line_1_33' title="bbox 394 1862 3807 1953; baseline -0.006 -18"><span class='ocrx_word' id='word_1_205' title='bbox 394 1881 588 1951; x_wconf 89' lang='lat' dir='ltr'>misit,</span> <span class='ocrx_word' id='word_1_206' title='bbox 613 1883 765 1953; x_wconf 86' lang='lat' dir='ltr'>quod</span> <span class='ocrx_word' id='word_1_207' title='bbox 791 1882 1025 1937; x_wconf 90' lang='lat' dir='ltr'>omissis</span> <span class='ocrx_word' id='word_1_208' title='bbox 1047 1879 1290 1949; x_wconf 90' lang='lat' dir='ltr'>etquasi</span> <span class='ocrx_word' id='word_1_209' title='bbox 1319 1878 1624 1949; x_wconf 90' lang='lat' dir='ltr'>vilipensis</span> <span class='ocrx_word' id='word_1_210' title='bbox 1653 1881 1737 1932; x_wconf 92' lang='lat' dir='ltr'>tot</span> <span class='ocrx_word' id='word_1_211' title='bbox 1783 1872 2043 1931; x_wconf 85' lang='lat' dir='ltr'>vernulis</span> <span class='ocrx_word' id='word_1_212' title='bbox 2074 1871 2128 1933; x_wconf 93' lang='lat' dir='ltr'><strong>B</strong></span> <span class='ocrx_word' id='word_1_213' title='bbox 2163 1863 2300 1919; x_wconf 77' lang='lat' dir='ltr'>laris</span> <span class='ocrx_word' id='word_1_214' title='bbox 2335 1864 2657 1934; x_wconf 64' lang='lat' dir='ltr'>disciplinae</span> <span class='ocrx_word' id='word_1_215' title='bbox 2691 1864 2964 1933; x_wconf 83' lang='lat' dir='ltr'>Speeialis</span> <span class='ocrx_word' id='word_1_216' title='bbox 2998 1867 3243 1927; x_wconf 89' lang='lat' dir='ltr'>amator,</span> <span class='ocrx_word' id='word_1_217' title='bbox 3288 1862 3499 1933; x_wconf 83' lang='lat' dir='ltr'>quippe</span> <span class='ocrx_word' id='word_1_218' title='bbox 3551 1863 3646 1932; x_wconf 92' lang='lat' dir='ltr'>qui</span> <span class='ocrx_word' id='word_1_219' title='bbox 3697 1865 3807 1917; x_wconf 87' lang='lat' dir='ltr'>sub</span> 
     </span>
    </p>
   </div>
   <div class='ocr_carea' id='block_1_34' title="bbox 394 1962 2042 2042">
    <p class='ocr_par' dir='ltr' id='par_1_34' title="bbox 394 1962 2042 2042">
     <span class='ocr_line' id='line_1_34' title="bbox 394 1962 2042 2042; baseline -0.006 -17"><span class='ocrx_word' id='word_1_220' title='bbox 394 1970 546 2026; x_wconf 90' lang='lat' dir='ltr'>domi</span> <span class='ocrx_word' id='word_1_221' title='bbox 576 1972 913 2042; x_wconf 75' lang='lat' dir='ltr'>militia)un</span> <span class='ocrx_word' id='word_1_222' title='bbox 939 1968 1414 2040; x_wconf 86' lang='lat' dir='ltr'>insugillabiliter</span> <span class='ocrx_word' id='word_1_223' title='bbox 1439 1968 1769 2039; x_wconf 78' lang='lat' dir='ltr'>agentibus,</span> <span class='ocrx_word' id='word_1_224' title='bbox 1806 1980 1953 2036; x_wconf 91' lang='lat' dir='ltr'>quos</span> <span class='ocrx_word' id='word_1_225' title='bbox 1989 1962 2042 2016; x_wconf 90' lang='lat' dir='ltr'>in</span> 
     </span>
    </p>
   </div>
   <div class='ocr_carea' id='block_1_35' title="bbox 395 2053 2042 2131">
    <p class='ocr_par' dir='ltr' id='par_1_35' title="bbox 395 2053 2042 2131">
     <span class='ocr_line' id='line_1_35' title="bbox 395 2053 2042 2131; baseline -0.007 -14"><span class='ocrx_word' id='word_1_226' title='bbox 395 2062 550 2117; x_wconf 86' lang='lat' dir='ltr'>beati</span> <span class='ocrx_word' id='word_1_227' title='bbox 585 2062 851 2119; x_wconf 89' lang='lat' dir='ltr'>Eucharii</span> <span class='ocrx_word' id='word_1_228' title='bbox 889 2060 1142 2131; x_wconf 86' lang='lat' dir='ltr'>spiritali</span> <span class='ocrx_word' id='word_1_229' title='bbox 1171 2058 1472 2130; x_wconf 76' lang='lat' dir='ltr'>gymnasio</span> <span class='ocrx_word' id='word_1_230' title='bbox 1508 2059 1778 2124; x_wconf 84' lang='lat' dir='ltr'>dogmate</span> <span class='ocrx_word' id='word_1_231' title='bbox 1832 2053 2042 2109; x_wconf 84' lang='lat' dir='ltr'>fovetis</span> 
     </span>
    </p>
   </div>
   <div class='ocr_carea' id='block_1_36' title="bbox 386 2143 2039 2223">
    <p class='ocr_par' dir='ltr' id='par_1_36' title="bbox 386 2143 2039 2223">
     <span class='ocr_line' id='line_1_36' title="bbox 386 2143 2039 2223; baseline -0.008 -13"><span class='ocrx_word' id='word_1_232' title='bbox 386 2169 572 2221; x_wconf 85' lang='lat' dir='ltr'>sacro,</span> <span class='ocrx_word' id='word_1_233' title='bbox 602 2151 889 2223; x_wconf 79' lang='lat' dir='ltr'>inexperti</span> <span class='ocrx_word' id='word_1_234' title='bbox 914 2149 1220 2205; x_wconf 88' lang='lat' dir='ltr'>adventitii</span> <span class='ocrx_word' id='word_1_235' title='bbox 1244 2147 1564 2203; x_wconf 86' lang='lat' dir='ltr'>imbecilles</span> <span class='ocrx_word' id='word_1_236' title='bbox 1587 2148 1860 2201; x_wconf 87' lang='lat' dir='ltr'>humeros</span> <span class='ocrx_word' id='word_1_237' title='bbox 1897 2143 2039 2199; x_wconf 91' lang='lat' dir='ltr'>tanti</span> 
     </span>
    </p>
   </div>
   <div class='ocr_carea' id='block_1_37' title="bbox 388 2234 2038 2298">
    <p class='ocr_par' dir='ltr' id='par_1_37' title="bbox 388 2234 2038 2298">
     <span class='ocr_line' id='line_1_37' title="bbox 388 2234 2038 2298; baseline -0.007 -1"><span class='ocrx_word' id='word_1_238' title='bbox 388 2242 537 2298; x_wconf 77' lang='lat' dir='ltr'>mole</span> <span class='ocrx_word' id='word_1_239' title='bbox 579 2240 961 2296; x_wconf 89' lang='lat' dir='ltr'>maudamiuis</span> <span class='ocrx_word' id='word_1_240' title='bbox 1007 2240 1267 2295; x_wconf 86' lang='lat' dir='ltr'>caricare</span> <span class='ocrx_word' id='word_1_241' title='bbox 1316 2237 1553 2292; x_wconf 91' lang='lat' dir='ltr'>malitis.</span> <span class='ocrx_word' id='word_1_242' title='bbox 1602 2238 1827 2290; x_wconf 84' lang='lat' dir='ltr'>Testem</span> <span class='ocrx_word' id='word_1_243' title='bbox 1888 2234 2038 2289; x_wconf 88' lang='lat' dir='ltr'>enim</span> 
     </span>
    </p>
   </div>
   <div class='ocr_carea' id='block_1_38' title="bbox 382 2323 2038 2396">
    <p class='ocr_par' dir='ltr' id='par_1_38' title="bbox 382 2323 2038 2396">
     <span class='ocr_line' id='line_1_38' title="bbox 382 2323 2038 2396; baseline -0.005 -9"><span class='ocrx_word' id='word_1_244' title='bbox 382 2331 724 2387; x_wconf 84' lang='lat' dir='ltr'>omniscium</span> <span class='ocrx_word' id='word_1_245' title='bbox 759 2330 1008 2384; x_wconf 88' lang='lat' dir='ltr'>adhiheo</span> <span class='ocrx_word' id='word_1_246' title='bbox 1041 2330 1216 2383; x_wconf 89' lang='lat' dir='ltr'>Deum</span> <span class='ocrx_word' id='word_1_247' title='bbox 1275 2360 1344 2367; x_wconf 95' lang='lat'><strong>—</strong></span> <span class='ocrx_word' id='word_1_248' title='bbox 1402 2342 1511 2381; x_wconf 89' lang='lat' dir='ltr'>non</span> <span class='ocrx_word' id='word_1_249' title='bbox 1548 2326 1700 2396; x_wconf 89' lang='lat' dir='ltr'>quod</span> <span class='ocrx_word' id='word_1_250' title='bbox 1755 2323 2038 2395; x_wconf 88' lang='lat' dir='ltr'>ejusmodi</span> 
     </span>
    </p>
   </div>
   <div class='ocr_carea' id='block_1_39' title="bbox 384 2416 2038 2489">
    <p class='ocr_par' dir='ltr' id='par_1_39' title="bbox 384 2416 2038 2489">
     <span class='ocr_line' id='line_1_39' title="bbox 384 2416 2038 2489; baseline -0.006 -12"><span class='ocrx_word' id='word_1_251' title='bbox 384 2422 595 2477; x_wconf 90' lang='lat' dir='ltr'>mentis</span> <span class='ocrx_word' id='word_1_252' title='bbox 620 2420 747 2487; x_wconf 92' lang='lat' dir='ltr'>sim,</span> <span class='ocrx_word' id='word_1_253' title='bbox 772 2418 919 2489; x_wconf 87' lang='lat' dir='ltr'>quod</span> <span class='ocrx_word' id='word_1_254' title='bbox 951 2422 1161 2473; x_wconf 66' lang='lat' dir='ltr'>vestra}</span> <span class='ocrx_word' id='word_1_255' title='bbox 1185 2416 1573 2488; x_wconf 90' lang='lat' dir='ltr'>preceptioni,</span> <span class='ocrx_word' id='word_1_256' title='bbox 1609 2416 1760 2485; x_wconf 89' lang='lat' dir='ltr'>quod</span> <span class='ocrx_word' id='word_1_257' title='bbox 1798 2416 1881 2471; x_wconf 84' lang='lat' dir='ltr'>fas</span> <span class='ocrx_word' id='word_1_258' title='bbox 1932 2429 2038 2468; x_wconf 89' lang='lat' dir='ltr'>non</span> 
     </span>
    </p>
   </div>
   <div class='ocr_carea' id='block_1_40' title="bbox 386 2504 2043 2579">
    <p class='ocr_par' dir='ltr' id='par_1_40' title="bbox 386 2504 2043 2579">
     <span class='ocr_line' id='line_1_40' title="bbox 386 2504 2043 2579; baseline -0.005 -11"><span class='ocrx_word' id='word_1_259' title='bbox 386 2517 494 2579; x_wconf 91' lang='lat' dir='ltr'>est,</span> <span class='ocrx_word' id='word_1_260' title='bbox 531 2512 618 2567; x_wconf 87' lang='lat' dir='ltr'>vel</span> <span class='ocrx_word' id='word_1_261' title='bbox 670 2509 1038 2566; x_wconf 82' lang='lat' dir='ltr'>lnuscitando</span> <span class='ocrx_word' id='word_1_262' title='bbox 1089 2507 1465 2563; x_wconf 88' lang='lat' dir='ltr'>recalcitrare</span> <span class='ocrx_word' id='word_1_263' title='bbox 1511 2505 1681 2561; x_wconf 84' lang='lat' dir='ltr'>velim</span> <span class='ocrx_word' id='word_1_264' title='bbox 1713 2537 1799 2573; x_wconf 88' lang='lat'>—,</span> <span class='ocrx_word' id='word_1_265' title='bbox 1848 2504 2043 2576; x_wconf 86' lang='lat' dir='ltr'>plures</span> 
     </span>
    </p>
   </div>
   <div class='ocr_carea' id='block_1_41' title="bbox 385 2595 2041 2668">
    <p class='ocr_par' dir='ltr' id='par_1_41' title="bbox 385 2595 2041 2668">
     <span class='ocr_line' id='line_1_41' title="bbox 385 2595 2041 2668; baseline -0.005 -11"><span class='ocrx_word' id='word_1_266' title='bbox 385 2602 598 2657; x_wconf 86' lang='lat' dir='ltr'>vestris</span> <span class='ocrx_word' id='word_1_267' title='bbox 631 2600 684 2655; x_wconf 90' lang='lat' dir='ltr'>in</span> <span class='ocrx_word' id='word_1_268' title='bbox 716 2600 1016 2655; x_wconf 85' lang='lat' dir='ltr'>laboribus</span> <span class='ocrx_word' id='word_1_269' title='bbox 1058 2597 1437 2668; x_wconf 90' lang='lat' dir='ltr'>promotioris</span> <span class='ocrx_word' id='word_1_270' title='bbox 1489 2595 1697 2663; x_wconf 84' lang='lat' dir='ltr'>ingenii</span> <span class='ocrx_word' id='word_1_271' title='bbox 1761 2599 2041 2666; x_wconf 90' lang='lat' dir='ltr'>expertus</span> 
     </span>
    </p>
   </div>
   <div class='ocr_carea' id='block_1_42' title="bbox 388 2685 2044 2761">
    <p class='ocr_par' dir='ltr' id='par_1_42' title="bbox 388 2685 2044 2761">
     <span class='ocr_line' id='line_1_42' title="bbox 388 2685 2044 2761; baseline -0.007 -13"><span class='ocrx_word' id='word_1_272' title='bbox 388 2708 514 2749; x_wconf 91' lang='lat' dir='ltr'>sum</span> <span class='ocrx_word' id='word_1_273' title='bbox 552 2692 785 2761; x_wconf 84' lang='lat' dir='ltr'>fratres,</span> <span class='ocrx_word' id='word_1_274' title='bbox 821 2690 1034 2761; x_wconf 88' lang='lat' dir='ltr'>quibus</span> <span class='ocrx_word' id='word_1_275' title='bbox 1063 2689 1110 2743; x_wconf 92' lang='lat' dir='ltr'>si</span> <span class='ocrx_word' id='word_1_276' title='bbox 1137 2688 1188 2742; x_wconf 92' lang='lat' dir='ltr'>id</span> <span class='ocrx_word' id='word_1_277' title='bbox 1214 2688 1399 2757; x_wconf 91' lang='lat' dir='ltr'>ipsum</span> <span class='ocrx_word' id='word_1_278' title='bbox 1425 2701 1572 2741; x_wconf 90' lang='lat' dir='ltr'>onus</span> <span class='ocrx_word' id='word_1_279' title='bbox 1598 2686 1743 2741; x_wconf 88' lang='lat' dir='ltr'>duce</span> <span class='ocrx_word' id='word_1_280' title='bbox 1775 2685 2044 2740; x_wconf 89' lang='lat' dir='ltr'>obedien-</span> 
     </span>
    </p>
   </div>
   <div class='ocr_carea' id='block_1_43' title="bbox 392 2776 2045 2850">
    <p class='ocr_par' dir='ltr' id='par_1_43' title="bbox 392 2776 2045 2850">
     <span class='ocr_line' id='line_1_43' title="bbox 392 2776 2045 2850; baseline -0.005 -13"><span class='ocrx_word' id='word_1_281' title='bbox 392 2782 485 2838; x_wconf 67' lang='lat' dir='ltr'>tire</span> <span class='ocrx_word' id='word_1_282' title='bbox 508 2782 730 2837; x_wconf 85' lang='lat' dir='ltr'>ratione</span> <span class='ocrx_word' id='word_1_283' title='bbox 749 2781 1170 2850; x_wconf 87' lang='lat' dir='ltr'>imponeretur,</span> <span class='ocrx_word' id='word_1_284' title='bbox 1188 2777 1541 2848; x_wconf 69' lang='lat' dir='ltr'>impertzesis</span> <span class='ocrx_word' id='word_1_285' title='bbox 1556 2779 1615 2831; x_wconf 92' lang='lat' dir='ltr'>ut</span> <span class='ocrx_word' id='word_1_286' title='bbox 1636 2791 1831 2831; x_wconf 89' lang='lat' dir='ltr'>verum</span> <span class='ocrx_word' id='word_1_287' title='bbox 1862 2776 2045 2829; x_wconf 88' lang='lat' dir='ltr'>fatear</span> 
     </span>
    </p>
   </div>
   <div class='ocr_carea' id='block_1_44' title="bbox 390 2864 2042 2940">
    <p class='ocr_par' dir='ltr' id='par_1_44' title="bbox 390 2864 2042 2940">
     <span class='ocr_line' id='line_1_44' title="bbox 390 2864 2042 2940; baseline -0.005 -14"><span class='ocrx_word' id='word_1_288' title='bbox 390 2872 648 2928; x_wconf 87' lang='lat' dir='ltr'>humeris</span> <span class='ocrx_word' id='word_1_289' title='bbox 681 2876 940 2940; x_wconf 89' lang='lat' dir='ltr'>portare,</span> <span class='ocrx_word' id='word_1_290' title='bbox 996 2884 1061 2923; x_wconf 88' lang='lat' dir='ltr'>ac</span> <span class='ocrx_word' id='word_1_291' title='bbox 1109 2868 1324 2923; x_wconf 84' lang='lat' dir='ltr'>vestris</span> <span class='ocrx_word' id='word_1_292' title='bbox 1372 2882 1476 2937; x_wconf 90' lang='lat' dir='ltr'>per</span> <span class='ocrx_word' id='word_1_293' title='bbox 1525 2866 1712 2921; x_wconf 85' lang='lat' dir='ltr'>omnia</span> <span class='ocrx_word' id='word_1_294' title='bbox 1772 2865 1925 2920; x_wconf 89' lang='lat' dir='ltr'>votis</span> <span class='ocrx_word' id='word_1_295' title='bbox 1973 2864 2042 2918; x_wconf 92' lang='lat' dir='ltr'>ad</span> 
     </span>
    </p>
   </div>
   <div class='ocr_carea' id='block_1_45' title="bbox 390 2954 2044 3033">
    <p class='ocr_par' dir='ltr' id='par_1_45' title="bbox 390 2954 2044 3033">
     <span class='ocr_line' id='line_1_45' title="bbox 390 2954 2044 3033; baseline -0.002 -20"><span class='ocrx_word' id='word_1_296' title='bbox 390 2960 625 3033; x_wconf 91' lang='lat' dir='ltr'>plenum</span> <span class='ocrx_word' id='word_1_297' title='bbox 659 2958 1000 3014; x_wconf 81' lang='lat' dir='ltr'>satisfacere</span> <span class='ocrx_word' id='word_1_298' title='bbox 1036 2956 1380 3026; x_wconf 75' lang='lat' dir='ltr'>quivissmt.</span> <span class='ocrx_word' id='word_1_299' title='bbox 1419 2956 1528 3010; x_wconf 73' lang='lat' dir='ltr'>Sed</span> <span class='ocrx_word' id='word_1_300' title='bbox 1580 2954 1719 3024; x_wconf 91' lang='lat' dir='ltr'>quid</span> <span class='ocrx_word' id='word_1_301' title='bbox 1778 2954 2044 3025; x_wconf 89' lang='lat' dir='ltr'>pluribus</span> 
     </span>
    </p>
   </div>
   <div class='ocr_carea' id='block_1_46' title="bbox 391 3042 2040 3120">
    <p class='ocr_par' dir='ltr' id='par_1_46' title="bbox 391 3042 2040 3120">
     <span class='ocr_line' id='line_1_46' title="bbox 391 3042 2040 3120; baseline -0.005 -16"><span class='ocrx_word' id='word_1_302' title='bbox 391 3064 539 3120; x_wconf 91' lang='lat' dir='ltr'>opus</span> <span class='ocrx_word' id='word_1_303' title='bbox 563 3051 651 3102; x_wconf 89' lang='lat' dir='ltr'>est</span> <span class='ocrx_word' id='word_1_304' title='bbox 676 3048 698 3101; x_wconf 89' lang='lat'><strong>?</strong></span> <span class='ocrx_word' id='word_1_305' title='bbox 723 3046 1085 3101; x_wconf 86' lang='lat' dir='ltr'>Destinatum</span> <span class='ocrx_word' id='word_1_306' title='bbox 1109 3048 1201 3099; x_wconf 88' lang='lat' dir='ltr'>est</span> <span class='ocrx_word' id='word_1_307' title='bbox 1227 3043 1457 3113; x_wconf 84' lang='lat' dir='ltr'>quidem</span> <span class='ocrx_word' id='word_1_308' title='bbox 1475 3044 1772 3098; x_wconf 88' lang='lat' dir='ltr'>monachis</span> <span class='ocrx_word' id='word_1_309' title='bbox 1798 3042 2040 3113; x_wconf 89' lang='lat' dir='ltr'>quadam</span> 
     </span>
    </p>
   </div>
   <div class='ocr_carea' id='block_1_47' title="bbox 392 3132 2040 3210">
    <p class='ocr_par' dir='ltr' id='par_1_47' title="bbox 392 3132 2040 3210">
     <span class='ocr_line' id='line_1_47' title="bbox 392 3132 2040 3210; baseline -0.006 -16"><span class='ocrx_word' id='word_1_310' title='bbox 392 3137 760 3210; x_wconf 86' lang='lat' dir='ltr'>specialitate</span> <span class='ocrx_word' id='word_1_311' title='bbox 797 3152 912 3207; x_wconf 83' lang='lat' dir='ltr'>pr:c</span> <span class='ocrx_word' id='word_1_312' title='bbox 943 3134 1180 3203; x_wconf 86' lang='lat' dir='ltr'>ceteris,</span> <span class='ocrx_word' id='word_1_313' title='bbox 1219 3138 1507 3204; x_wconf 89' lang='lat' dir='ltr'>quatenus</span> <span class='ocrx_word' id='word_1_314' title='bbox 1530 3147 1745 3188; x_wconf 90' lang='lat' dir='ltr'>moram</span> <span class='ocrx_word' id='word_1_315' title='bbox 1782 3132 2040 3187; x_wconf 89' lang='lat' dir='ltr'>nesciant</span> 
     </span>
    </p>
   </div>
   <div class='ocr_carea' id='block_1_48' title="bbox 392 3222 2124 3303">
    <p class='ocr_par' dir='ltr' id='par_1_48' title="bbox 392 3222 2124 3303">
     <span class='ocr_line' id='line_1_48' title="bbox 392 3222 2124 3303; baseline -0.006 -19"><span class='ocrx_word' id='word_1_316' title='bbox 392 3228 448 3284; x_wconf 92' lang='lat' dir='ltr'>in</span> <span class='ocrx_word' id='word_1_317' title='bbox 479 3226 786 3298; x_wconf 87' lang='lat' dir='ltr'>explendis</span> <span class='ocrx_word' id='word_1_318' title='bbox 818 3224 1081 3297; x_wconf 87' lang='lat' dir='ltr'>priorum</span> <span class='ocrx_word' id='word_1_319' title='bbox 1114 3238 1352 3280; x_wconf 88' lang='lat' dir='ltr'>suorum</span> <span class='ocrx_word' id='word_1_320' title='bbox 1380 3222 1692 3295; x_wconf 64' lang='lat' dir='ltr'>praeceptis</span> <span class='ocrx_word' id='word_1_321' title='bbox 1719 3266 1732 3287; x_wconf 90' lang='lat'>,</span> <span class='ocrx_word' id='word_1_322' title='bbox 1756 3226 1813 3275; x_wconf 85' lang='lat' dir='ltr'>et</span> <span class='ocrx_word' id='word_1_323' title='bbox 1848 3237 2043 3292; x_wconf 85' lang='lat' dir='ltr'>quam-</span> <span class='ocrx_word' id='word_1_324' title='bbox 2076 3241 2124 3303; x_wconf 68' lang='grc' dir='ltr'><strong>Ο</strong></span> 
     </span>
    </p>
   </div>
   <div class='ocr_carea' id='block_1_49' title="bbox 392 3311 2043 3388">
    <p class='ocr_par' dir='ltr' id='par_1_49' title="bbox 392 3311 2043 3388">
     <span class='ocr_line' id='line_1_49' title="bbox 392 3311 2043 3388; baseline -0.005 -15"><span class='ocrx_word' id='word_1_325' title='bbox 392 3331 558 3388; x_wconf 88' lang='lat' dir='ltr'>quam</span> <span class='ocrx_word' id='word_1_326' title='bbox 586 3315 703 3371; x_wconf 90' lang='lat' dir='ltr'>illis</span> <span class='ocrx_word' id='word_1_327' title='bbox 722 3315 1097 3383; x_wconf 88' lang='lat' dir='ltr'>injungantur</span> <span class='ocrx_word' id='word_1_328' title='bbox 1121 3311 1523 3383; x_wconf 87' lang='lat' dir='ltr'>impossibilia,</span> <span class='ocrx_word' id='word_1_329' title='bbox 1548 3312 1617 3367; x_wconf 93' lang='lat' dir='ltr'>de</span> <span class='ocrx_word' id='word_1_330' title='bbox 1642 3311 1863 3366; x_wconf 91' lang='lat' dir='ltr'>Domini</span> <span class='ocrx_word' id='word_1_331' title='bbox 1899 3326 2043 3366; x_wconf 91' lang='lat' dir='ltr'>scm-</span> 
     </span>
    </p>
   </div>
   <div class='ocr_carea' id='block_1_50' title="bbox 394 3400 2041 3479">
    <p class='ocr_par' dir='ltr' id='par_1_50' title="bbox 394 3400 2041 3479">
     <span class='ocr_line' id='line_1_50' title="bbox 394 3400 2041 3479; baseline -0.005 -17"><span class='ocrx_word' id='word_1_332' title='bbox 394 3422 497 3479; x_wconf 90' lang='lat' dir='ltr'>per</span> <span class='ocrx_word' id='word_1_333' title='bbox 530 3404 907 3460; x_wconf 82' lang='lat' dir='ltr'>miseratione</span> <span class='ocrx_word' id='word_1_334' title='bbox 937 3402 1323 3471; x_wconf 88' lang='lat' dir='ltr'>confidentes,</span> <span class='ocrx_word' id='word_1_335' title='bbox 1350 3401 1536 3457; x_wconf 89' lang='lat' dir='ltr'>sciant</span> <span class='ocrx_word' id='word_1_336' title='bbox 1563 3400 1674 3455; x_wconf 89' lang='lat' dir='ltr'>sibi</span> <span class='ocrx_word' id='word_1_337' title='bbox 1696 3401 1883 3456; x_wconf 80' lang='lat' dir='ltr'>omnia</span> <span class='ocrx_word' id='word_1_338' title='bbox 1922 3401 2041 3454; x_wconf 88' lang='lat' dir='ltr'>fore</span> 
     </span>
    </p>
   </div>
   <div class='ocr_carea' id='block_1_51' title="bbox 390 3489 2045 3567">
    <p class='ocr_par' dir='ltr' id='par_1_51' title="bbox 390 3489 2045 3567">
     <span class='ocr_line' id='line_1_51' title="bbox 390 3489 2045 3567; baseline -0.003 -18"><span class='ocrx_word' id='word_1_339' title='bbox 390 3494 727 3567; x_wconf 85' lang='lat' dir='ltr'>explebilia.</span> <span class='ocrx_word' id='word_1_340' title='bbox 761 3493 1131 3564; x_wconf 83' lang='lat' dir='ltr'>Quapropter</span> <span class='ocrx_word' id='word_1_341' title='bbox 1162 3490 1436 3563; x_wconf 88' lang='lat' dir='ltr'>experiar</span> <span class='ocrx_word' id='word_1_342' title='bbox 1466 3491 1620 3546; x_wconf 90' lang='lat' dir='ltr'>votis</span> <span class='ocrx_word' id='word_1_343' title='bbox 1646 3508 1771 3560; x_wconf 51' lang='lat' dir='ltr'>qua-</span> <span class='ocrx_word' id='word_1_344' title='bbox 1801 3489 2045 3559; x_wconf 86' lang='lat' dir='ltr'>injungi-</span> 
     </span>
    </p>
   </div>
   <div class='ocr_carea' id='block_1_52' title="bbox 391 3579 2044 3651">
    <p class='ocr_par' dir='ltr' id='par_1_52' title="bbox 391 3579 2044 3651">
     <span class='ocr_line' id='line_1_52' title="bbox 391 3579 2044 3651; baseline -0.004 -12"><span class='ocrx_word' id='word_1_345' title='bbox 391 3584 489 3651; x_wconf 90' lang='lat' dir='ltr'>tis,</span> <span class='ocrx_word' id='word_1_346' title='bbox 525 3590 690 3640; x_wconf 90' lang='lat' dir='ltr'>certo</span> <span class='ocrx_word' id='word_1_347' title='bbox 725 3582 948 3639; x_wconf 88' lang='lat' dir='ltr'>certius</span> <span class='ocrx_word' id='word_1_348' title='bbox 973 3580 1240 3645; x_wconf 86' lang='lat' dir='ltr'>credens,</span> <span class='ocrx_word' id='word_1_349' title='bbox 1269 3581 1423 3649; x_wconf 91' lang='lat' dir='ltr'>quod</span> <span class='ocrx_word' id='word_1_350' title='bbox 1451 3581 1657 3635; x_wconf 88' lang='lat' dir='ltr'>beatus</span> <span class='ocrx_word' id='word_1_351' title='bbox 1691 3580 1892 3635; x_wconf 87' lang='lat' dir='ltr'>Celsus</span> <span class='ocrx_word' id='word_1_352' title='bbox 1922 3579 2044 3634; x_wconf 91' lang='lat' dir='ltr'>suis</span> 
     </span>
    </p>
   </div>
   <div class='ocr_carea' id='block_1_53' title="bbox 394 3669 2044 3744">
    <p class='ocr_par' dir='ltr' id='par_1_53' title="bbox 394 3669 2044 3744">
     <span class='ocr_line' id='line_1_53' title="bbox 394 3669 2044 3744; baseline -0.004 -17"><span class='ocrx_word' id='word_1_353' title='bbox 394 3673 527 3728; x_wconf 92' lang='lat' dir='ltr'>mihi</span> <span class='ocrx_word' id='word_1_354' title='bbox 560 3672 835 3744; x_wconf 84' lang='lat' dir='ltr'>precibus</span> <span class='ocrx_word' id='word_1_355' title='bbox 866 3671 1055 3742; x_wconf 87' lang='lat' dir='ltr'>possit</span> <span class='ocrx_word' id='word_1_356' title='bbox 1084 3669 1372 3737; x_wconf 91' lang='lat' dir='ltr'>obtinere,</span> <span class='ocrx_word' id='word_1_357' title='bbox 1407 3675 1696 3739; x_wconf 90' lang='lat' dir='ltr'>quatenus</span> <span class='ocrx_word' id='word_1_358' title='bbox 1728 3669 1835 3723; x_wconf 90' lang='lat' dir='ltr'>boc</span> <span class='ocrx_word' id='word_1_359' title='bbox 1886 3671 2044 3737; x_wconf 88' lang='lat' dir='ltr'>glau-</span> 
     </span>
    </p>
   </div>
   <div class='ocr_carea' id='block_1_54' title="bbox 395 3758 2043 3833">
    <p class='ocr_par' dir='ltr' id='par_1_54' title="bbox 395 3758 2043 3833">
     <span class='ocr_line' id='line_1_54' title="bbox 395 3758 2043 3833; baseline -0.004 -15"><span class='ocrx_word' id='word_1_360' title='bbox 395 3777 524 3819; x_wconf 90' lang='lat' dir='ltr'>cum</span> <span class='ocrx_word' id='word_1_361' title='bbox 561 3762 803 3833; x_wconf 81' lang='lat' dir='ltr'>pelagus</span> <span class='ocrx_word' id='word_1_362' title='bbox 826 3775 1052 3815; x_wconf 90' lang='lat' dir='ltr'>merear</span> <span class='ocrx_word' id='word_1_363' title='bbox 1072 3758 1251 3814; x_wconf 91' lang='lat' dir='ltr'>salvis</span> <span class='ocrx_word' id='word_1_364' title='bbox 1273 3758 1566 3813; x_wconf 89' lang='lat' dir='ltr'>mercibus</span> <span class='ocrx_word' id='word_1_365' title='bbox 1597 3763 1834 3813; x_wconf 81' lang='lat' dir='ltr'>enatare</span> <span class='ocrx_word' id='word_1_366' title='bbox 1870 3762 2043 3826; x_wconf 89' lang='lat' dir='ltr'>atque</span> 
     </span>
    </p>
   </div>
   <div class='ocr_carea' id='block_1_55' title="bbox 400 3846 1960 3922">
    <p class='ocr_par' dir='ltr' id='par_1_55' title="bbox 400 3846 1960 3922">
     <span class='ocr_line' id='line_1_55' title="bbox 400 3846 1960 3922; baseline -0.004 -16"><span class='ocrx_word' id='word_1_367' title='bbox 400 3852 467 3906; x_wconf 89' lang='lat' dir='ltr'>ad</span> <span class='ocrx_word' id='word_1_368' title='bbox 502 3849 818 3922; x_wconf 89' lang='lat' dir='ltr'>optabilem</span> <span class='ocrx_word' id='word_1_369' title='bbox 853 3853 1089 3919; x_wconf 91' lang='lat' dir='ltr'>portum</span> <span class='ocrx_word' id='word_1_370' title='bbox 1123 3847 1343 3901; x_wconf 62' lang='lat' dir='ltr'>illaesus</span> <span class='ocrx_word' id='word_1_371' title='bbox 1374 3846 1598 3902; x_wconf 87' lang='lat' dir='ltr'>valeam</span> <span class='ocrx_word' id='word_1_372' title='bbox 1635 3846 1960 3918; x_wconf 79' lang='lat' dir='ltr'>pervenire.</span> 
     </span>
    </p>
   </div>
   <div class='ocr_carea' id='block_1_56' title="bbox 474 3935 2045 4006">
    <p class='ocr_par' dir='ltr' id='par_1_56' title="bbox 474 3935 2045 4006">
     <span class='ocr_line' id='line_1_56' title="bbox 474 3935 2045 4006; baseline -0.004 -10"><span class='ocrx_word' id='word_1_373' title='bbox 474 3943 518 3996; x_wconf 84' lang='grc' dir='ltr'><strong>ι.</strong></span> <span class='ocrx_word' id='word_1_374' title='bbox 558 3942 695 3995; x_wconf 79' lang='lat' dir='ltr'>Cum</span> <span class='ocrx_word' id='word_1_375' title='bbox 730 3937 997 3993; x_wconf 86' lang='lat' dir='ltr'>omnibus</span> <span class='ocrx_word' id='word_1_376' title='bbox 1029 3936 1236 3991; x_wconf 63' lang='lat' dir='ltr'>divinae</span> <span class='ocrx_word' id='word_1_377' title='bbox 1269 3940 1443 4005; x_wconf 90' lang='lat' dir='ltr'>atquc</span> <span class='ocrx_word' id='word_1_378' title='bbox 1475 3935 1738 3992; x_wconf 70' lang='lat' dir='ltr'>humanm</span> <span class='ocrx_word' id='word_1_379' title='bbox 1792 3935 2045 4006; x_wconf 87' lang='lat' dir='ltr'>philoso-</span> 
     </span>
    </p>
   </div>
   <div class='ocr_carea' id='block_1_57' title="bbox 396 4024 2042 4101">
    <p class='ocr_par' dir='ltr' id='par_1_57' title="bbox 396 4024 2042 4101">
     <span class='ocr_line' id='line_1_57' title="bbox 396 4024 2042 4101; baseline -0.003 -18"><span class='ocrx_word' id='word_1_380' title='bbox 396 4029 543 4101; x_wconf 73' lang='lat' dir='ltr'>phia)</span> <span class='ocrx_word' id='word_1_381' title='bbox 577 4026 975 4083; x_wconf 81' lang='lat' dir='ltr'>sectatoribus</span> <span class='ocrx_word' id='word_1_382' title='bbox 1012 4025 1231 4095; x_wconf 92' lang='lat' dir='ltr'>liquido</span> <span class='ocrx_word' id='word_1_383' title='bbox 1260 4030 1513 4093; x_wconf 86' lang='lat' dir='ltr'>constet,</span> <span class='ocrx_word' id='word_1_384' title='bbox 1551 4025 1699 4095; x_wconf 85' lang='lat' dir='ltr'>quod</span> <span class='ocrx_word' id='word_1_385' title='bbox 1736 4024 2042 4079; x_wconf 87' lang='lat' dir='ltr'>Treverica</span> 
     </span>
    </p>
   </div>
   <div class='ocr_carea' id='block_1_58' title="bbox 393 4112 2041 4188">
    <p class='ocr_par' dir='ltr' id='par_1_58' title="bbox 393 4112 2041 4188">
     <span class='ocr_line' id='line_1_58' title="bbox 393 4112 2041 4188; baseline -0.003 -15"><span class='ocrx_word' id='word_1_386' title='bbox 393 4117 735 4188; x_wconf 86' lang='lat' dir='ltr'>metropolis</span> <span class='ocrx_word' id='word_1_387' title='bbox 785 4120 906 4171; x_wconf 89' lang='lat' dir='ltr'>tum</span> <span class='ocrx_word' id='word_1_388' title='bbox 961 4114 1263 4169; x_wconf 71' lang='lat' dir='ltr'>mundana)</span> <span class='ocrx_word' id='word_1_389' title='bbox 1315 4114 1619 4182; x_wconf 74' lang='lat' dir='ltr'>dignitatis</span> <span class='ocrx_word' id='word_1_390' title='bbox 1666 4112 2041 4183; x_wconf 84' lang='lat' dir='ltr'>antiquitate,</span> 
     </span>
    </p>
   </div>
   <div class='ocr_carea' id='block_1_59' title="bbox 393 4188 2044 4272">
    <p class='ocr_par' dir='ltr' id='par_1_59' title="bbox 393 4188 2044 4272">
     <span class='ocr_line' id='line_1_59' title="bbox 393 4188 2044 4272; baseline -0.002 -11"><span class='ocrx_word' id='word_1_391' title='bbox 393 4211 512 4261; x_wconf 88' lang='lat' dir='ltr'>tum</span> <span class='ocrx_word' id='word_1_392' title='bbox 540 4206 711 4261; x_wconf 89' lang='lat' dir='ltr'>etiam</span> <span class='ocrx_word' id='word_1_393' title='bbox 739 4188 1046 4260; x_wconf 57' lang='lat' dir='ltr'>cathblicae</span> <span class='ocrx_word' id='word_1_394' title='bbox 1077 4202 1206 4258; x_wconf 89' lang='lat' dir='ltr'>fidei</span> <span class='ocrx_word' id='word_1_395' title='bbox 1231 4203 1510 4257; x_wconf 80' lang='lat' dir='ltr'>eardinali</span> <span class='ocrx_word' id='word_1_396' title='bbox 1542 4203 1864 4271; x_wconf 78' lang='lat' dir='ltr'>majestate,</span> <span class='ocrx_word' id='word_1_397' title='bbox 1913 4202 2044 4272; x_wconf 85' lang='lat' dir='ltr'>jure</span> 
     </span>
    </p>
   </div>
   <div class='ocr_carea' id='block_1_60' title="bbox 394 4291 2046 4365">
    <p class='ocr_par' dir='ltr' id='par_1_60' title="bbox 394 4291 2046 4365">
     <span class='ocr_line' id='line_1_60' title="bbox 394 4291 2046 4365; baseline -0.002 -16"><span class='ocrx_word' id='word_1_398' title='bbox 394 4296 720 4365; x_wconf 90' lang='lat' dir='ltr'>meritoque</span> <span class='ocrx_word' id='word_1_399' title='bbox 756 4294 936 4349; x_wconf 84' lang='lat' dir='ltr'>totius</span> <span class='ocrx_word' id='word_1_400' title='bbox 970 4293 1168 4348; x_wconf 72' lang='lat' dir='ltr'>Gallize</span> <span class='ocrx_word' id='word_1_401' title='bbox 1201 4293 1611 4349; x_wconf 87' lang='lat' dir='ltr'>archistcrium</span> <span class='ocrx_word' id='word_1_402' title='bbox 1638 4293 1785 4362; x_wconf 73' lang='lat'><strong>(525)</strong></span> <span class='ocrx_word' id='word_1_403' title='bbox 1815 4292 1889 4348; x_wconf 93' lang='lat' dir='ltr'>sit</span> <span class='ocrx_word' id='word_1_404' title='bbox 1916 4291 2046 4346; x_wconf 89' lang='lat' dir='ltr'>hac-</span> 
     </span>
    </p>
   </div>
   <div class='ocr_carea' id='block_1_61' title="bbox 396 4379 2043 4453">
    <p class='ocr_par' dir='ltr' id='par_1_61' title="bbox 396 4379 2043 4453">
     <span class='ocr_line' id='line_1_61' title="bbox 396 4379 2043 4453; baseline -0.001 -16"><span class='ocrx_word' id='word_1_405' title='bbox 396 4390 568 4440; x_wconf 89' lang='lat' dir='ltr'>tenus</span> <span class='ocrx_word' id='word_1_406' title='bbox 585 4384 837 4439; x_wconf 89' lang='lat' dir='ltr'>vocitata</span> <span class='ocrx_word' id='word_1_407' title='bbox 862 4386 1036 4453; x_wconf 90' lang='lat' dir='ltr'>atquc</span> <span class='ocrx_word' id='word_1_408' title='bbox 1051 4381 1391 4453; x_wconf 70' lang='lat' dir='ltr'>apostolicze</span> <span class='ocrx_word' id='word_1_409' title='bbox 1407 4381 1779 4437; x_wconf 87' lang='lat' dir='ltr'>auctoritatis</span> <span class='ocrx_word' id='word_1_410' title='bbox 1798 4379 2043 4451; x_wconf 90' lang='lat' dir='ltr'>quadam</span> 
     </span>
    </p>
   </div>
   <div class='ocr_carea' id='block_1_62' title="bbox 398 4468 2048 4545">
    <p class='ocr_par' dir='ltr' id='par_1_62' title="bbox 398 4468 2048 4545">
     <span class='ocr_line' id='line_1_62' title="bbox 398 4468 2048 4545; baseline -0.003 -17"><span class='ocrx_word' id='word_1_411' title='bbox 398 4473 865 4545; x_wconf 88' lang='lat' dir='ltr'>particularitate</span> <span class='ocrx_word' id='word_1_412' title='bbox 890 4473 1107 4528; x_wconf 83' lang='lat' dir='ltr'>eet-eris</span> <span class='ocrx_word' id='word_1_413' title='bbox 1133 4471 1601 4541; x_wconf 81' lang='lat' dir='ltr'>undiquessecus</span> <span class='ocrx_word' id='word_1_414' title='bbox 1618 4470 1886 4527; x_wconf 83' lang='lat' dir='ltr'>ecclesiis</span> <span class='ocrx_word' id='word_1_415' title='bbox 1909 4468 2048 4524; x_wconf 92' lang='lat' dir='ltr'>emi-</span> 
     </span>
    </p>
   </div>
   <div class='ocr_carea' id='block_1_63' title="bbox 396 4559 2041 4626">
    <p class='ocr_par' dir='ltr' id='par_1_63' title="bbox 396 4559 2041 4626">
     <span class='ocr_line' id='line_1_63' title="bbox 396 4559 2041 4626; baseline -0.002 -9"><span class='ocrx_word' id='word_1_416' title='bbox 396 4562 630 4618; x_wconf 91' lang='lat' dir='ltr'>nentius</span> <span class='ocrx_word' id='word_1_417' title='bbox 653 4561 966 4617; x_wconf 87' lang='lat' dir='ltr'>sublimata</span> <span class='ocrx_word' id='word_1_418' title='bbox 992 4578 1005 4626; x_wconf 90' lang='lat'><strong>;</strong></span> <span class='ocrx_word' id='word_1_419' title='bbox 1027 4561 1099 4615; x_wconf 87' lang='lat' dir='ltr'>ob</span> <span class='ocrx_word' id='word_1_420' title='bbox 1117 4561 1218 4616; x_wconf 88' lang='lat' dir='ltr'>hoc</span> <span class='ocrx_word' id='word_1_421' title='bbox 1239 4560 1460 4617; x_wconf 84' lang='lat' dir='ltr'>scilicet</span> <span class='ocrx_word' id='word_1_422' title='bbox 1480 4559 1732 4615; x_wconf 74' lang='lat' dir='ltr'>lmtabile</span> <span class='ocrx_word' id='word_1_423' title='bbox 1748 4559 2041 4619; x_wconf 86' lang='lat' dir='ltr'>accidens.</span> 
     </span>
    </p>
   </div>
   <div class='ocr_carea' id='block_1_64' title="bbox 2159 1951 3805 2025">
    <p class='ocr_par' dir='ltr' id='par_1_64' title="bbox 2159 1951 3805 2025">
     <span class='ocr_line' id='line_1_64' title="bbox 2159 1951 3805 2025; baseline -0.001 -18"><span class='ocrx_word' id='word_1_424' title='bbox 2159 1954 2359 2009; x_wconf 88' lang='lat' dir='ltr'>habitu</span> <span class='ocrx_word' id='word_1_425' title='bbox 2376 1953 2635 2025; x_wconf 89' lang='lat' dir='ltr'>episcopi</span> <span class='ocrx_word' id='word_1_426' title='bbox 2654 1953 2867 2010; x_wconf 89' lang='lat' dir='ltr'>humile</span> <span class='ocrx_word' id='word_1_427' title='bbox 2886 1952 3414 2024; x_wconf 88' lang='lat' dir='ltr'>pectusoccultavit</span> <span class='ocrx_word' id='word_1_428' title='bbox 3441 1951 3805 2007; x_wconf 86' lang='lat' dir='ltr'>devotissimi</span> 
     </span>
    </p>
   </div>
   <div class='ocr_carea' id='block_1_65' title="bbox 2156 2042 3805 2114">
    <p class='ocr_par' dir='ltr' id='par_1_65' title="bbox 2156 2042 3805 2114">
     <span class='ocr_line' id='line_1_65' title="bbox 2156 2042 3805 2114; baseline -0.001 -17"><span class='ocrx_word' id='word_1_429' title='bbox 2156 2045 2442 2114; x_wconf 88' lang='lat' dir='ltr'>monachi,</span> <span class='ocrx_word' id='word_1_430' title='bbox 2508 2045 2707 2112; x_wconf 83' lang='lat' dir='ltr'>sicque</span> <span class='ocrx_word' id='word_1_431' title='bbox 2764 2060 2893 2099; x_wconf 89' lang='lat' dir='ltr'>cum</span> <span class='ocrx_word' id='word_1_432' title='bbox 2953 2043 3171 2098; x_wconf 88' lang='lat' dir='ltr'>Martha</span> <span class='ocrx_word' id='word_1_433' title='bbox 3230 2044 3381 2098; x_wconf 86' lang='lat' dir='ltr'>foras</span> <span class='ocrx_word' id='word_1_434' title='bbox 3439 2042 3692 2111; x_wconf 86' lang='lat' dir='ltr'>profudit</span> <span class='ocrx_word' id='word_1_435' title='bbox 3738 2044 3805 2097; x_wconf 90' lang='lat' dir='ltr'>ad</span> 
     </span>
    </p>
   </div>
   <div class='ocr_carea' id='block_1_66' title="bbox 2154 2131 3806 2203">
    <p class='ocr_par' dir='ltr' id='par_1_66' title="bbox 2154 2131 3806 2203">
     <span class='ocr_line' id='line_1_66' title="bbox 2154 2131 3806 2203; baseline 0 -18"><span class='ocrx_word' id='word_1_436' title='bbox 2154 2132 2504 2203; x_wconf 89' lang='lat' dir='ltr'>explendum</span> <span class='ocrx_word' id='word_1_437' title='bbox 2541 2136 2814 2203; x_wconf 86' lang='lat' dir='ltr'>frequens</span> <span class='ocrx_word' id='word_1_438' title='bbox 2847 2132 3229 2187; x_wconf 89' lang='lat' dir='ltr'>ministerium</span> <span class='ocrx_word' id='word_1_439' title='bbox 3265 2131 3502 2199; x_wconf 78' lang='lat' dir='ltr'>Domini,</span> <span class='ocrx_word' id='word_1_440' title='bbox 3530 2136 3590 2186; x_wconf 91' lang='lat' dir='ltr'>ut</span> <span class='ocrx_word' id='word_1_441' title='bbox 3614 2135 3806 2185; x_wconf 84' lang='lat' dir='ltr'>tamen</span> 
     </span>
    </p>
   </div>
   <div class='ocr_carea' id='block_1_67' title="bbox 2151 2220 3805 2278">
    <p class='ocr_par' dir='ltr' id='par_1_67' title="bbox 2151 2220 3805 2278">
     <span class='ocr_line' id='line_1_67' title="bbox 2151 2220 3805 2278; baseline 0.001 -1"><span class='ocrx_word' id='word_1_442' title='bbox 2151 2238 2278 2277; x_wconf 88' lang='lat' dir='ltr'>cum</span> <span class='ocrx_word' id='word_1_443' title='bbox 2316 2223 2487 2278; x_wconf 83' lang='lat' dir='ltr'>Maria</span> <span class='ocrx_word' id='word_1_444' title='bbox 2536 2227 2720 2277; x_wconf 90' lang='lat' dir='ltr'>totum</span> <span class='ocrx_word' id='word_1_445' title='bbox 2768 2238 2827 2277; x_wconf 88' lang='lat' dir='ltr'>se.</span> <span class='ocrx_word' id='word_1_446' title='bbox 2873 2223 3166 2277; x_wconf 87' lang='lat' dir='ltr'>conferret</span> <span class='ocrx_word' id='word_1_447' title='bbox 3220 2221 3287 2275; x_wconf 88' lang='lat' dir='ltr'>ad</span> <span class='ocrx_word' id='word_1_448' title='bbox 3339 2220 3591 2275; x_wconf 90' lang='lat' dir='ltr'>studium</span> <span class='ocrx_word' id='word_1_449' title='bbox 3642 2222 3805 2278; x_wconf 86' lang='lat' dir='ltr'>verbi</span> 
     </span>
    </p>
   </div>
   <div class='ocr_carea' id='block_1_68' title="bbox 2153 2309 3809 2381">
    <p class='ocr_par' dir='ltr' id='par_1_68' title="bbox 2153 2309 3809 2381">
     <span class='ocr_line' id='line_1_68' title="bbox 2153 2309 3809 2381; baseline -0.002 -17"><span class='ocrx_word' id='word_1_450' title='bbox 2153 2310 2354 2381; x_wconf 90' lang='lat' dir='ltr'>divini,</span> <span class='ocrx_word' id='word_1_451' title='bbox 2387 2313 2605 2367; x_wconf 86' lang='lat' dir='ltr'>faciens</span> <span class='ocrx_word' id='word_1_452' title='bbox 2631 2328 2691 2366; x_wconf 90' lang='lat' dir='ltr'>se</span> <span class='ocrx_word' id='word_1_453' title='bbox 2717 2311 3008 2367; x_wconf 86' lang='lat' dir='ltr'>divinitati</span> <span class='ocrx_word' id='word_1_454' title='bbox 3036 2317 3257 2380; x_wconf 88' lang='lat' dir='ltr'>gratam</span> <span class='ocrx_word' id='word_1_455' title='bbox 3285 2309 3548 2375; x_wconf 88' lang='lat' dir='ltr'>hostiam,</span> <span class='ocrx_word' id='word_1_456' title='bbox 3586 2309 3639 2363; x_wconf 91' lang='lat' dir='ltr'>in</span> <span class='ocrx_word' id='word_1_457' title='bbox 3679 2325 3809 2379; x_wconf 86' lang='lat' dir='ltr'>pra-</span> 
     </span>
    </p>
   </div>
   <div class='ocr_carea' id='block_1_69' title="bbox 2153 2399 3809 2469">
    <p class='ocr_par' dir='ltr' id='par_1_69' title="bbox 2153 2399 3809 2469">
     <span class='ocr_line' id='line_1_69' title="bbox 2153 2399 3809 2469; baseline -0.003 -12"><span class='ocrx_word' id='word_1_458' title='bbox 2153 2402 2305 2457; x_wconf 87' lang='lat' dir='ltr'>ctica</span> <span class='ocrx_word' id='word_1_459' title='bbox 2334 2401 2609 2456; x_wconf 88' lang='lat' dir='ltr'>videlicet</span> <span class='ocrx_word' id='word_1_460' title='bbox 2642 2401 2986 2469; x_wconf 76' lang='lat' dir='ltr'>columbam,</span> <span class='ocrx_word' id='word_1_461' title='bbox 3022 2400 3075 2454; x_wconf 92' lang='lat' dir='ltr'>in</span> <span class='ocrx_word' id='word_1_462' title='bbox 3114 2399 3400 2454; x_wconf 89' lang='lat' dir='ltr'>rhetorica</span> <span class='ocrx_word' id='word_1_463' title='bbox 3452 2405 3639 2453; x_wconf 91' lang='lat' dir='ltr'>autem</span> <span class='ocrx_word' id='word_1_464' title='bbox 3690 2402 3809 2453; x_wconf 90' lang='lat' dir='ltr'>tur-</span> 
     </span>
    </p>
   </div>
   <div class='ocr_carea' id='block_1_70' title="bbox 2154 2487 3807 2559">
    <p class='ocr_par' dir='ltr' id='par_1_70' title="bbox 2154 2487 3807 2559">
     <span class='ocr_line' id='line_1_70' title="bbox 2154 2487 3807 2559; baseline -0.002 -14"><span class='ocrx_word' id='word_1_465' title='bbox 2154 2496 2365 2545; x_wconf 89' lang='lat' dir='ltr'>turem.</span> <span class='ocrx_word' id='word_1_466' title='bbox 2389 2493 2467 2546; x_wconf 86' lang='lat' dir='ltr'>De</span> <span class='ocrx_word' id='word_1_467' title='bbox 2495 2490 2846 2545; x_wconf 80' lang='lat' dir='ltr'>liberalitate</span> <span class='ocrx_word' id='word_1_468' title='bbox 2863 2488 3159 2559; x_wconf 86' lang='lat' dir='ltr'>veroejus,</span> <span class='ocrx_word' id='word_1_469' title='bbox 3187 2504 3294 2558; x_wconf 89' lang='lat' dir='ltr'>qua</span> <span class='ocrx_word' id='word_1_470' title='bbox 3331 2488 3494 2543; x_wconf 90' lang='lat' dir='ltr'>unice</span> <span class='ocrx_word' id='word_1_471' title='bbox 3518 2487 3807 2558; x_wconf 84' lang='lat' dir='ltr'>opimatus</span> 
     </span>
    </p>
   </div>
   <div class='ocr_carea' id='block_1_71' title="bbox 2154 2577 3802 2650">
    <p class='ocr_par' dir='ltr' id='par_1_71' title="bbox 2154 2577 3802 2650">
     <span class='ocr_line' id='line_1_71' title="bbox 2154 2577 3802 2650; baseline -0.004 -14"><span class='ocrx_word' id='word_1_472' title='bbox 2154 2581 2374 2643; x_wconf 75' lang='lat' dir='ltr'>extitit,</span> <span class='ocrx_word' id='word_1_473' title='bbox 2406 2581 2542 2650; x_wconf 90' lang='lat' dir='ltr'>quid</span> <span class='ocrx_word' id='word_1_474' title='bbox 2566 2580 2914 2647; x_wconf 81' lang='lat' dir='ltr'>condignum</span> <span class='ocrx_word' id='word_1_475' title='bbox 2944 2579 3229 2648; x_wconf 87' lang='lat' dir='ltr'>eloquar?</span> <span class='ocrx_word' id='word_1_476' title='bbox 3252 2579 3468 2633; x_wconf 86' lang='lat' dir='ltr'>Novum</span> <span class='ocrx_word' id='word_1_477' title='bbox 3502 2578 3711 2647; x_wconf 91' lang='lat' dir='ltr'>quippe</span> <span class='ocrx_word' id='word_1_478' title='bbox 3749 2577 3802 2629; x_wconf 88' lang='lat' dir='ltr'>in</span> 
     </span>
    </p>
   </div>
   <div class='ocr_carea' id='block_1_72' title="bbox 2156 2667 3797 2739">
    <p class='ocr_par' dir='ltr' id='par_1_72' title="bbox 2156 2667 3797 2739">
     <span class='ocr_line' id='line_1_72' title="bbox 2156 2667 3797 2739; baseline -0.002 -15"><span class='ocrx_word' id='word_1_479' title='bbox 2156 2670 2255 2725; x_wconf 92' lang='lat' dir='ltr'>illo</span> <span class='ocrx_word' id='word_1_480' title='bbox 2282 2672 2597 2726; x_wconf 87' lang='lat' dir='ltr'>Johaunem</span> <span class='ocrx_word' id='word_1_481' title='bbox 2650 2686 2819 2739; x_wconf 76' lang='lat' dir='ltr'>quem</span> <span class='ocrx_word' id='word_1_482' title='bbox 2882 2669 3227 2724; x_wconf 74' lang='lat' dir='ltr'>Eleimonezn</span> <span class='ocrx_word' id='word_1_483' title='bbox 3288 2672 3490 2722; x_wconf 85' lang='lat' dir='ltr'>vocant</span> <span class='ocrx_word' id='word_1_484' title='bbox 3548 2667 3797 2733; x_wconf 85' lang='lat' dir='ltr'>videres,</span> 
     </span>
    </p>
   </div>
   <div class='ocr_carea' id='block_1_73' title="bbox 2157 2757 3793 2830">
    <p class='ocr_par' dir='ltr' id='par_1_73' title="bbox 2157 2757 3793 2830">
     <span class='ocr_line' id='line_1_73' title="bbox 2157 2757 3793 2830; baseline -0.002 -17"><span class='ocrx_word' id='word_1_485' title='bbox 2157 2760 2309 2830; x_wconf 87' lang='lat' dir='ltr'>quia,</span> <span class='ocrx_word' id='word_1_486' title='bbox 2360 2775 2501 2830; x_wconf 88' lang='lat' dir='ltr'>opes</span> <span class='ocrx_word' id='word_1_487' title='bbox 2550 2774 2699 2829; x_wconf 85' lang='lat' dir='ltr'>quas</span> <span class='ocrx_word' id='word_1_488' title='bbox 2752 2760 2803 2814; x_wconf 92' lang='lat' dir='ltr'>ci</span> <span class='ocrx_word' id='word_1_489' title='bbox 2852 2760 3003 2813; x_wconf 88' lang='lat' dir='ltr'>Deus</span> <span class='ocrx_word' id='word_1_490' title='bbox 3050 2757 3344 2829; x_wconf 86' lang='lat' dir='ltr'>profusius</span> <span class='ocrx_word' id='word_1_491' title='bbox 3395 2757 3637 2825; x_wconf 89' lang='lat' dir='ltr'>largitus</span> <span class='ocrx_word' id='word_1_492' title='bbox 3685 2762 3793 2823; x_wconf 84' lang='lat' dir='ltr'>est,</span> 
     </span>
    </p>
   </div>
   <div class='ocr_carea' id='block_1_74' title="bbox 2160 2845 3788 2920">
    <p class='ocr_par' dir='ltr' id='par_1_74' title="bbox 2160 2845 3788 2920">
     <span class='ocr_line' id='line_1_74' title="bbox 2160 2845 3788 2920; baseline -0.006 -16"><span class='ocrx_word' id='word_1_493' title='bbox 2160 2849 2328 2920; x_wconf 91' lang='lat' dir='ltr'>pleno</span> <span class='ocrx_word' id='word_1_494' title='bbox 2371 2854 2431 2904; x_wconf 89' lang='lat' dir='ltr'>ut</span> <span class='ocrx_word' id='word_1_495' title='bbox 2485 2850 2561 2903; x_wconf 89' lang='lat' dir='ltr'>ita</span> <span class='ocrx_word' id='word_1_496' title='bbox 2610 2848 2853 2903; x_wconf 73' lang='lat' dir='ltr'>dixerim</span> <span class='ocrx_word' id='word_1_497' title='bbox 2904 2862 3085 2902; x_wconf 87' lang='lat' dir='ltr'>cornu</span> <span class='ocrx_word' id='word_1_498' title='bbox 3130 2861 3230 2916; x_wconf 90' lang='lat' dir='ltr'>per</span> <span class='ocrx_word' id='word_1_499' title='bbox 3271 2860 3470 2901; x_wconf 89' lang='lat' dir='ltr'>manus</span> <span class='ocrx_word' id='word_1_500' title='bbox 3504 2845 3788 2915; x_wconf 85' lang='lat' dir='ltr'>egentium</span> 
     </span>
    </p>
   </div>
   <div class='ocr_carea' id='block_1_75' title="bbox 2157 2938 2834 2994">
    <p class='ocr_par' dir='ltr' id='par_1_75' title="bbox 2157 2938 2834 2994">
     <span class='ocr_line' id='line_1_75' title="bbox 2157 2938 2834 2994; baseline -0.004 -1"><span class='ocrx_word' id='word_1_501' title='bbox 2157 2938 2481 2993; x_wconf 83' lang='lat' dir='ltr'>transmisit</span> <span class='ocrx_word' id='word_1_502' title='bbox 2516 2938 2569 2993; x_wconf 92' lang='lat' dir='ltr'>in</span> <span class='ocrx_word' id='word_1_503' title='bbox 2603 2939 2834 2994; x_wconf 76' lang='lat' dir='ltr'>cmlum.</span> 
     </span>
    </p>
   </div>
   <div class='ocr_carea' id='block_1_76' title="bbox 2226 3020 3787 3095">
    <p class='ocr_par' dir='ltr' id='par_1_76' title="bbox 2226 3020 3787 3095">
     <span class='ocr_line' id='line_1_76' title="bbox 2226 3020 3787 3095; baseline -0.004 -13"><span class='ocrx_word' id='word_1_504' title='bbox 2226 3033 2274 3082; x_wconf 89' lang='lat'>3.</span> <span class='ocrx_word' id='word_1_505' title='bbox 2314 3028 2659 3083; x_wconf 82' lang='lat' dir='ltr'>Monasteria</span> <span class='ocrx_word' id='word_1_506' title='bbox 2692 3040 2956 3095; x_wconf 84' lang='lat' dir='ltr'>namque,</span> <span class='ocrx_word' id='word_1_507' title='bbox 2994 3039 3120 3094; x_wconf 69' lang='lat' dir='ltr'>qua)</span> <span class='ocrx_word' id='word_1_508' title='bbox 3141 3022 3459 3078; x_wconf 68' lang='lat' dir='ltr'>Trevericm</span> <span class='ocrx_word' id='word_1_509' title='bbox 3493 3020 3787 3089; x_wconf 90' lang='lat' dir='ltr'>subjacent</span> 
     </span>
    </p>
   </div>
   <div class='ocr_carea' id='block_1_77' title="bbox 2154 3112 3788 3187">
    <p class='ocr_par' dir='ltr' id='par_1_77' title="bbox 2154 3112 3788 3187">
     <span class='ocr_line' id='line_1_77' title="bbox 2154 3112 3788 3187; baseline -0.004 -15"><span class='ocrx_word' id='word_1_510' title='bbox 2154 3119 2406 3187; x_wconf 63' lang='lat' dir='ltr'>exedrie,</span> <span class='ocrx_word' id='word_1_511' title='bbox 2433 3123 2565 3172; x_wconf 91' lang='lat' dir='ltr'>ante</span> <span class='ocrx_word' id='word_1_512' title='bbox 2590 3117 2774 3187; x_wconf 91' lang='lat' dir='ltr'>ipsius</span> <span class='ocrx_word' id='word_1_513' title='bbox 2798 3130 2935 3171; x_wconf 89' lang='lat' dir='ltr'>sane</span> <span class='ocrx_word' id='word_1_514' title='bbox 2962 3119 3220 3184; x_wconf 89' lang='lat' dir='ltr'>tempora</span> <span class='ocrx_word' id='word_1_515' title='bbox 3251 3112 3403 3169; x_wconf 90' lang='lat' dir='ltr'>ultra</span> <span class='ocrx_word' id='word_1_516' title='bbox 3435 3125 3788 3167; x_wconf 85' lang='lat' dir='ltr'>communem</span> 
     </span>
    </p>
   </div>
   <div class='ocr_carea' id='block_1_78' title="bbox 2155 3202 3789 3271">
    <p class='ocr_par' dir='ltr' id='par_1_78' title="bbox 2155 3202 3789 3271">
     <span class='ocr_line' id='line_1_78' title="bbox 2155 3202 3789 3271; baseline -0.006 -8"><span class='ocrx_word' id='word_1_517' title='bbox 2155 3209 2269 3263; x_wconf 86' lang='lat' dir='ltr'>Deo</span> <span class='ocrx_word' id='word_1_518' title='bbox 2300 3206 2679 3263; x_wconf 89' lang='lat' dir='ltr'>servientium</span> <span class='ocrx_word' id='word_1_519' title='bbox 2716 3205 2944 3260; x_wconf 89' lang='lat' dir='ltr'>modum</span> <span class='ocrx_word' id='word_1_520' title='bbox 2978 3209 3146 3259; x_wconf 89' lang='lat' dir='ltr'>erant</span> <span class='ocrx_word' id='word_1_521' title='bbox 3176 3202 3368 3271; x_wconf 88' lang='lat' dir='ltr'>indiga</span> <span class='ocrx_word' id='word_1_522' title='bbox 3401 3204 3570 3270; x_wconf 90' lang='lat' dir='ltr'>atque</span> <span class='ocrx_word' id='word_1_523' title='bbox 3602 3214 3789 3270; x_wconf 88' lang='lat' dir='ltr'>asper-</span> 
     </span>
    </p>
   </div>
   <div class='ocr_carea' id='block_1_79' title="bbox 2155 3288 3785 3360">
    <p class='ocr_par' dir='ltr' id='par_1_79' title="bbox 2155 3288 3785 3360">
     <span class='ocr_line' id='line_1_79' title="bbox 2155 3288 3785 3360; baseline -0.006 -9"><span class='ocrx_word' id='word_1_524' title='bbox 2155 3297 2296 3352; x_wconf 91' lang='lat' dir='ltr'>rima</span> <span class='ocrx_word' id='word_1_525' title='bbox 2315 3296 2650 3351; x_wconf 87' lang='lat' dir='ltr'>vietualium</span> <span class='ocrx_word' id='word_1_526' title='bbox 2671 3311 2773 3349; x_wconf 87' lang='lat' dir='ltr'>nec</span> <span class='ocrx_word' id='word_1_527' title='bbox 2800 3309 2909 3349; x_wconf 92' lang='lat' dir='ltr'>non</span> <span class='ocrx_word' id='word_1_528' title='bbox 2936 3292 3269 3350; x_wconf 88' lang='lat' dir='ltr'>utensilium</span> <span class='ocrx_word' id='word_1_529' title='bbox 3299 3292 3560 3347; x_wconf 90' lang='lat' dir='ltr'>confecta</span> <span class='ocrx_word' id='word_1_530' title='bbox 3583 3288 3785 3360; x_wconf 85' lang='lat' dir='ltr'>in0pia,</span> 
     </span>
    </p>
   </div>
   <div class='ocr_carea' id='block_1_80' title="bbox 2154 3378 3787 3449">
    <p class='ocr_par' dir='ltr' id='par_1_80' title="bbox 2154 3378 3787 3449">
     <span class='ocr_line' id='line_1_80' title="bbox 2154 3378 3787 3449; baseline -0.007 -8"><span class='ocrx_word' id='word_1_531' title='bbox 2154 3390 2205 3441; x_wconf 83' lang='lat' dir='ltr'>et</span> <span class='ocrx_word' id='word_1_532' title='bbox 2237 3387 2308 3439; x_wconf 87' lang='lat' dir='ltr'>ob</span> <span class='ocrx_word' id='word_1_533' title='bbox 2333 3386 2436 3440; x_wconf 68' lang='lat' dir='ltr'>hoc</span> <span class='ocrx_word' id='word_1_534' title='bbox 2460 3384 2664 3448; x_wconf 73' lang='lat' dir='ltr'>religio</span> <span class='ocrx_word' id='word_1_535' title='bbox 2694 3383 3007 3437; x_wconf 88' lang='lat' dir='ltr'>monastica</span> <span class='ocrx_word' id='word_1_536' title='bbox 3044 3395 3151 3435; x_wconf 90' lang='lat' dir='ltr'>non</span> <span class='ocrx_word' id='word_1_537' title='bbox 3188 3378 3478 3435; x_wconf 90' lang='lat' dir='ltr'>minimum</span> <span class='ocrx_word' id='word_1_538' title='bbox 3512 3391 3674 3449; x_wconf 89' lang='lat' dir='ltr'>passa</span> <span class='ocrx_word' id='word_1_539' title='bbox 3704 3381 3787 3431; x_wconf 87' lang='lat' dir='ltr'>est</span> 
     </span>
    </p>
   </div>
   <div class='ocr_carea' id='block_1_81' title="bbox 2156 3466 3787 3543">
    <p class='ocr_par' dir='ltr' id='par_1_81' title="bbox 2156 3466 3787 3543">
     <span class='ocr_line' id='line_1_81' title="bbox 2156 3466 3787 3543; baseline -0.007 -14"><span class='ocrx_word' id='word_1_540' title='bbox 2156 3474 2494 3543; x_wconf 81' lang='lat' dir='ltr'>deliquium.</span> <span class='ocrx_word' id='word_1_541' title='bbox 2533 3473 2741 3542; x_wconf 77' lang='lat' dir='ltr'>Sicque</span> <span class='ocrx_word' id='word_1_542' title='bbox 2775 3476 3110 3526; x_wconf 82' lang='lat' dir='ltr'>rarescentc</span> <span class='ocrx_word' id='word_1_543' title='bbox 3142 3483 3361 3523; x_wconf 84' lang='lat' dir='ltr'>morum</span> <span class='ocrx_word' id='word_1_544' title='bbox 3414 3466 3787 3537; x_wconf 70' lang='lat' dir='ltr'>pei&#39;l‘cctorum</span> 
     </span>
    </p>
   </div>
   <div class='ocr_carea' id='block_1_82' title="bbox 2156 3553 3787 3631">
    <p class='ocr_par' dir='ltr' id='par_1_82' title="bbox 2156 3553 3787 3631">
     <span class='ocr_line' id='line_1_82' title="bbox 2156 3553 3787 3631; baseline -0.008 -12"><span class='ocrx_word' id='word_1_545' title='bbox 2156 3563 2527 3630; x_wconf 89' lang='lat' dir='ltr'>ventilatore,</span> <span class='ocrx_word' id='word_1_546' title='bbox 2557 3561 2707 3631; x_wconf 84' lang='lat' dir='ltr'>ignis</span> <span class='ocrx_word' id='word_1_547' title='bbox 2740 3561 2835 3615; x_wconf 88' lang='lat' dir='ltr'>ille</span> <span class='ocrx_word' id='word_1_548' title='bbox 2867 3558 3043 3614; x_wconf 87' lang='lat' dir='ltr'>divini</span> <span class='ocrx_word' id='word_1_549' title='bbox 3075 3557 3306 3625; x_wconf 90' lang='lat' dir='ltr'>amoris,</span> <span class='ocrx_word' id='word_1_550' title='bbox 3351 3570 3519 3626; x_wconf 89' lang='lat' dir='ltr'>quem</span> <span class='ocrx_word' id='word_1_551' title='bbox 3570 3553 3787 3608; x_wconf 83' lang='lat' dir='ltr'>Veritas</span> 
     </span>
    </p>
   </div>
   <div class='ocr_carea' id='block_1_83' title="bbox 2157 3641 3783 3710">
    <p class='ocr_par' dir='ltr' id='par_1_83' title="bbox 2157 3641 3783 3710">
     <span class='ocr_line' id='line_1_83' title="bbox 2157 3641 3783 3710; baseline -0.006 -5"><span class='ocrx_word' id='word_1_552' title='bbox 2157 3651 2311 3706; x_wconf 91' lang='lat' dir='ltr'>misit</span> <span class='ocrx_word' id='word_1_553' title='bbox 2349 3652 2401 3705; x_wconf 92' lang='lat' dir='ltr'>in</span> <span class='ocrx_word' id='word_1_554' title='bbox 2437 3654 2653 3706; x_wconf 89' lang='lat' dir='ltr'>terram</span> <span class='ocrx_word' id='word_1_555' title='bbox 2684 3654 2738 3705; x_wconf 88' lang='lat' dir='ltr'>et</span> <span class='ocrx_word' id='word_1_556' title='bbox 2775 3648 2958 3704; x_wconf 87' lang='lat' dir='ltr'>voluit</span> <span class='ocrx_word' id='word_1_557' title='bbox 2993 3648 3365 3703; x_wconf 89' lang='lat' dir='ltr'>vehementer</span> <span class='ocrx_word' id='word_1_558' title='bbox 3398 3642 3649 3708; x_wconf 88' lang='lat' dir='ltr'>accendi,</span> <span class='ocrx_word' id='word_1_559' title='bbox 3677 3641 3783 3710; x_wconf 88' lang='lat' dir='ltr'>jam</span> 
     </span>
    </p>
   </div>
   <div class='ocr_carea' id='block_1_84' title="bbox 2156 3730 3783 3810">
    <p class='ocr_par' dir='ltr' id='par_1_84' title="bbox 2156 3730 3783 3810">
     <span class='ocr_line' id='line_1_84' title="bbox 2156 3730 3783 3810; baseline -0.007 -15"><span class='ocrx_word' id='word_1_560' title='bbox 2156 3739 2488 3796; x_wconf 88' lang='lat' dir='ltr'>abundante</span> <span class='ocrx_word' id='word_1_561' title='bbox 2519 3755 2750 3810; x_wconf 92' lang='lat' dir='ltr'>quoquo</span> <span class='ocrx_word' id='word_1_562' title='bbox 2786 3738 3042 3794; x_wconf 90' lang='lat' dir='ltr'>locorum</span> <span class='ocrx_word' id='word_1_563' title='bbox 3092 3734 3419 3805; x_wconf 89' lang='lat' dir='ltr'>iniquitate,</span> <span class='ocrx_word' id='word_1_564' title='bbox 3474 3747 3581 3787; x_wconf 91' lang='lat' dir='ltr'>non</span> <span class='ocrx_word' id='word_1_565' title='bbox 3628 3730 3783 3785; x_wconf 86' lang='lat' dir='ltr'>modo</span> 
     </span>
    </p>
   </div>
   <div class='ocr_carea' id='block_1_85' title="bbox 2159 3819 3786 3898">
    <p class='ocr_par' dir='ltr' id='par_1_85' title="bbox 2159 3819 3786 3898">
     <span class='ocr_line' id='line_1_85' title="bbox 2159 3819 3786 3898; baseline -0.006 -16"><span class='ocrx_word' id='word_1_566' title='bbox 2159 3829 2495 3898; x_wconf 88' lang='lat' dir='ltr'>frigescere,</span> <span class='ocrx_word' id='word_1_567' title='bbox 2524 3842 2717 3884; x_wconf 81' lang='lat' dir='ltr'>verum</span> <span class='ocrx_word' id='word_1_568' title='bbox 2747 3827 2895 3897; x_wconf 88' lang='lat' dir='ltr'>quod</span> <span class='ocrx_word' id='word_1_569' title='bbox 2924 3823 3315 3898; x_wconf 86' lang='lat' dir='ltr'>periculosius</span> <span class='ocrx_word' id='word_1_570' title='bbox 3339 3827 3446 3891; x_wconf 89' lang='lat' dir='ltr'>est,</span> <span class='ocrx_word' id='word_1_571' title='bbox 3473 3819 3654 3877; x_wconf 90' lang='lat' dir='ltr'>modis</span> <span class='ocrx_word' id='word_1_572' title='bbox 3676 3833 3786 3874; x_wconf 87' lang='lat' dir='ltr'>om-</span> 
     </span>
    </p>
   </div>
   <div class='ocr_carea' id='block_1_86' title="bbox 2160 3908 3778 3988">
    <p class='ocr_par' dir='ltr' id='par_1_86' title="bbox 2160 3908 3778 3988">
     <span class='ocr_line' id='line_1_86' title="bbox 2160 3908 3778 3988; baseline -0.009 -14"><span class='ocrx_word' id='word_1_573' title='bbox 2160 3918 2329 3974; x_wconf 91' lang='lat' dir='ltr'>nibus</span> <span class='ocrx_word' id='word_1_574' title='bbox 2359 3918 2539 3988; x_wconf 82' lang='lat' dir='ltr'>coepit</span> <span class='ocrx_word' id='word_1_575' title='bbox 2585 3916 2867 3986; x_wconf 78' lang='lat' dir='ltr'>extingui.</span> <span class='ocrx_word' id='word_1_576' title='bbox 2922 3917 3063 3971; x_wconf 82' lang='lat' dir='ltr'>Nam</span> <span class='ocrx_word' id='word_1_577' title='bbox 3110 3912 3452 3972; x_wconf 72' lang='lat' dir='ltr'>venerandae</span> <span class='ocrx_word' id='word_1_578' title='bbox 3505 3908 3778 3966; x_wconf 70' lang='lat' dir='ltr'>memoria:</span> 
     </span>
    </p>
   </div>
   <div class='ocr_carea' id='block_1_87' title="bbox 2160 3996 3784 4076">
    <p class='ocr_par' dir='ltr' id='par_1_87' title="bbox 2160 3996 3784 4076">
     <span class='ocr_line' id='line_1_87' title="bbox 2160 3996 3784 4076; baseline -0.009 -13"><span class='ocrx_word' id='word_1_579' title='bbox 2160 4011 2503 4063; x_wconf 87' lang='lat' dir='ltr'>antecessor</span> <span class='ocrx_word' id='word_1_580' title='bbox 2534 4007 2660 4076; x_wconf 88' lang='lat' dir='ltr'>ejus</span> <span class='ocrx_word' id='word_1_581' title='bbox 2689 4005 3079 4062; x_wconf 87' lang='lat' dir='ltr'>Theodericus</span> <span class='ocrx_word' id='word_1_582' title='bbox 3110 4006 3314 4060; x_wconf 87' lang='lat' dir='ltr'>doctor</span> <span class='ocrx_word' id='word_1_583' title='bbox 3343 4000 3569 4073; x_wconf 88' lang='lat' dir='ltr'>quidem</span> <span class='ocrx_word' id='word_1_584' title='bbox 3598 3996 3784 4053; x_wconf 84' lang='lat' dir='ltr'>extitit</span> 
     </span>
    </p>
   </div>
   <div class='ocr_carea' id='block_1_88' title="bbox 2160 4090 3782 4167">
    <p class='ocr_par' dir='ltr' id='par_1_88' title="bbox 2160 4090 3782 4167">
     <span class='ocr_line' id='line_1_88' title="bbox 2160 4090 3782 4167; baseline -0.009 -15"><span class='ocrx_word' id='word_1_585' title='bbox 2160 4097 2614 4154; x_wconf 84' lang='lat' dir='ltr'>facundissimus</span> <span class='ocrx_word' id='word_1_586' title='bbox 2666 4101 2841 4167; x_wconf 90' lang='lat' dir='ltr'>atque</span> <span class='ocrx_word' id='word_1_587' title='bbox 2892 4095 3121 4151; x_wconf 73' lang='lat' dir='ltr'>familize</span> <span class='ocrx_word' id='word_1_588' title='bbox 3173 4090 3394 4147; x_wconf 88' lang='lat' dir='ltr'>Domini</span> <span class='ocrx_word' id='word_1_589' title='bbox 3451 4090 3782 4160; x_wconf 89' lang='lat' dir='ltr'>procurator</span> 
     </span>
    </p>
   </div>
   <div class='ocr_carea' id='block_1_89' title="bbox 2159 4171 3783 4255">
    <p class='ocr_par' dir='ltr' id='par_1_89' title="bbox 2159 4171 3783 4255">
     <span class='ocr_line' id='line_1_89' title="bbox 2159 4171 3783 4255; baseline -0.012 -13"><span class='ocrx_word' id='word_1_590' title='bbox 2159 4187 2485 4243; x_wconf 87' lang='lat' dir='ltr'>industrius</span> <span class='ocrx_word' id='word_1_591' title='bbox 2511 4204 2523 4252; x_wconf 93' lang='lat'>;</span> <span class='ocrx_word' id='word_1_592' title='bbox 2546 4184 2646 4241; x_wconf 88' lang='lat' dir='ltr'>sed</span> <span class='ocrx_word' id='word_1_593' title='bbox 2676 4185 2805 4255; x_wconf 90' lang='lat' dir='ltr'>quia</span> <span class='ocrx_word' id='word_1_594' title='bbox 2830 4183 3111 4255; x_wconf 89' lang='lat' dir='ltr'>temporis</span> <span class='ocrx_word' id='word_1_595' title='bbox 3135 4180 3400 4250; x_wconf 87' lang='lat' dir='ltr'>angustia</span> <span class='ocrx_word' id='word_1_596' title='bbox 3424 4179 3495 4233; x_wconf 92' lang='lat' dir='ltr'>ob</span> <span class='ocrx_word' id='word_1_597' title='bbox 3527 4171 3783 4244; x_wconf 91' lang='lat' dir='ltr'>multipli-</span> 
     </span>
    </p>
   </div>
   <div class='ocr_carea' id='block_1_90' title="bbox 2156 4266 3780 4346">
    <p class='ocr_par' dir='ltr' id='par_1_90' title="bbox 2156 4266 3780 4346">
     <span class='ocr_line' id='line_1_90' title="bbox 2156 4266 3780 4346; baseline -0.012 -13"><span class='ocrx_word' id='word_1_598' title='bbox 2156 4292 2255 4333; x_wconf 92' lang='lat' dir='ltr'>ces</span> <span class='ocrx_word' id='word_1_599' title='bbox 2289 4275 2370 4330; x_wconf 92' lang='lat' dir='ltr'>rei</span> <span class='ocrx_word' id='word_1_600' title='bbox 2400 4275 2651 4346; x_wconf 65' lang='lat' dir='ltr'>publicae</span> <span class='ocrx_word' id='word_1_601' title='bbox 2678 4274 3018 4330; x_wconf 88' lang='lat' dir='ltr'>exactiones</span> <span class='ocrx_word' id='word_1_602' title='bbox 3052 4271 3272 4329; x_wconf 92' lang='lat' dir='ltr'>totiens</span> <span class='ocrx_word' id='word_1_603' title='bbox 3306 4268 3631 4336; x_wconf 90' lang='lat' dir='ltr'>totiensque</span> <span class='ocrx_word' id='word_1_604' title='bbox 3668 4266 3780 4317; x_wconf 87' lang='lat' dir='ltr'>erat</span> 
     </span>
    </p>
   </div>
   <div class='ocr_carea' id='block_1_91' title="bbox 2157 4351 3781 4435">
    <p class='ocr_par' dir='ltr' id='par_1_91' title="bbox 2157 4351 3781 4435">
     <span class='ocr_line' id='line_1_91' title="bbox 2157 4351 3781 4435; baseline -0.012 -13"><span class='ocrx_word' id='word_1_605' title='bbox 2157 4369 2481 4435; x_wconf 87' lang='lat' dir='ltr'>coartatus,</span> <span class='ocrx_word' id='word_1_606' title='bbox 2516 4365 2707 4420; x_wconf 89' lang='lat' dir='ltr'>minus</span> <span class='ocrx_word' id='word_1_607' title='bbox 2739 4361 3225 4419; x_wconf 89' lang='lat' dir='ltr'>monasteriorum</span> <span class='ocrx_word' id='word_1_608' title='bbox 3267 4351 3781 4414; x_wconf 87' lang='lat' dir='ltr'>necessitudinibus</span> 
     </span>
    </p>
   </div>
   <div class='ocr_carea' id='block_1_92' title="bbox 2156 4441 3779 4525">
    <p class='ocr_par' dir='ltr' id='par_1_92' title="bbox 2156 4441 3779 4525">
     <span class='ocr_line' id='line_1_92' title="bbox 2156 4441 3779 4525; baseline -0.012 -12"><span class='ocrx_word' id='word_1_609' title='bbox 2156 4454 2494 4520; x_wconf 88' lang='lat' dir='ltr'>consuluit;</span> <span class='ocrx_word' id='word_1_610' title='bbox 2529 4454 2658 4525; x_wconf 89' lang='lat' dir='ltr'>quia</span> <span class='ocrx_word' id='word_1_611' title='bbox 2685 4468 2789 4509; x_wconf 86' lang='lat' dir='ltr'>nec</span> <span class='ocrx_word' id='word_1_612' title='bbox 2818 4451 2990 4521; x_wconf 91' lang='lat' dir='ltr'>unde,</span> <span class='ocrx_word' id='word_1_613' title='bbox 3027 4451 3259 4507; x_wconf 86' lang='lat' dir='ltr'>obvium</span> <span class='ocrx_word' id='word_1_614' title='bbox 3292 4448 3397 4505; x_wconf 87' lang='lat' dir='ltr'>sibi</span> <span class='ocrx_word' id='word_1_615' title='bbox 3425 4446 3548 4501; x_wconf 86' lang='lat' dir='ltr'>fuit.</span> <span class='ocrx_word' id='word_1_616' title='bbox 3583 4445 3649 4497; x_wconf 82' lang='lat' dir='ltr'>At</span> <span class='ocrx_word' id='word_1_617' title='bbox 3680 4441 3779 4496; x_wconf 86' lang='lat' dir='ltr'>iste</span> 
     </span>
    </p>
   </div>
   <div class='ocr_carea' id='block_1_93' title="bbox 2160 4533 3777 4606">
    <p class='ocr_par' dir='ltr' id='par_1_93' title="bbox 2160 4533 3777 4606">
     <span class='ocr_line' id='line_1_93' title="bbox 2160 4533 3777 4606; baseline -0.012 -5"><span class='ocrx_word' id='word_1_618' title='bbox 2160 4560 2381 4602; x_wconf 91' lang='lat' dir='ltr'>summo</span> <span class='ocrx_word' id='word_1_619' title='bbox 2430 4543 2801 4599; x_wconf 90' lang='lat' dir='ltr'>veneramine</span> <span class='ocrx_word' id='word_1_620' title='bbox 2858 4539 3239 4597; x_wconf 91' lang='lat' dir='ltr'>nominandus</span> <span class='ocrx_word' id='word_1_621' title='bbox 3294 4536 3507 4606; x_wconf 86' lang='lat' dir='ltr'>regiam</span> <span class='ocrx_word' id='word_1_622' title='bbox 3566 4533 3703 4586; x_wconf 87' lang='lat' dir='ltr'>viam</span> <span class='ocrx_word' id='word_1_623' title='bbox 3751 4548 3777 4583; x_wconf 85' lang='lat' dir='ltr'>a</span> 
     </span>
    </p>
   </div>
   <div class='ocr_carea' id='block_1_94' title="bbox 395 4608 3779 4722">
    <p class='ocr_par' dir='ltr' id='par_1_94' title="bbox 395 4608 3779 4722">
     <span class='ocr_line' id='line_1_94' title="bbox 395 4608 3779 4722; baseline -0.009 -16"><span class='ocrx_word' id='word_1_624' title='bbox 395 4652 548 4722; x_wconf 88' lang='lat' dir='ltr'>quod</span> <span class='ocrx_word' id='word_1_625' title='bbox 572 4667 695 4707; x_wconf 88' lang='lat' dir='ltr'>eam</span> <span class='ocrx_word' id='word_1_626' title='bbox 723 4650 1124 4707; x_wconf 85' lang='lat' dir='ltr'>universitatis</span> <span class='ocrx_word' id='word_1_627' title='bbox 1144 4649 1438 4706; x_wconf 87' lang='lat' dir='ltr'>conditrix</span> <span class='ocrx_word' id='word_1_628' title='bbox 1456 4647 1784 4720; x_wconf 90' lang='lat' dir='ltr'>personalis</span> <span class='ocrx_word' id='word_1_629' title='bbox 1811 4648 2045 4704; x_wconf 90' lang='lat' dir='ltr'>trinitas</span> <span class='ocrx_word' id='word_1_630' title='bbox 2075 4608 2130 4670; x_wconf 83' lang='lat' dir='ltr'>D</span> <span class='ocrx_word' id='word_1_631' title='bbox 2160 4633 2387 4690; x_wconf 69' lang='lat' dir='ltr'>dextris</span> <span class='ocrx_word' id='word_1_632' title='bbox 2409 4638 2468 4689; x_wconf 80' lang='lat' dir='ltr'>et</span> <span class='ocrx_word' id='word_1_633' title='bbox 2491 4648 2519 4689; x_wconf 81' lang='lat' dir='ltr'>a</span> <span class='ocrx_word' id='word_1_634' title='bbox 2546 4632 2806 4688; x_wconf 78' lang='lat' dir='ltr'>sinistris</span> <span class='ocrx_word' id='word_1_635' title='bbox 2830 4630 3126 4693; x_wconf 84' lang='lat' dir='ltr'>incedens,</span> <span class='ocrx_word' id='word_1_636' title='bbox 3155 4627 3400 4722; x_wconf 81' lang='lat' dir='ltr'>militum</span> <span class='ocrx_word' id='word_1_637' title='bbox 3426 4622 3779 4722; x_wconf 80' lang='lat' dir='ltr'>ambitionem</span> 
     </span>
    </p>
   </div>
   <div class='ocr_carea' id='block_1_95' title="bbox 395 4737 2048 4812">
    <p class='ocr_par' dir='ltr' id='par_1_95' title="bbox 395 4737 2048 4812">
     <span class='ocr_line' id='line_1_95' title="bbox 395 4737 2048 4812; baseline -0.003 -15"><span class='ocrx_word' id='word_1_638' title='bbox 395 4746 571 4812; x_wconf 90' lang='lat' dir='ltr'>atque</span> <span class='ocrx_word' id='word_1_639' title='bbox 600 4740 934 4796; x_wconf 89' lang='lat' dir='ltr'>essentialis</span> <span class='ocrx_word' id='word_1_640' title='bbox 958 4739 1151 4795; x_wconf 90' lang='lat' dir='ltr'>unitas</span> <span class='ocrx_word' id='word_1_641' title='bbox 1172 4742 1319 4795; x_wconf 87' lang='lat' dir='ltr'>Deus</span> <span class='ocrx_word' id='word_1_642' title='bbox 1345 4738 1638 4810; x_wconf 90' lang='lat' dir='ltr'>primitivo</span> <span class='ocrx_word' id='word_1_643' title='bbox 1661 4737 1847 4794; x_wconf 90' lang='lat' dir='ltr'>sancti</span> <span class='ocrx_word' id='word_1_644' title='bbox 1878 4753 2048 4793; x_wconf 90' lang='lat' dir='ltr'>evan-</span> 
     </span>
    </p>
   </div>
   <div class='ocr_carea' id='block_1_96' title="bbox 394 4828 2049 4900">
    <p class='ocr_par' dir='ltr' id='par_1_96' title="bbox 394 4828 2049 4900">
     <span class='ocr_line' id='line_1_96' title="bbox 394 4828 2049 4900; baseline -0.002 -15"><span class='ocrx_word' id='word_1_645' title='bbox 394 4830 529 4899; x_wconf 82' lang='lat' dir='ltr'>gelii</span> <span class='ocrx_word' id='word_1_646' title='bbox 567 4830 789 4900; x_wconf 87' lang='lat' dir='ltr'>fulgore</span> <span class='ocrx_word' id='word_1_647' title='bbox 823 4844 926 4900; x_wconf 89' lang='lat' dir='ltr'>per</span> <span class='ocrx_word' id='word_1_648' title='bbox 961 4828 1133 4885; x_wconf 90' lang='lat' dir='ltr'>trium</span> <span class='ocrx_word' id='word_1_649' title='bbox 1159 4828 1561 4899; x_wconf 87' lang='lat' dir='ltr'>operariorum</span> <span class='ocrx_word' id='word_1_650' title='bbox 1586 4842 1819 4883; x_wconf 91' lang='lat' dir='ltr'>suorum</span> <span class='ocrx_word' id='word_1_651' title='bbox 1844 4842 2049 4899; x_wconf 91' lang='lat' dir='ltr'>perpe-</span> 
     </span>
    </p>
   </div>
   <div class='ocr_carea' id='block_1_97' title="bbox 396 4916 2047 4988">
    <p class='ocr_par' dir='ltr' id='par_1_97' title="bbox 396 4916 2047 4988">
     <span class='ocr_line' id='line_1_97' title="bbox 396 4916 2047 4988; baseline -0.002 -11"><span class='ocrx_word' id='word_1_652' title='bbox 396 4922 499 4977; x_wconf 87' lang='lat' dir='ltr'>tim</span> <span class='ocrx_word' id='word_1_653' title='bbox 533 4919 1019 4976; x_wconf 91' lang='lat' dir='ltr'>remunerandum</span> <span class='ocrx_word' id='word_1_654' title='bbox 1053 4917 1309 4973; x_wconf 90' lang='lat' dir='ltr'>laborem</span> <span class='ocrx_word' id='word_1_655' title='bbox 1340 4917 1546 4973; x_wconf 87' lang='lat' dir='ltr'>deifice</span> <span class='ocrx_word' id='word_1_656' title='bbox 1578 4916 1821 4974; x_wconf 87' lang='lat' dir='ltr'>visitare</span> <span class='ocrx_word' id='word_1_657' title='bbox 1870 4922 2047 4988; x_wconf 88' lang='lat' dir='ltr'>atque</span> 
     </span>
    </p>
   </div>
   <div class='ocr_carea' id='block_1_98' title="bbox 397 5006 2049 5076">
    <p class='ocr_par' dir='ltr' id='par_1_98' title="bbox 397 5006 2049 5076">
     <span class='ocr_line' id='line_1_98' title="bbox 397 5006 2049 5076; baseline -0.002 -11"><span class='ocrx_word' id='word_1_658' title='bbox 397 5009 726 5065; x_wconf 91' lang='lat' dir='ltr'>illuminare</span> <span class='ocrx_word' id='word_1_659' title='bbox 760 5007 996 5076; x_wconf 84' lang='lat' dir='ltr'>dignata</span> <span class='ocrx_word' id='word_1_660' title='bbox 1028 5011 1155 5062; x_wconf 88' lang='lat' dir='ltr'>est:</span> <span class='ocrx_word' id='word_1_661' title='bbox 1191 5006 1337 5062; x_wconf 90' lang='lat' dir='ltr'>satis</span> <span class='ocrx_word' id='word_1_662' title='bbox 1370 5020 1573 5062; x_wconf 84' lang='lat' dir='ltr'>revera</span> <span class='ocrx_word' id='word_1_663' title='bbox 1622 5006 2049 5076; x_wconf 89' lang='lat' dir='ltr'>inconsequens</span> 
     </span>
    </p>
   </div>
   <div class='ocr_carea' id='block_1_99' title="bbox 395 5094 2044 5167">
    <p class='ocr_par' dir='ltr' id='par_1_99' title="bbox 395 5094 2044 5167">
     <span class='ocr_line' id='line_1_99' title="bbox 395 5094 2044 5167; baseline -0.002 -12"><span class='ocrx_word' id='word_1_664' title='bbox 395 5099 629 5167; x_wconf 90' lang='lat' dir='ltr'>visitur,</span> <span class='ocrx_word' id='word_1_665' title='bbox 666 5098 709 5154; x_wconf 88' lang='lat' dir='ltr'>si</span> <span class='ocrx_word' id='word_1_666' title='bbox 744 5112 809 5152; x_wconf 86' lang='lat' dir='ltr'>ea</span> <span class='ocrx_word' id='word_1_667' title='bbox 858 5112 987 5167; x_wconf 71' lang='lat' dir='ltr'>qua)</span> <span class='ocrx_word' id='word_1_668' title='bbox 1039 5100 1153 5149; x_wconf 91' lang='lat' dir='ltr'>tam</span> <span class='ocrx_word' id='word_1_669' title='bbox 1204 5094 1296 5127; x_wconf 70' lang='grc'>³⁸6⁸</span> <span class='ocrx_word' id='word_1_670' title='bbox 1341 5095 1611 5151; x_wconf 87' lang='lat' dir='ltr'>clementi</span> <span class='ocrx_word' id='word_1_671' title='bbox 1672 5101 1941 5166; x_wconf 88' lang='lat' dir='ltr'>respectu</span> <span class='ocrx_word' id='word_1_672' title='bbox 1992 5096 2044 5151; x_wconf 91' lang='lat' dir='ltr'>in</span> 
     </span>
    </p>
   </div>
   <div class='ocr_carea' id='block_1_100' title="bbox 396 5184 2049 5258">
    <p class='ocr_par' dir='ltr' id='par_1_100' title="bbox 396 5184 2049 5258">
     <span class='ocr_line' id='line_1_100' title="bbox 396 5184 2049 5258; baseline -0.003 -12"><span class='ocrx_word' id='word_1_673' title='bbox 396 5188 561 5246; x_wconf 89' lang='lat' dir='ltr'>calce</span> <span class='ocrx_word' id='word_1_674' title='bbox 594 5193 921 5258; x_wconf 90' lang='lat' dir='ltr'>temporum</span> <span class='ocrx_word' id='word_1_675' title='bbox 947 5184 1097 5257; x_wconf 92' lang='lat' dir='ltr'>apud</span> <span class='ocrx_word' id='word_1_676' title='bbox 1123 5185 1381 5253; x_wconf 89' lang='lat' dir='ltr'>ejusdem</span> <span class='ocrx_word' id='word_1_677' title='bbox 1408 5185 1571 5241; x_wconf 88' lang='lat' dir='ltr'>urbis</span> <span class='ocrx_word' id='word_1_678' title='bbox 1594 5186 1932 5257; x_wconf 82' lang='lat' dir='ltr'>ariOpagum</span> <span class='ocrx_word' id='word_1_679' title='bbox 1958 5201 2049 5241; x_wconf 89' lang='lat' dir='ltr'>os-</span> 
     </span>
    </p>
   </div>
   <div class='ocr_carea' id='block_1_101' title="bbox 396 5273 2049 5347">
    <p class='ocr_par' dir='ltr' id='par_1_101' title="bbox 396 5273 2049 5347">
     <span class='ocr_line' id='line_1_101' title="bbox 396 5273 2049 5347; baseline -0.001 -14"><span class='ocrx_word' id='word_1_680' title='bbox 396 5277 641 5333; x_wconf 80' lang='lat' dir='ltr'>tendere</span> <span class='ocrx_word' id='word_1_681' title='bbox 672 5276 925 5347; x_wconf 85' lang='lat' dir='ltr'>censuit,</span> <span class='ocrx_word' id='word_1_682' title='bbox 957 5273 1174 5332; x_wconf 90' lang='lat' dir='ltr'>silentii</span> <span class='ocrx_word' id='word_1_683' title='bbox 1208 5279 1445 5347; x_wconf 88' lang='lat' dir='ltr'>torpore</span> <span class='ocrx_word' id='word_1_684' title='bbox 1470 5274 1761 5331; x_wconf 88' lang='lat' dir='ltr'>fumaliter</span> <span class='ocrx_word' id='word_1_685' title='bbox 1796 5275 1849 5330; x_wconf 90' lang='lat' dir='ltr'>in</span> <span class='ocrx_word' id='word_1_686' title='bbox 1875 5288 2049 5331; x_wconf 89' lang='lat' dir='ltr'>auras</span> 
     </span>
    </p>
   </div>
   <div class='ocr_carea' id='block_1_102' title="bbox 394 5370 868 5423">
    <p class='ocr_par' dir='ltr' id='par_1_102' title="bbox 394 5370 868 5423">
     <span class='ocr_line' id='line_1_102' title="bbox 394 5370 868 5423; baseline -0.002 -1"><span class='ocrx_word' id='word_1_687' title='bbox 394 5370 868 5423; x_wconf 50' lang='lat' dir='ltr'>evanescautu.n</span> 
     </span>
    </p>
   </div>
   <div class='ocr_carea' id='block_1_103' title="bbox 2158 4710 3778 4790">
    <p class='ocr_par' dir='ltr' id='par_1_103' title="bbox 2158 4710 3778 4790">
     <span class='ocr_line' id='line_1_103' title="bbox 2158 4710 3778 4790; baseline -0.012 -11"><span class='ocrx_word' id='word_1_688' title='bbox 2158 4725 2456 4780; x_wconf 84' lang='lat' dir='ltr'>refrenare</span> <span class='ocrx_word' id='word_1_689' title='bbox 2481 4737 2591 4778; x_wconf 91' lang='lat' dir='ltr'>non</span> <span class='ocrx_word' id='word_1_690' title='bbox 2618 4720 2831 4790; x_wconf 87' lang='lat' dir='ltr'>timuit,</span> <span class='ocrx_word' id='word_1_691' title='bbox 2858 4715 3414 4790; x_wconf 88' lang='lat' dir='ltr'>conprovineialium</span> <span class='ocrx_word' id='word_1_692' title='bbox 3440 4710 3778 4782; x_wconf 78' lang='lat' dir='ltr'>tyrannidem</span> 
     </span>
    </p>
   </div>
   <div class='ocr_carea' id='block_1_104' title="bbox 2158 4799 3778 4882">
    <p class='ocr_par' dir='ltr' id='par_1_104' title="bbox 2158 4799 3778 4882">
     <span class='ocr_line' id='line_1_104' title="bbox 2158 4799 3778 4882; baseline -0.01 -15"><span class='ocrx_word' id='word_1_693' title='bbox 2158 4826 2363 4882; x_wconf 65' lang='lat' dir='ltr'>aequus</span> <span class='ocrx_word' id='word_1_694' title='bbox 2385 4811 2607 4868; x_wconf 89' lang='lat' dir='ltr'>arbiter</span> <span class='ocrx_word' id='word_1_695' title='bbox 2628 4808 2983 4865; x_wconf 88' lang='lat' dir='ltr'>auctoritate</span> <span class='ocrx_word' id='word_1_696' title='bbox 3004 4804 3368 4876; x_wconf 88' lang='lat' dir='ltr'>compressit,</span> <span class='ocrx_word' id='word_1_697' title='bbox 3384 4806 3443 4858; x_wconf 91' lang='lat' dir='ltr'>et</span> <span class='ocrx_word' id='word_1_698' title='bbox 3463 4799 3643 4857; x_wconf 92' lang='lat' dir='ltr'>omnia</span> <span class='ocrx_word' id='word_1_699' title='bbox 3668 4812 3778 4868; x_wconf 61' lang='lat' dir='ltr'>qua</span> 
     </span>
    </p>
   </div>
   <div class='ocr_carea' id='block_1_105' title="bbox 2158 4891 3777 4958">
    <p class='ocr_par' dir='ltr' id='par_1_105' title="bbox 2158 4891 3777 4958">
     <span class='ocr_line' id='line_1_105' title="bbox 2158 4891 3777 4958; baseline -0.011 0"><span class='ocrx_word' id='word_1_700' title='bbox 2158 4900 2535 4958; x_wconf 89' lang='lat' dir='ltr'>monasteriis</span> <span class='ocrx_word' id='word_1_701' title='bbox 2586 4898 2786 4955; x_wconf 86' lang='lat' dir='ltr'>hostili</span> <span class='ocrx_word' id='word_1_702' title='bbox 2848 4899 3076 4953; x_wconf 86' lang='lat' dir='ltr'>fuerant</span> <span class='ocrx_word' id='word_1_703' title='bbox 3133 4894 3431 4949; x_wconf 88' lang='lat' dir='ltr'>invasione</span> <span class='ocrx_word' id='word_1_704' title='bbox 3500 4891 3777 4947; x_wconf 86' lang='lat' dir='ltr'>subtracta</span> 
     </span>
    </p>
   </div>
   <div class='ocr_carea' id='block_1_106' title="bbox 2160 4979 3779 5059">
    <p class='ocr_par' dir='ltr' id='par_1_106' title="bbox 2160 4979 3779 5059">
     <span class='ocr_line' id='line_1_106' title="bbox 2160 4979 3779 5059; baseline -0.01 -14"><span class='ocrx_word' id='word_1_705' title='bbox 2160 5004 2330 5045; x_wconf 89' lang='lat' dir='ltr'>manu</span> <span class='ocrx_word' id='word_1_706' title='bbox 2360 4988 2717 5059; x_wconf 88' lang='lat' dir='ltr'>potestativa</span> <span class='ocrx_word' id='word_1_707' title='bbox 2750 4986 3155 5054; x_wconf 90' lang='lat' dir='ltr'>undecumque</span> <span class='ocrx_word' id='word_1_708' title='bbox 3187 4979 3485 5049; x_wconf 85' lang='lat' dir='ltr'>recollegit</span> <span class='ocrx_word' id='word_1_709' title='bbox 3521 4994 3581 5033; x_wconf 89' lang='lat' dir='ltr'>ac</span> <span class='ocrx_word' id='word_1_710' title='bbox 3610 4990 3779 5032; x_wconf 89' lang='lat' dir='ltr'>mona-</span> 
     </span>
    </p>
   </div>
   <div class='ocr_carea' id='block_1_107' title="bbox 2159 5066 3780 5148">
    <p class='ocr_par' dir='ltr' id='par_1_107' title="bbox 2159 5066 3780 5148">
     <span class='ocr_line' id='line_1_107' title="bbox 2159 5066 3780 5148; baseline -0.009 -14"><span class='ocrx_word' id='word_1_711' title='bbox 2159 5077 2469 5134; x_wconf 88' lang='lat' dir='ltr'>steriorum</span> <span class='ocrx_word' id='word_1_712' title='bbox 2490 5076 2755 5148; x_wconf 78' lang='lat' dir='ltr'>partibus</span> <span class='ocrx_word' id='word_1_713' title='bbox 2771 5076 2877 5131; x_wconf 89' lang='lat' dir='ltr'>sub</span> <span class='ocrx_word' id='word_1_714' title='bbox 2902 5089 3102 5143; x_wconf 84' lang='lat' dir='ltr'>magna</span> <span class='ocrx_word' id='word_1_715' title='bbox 3119 5070 3415 5141; x_wconf 80' lang='lat' dir='ltr'>vigilantia</span> <span class='ocrx_word' id='word_1_716' title='bbox 3439 5066 3780 5134; x_wconf 79' lang='lat' dir='ltr'>reconsigua-</span> 
     </span>
    </p>
   </div>
   <div class='ocr_carea' id='block_1_108' title="bbox 2158 5158 3780 5237">
    <p class='ocr_par' dir='ltr' id='par_1_108' title="bbox 2158 5158 3780 5237">
     <span class='ocr_line' id='line_1_108' title="bbox 2158 5158 3780 5237; baseline -0.01 -14"><span class='ocrx_word' id='word_1_717' title='bbox 2158 5167 2263 5236; x_wconf 89' lang='lat' dir='ltr'>vit,</span> <span class='ocrx_word' id='word_1_718' title='bbox 2292 5169 2349 5222; x_wconf 89' lang='lat' dir='ltr'>et</span> <span class='ocrx_word' id='word_1_719' title='bbox 2384 5172 2445 5221; x_wconf 92' lang='lat' dir='ltr'>ut</span> <span class='ocrx_word' id='word_1_720' title='bbox 2481 5165 2610 5237; x_wconf 91' lang='lat' dir='ltr'>pius</span> <span class='ocrx_word' id='word_1_721' title='bbox 2641 5162 3064 5235; x_wconf 86' lang='lat' dir='ltr'>paterfamilias</span> <span class='ocrx_word' id='word_1_722' title='bbox 3098 5159 3360 5229; x_wconf 83' lang='lat' dir='ltr'>neglecta</span> <span class='ocrx_word' id='word_1_723' title='bbox 3412 5162 3585 5227; x_wconf 85' lang='lat' dir='ltr'>atque</span> <span class='ocrx_word' id='word_1_724' title='bbox 3629 5158 3780 5211; x_wconf 69' lang='lat' dir='ltr'>aetate</span> 
     </span>
    </p>
   </div>
   <div class='ocr_carea' id='block_1_109' title="bbox 2159 5247 3441 5328">
    <p class='ocr_par' dir='ltr' id='par_1_109' title="bbox 2159 5247 3441 5328">
     <span class='ocr_line' id='line_1_109' title="bbox 2159 5247 3441 5328; baseline -0.009 -15"><span class='ocrx_word' id='word_1_725' title='bbox 2159 5260 2504 5328; x_wconf 90' lang='lat' dir='ltr'>consumpta</span> <span class='ocrx_word' id='word_1_726' title='bbox 2536 5253 2820 5310; x_wconf 89' lang='lat' dir='ltr'>resarcire</span> <span class='ocrx_word' id='word_1_727' title='bbox 2854 5257 3161 5322; x_wconf 84' lang='lat' dir='ltr'>tantopere</span> <span class='ocrx_word' id='word_1_728' title='bbox 3194 5247 3441 5305; x_wconf 85' lang='lat' dir='ltr'>curavit.</span> 
     </span>
    </p>
   </div>
   <div class='ocr_carea' id='block_1_110' title="bbox 2231 5334 3779 5415">
    <p class='ocr_par' dir='ltr' id='par_1_110' title="bbox 2231 5334 3779 5415">
     <span class='ocr_line' id='line_1_110' title="bbox 2231 5334 3779 5415; baseline -0.009 -12"><span class='ocrx_word' id='word_1_729' title='bbox 2231 5351 2281 5403; x_wconf 80' lang='grc'><strong>4.</strong></span> <span class='ocrx_word' id='word_1_730' title='bbox 2319 5347 2573 5415; x_wconf 88' lang='lat' dir='ltr'>Cumque</span> <span class='ocrx_word' id='word_1_731' title='bbox 2608 5348 2850 5415; x_wconf 88' lang='lat' dir='ltr'>paterna</span> <span class='ocrx_word' id='word_1_732' title='bbox 2883 5341 3098 5399; x_wconf 82' lang='lat' dir='ltr'>lumina</span> <span class='ocrx_word' id='word_1_733' title='bbox 3126 5343 3183 5394; x_wconf 90' lang='lat' dir='ltr'>et</span> <span class='ocrx_word' id='word_1_734' title='bbox 3217 5337 3287 5394; x_wconf 89' lang='lat' dir='ltr'>ad</span> <span class='ocrx_word' id='word_1_735' title='bbox 3320 5342 3490 5408; x_wconf 89' lang='lat' dir='ltr'>septa</span> <span class='ocrx_word' id='word_1_736' title='bbox 3522 5336 3663 5392; x_wconf 89' lang='lat' dir='ltr'>beati</span> <span class='ocrx_word' id='word_1_737' title='bbox 3693 5334 3779 5390; x_wconf 83' lang='lat' dir='ltr'>Eu-</span> 
     </span>
    </p>
   </div>
   <div class='ocr_carea' id='block_1_111' title="bbox 1776 5459 2455 5520">
    <p class='ocr_par' dir='ltr' id='par_1_111' title="bbox 1776 5459 2455 5520">
     <span class='ocr_line' id='line_1_111' title="bbox 1776 5459 2455 5520; baseline 0.001 -6"><span class='ocrx_word' id='word_1_738' title='bbox 1776 5459 2012 5519; x_wconf 74' lang='lat' dir='ltr'>VARUE</span> <span class='ocrx_word' id='word_1_739' title='bbox 2053 5462 2455 5520; x_wconf 87' lang='lat' dir='ltr'>LECTIONES.</span> 
     </span>
    </p>
   </div>
   <div class='ocr_carea' id='block_1_112' title="bbox 2006 5605 2209 5661">
    <p class='ocr_par' dir='ltr' id='par_1_112' title="bbox 2006 5605 2209 5661">
     <span class='ocr_line' id='line_1_112' title="bbox 2006 5605 2209 5661; baseline -0.005 0"><span class='ocrx_word' id='word_1_740' title='bbox 2006 5605 2209 5661; x_wconf 70' lang='lat' dir='ltr'>NOT/E</span> 
     </span>
    </p>
   </div>
   <div class='ocr_carea' id='block_1_113' title="bbox 468 5532 824 5606">
    <p class='ocr_par' dir='ltr' id='par_1_113' title="bbox 468 5532 824 5606">
     <span class='ocr_line' id='line_1_113' title="bbox 468 5532 824 5606; baseline -0.011 -14"><span class='ocrx_word' id='word_1_741' title='bbox 468 5532 558 5568; x_wconf 77' lang='grc'>⁸⁸⁸⁸</span> <span class='ocrx_word' id='word_1_742' title='bbox 583 5534 700 5606; x_wconf 89' lang='lat' dir='ltr'>jam</span> <span class='ocrx_word' id='word_1_743' title='bbox 734 5532 824 5591; x_wconf 81' lang='lat' dir='ltr'>ed.</span> 
     </span>
    </p>
   </div>
   <div class='ocr_carea' id='block_1_114' title="bbox 496 5773 1591 5846">
    <p class='ocr_par' dir='ltr' id='par_1_114' title="bbox 496 5773 1591 5846">
     <span class='ocr_line' id='line_1_114' title="bbox 496 5773 1591 5846; baseline 0.001 -18"><span class='ocrx_word' id='word_1_744' title='bbox 496 5773 619 5845; x_wconf 75' lang='lat'>520)</span> <span class='ocrx_word' id='word_1_745' title='bbox 651 5776 731 5830; x_wconf 85' lang='lat' dir='ltr'>De</span> <span class='ocrx_word' id='word_1_746' title='bbox 758 5787 871 5843; x_wconf 88' lang='lat' dir='ltr'>qua</span> <span class='ocrx_word' id='word_1_747' title='bbox 900 5774 973 5830; x_wconf 91' lang='lat' dir='ltr'>cf.</span> <span class='ocrx_word' id='word_1_748' title='bbox 1007 5788 1182 5846; x_wconf 87' lang='lat' dir='ltr'>supra</span> <span class='ocrx_word' id='word_1_749' title='bbox 1217 5773 1386 5831; x_wconf 88' lang='lat' dir='ltr'>Gesta</span> <span class='ocrx_word' id='word_1_750' title='bbox 1418 5790 1469 5831; x_wconf 92' lang='lat' dir='ltr'>c.</span> <span class='ocrx_word' id='word_1_751' title='bbox 1505 5779 1591 5831; x_wconf 75' lang='lat'>29.</span> 
     </span>
    </p>
   </div>
   <div class='ocr_carea' id='block_1_115' title="bbox 470 5698 2879 5845">
    <p class='ocr_par' dir='ltr' id='par_1_115' title="bbox 470 5698 2879 5845">
     <span class='ocr_line' id='line_1_115' title="bbox 470 5698 2879 5845; baseline -0.002 -88"><span class='ocrx_word' id='word_1_752' title='bbox 470 5703 619 5845; x_wconf 43' lang='lat'><strong>£525;</strong></span> <span class='ocrx_word' id='word_1_753' title='bbox 652 5702 808 5758; x_wconf 90' lang='lat' dir='ltr'>Idem</span> <span class='ocrx_word' id='word_1_754' title='bbox 839 5701 1181 5759; x_wconf 87' lang='lat' dir='ltr'>vocabulum</span> <span class='ocrx_word' id='word_1_755' title='bbox 1214 5701 1270 5757; x_wconf 91' lang='lat' dir='ltr'>in</span> <span class='ocrx_word' id='word_1_756' title='bbox 1302 5702 1428 5759; x_wconf 86' lang='lat' dir='ltr'>Vita</span> <span class='ocrx_word' id='word_1_757' title='bbox 1465 5702 1517 5757; x_wconf 92' lang='lat' dir='ltr'>S.</span> <span class='ocrx_word' id='word_1_758' title='bbox 1551 5702 1785 5760; x_wconf 90' lang='lat' dir='ltr'>Antonii</span> <span class='ocrx_word' id='word_1_759' title='bbox 1821 5708 1880 5759; x_wconf 89' lang='lat' dir='ltr'>et</span> <span class='ocrx_word' id='word_1_760' title='bbox 1907 5701 2126 5761; x_wconf 87' lang='lat' dir='ltr'>Deicoli</span> <span class='ocrx_word' id='word_1_761' title='bbox 2156 5700 2269 5773; x_wconf 88' lang='lat' dir='ltr'>legi</span> <span class='ocrx_word' id='word_1_762' title='bbox 2302 5698 2605 5766; x_wconf 78' lang='lat' dir='ltr'>Henschon</span> <span class='ocrx_word' id='word_1_763' title='bbox 2635 5699 2879 5753; x_wconf 87' lang='lat' dir='ltr'>notavit.</span> 
     </span>
     <span class='ocr_line' id='line_1_116' title="bbox 496 5773 1591 5845; baseline 0.001 -17"><span class='ocrx_word' id='word_1_764' title='bbox 496 5777 596 5831; x_wconf 75' lang='lat'>520</span> <span class='ocrx_word' id='word_1_765' title='bbox 651 5776 731 5830; x_wconf 85' lang='lat' dir='ltr'>De</span> <span class='ocrx_word' id='word_1_766' title='bbox 758 5787 871 5843; x_wconf 88' lang='lat' dir='ltr'>qua</span> <span class='ocrx_word' id='word_1_767' title='bbox 900 5774 973 5830; x_wconf 91' lang='lat' dir='ltr'>cf.</span> <span class='ocrx_word' id='word_1_768' title='bbox 1007 5788 1182 5845; x_wconf 87' lang='lat' dir='ltr'>supra</span> <span class='ocrx_word' id='word_1_769' title='bbox 1217 5773 1386 5831; x_wconf 90' lang='lat' dir='ltr'>Gesta</span> <span class='ocrx_word' id='word_1_770' title='bbox 1418 5790 1469 5831; x_wconf 92' lang='lat' dir='ltr'>c.</span> <span class='ocrx_word' id='word_1_771' title='bbox 1505 5779 1591 5831; x_wconf 75' lang='lat'>29.</span> 
     </span>
    </p>
   </div>
  </div>
