3948 6472
500 367 598 421 231

1050 362 1112 416 S.
1159 359 1510 417 BBUNONIS
1548 356 2196 414 CARTHUSIANORUM
2234 359 2721 418 INSTITUTORIS
2761 360 2913 416 OPP.
2956 361 3131 418 PARS
3172 362 3238 417 Il.

3706 367 3810 420 232

499 488 750 557 Epistola
781 487 904 542 dico
925 488 1160 558 scripta,
1181 501 1298 540 non
1319 489 1664 552 atramento,
1689 485 1742 538 id
1764 492 1846 538 est
1875 499 1980 538 non
2014 484 2108 538 de-
2128 486 2180 545 A
2210 484 2421 539 avidius
2451 494 2568 540 ruat
2612 487 2667 540 in
2711 486 2930 542 vetitum
2966 505 2978 541 :
3030 486 3269 542 cumulat
3315 487 3476 542 etiam
3525 496 3806 558 peccatum

500 576 754 631 lebiliter.
805 576 903 630 Vel
946 583 1266 643 atramento,
1318 575 1372 627 id
1425 582 1503 627 est
1549 573 1728 644 aliqua
1775 573 2097 644 contagione

501 673 559 719 ut
588 664 795 735 pseudo
827 680 954 719 suos
986 679 1253 734 sequaces
1307 661 1572 732 polluunt,
1599 661 1694 716 sed
1734 661 1935 730 scripta
1976 661 2098 732 Spi-

501 755 623 810 ritu
651 754 771 822 Dei,
805 752 861 807 id
891 760 973 807 est
1021 750 1402 806 indelebiliter.
1447 752 1549 808 Dei
1595 750 1717 804 dico
1766 751 1892 815 viui,
1925 749 2016 820 qui
2045 755 2099 803 et

503 858 598 897 vos
629 850 894 912 perpetuo
911 841 1094 896 vivere
1114 839 1276 895 faciet
1311 857 1324 893 :
1349 855 1464 894 non
1487 839 1679 893 iterum
1699 838 1902 907 scripta
1920 839 1982 891 in
2007 842 2098 892 ta-

505 930 650 986 bulis
675 930 930 1002 lapideis,
966 929 1020 983 id
1069 937 1150 984 est
1199 927 1478 992 induratis,
1511 935 1564 982 et
1601 927 1828 983 verbum
1857 925 1958 980 Dei
1988 942 2097 980 non

498 1018 852 1073 sentientibus
879 1033 890 1071 :
914 1018 1008 1073 sed
1029 1017 1232 1086 scripta
1253 1017 1317 1071 in
1341 1017 1545 1071 talibus
1578 1015 1923 1080 carnalibus,
1943 1013 1996 1067 id
2017 1021 2098 1068 est

497 1106 844 1162 sensibilibus
880 1121 892 1160 :
925 1114 976 1160 et
1007 1105 1226 1159 verbum
1266 1103 1362 1158 Dei
1394 1103 1463 1158 ad
1514 1103 1744 1159 fructum
1794 1102 2098 1157 faciendum

499 1195 936 1264 suscipientibus.
970 1193 1192 1247 Tabulis
1225 1192 1348 1248 dico
1389 1192 1589 1257 cordis,
1633 1191 1683 1246 id
1715 1199 1796 1246 est
1829 1190 2098 1244 interioris

499 1283 824 1347 intellectus,
859 1282 951 1335 ubi
988 1281 1106 1336 ait:
1158 1282 1217 1335 In
1248 1280 1445 1334 tabulis
1493 1279 1742 1349 lapideis,
1793 1279 1949 1332 mittit
1997 1293 2098 1332 nos

498 1371 566 1425 ad
597 1370 912 1425 memoriam
943 1369 1144 1424 veteris
1180 1369 1332 1438 legis,
1367 1385 1490 1439 qua:
1522 1369 1644 1423 data
1675 1377 1754 1421 est
1787 1367 1838 1420 in
1869 1366 2098 1436 lapideis

497 1459 698 1515 tabulis
727 1460 927 1528 (Exod.
961 1472 1160 1522 xxxiv,
1198 1462 1270 1526 1),
1326 1457 1643 1529 signiﬁcans
1675 1455 1844 1511 corda
1873 1455 2094 1508 Judzno-

497 1564 618 1602 rum
648 1547 882 1617 lapidea.
914 1545 1052 1613 Quia
1085 1546 1222 1600 sicut
1251 1545 1387 1615 lapis
1420 1545 1755 1615 sculpturam
1773 1543 1990 1614 quidem
2013 1559 2098 1597 re-

499 1635 646 1706 cipit,
678 1635 774 1690 sed
805 1635 935 1688 nihil
966 1634 1166 1700 sentit;
1215 1634 1292 1688 sic
1337 1633 1502 1688 corda
1549 1633 1882 1698 Judarorum,
1929 1633 2096 1686 corti-

499 1740 617 1779 cem
657 1723 876 1795 quidem
906 1723 1064 1793 legis,
1097 1722 1152 1776 id
1186 1729 1270 1776 est
1311 1721 1581 1776 carnalem
1611 1719 1938 1774 intellectum
1971 1735 2096 1773 sus-

497 1820 793 1882 ceperunt:
829 1811 926 1866 sed
955 1809 1230 1866 medulam
1278 1809 1418 1881 legis
1463 1808 1818 1879 spiritualem,
1869 1807 2092 1872 scilicet,
2117 1840 2169 1899 Β

499 1901 831 1955 intellectum
888 1916 996 1954 non
1057 1897 1551 1953 senseruntzDixit
1594 1897 1863 1966 superius.
1920 1896 2096 1950 Nemo

499 1997 612 2044 tam
631 1988 858 2042 idoneus
889 1995 946 2041 ut
977 2003 1083 2058 ego
1114 2001 1126 2040 :
1160 1987 1352 2040 iterum
1392 2001 1489 2040 vos
1536 1986 1666 2040 estis
1696 1983 1925 2054 epistola
1953 2000 2092 2052 mea,

499 2086 552 2133 et
580 2093 677 2148 per
705 2093 793 2130 me
823 2075 954 2131 estis
981 2075 1208 2144 epistola
1236 2073 1453 2139 Christi,
1487 2083 1538 2128 et
1569 2073 1635 2127 ad
1659 2075 1777 2128 hazc
1807 2073 1986 2126 subdit
2015 2080 2096 2126 ta-

493 2164 602 2221 lem
634 2164 908 2229 ﬁduciam,
944 2163 1170 2228 scilicet,
1202 2162 1345 2233 quod
1374 2160 1696 2217 ﬁducialiter
1724 2161 1834 2214 dixi
1862 2177 1948 2214 me
1979 2175 2095 2214 ma-

498 2256 586 2327 gis
615 2254 893 2321 idoneum,
927 2260 1031 2308 etc.
1068 2252 1216 2306 Hanc
1247 2252 1420 2305 talem
1467 2249 1737 2319 ﬁduciam
1784 2264 1893 2303 non
1937 2249 2094 2302 nobis

493 2343 866 2414 praesumimus
893 2340 1242 2395 referendam
1275 2356 1288 2393 :
1321 2339 1419 2393 sed
1471 2338 1736 2394 habemus
1783 2338 1920 2391 hanc
1951 2335 2094 2390 ﬁdu-

494 2431 636 2487 ciam
666 2429 1005 2486 referendam
1038 2430 1109 2483 ad
1129 2429 1330 2482 Deum.
1364 2425 1506 2494 Quia
1534 2428 1677 2480 enim
1703 2426 1930 2480 idoneus
1951 2441 2090 2492 sum,

494 2520 638 2591 quod
669 2536 767 2575 vos
796 2519 926 2573 estis
956 2517 1186 2588 epistola
1214 2531 1338 2570 mea
1371 2533 1384 2568 :
1415 2516 1522 2570 hoc
1568 2523 1737 2569 totum
1781 2515 1925 2568 Deus
1956 2529 2088 2583 Ope-

498 2617 671 2664 ratur.
704 2607 995 2673 Habemus,
1020 2607 1268 2677 inquam,
1290 2605 1360 2659 ad
1382 2605 1576 2669 Deum,
1609 2611 1661 2658 et
1678 2620 1780 2674 per
1807 2603 2092 2657 Christum

492 2697 824 2752 mediantem
857 2713 870 2749 :
905 2695 1154 2750 Christus
1183 2693 1327 2748 enim
1350 2693 1647 2748 secundum
1676 2691 1962 2760 imperium
1992 2689 2093 2744 Dei

494 2784 836 2842 consecravit
865 2800 953 2838 me
982 2783 1238 2837 idoneum
1285 2781 1626 2852 Apostolum.
1678 2779 1952 2833 Fiduciam
1982 2777 2091 2832 uti-

491 2890 597 2946 que
627 2875 768 2928 hanc
793 2872 1058 2927 habemus
1073 2871 1140 2925 ad
1160 2871 1337 2925 Deum
1369 2887 1382 2922 :
1415 2885 1531 2923 non
1552 2869 1622 2921 ita
1647 2867 1790 2939 quod
1810 2867 2092 2936 su/ﬁcien-

494 2968 573 3018 tes
602 2964 781 3017 simus
802 2963 1070 3030 cogitare,
1096 2959 1298 3013 nedum
1315 2957 1529 3028 operari
1551 2955 1768 3026 aliquid
1789 2973 1822 3009 a
1838 2955 2012 3020 nobis,
2037 2953 2091 3008 id

493 3058 577 3105 est
597 3049 881 3103 utilitatem
903 3056 1163 3101 nostram.
1191 3047 1363 3113 Quasi
1376 3047 1477 3099 hoc
1497 3043 1802 3114 possitesse
1821 3059 1893 3098 ex
1914 3043 2085 3109 nobis,

492 3137 544 3192 id
577 3146 659 3192 est
689 3153 753 3191 ex
783 3136 990 3191 viribus
1021 3135 1239 3198 nostris,
1263 3134 1378 3188 sine
1401 3140 1730 3202 c00perante
1760 3129 1937 3200 gratia
1967 3130 2084 3184 Dei.

2195 575 2673 644 praevaricationis,
2708 576 2852 646 quod
2882 592 2990 630 non
3022 584 3139 630 erat
3195 584 3320 630 ante
3373 576 3555 648 legem
3600 577 3802 631 datam.

2196 662 2393 717 Littera
2426 663 2648 734 quidem
2680 664 2757 718 sic
2775 664 2973 719 occidit
3006 679 3018 717 :
3043 664 3141 719 sed
3165 664 3416 735 Spiritus,
3437 665 3491 718 id
3513 672 3596 720 est
3621 667 3806 720 Evan-

2196 751 2401 822 gelium
2433 768 2555 806 cum
2586 753 2835 820 adjutore
2869 752 3061 822 spiritu
3109 753 3316 818 datum,
3367 752 3496 808 facit
3539 753 3724 809 vivere
3752 753 3808 808 in

2197 839 2426 894 sustitia.
2463 841 2852 895 Commendato
2883 841 3179 912 Evangelio
3218 857 3335 909 suo,
3374 842 3623 896 eamdem
3655 857 3805 897 com-

2197 928 2597 984 mendationem
2628 928 2868 983 refundit
2895 929 2950 983 in
2983 946 3061 995 se,
3094 929 3282 984 dicens
3318 945 3330 982 :
3363 929 3432 983 Et
3487 930 3615 1001 quia
3644 929 3808 984 mini-

2197 1025 2308 1072 ster
2336 1033 2456 1070 sum
2497 1017 2824 1083 testamenti,
2887 1017 3164 1072 existentis
3220 1017 3276 1072 in
3332 1018 3545 1088 spiritu,
3605 1018 3802 1074 merito

2198 1105 2487 1174 spiritualis
2517 1105 3000 1160 administrationis
3030 1106 3243 1160 habebo
3290 1105 3524 1161 166
3543 1105 3800 1178 gloriam.

2198 1194 2338 1248 Vere
2385 1193 2710 1248 ministratio
2759 1194 2982 1264 spiritus
3027 1195 3125 1250 erit
3170 1194 3303 1248 mihi
3336 1194 3391 1248 in
3419 1194 3627 1266 gloria;
3673 1195 3803 1266 quia

2197 1282 2517 1336 ministratio
2549 1282 2734 1336 mortis
2764 1281 2864 1336 fuit
2894 1283 3069 1353 moysi
3101 1283 3156 1336 in
3198 1282 3395 1355 gloria.
3431 1283 3545 1338 Hoc
3574 1282 3643 1336 ita
3675 1283 3751 1336 ait
3785 1300 3799 1336 :

2202 1371 2340 1437 Quia
2362 1373 2411 1425 si
2431 1372 2785 1426 ministratio
2810 1373 3030 1436 mortis,
3065 1371 3120 1426 id
3137 1380 3218 1425 est
3241 1370 3435 1426 veteris
3454 1371 3596 1442 legis
3629 1385 3641 1424 :
3676 1386 3803 1442 quae

2197 1466 2248 1512 et
2298 1459 2740 1528 concupiscentia
2802 1461 3009 1526 majore
3054 1468 3107 1513 et
3155 1474 3298 1514 nova
3346 1459 3801 1528 praavaricatione

2197 1555 2423 1600 mortem
2476 1547 2790 1602 inferebat:
2848 1547 2923 1612 Si,
2983 1547 3240 1618 inquam,
3300 1546 3622 1601 ministratio
3679 1547 3802 1602 hac

2202 1635 2397 1689 mortis
2431 1635 2640 1692 litteris
2671 1644 2874 1690 tantum
2905 1639 3154 1706 formata
3203 1652 3311 1690 non
3361 1635 3631 1704 adjutorio
3677 1636 3802 1706 spi-

2198 1723 2330 1776 ritus
2363 1722 2600 1792 proﬁcua
2631 1723 2772 1778 facta
2806 1741 2818 1777 :
2854 1722 3084 1778 formata
3129 1724 3251 1779 dico
3302 1725 3363 1778 in
3397 1723 3698 1796 lapidibus.
3734 1725 3802 1778 In

2199 1811 2404 1865 sabulis
2435 1812 2578 1866 enim
2609 1811 2834 1882 lapideis
2864 1812 2948 1866 lex
2974 1813 3145 1882 Moysi
3183 1812 3307 1866 data
3346 1810 3463 1877 fuit,
3495 1819 3552 1865 ut
3582 1811 3800 1884 signifi-

2199 1908 2345 1954 caret
2377 1899 2590 1969 lapidea
2621 1900 2784 1954 corda
2810 1900 3139 1968 judzeorum.
3174 1899 3249 1967 Si,
3283 1900 3522 1971 inquam,
3558 1907 3657 1955 hac
3686 1900 3801 1954 mi-

2197 1988 2436 2042 nistratio
2466 1990 2581 2058 fuit
2613 1989 2784 2058 Moysi
2837 1988 3023 2043 valens
3069 1990 3132 2042 in
3176 1988 3425 2043 habenda
3451 1989 3632 2059 gloria
3664 2008 3681 2042 :
3722 1989 3802 2042 ita

2195 2076 2317 2130 dico
2339 2076 2392 2128 in
2410 2075 2604 2145 gloria,
2624 2081 2689 2130 ut
2709 2078 2816 2144 ﬁlii
2833 2076 3006 2131 Israel
3024 2093 3138 2130 non
3153 2081 3379 2148 possent
3411 2076 3708 2132 intendere
3732 2078 3796 2131 in

2195 2166 2402 2233 faciem
2423 2165 2589 2234 Moysi
2605 2169 2838 2236 propter
2847 2166 3089 2235 gloriam
3112 2166 3301 2220 vultus
3323 2167 3462 2236 ejus,
3483 2180 3604 2236 qua
3619 2164 3800 2235 gloria

2197 2256 2525 2307 evacuatur.
2576 2253 2727 2306 llanc
2773 2253 2914 2305 enim
2963 2240 3194 2323 gloriam
3244 2251 3425 2306 vultus
3453 2251 3655 2306 scimus
3687 2253 3797 2307 cito

2196 2339 2438 2409 elapsam
2488 2355 2521 2393 a
2569 2341 2772 2410 Moyse.
2828 2340 2904 2404 Si,
2953 2340 3190 2410 inquam,
3246 2340 3562 2394 ministratio
3604 2341 3797 2394 mortis

2196 2427 2293 2481 fuit
2321 2429 2494 2498 Moysi
2513 2429 2567 2481 in
2591 2436 2736 2482 tanta
2755 2428 2934 2500 gloria
2967 2446 2980 2482 :
3004 2429 3271 2500 quomodo
3299 2429 3651 2483 ministratio
3673 2431 3800 2500 spi-

2194 2517 2364 2582 ritus,
2397 2516 2450 2570 id
2483 2525 2563 2570 est
2594 2517 2878 2588 Evangelii
2927 2533 3048 2570 cum
3094 2533 3200 2588 quo
3254 2533 3356 2588 per
3400 2532 3594 2571 manus
3639 2532 3798 2572 meas

2195 2604 2424 2673 Spiritus
2456 2613 2674 2658 sanctus
2718 2605 3160 2669 administratur;
3211 2604 3485 2675 quomodo
3532 2605 3638 2660 hoc
3676 2621 3798 2660 non

2194 2693 2307 2747 erit
2354 2692 2485 2745 mihi
2528 2695 2705 2762 magis
2750 2693 2938 2747 valens
2982 2694 3043 2747 in
3095 2692 3347 2747 habenda
3405 2695 3585 2762 gloria
3626 2709 3797 2764 quam

2192 2781 2412 2850 Moysi?
2437 2782 2557 2834 Non
2591 2781 2693 2836 hoc
2723 2781 2850 2835 dicit
2879 2788 2932 2834 ut
2965 2798 3023 2835 se
3055 2781 3248 2836 merito
3295 2782 3544 2851 praeferat
3593 2782 3793 2851 Moysi,

2193 2870 2289 2923 sed
2320 2869 2434 2923 sola
2463 2869 2728 2941 dignitate
2759 2869 3064 2924 ministerii.
3099 2871 3201 2924 Per
3220 2886 3413 2924 manus
3439 2871 3584 2925 enim
3615 2871 3796 2940 Moysi

2191 2965 2466 3028 praecepta
2493 2957 2610 3012 sola
2638 2958 2926 3027 dabantur,
2960 2957 3104 3012 nulla
3148 2958 3328 3029 gratia
3362 2975 3374 3011 :
3408 2959 3505 3013 sed
3536 2973 3569 3013 a
3619 2957 3795 3014 Paulo

2192 3053 2244 3099 et
2273 3054 2546 3116 praecepta
2582 3063 2594 3098 :
2626 3054 2677 3100 et
2706 3062 2806 3116 per
2831 3046 3231 3116 imposilionem
3271 3062 3462 3100 manus
3495 3046 3629 3114 ejus,
3663 3063 3794 3118 gra-

2193 3134 2262 3187 tia
2294 3135 2521 3204 Spiritus
2551 3135 2722 3190 sancti
2755 3134 3037 3203 adjuvans,
3071 3142 3128 3188 ut
3158 3152 3278 3206 qua:
3306 3134 3792 3205 praecipiebantur,

490 3227 558 3280 Et
587 3225 712 3280 licet
743 3223 875 3277 nihil
896 3222 1220 3277 sufficiamus
1242 3237 1307 3275 ex
1329 3220 1504 3287 nobis,
1538 3227 1723 3274 tamen
1751 3217 2082 3284 sufﬁcimus;
2111 3192 2156 3251 Ο
2188 3230 2373 3292 posset
2404 3223 2566 3277 homo
2598 3222 2836 3292 Operari.
2870 3222 3005 3291 Quia
3031 3223 3104 3276 ait
3144 3223 3198 3276 in
3242 3221 3436 3278 faciem
3474 3222 3647 3293 Moysi
3676 3239 3794 3278 non

490 3315 586 3371 sed
608 3313 700 3368 illa
721 3313 1064 3382 sufﬁcientia
1078 3315 1275 3364 nostra
1291 3324 1399 3363 non
1416 3315 1623 3362 tantum
1645 3306 1940 3378 cogitandi,
1965 3307 2080 3373 sed,

489 3402 626 3458 sicut
653 3401 997 3471 praemissum
1026 3406 1129 3463 est,
1170 3397 1366 3452 idonee
1415 3395 1699 3466 Operandi.
1750 3393 1939 3449 Omnis
1968 3396 2084 3449 haec

487 3488 806 3546 sufﬁcientia
834 3487 1228 3558 qualiscunque
1259 3485 1346 3551 sit,
1378 3501 1452 3540 ea:
1482 3485 1591 3538 Deo
1622 3487 1724 3539 est.

559 3575 972 3634 Commendavit
1015 3589 1305 3645 personam
1343 3588 1493 3627 suam
1543 3572 1674 3626 satis
1709 3589 1721 3624 :
1753 3586 1897 3626 nunc
1927 3586 2081 3626 com-

488 3667 710 3722 mandat
737 3663 1096 3719 ministerium
1126 3677 1306 3726 suum,
1339 3660 1482 3731 quod
1528 3660 1720 3714 iterum
1751 3659 2084 3729 retorquebit

486 3755 555 3810 ad
584 3752 1112 3809 commendationem
1129 3750 1233 3816 sui,
1253 3749 1442 3803 dicens
1477 3763 1488 3801 :
1525 3748 1628 3814 Qui
1649 3749 1793 3801 Deus
1821 3748 2081 3817 fecitnos

486 3843 716 3899 idoneos
766 3841 1080 3895 ministros.
1135 3837 1421 3906 Quomodo
1476 3836 1702 3890 idoneos
1745 3851 1909 3904 supra
1951 3836 2081 3889 satis

487 3929 744 3996 ostendit,
777 3929 873 3984 sed
901 3927 1055 3996 cujus
1103 3927 1179 3982 rei
1221 3923 1454 3980 ministri
1496 3924 1620 3988 sint,
1667 3922 1802 3977 illud
1848 3923 2078 3976 subdit:

487 4018 762 4073 Ministros
793 4016 915 4072 dico
944 4017 1073 4071 novi
1097 4015 1446 4070 testamenti.
1479 4014 1644 4067 Vetus
1674 4011 2081 4066 Vestamentum

486 4106 639 4177 prius
668 4105 782 4171 fuit,
819 4104 963 4176 quod
991 4111 1043 4158 et
1089 4102 1377 4157 delendum
1427 4108 1543 4156 erat
1588 4116 1687 4170 per
1739 4100 1972 4166 Novum,
2029 4107 2082 4154 et

486 4193 735 4250 carnales
762 4192 1059 4247 secundum
1102 4189 1471 4247 carnalitatem
1513 4188 1806 4242 instruens.

558 4283 666 4339 Sed
695 4280 1055 4353 Evangelium
1085 4285 1463 4334 testamentum
1493 4293 1695 4332 novum
1724 4282 1826 4341 est,
1876 4273 2081 4328 docens

486 4379 540 4428 et
559 4372 826 4426 innovans
857 4369 1102 4440 spiritum
1151 4367 1404 4433 hominis,
1456 4382 1557 4420 nec
1605 4365 1712 4419 alio
1757 4369 2080 4418 testamento

480 4459 890 4516 immutandum.
926 4457 1200 4512 Ministros
1246 4455 1368 4510 dico
1414 4453 1553 4510 Novi
1603 4450 1931 4507 Testamenti
1962 4448 2080 4503 exi-

2184 3326 2347 3381 posse
2380 3310 2664 3364 intendere
2690 3311 2930 3376 Juda-zos,
2964 3311 3182 3382 signum
3210 3318 3325 3365 erat
3355 3311 3501 3381 quod
3531 3311 3792 3380 spiritua-

2184 3415 2268 3454 em
2319 3399 2651 3454 intellectum
2699 3398 2838 3470 legis
2884 3415 3079 3469 capere
3126 3415 3233 3454 non
3280 3407 3577 3469 poterant:
3611 3416 3783 3469 quem

2182 3486 2371 3552 facies,
2403 3487 2456 3541 id
2486 3496 2568 3541 est
2604 3486 2908 3542 intellectus
2957 3487 3129 3558 Moysi
3172 3487 3350 3543 lucide
3394 3488 3787 3559 cognoscebat.

2183 3576 2384 3629 lterum
2414 3575 2557 3646 quod
2587 3575 2757 3644 gloria
2785 3575 2963 3629 vultus
2995 3576 3110 3644 ejus
3141 3583 3404 3631 evacuata
3430 3589 3512 3630 est
3535 3592 3548 3628 :
3571 3575 3789 3647 signiﬁ-

2181 3663 2323 3718 cavit
2351 3663 2437 3717 illa
2468 3680 2588 3734 qum
2617 3663 2954 3716 ministrabat
2986 3663 3300 3734 temporalia
3343 3680 3487 3730 esse,
3520 3679 3631 3717 non
3661 3680 3790 3734 per-

2181 3751 2470 3817 manentia,
2509 3768 2609 3821 pro
2639 3751 2834 3822 quibus
2865 3752 3214 3822 temporalem
3247 3752 3483 3806 habebat
3524 3751 3784 3822 gloriam.

2180 3841 2318 3895 Vere
2343 3839 2666 3894 ministratio
2697 3840 2918 3909 spiritus
2963 3841 3063 3894 erit
3105 3840 3237 3894 mihi
3279 3841 3333 3894 in
3382 3839 3559 3911 gloria
3593 3859 3607 3905 ;
3655 3857 3790 3894 nam

2181 3928 2559 3983 administrare
2627 3928 2894 3998 spiritum,
2945 3938 3026 3983 est
3073 3929 3451 3984 administrare
3491 3928 3787 3998 justitiam.

2182 4016 2537 4072 Ministerium
2586 4025 2764 4071 autem
2807 4017 3029 4085 justitize
3073 4025 3155 4072 est
3193 4016 3379 4072 valens
3427 4016 3482 4071 in
3529 4017 3790 4072 habenda

2181 4104 2374 4174 gloria.
2408 4106 2550 4159 Nam
2580 4107 2630 4159 si
2658 4106 3012 4160 ministratio
3042 4105 3448 4171 damnationis,
3487 4103 3542 4158 id
3572 4112 3656 4160 est
3687 4121 3787 4161 ve-

2179 4192 2311 4247 teris
2341 4193 2497 4263 legis,
2534 4210 2655 4263 qum
2675 4200 2729 4247 et
2744 4201 3026 4263 peccatum
3049 4203 3099 4248 et
3120 4193 3621 4264 pravaricationem
3651 4208 3792 4263 pec-

2181 4281 2284 4336 cati
2313 4281 2475 4347 facit;
2511 4281 2575 4349 si,
2609 4281 2849 4352 inquam,
2882 4282 2996 4336 hac
3045 4281 3363 4336 ministratio
3405 4280 3577 4351 Moysi
3607 4286 3694 4336 est
3727 4280 3788 4336 in

2178 4370 2377 4440 gloria,
2401 4369 2580 4424 multo
2599 4371 2772 4440 magis
2787 4370 3190 4436 ministerium,
3211 4370 3268 4425 id
3280 4378 3362 4424 est
3374 4368 3784 4424 administratio

2172 4457 2392 4525 justitiaa
2420 4457 2672 4512 abundat
2698 4457 2828 4510 mihi
2857 4459 2919 4512 in
2946 4459 3152 4528 gloria.
3184 4457 3436 4512 Abundat
3467 4457 3609 4522 ideo,
3643 4457 3784 4528 quia

485 4549 676 4605 stentis
711 4563 722 4601 ε
756 4564 872 4604 non
887 4547 941 4600 in
969 4547 1167 4601 littera
1189 4548 1442 4610 tantum,
1466 4551 1520 4596 ut
1542 4543 1708 4597 Vetus
1741 4539 1871 4595 :SCd
1890 4538 1945 4592 in
1965 4539 2078 4609 ερί-
2107 4547 2158 4606 D
2181 4545 2356 4618 gloria
2384 4561 2506 4600 mea,
2551 4561 2893 4616 permanens,
2938 4545 3031 4600 illa
3073 4546 3404 4601 transitoria,
3457 4545 3560 4601 Ubi
3610 4562 3784 4616 supra

483 4639 605 4695 ritu
634 4645 687 4692 et
728 4636 928 4690 littera.
991 4636 1154 4691 Vetus
1211 4632 1356 4688 enim
1409 4631 1496 4686 lex
1551 4629 1805 4684 litteralia
1859 4626 2080 4698 quidem

484 4732 758 4797 praecepta
786 4724 968 4789 debat,
1001 4721 1100 4778 sed
1128 4721 1252 4792 quia
1281 4719 1514 4792 gratiam
1561 4717 1793 4788 Spiritus
1840 4730 1950 4769 non
1977 4713 2078 4766 ha-

482 4815 661 4880 bebat,
695 4813 819 4868 ideo
847 4811 1023 4883 magis
1051 4810 1279 4865 nocebat
1296 4823 1460 4880 quam
1481 4807 1783 4876 adjuvaret.
1808 4803 1936 4857 Ideo
1957 4801 2078 4855 dico

482 4918 684 4958 novum
713 4907 1094 4956 testamentum
1125 4914 1246 4954 esse
1274 4897 1330 4951 in
1377 4895 1603 4967 spiritu;
1636 4893 1759 4964 quia
1789 4891 1836 4946 si
1881 4890 1939 4944 in
1985 4888 2077 4943 lit-

487 4999 605 5045 tera
633 4997 837 5043 tantum
867 4996 1029 5054 esset,
1072 4985 1368 5042 occideret.
1416 4985 1638 5038 Littera
1667 4982 1820 5037 enim
1851 4978 2072 5042 occidit,

485 5078 579 5134 sed
607 5079 842 5150 spiritus
859 5078 1123 5146 viviﬁcat.
1146 5076 1249 5129 Les
1272 5081 1425 5128 vetus
1437 5087 1556 5142 quae
1576 5070 1630 5124 in
1659 5069 1837 5124 littera
1867 5075 2077 5121 tantum

485 5166 769 5231 existebat,
802 5165 1055 5221 occidere
1081 5163 1278 5219 dicitur
1313 5179 1325 5216 :
1350 5176 1459 5215 non
1480 5158 1606 5230 quia
1635 5159 1782 5212 Deus
1813 5157 1970 5210 dator
1997 5153 2076 5209 le-

483 5255 590 5328 gis,
624 5254 709 5308 vel
730 5255 944 5324 Moyses
963 5251 1210 5306 minister
1229 5249 1368 5321 legis
1385 5249 1489 5303 hoc
1508 5246 1711 5302 faceret
1745 5261 1756 5299 :
1793 5244 1890 5299 sed
1910 5242 2076 5313 impia

483 5343 771 5399 carnalitas
800 5341 1098 5407 hominum,
1131 5354 1253 5410 quae
1282 5352 1390 5391 non
1420 5334 1721 5407 promeruit
1749 5341 1804 5388 ut
1852 5332 2076 5386 haberet

481 5432 802 5501 adjutricem
849 5429 1086 5500 gratiam
1130 5443 1252 5482 cum
1298 5425 1497 5480 littera.
1547 5423 1680 5492 Qua:
1723 5423 1902 5477 littera
1950 5420 2073 5474 ideo

481 5519 698 5587 occidit,
755 5517 881 5588 quia
930 5523 1093 5587 auget
1134 5512 1626 5584 concupiscentiam
1673 5509 1902 5582 peccati,
1944 5509 2074 5563 dum

482 5606 780 5679 prohibet:
829 5611 1019 5659 natura
1069 5610 1153 5660 est
1195 5601 1343 5659 enim
1388 5609 1591 5658 nostrae
1639 5597 1966 5672 fragilitatis,
2017 5603 2075 5652 ut

2177 4633 2250 4687 ait
2281 4651 2294 4687 :
2328 4633 2645 4688 Ministratio
2675 4634 2886 4699 mortis,
2919 4644 3153 4689 mortem
3184 4642 3464 4705 peccatum
3494 4633 3777 4705 intelligit.

2179 4723 2277 4776 Hic
2305 4730 2485 4776 autem
2507 4738 2602 4790 per
2647 4722 3068 4787 damnationem,
3117 4737 3337 4792 pcnnam
3383 4720 3595 4792 peccati
3623 4722 3784 4776 acci-

2179 4810 2271 4881 pit.
2305 4811 2446 4867 Vere
2478 4809 2801 4865 ministratio
2843 4826 2964 4864 mea
3007 4810 3244 4864 abundat
3286 4811 3342 4864 in
3390 4809 3560 4882 gloria
3606 4809 3783 4865 multo

2177 4898 2391 4971 magis;
2426 4915 2560 4952 nam
2592 4913 2695 4953 nec
2727 4899 3114 4969 gloriﬁcatum
3143 4903 3246 4965 est,
3281 4899 3334 4953 id
3365 4906 3447 4952 est
3475 4913 3582 4952 non
3613 4897 3787 4953 debet

2177 4986 2284 5041 dici
2313 4983 2674 5058 glorificatum
2705 4987 2806 5042 hoc
2837 4987 2978 5059 quod
3007 4988 3218 5042 claruit
3260 4989 3323 5041 in
3353 4987 3456 5042 hac
3498 4990 3686 5056 parte,
3727 4986 3787 5041 id

2177 5083 2258 5128 est
2278 5074 2333 5128 in
2353 5073 2487 5129 facie
2509 5075 2680 5145 Moysi
2694 5080 2930 5147 propter
2945 5076 3322 5130 excellentem
3338 5075 3600 5146 gloriam,
3625 5074 3680 5128 id
3695 5084 3785 5129 est

2175 5163 2243 5216 ad
2260 5162 2723 5233 comparationem
2747 5163 2934 5235 gloriae
2954 5179 3090 5218 meae
3103 5162 3520 5218 excellentioris.
3545 5162 3639 5217 Vel
3660 5162 3741 5217 ita
3763 5179 3776 5218 :

2175 5252 2298 5305 Non
2342 5251 2502 5306 debet
2546 5251 2650 5306 dici
2700 5250 3060 5323 glorificatum
3101 5251 3235 5305 illud
3282 5251 3427 5322 quod
3469 5250 3666 5306 claruit
3719 5250 3778 5306 in

2174 5339 2359 5410 Moyse
2389 5341 2444 5393 in
2471 5341 2575 5394 hac
2602 5348 2776 5410 parte,
2808 5340 2863 5393 id
2894 5348 2976 5395 est
3005 5348 3258 5409 respectu
3288 5339 3445 5408 hujus
3475 5356 3613 5394 meae
3639 5355 3780 5410 par-

2176 5427 2240 5481 tis
2274 5444 2286 5481 :
2315 5437 2538 5498 propter
2561 5428 2914 5484 excellentem
2942 5427 3191 5501 gloriam,
3243 5445 3364 5499 quae
3410 5427 3582 5497 partis
3633 5444 3778 5483 mea:

2175 5520 2274 5577 est,
2309 5520 2360 5566 et
2392 5527 2501 5567 non
2529 5512 2696 5583 partis
2736 5512 2925 5583 Moysi.
2962 5513 3101 5567 Vere
3128 5512 3306 5583 gloria
3335 5527 3460 5566 mea
3489 5528 3656 5582 super
3687 5529 3782 5567 ex-

2175 5599 2379 5657 cellens
2409 5607 2509 5668 est,
2541 5615 2670 5655 nam
2697 5615 2822 5657 mea
2851 5607 3135 5672 permanet
3167 5616 3178 5655 :
3211 5600 3302 5656 illa
3341 5606 3524 5656 autem
3554 5601 3777 5657 transit.
