3920 6434
177 464 203 524 1
226 463 344 526 237

890 456 1154 523 GESTA
1183 449 1536 521 TREVER.
1573 491 1646 502 ιο-
1679 449 2032 518 APPEND.
2064 445 2516 516 TRANSLAT.
2552 451 2620 515 S.
2666 448 2918 515 CELSI.

3450 451 3602 514 1238

174 614 377 672 charii
411 617 835 686 conterqueret
865 613 1395 684 monachorumque
1423 610 1578 667 illius
1603 624 1846 683 pauper-
1876 587 1928 648 Α
1956 610 2467 668 merearinrenire
2482 607 2905 674 patronumEt
2935 613 3061 680 post
3087 607 3207 665 huic
3222 624 3247 677 ,ο
3263 607 3372 678 Ite,
3393 606 3603 681 inquit,

181 706 402 762 tatulze
435 707 674 762 nimium
709 705 1067 768 eendeleret,
1106 703 1355 774 sapienti
1390 718 1527 758 usus
1577 700 1844 770 concilio,

186 795 447 864 primum
480 795 1089 862 menasteriodignum
1120 793 1333 861 delegit
1361 792 1845 861 dispensatorem,

190 882 470 938 abbatem
524 883 803 938 videlicet
847 883 1072 938 nomine
1107 882 1462 938 Cotherium.
1503 880 1667 934 unice
1699 877 1847 949 apud

193 972 509 1026 Gandeuse
556 973 882 1027 CtI‘flOItilllil
946 971 1402 1040 discipliuatum.
1467 969 1564 1022 Cui
1630 972 1848 1022 tantum

194 1062 596 1131 supplmuenti
625 1066 956 1131 sumptuum
987 1061 1039 1113 in
1066 1059 1220 1127 agris
1250 1059 1565 1126 vineisque,
1591 1055 1850 1125 exceptis

195 1149 338 1203 aliis
356 1149 560 1220 perplu
574 1150 732 1203 rimis
748 1150 1352 1202 donariisornamento
1372 1147 1681 1200 uieuastm'i
1697 1147 1708 1199 i
1727 1159 1850 1196 coii-

200 1238 590 1302 ducihilibus,
610 1239 882 1305 contulit,
904 1237 1249 1306 utquaiudiu
1271 1238 1561 1290 tirumuieu
1577 1235 1610 1287 ti
1629 1235 1850 1303 sphzera

194 1326 472 1381 volvitur
501 1327 628 1394 ejus
665 1341 912 1396 perenne
949 1327 1212 1380 meritum
1271 1325 1514 1394 proinde
1549 1323 1735 1392 capiat
1775 1322 1854 1375 iu-

197 1421 595 1470 ereim-ntum.
631 1416 852 1479 Quanta
911 1422 1097 1469 autem
1135 1415 1262 1468 aliis
1314 1412 1702 1479 momisteriis,
1737 1426 1852 1464 siue

199 1505 607 1574 pastoralitati
642 1520 803 1572 teque
838 1505 1095 1557 subactis
1123 1508 1177 1556 et
1214 1509 1418 1566 agente
1459 1501 1664 1570 iuqiiie
1698 1514 1854 1569 pres-

195 1608 338 1646 sura
373 1609 515 1662 pene
541 1593 837 1662 collapsis.
867 1593 932 1646 ad
961 1599 1109 1646 resta
1124 1607 1218 1646 ura
1233 1591 1404 1645 tionis
1427 1590 1670 1657 gratiam
1696 1588 1852 1654 larga

197 1696 375 1735 manu
411 1683 791 1750 (ξοηρρςςριτὶῐ,
829 1681 1148 1750 qualiterve
1201 1680 1532 1733 monasticze
1565 1677 1851 1746 religiiiiui,

195 1784 335 1837 qua:
371 1774 506 1823 tunc
536 1770 817 1838 temporis
871 1769 962 1823 ubi
991 1785 1080 1838 [ne
1115 1767 1479 1838 pessumdari
1524 1767 1850 1832 videbatur,

199 1863 409 1926 utpotr
433 1858 1101 1912 favorabilisanimarum
1124 1857 1512 1923 languei'itiuui
1536 1854 1846 1920 archiater,

1959 701 2314 773 quantocius
2333 701 2392 757 et
2431 699 2587 756 omni
2619 699 2924 756 conamine
2940 698 3215 770 spiritali
3234 698 3455 756 instate
3486 699 3610 755 tam

1948 792 2054 862 pio
2079 791 2292 847 labori.
2311 791 2524 847 Potens
2542 791 2697 847 enim
2715 790 2988 856 estDeas,
3015 789 3123 860 qui
3141 788 3303 846 nobis
3315 789 3612 859 praestitit

1959 881 2127 948 relle,
2149 879 2605 936 subministrare
2627 879 2685 933 et
2687 892 2860 949 posse
2888 879 3013 934 Hoc
3033 878 3230 934 autem
3250 877 3382 934 nolo
3398 892 3499 936 cos
3517 878 3614 936 la-

1966 970 2102 1037 teat,
2121 969 2269 1038 quia
2282 969 2336 1023 si
2354 969 2595 1033 feruida
2610 968 2848 1022 rolunta
2859 968 2909 1022 te
2922 967 3004 1023 ad
3012 967 3368 1037 jaciendum
3372 967 3608 1040 funda—

1962 1060 2218 1113 ment-um
2236 1060 2518 1114 insudare
2538 1059 2740 1127 satagi
2748 1059 2844 1126 tis,
2856 1058 3166 1128 postquam
3182 1057 3335 1113 mihi
3357 1072 3608 1128 comper-

1967 1147 2082 1200 tum
2099 1147 2322 1218 fuerit,
2357 1147 2516 1216 quod
2542 1147 2770 1201 tantum.
2802 1147 2863 1202 in
2903 1145 3091 1200 altum
3122 1147 3610 1216 consurgatqua-

1967 1237 2132 1292 tenus
2149 1240 2248 1292 nni
2258 1251 2326 1292 us
2340 1236 2524 1292 cubiti
2537 1250 2876 1291 mensuram
2890 1250 3064 1306 super
3081 1236 3302 1290 terram
3314 1236 3604 1304 ostendat,

1967 1326 2116 1383 tales
2131 1326 2291 1382 robis
2314 1327 2538 1394 (le/isco
2558 1327 2757 1381 nostro
2780 1326 3087 1397 suppetias
3100 1324 3608 1397 1mebebo,utpar-

1963 1430 2029 1470 co
2079 1417 2523 1486 aliquantorum
2568 1415 2895 1470 interstitio
2945 1428 3230 1469 annorum.
3253 1427 3440 1484 usque
3461 1414 3606 1470 adeo

1952 1505 2287 1573 profectum
2313 1503 2439 1556 Iret-'0
2481 1503 2693 1559 sudore
2716 1503 2937 1572 capiat,
2987 1504 3092 1571 qui
3115 1503 3268 1558 citra
3289 1515 3448 1572 spem
3468 1516 3611 1559 com-

1962 1607 2195 1647 munem
2223 1592 2304 1647 ad
2322 1605 2610 1646 summum
2641 1603 2823 1659 usque
2838 1590 3167 1660 pertingat.

2035 1685 2066 1733 7
2118 1680 2238 1744 Quo
2259 1694 2516 1734 czesareo
2557 1678 2848 1747 gloriosus
2871 1677 3130 1748 pontifex
3157 1677 3445 1734 animatus
3477 1695 3607 1749 pre-

1966 1766 2160 1826 misso.
2196 1766 2388 1821 divino
2422 1766 2735 1822 comitatus
2764 1764 2981 1820 auxilio
3013 1765 3224 1820 mentis
3257 1771 3600 1838 conceptum

1967 1870 2141 1921 opere
2157 1859 2328 1910 tenus
2345 1855 2582 1926 implere
2601 1853 2875 1922 gestiens,
2898 1868 3065 1923 quam
3082 1853 3349 1923 plurimis
3365 1858 3606 1910 strenue

195 1945 773 2000 aucteraliautidote
804 1946 1178 2008 διηιροιιιιιουιιὶῐ,
1218 1946 1442 1997 modum
1476 1940 1850 2011 atrpieealcu-
1885 1946 1930 2002 Β
1965 1943 2269 1999 accersitis
2291 1949 2346 1997 et
2368 1943 2621 1999 cerrasis
2644 1941 3031 1997 caamentariis
3053 1947 3228 2010 atque
3259 1943 3604 2012 fossoribus,

199 2032 326 2086 lum
362 2035 673 2102 excedunt,
713 2034 957 2102 ideoque
991 2034 1056 2087 ad
1115 2033 1459 2085 narrandum
1496 2047 1684 2084 sermo
1717 2045 1843 2083 suc-

196 2122 458 2175 cumbit.
500 2122 655 2176 Adee
685 2123 933 2191 denique
965 2122 1241 2176 virtutum
1281 2123 1586 2189 pzedagega
1633 2118 1850 2173 caritas

201 2208 256 2262 in
296 2209 425 2277 ejus
457 2215 696 2280 pectore
746 2211 1048 2278 vigoral'iili
1084 2210 1325 2280 imperio
1377 2220 1669 2277 sceptrum
1705 2207 1851 2261 obti-

199 2297 356 2362 nuit,
396 2303 684 2366 quatenus
715 2314 842 2353 cum
880 2300 1048 2352 beato
1088 2299 1194 2351 Job
1229 2298 1374 2351 haud
1414 2296 1617 2364 injuria
1655 2296 1849 2349 dicere

197 2394 428 2454 posset,
460 2387 590 2454 quia
618 2402 690 2442 ea?
704 2387 866 2442 utero
882 2387 1096 2442 matris
1111 2400 1249 2441 mere
1261 2400 1492 2453 egressa
1517 2385 1602 2439 est
1623 2384 1852 2440 caritas

191 2487 427 2529 mecum
456 2475 604 2540 (Job.
646 2491 799 2542 xxxi,
836 2479 942 2545 18‘).

274 2567 326 2615 :3.
367 2563 557 2618 Doluit
592 2563 871 2631 siquidem
907 2565 1240 2631 frei‘jueuter
1266 2563 1507 2630 udisque
1535 2561 1850 2616 luminibus

194 2649 320 2704 alta
359 2651 700 2706 multoticns
735 2652 986 2717 suspiria
1043 2652 1244 2716 traxit,
1279 2651 1426 2718 quod
1463 2650 1758 2712 sacellum,
1799 2649 1848 2702 in

202 2753 323 2807 quo
355 2739 657 2809 pretiosus
692 2739 912 2793 Domini
965 2738 1340 2808 arehiprmsul
1390 2738 1708 2793 Eucharius
1742 2752 1849 2792 uua

195 2842 330 2882 cum
392 2826 743 2881 beatissimis
800 2827 1390 2897 eommauipularihus
1451 2827 1572 2880 suis
1625 2827 1675 2879 in
1714 2840 1852 2896 pace

199 2916 466 2985 pausitat
484 2922 539 2969 et
567 2915 875 2970 adventum
905 2915 1309 2986 Redemptoris
1332 2921 1622 2984 expectat,
1650 2915 1848 2972 humili

197 3006 376 3062 nimis
402 3010 575 3072 atque
604 3007 966 3075 paupertino,
994 3012 1077 3059 tot
1108 3007 1440 3060 lal’ientihus
1467 3005 1647 3068 annis,
1685 3005 1852 3060 dura-

201 3099 298 3148 ret
316 3094 709 3148 instrumento
729 3112 740 3156 ;
759 3110 953 3148 secum
973 3095 1175 3148 anxius
1191 3094 1240 3146 iu
1261 3095 1494 3148 archivo
1512 3094 1720 3148 mentis
1736 3094 1851 3148 vel-

196 3196 368 3246 vens,
395 3187 682 3248 quatenus
705 3183 878 3235 vitam
898 3183 1182 3252 sOSpitate
1206 3182 1541 3248 comitante,
1561 3183 1847 3249 condigne

200 3274 490 3338 quantum
525 3269 593 3324 ad
629 3270 918 3324 hominum
964 3271 1403 3325 :l)Stllllﬂtl0fl(‘lll
1437 3276 1738 3340 apparatu,
1767 3270 1849 3338 ja-

197 3363 370 3412 ctato
394 3372 542 3412 neve
561 3357 908 3420 fundamine,
948 3359 1123 3413 tantis
1150 3359 1409 3429 patronis
1430 3359 1735 3426 omnigene
1767 3357 1848 3413 uti

196 3445 468 3501 decuerit
502 3444 592 3476 ³⁸⁸⁵
617 3450 823 3501 ornatu
860 3445 1258 3501 deminicalen'i
1295 3462 1481 3514 ungue
1521 3452 1690 3501 tenus
1724 3462 1850 3516 per-

201 3534 426 3605 poliret
471 3534 816 3598 ecclesiam;
877 3535 1042 3590 nauci
1081 3535 1335 3605 pendens
1367 3536 1532 3589 istam
1590 3541 1847 3591 uestram

195 3629 539 3678 veteranam
573 3629 628 3677 et
661 3639 726 3678 ex
759 3623 998 3692 oblique
1040 3639 1253 3678 vocans
1281 3639 1404 3679 eam
1437 3621 1728 3680 redituum
1767 3639 1850 3678 re-

284 3710 574 3766 sitorium.

241 3727 574 3767 egitorium.

201 3729 232 3783 β
271 3787 322 3837 6.
363 3783 620 3852 Cumque
649 3785 765 3836 tam
801 3782 1054 3853 spiritali
1087 3787 1220 3838 vote
1269 3785 1476 3838 crebra
1528 3783 1849 3839 intentione

194 3876 356 3926 esset
394 3877 737 3941 occupatus,
777 3871 992 3926 accidit
1025 3873 1269 3941 quadam
1327 3873 1470 3936 vice,
1509 3878 1569 3928 ut
1605 3875 1850 3943 priefate

196 3959 473 4030 principi,
510 3959 605 4029 qui
640 3975 769 4015 eum
827 3959 1134 4030 apostolici
1198 3961 1430 4016 honoris
1464 3962 1851 4030 przerogativa

197 4048 479 4116 dignatus
510 4053 620 4116 est,
654 4064 771 4117 prae
805 4050 1020 4104 ceteris
1051 4048 1434 4104 ecclesiarum
1472 4050 1704 4106 vatibus
1736 4066 1852 4106 me-

197 4135 310 4190 rali
349 4136 523 4191 affatu
581 4140 830 4206 ceesset,
873 4138 1042 4207 eique
1080 4137 1228 4192 inter
1261 4137 1370 4191 alia
1431 4137 1850 4194 ecclesiasticae

192 4223 481 4280 utilitatis
503 4225 742 4280 consilia
761 4226 999 4294 hujusce
1016 4225 1556 4293 voluntatisjanuas
1573 4227 1846 4295 aperiret.

195 4314 520 4383 Imperator
552 4329 712 4382 vero,
745 4315 829 4369 uti
856 4315 1351 4371 catholicissimus
1374 4315 1682 4369 mundialis
1707 4315 1852 4370 aula:

193 4405 417 4470 rector,
452 4406 616 4456 tanto
648 4403 792 4456 tanti
831 4403 1125 4474 pontificis
1169 4402 1534 4471 eonjuhilans
1569 4408 1704 4458 voto
1736 4419 1853 4473 ι)ιῖιὲ

195 4488 373 4543 nimia
410 4489 620 4545 mentis
654 4489 960 4546 alacritate
993 4492 1043 4544 in
1081 4492 1201 4546 lltDC
1236 4491 1492 4562 prosiliit
1537 4507 1668 4546 orsa
1703 4511 1713 4544 :
1750 4495 1854 4547 De-

189 4577 466 4634 nea’ictus
497 4579 656 4635 Deus
709 4595 886 4650 super
923 4581 1194 4636 thronum
1231 4582 1460 4636 aiternre
1514 4583 1855 4650 majestatis

1965 2032 2031 2084 ad
2068 2032 2254 2085 locum
2285 2032 2550 2086 tetendit.
2587 2034 2840 2100 Cumque
2868 2030 2981 2098 jam
3007 2044 3110 2100 per
3137 2029 3259 2085 dies
3282 2031 3503 2102 aliquot
3531 2033 3608 2087 fo-

1963 2119 2172 2173 diendo
2201 2121 2522 2174 laboratum
2552 2119 2778 2184 fuisset,
2809 2125 3046 2188 repente
3074 2119 3324 2174 fossores
3357 2119 3606 2190 inopinis

1965 2208 2174 2263 ictibus
2211 2209 2260 2262 in
2300 2214 2386 2262 ter
2418 2214 2740 2277 quaterque
2785 2207 2936 2261 beati
2970 2207 3135 2275 Celsi,
3175 2205 3260 2262 uti
3291 2207 3589 2263 Divinitati

1965 2297 2206 2367 placflit;
2245 2297 2624 2368 polyandrum
2662 2297 2808 2364 (5'27)
2839 2295 3232 2366 impegcrunt.
3274 2339 3284 2349 .
3335 2338 3347 2350 .
3397 2338 3409 2350 .
3458 2339 3470 2351 .
3518 2339 3532 2352 .
3583 2340 3594 2350 .

1963 2388 2096 2440 Erat
2121 2395 2309 2440 autem
2338 2385 2728 2454 sareephagus
2751 2384 2893 2454 ipse,
2930 2384 2982 2438 in
3014 2399 3126 2453 quo
3160 2385 3609 2442 resurrectionis

1965 2476 2176 2530 nudum
2210 2491 2447 2543 granum
2485 2474 2811 2529 maturandi
2873 2473 3058 2542 gratia
3095 2488 3196 2544 per
3228 2476 3311 2529 tot
3345 2478 3606 2546 tempora

1967 2565 2155 2632 latuit,
2185 2565 2308 2617 miri
2336 2563 2608 2618 candoris
2633 2569 2813 2632 petra,
2842 2577 3009 2632 quam
3036 2561 3241 2630 vulgus
3264 2568 3482 2618 cretam
3509 2580 3606 2619 vo-

1966 2658 2087 2716 cat;
2121 2657 2175 2705 et
2208 2651 2404 2707 tabula
2439 2651 2689 2722 desuper
2723 2665 3065 2715 marmorea,
3100 2651 3152 2704 in
3187 2666 3293 2720 qua
3329 2653 3605 2707 sanctita-

1967 2741 2041 2795 tis
2072 2742 2196 2809 ejus
2230 2742 2393 2795 iuch
2429 2739 2639 2795 titulus
2672 2739 2774 2793 fuit
2823 2743 3134 2794 caraxatus
3187 2739 3339 2794 hunc
3371 2740 3600 2796 modum

1965 2830 2269 2884 continens
2305 2848 2316 2882 ε

2035 2920 2115 2974 So
2125 2920 2348 2974 {licitas
2361 2919 2719 2988 quicumque
2731 2919 2896 2986 cupis
2909 2930 3249 2988 cognoscere
3263 2916 3542 2986 tumbam,

2107 3007 2626 3074 Przeclarusjaret
2645 3007 2742 3062 llic
2764 3007 2996 3061 nomine
3011 3006 3110 3061 cel
3133 3006 3368 3062 meritis

2038 3098 2262 3166 Celsus,
2290 3111 2460 3167 quem.
2481 3095 2768 3150 Dominus
2789 3110 2920 3150 vero
2945 3095 3262 3164 insignivit
3281 3094 3512 3163 honore,

2103 3185 2230 3240 Non
2253 3185 2453 3253 segnis
2464 3183 2689 3252 patria?
2708 3196 2932 3252 semper
2952 3182 3174 3252 ubique
3194 3183 3431 3252 rigens;

2036 3272 2148 3335 Qui
2165 3285 2277 3339 gen
2289 3284 2354 3324 us
2376 3271 2555 3340 atque
2577 3271 2767 3326 ortum
2788 3271 2951 3326 claro
2975 3270 3042 3324 de
3061 3270 3364 3326 stemmate
3388 3272 3599 3340 traxit,

2100 3359 2448 3430 Aﬂectuque
2464 3360 2569 3430 pio
2598 3358 2874 3414 conditur
2903 3360 3010 3414 [ioc
3041 3359 3281 3414 tur/rule.

2031 3455 2080 3506 8.
2117 3447 2433 3519 Operarius
2482 3452 2671 3501 autem
2731 3446 2825 3515 qui
2859 3447 3082 3516 primus
3138 3447 3391 3503 omnium
3426 3448 3478 3502 in
3515 3454 3599 3504 tu-

1961 3538 2176 3593 mulum
2207 3537 2466 3605 otfendit,
2501 3536 2754 3590 rusticus
2785 3540 2912 3590 erat
2943 3540 3002 3589 et
3032 3535 3217 3591 totius
3248 3551 3394 3606 pene
3427 3537 3604 3592 ratio-

1963 3628 2067 3690 nis,
2107 3626 2185 3681 uti
2222 3625 2275 3680 id
2320 3625 2609 3678 hominum
2643 3638 2828 3690 genus
2859 3623 3144 3692 nescitur,
3183 3623 3443 3695 incapax.
3479 3627 3602 3682 Non

1960 3717 2111 3770 enim
2148 3715 2367 3770 sciebat
2420 3715 2651 3768 beatum
2682 3713 2788 3767 Job
2821 3711 3040 3767 dixisse
3070 3731 3082 3766 :
3138 3712 3400 3770 Causam
3419 3727 3602 3784 quam

1960 3803 2281 3861 nesciebam
2309 3801 2768 3872 diligentissime
2794 3799 3227 3871 inuestigabam
3257 3801 3483 3872 (Job.v,
3512 3806 3606 3873 6);

1964 3894 2066 3949 sed
2105 3890 2553 3963 przecipitatieni
2589 3903 2813 3944 manum
2848 3889 3119 3946 incautus
3141 3890 3303 3946 dedit
3326 3890 3606 3947 tabulam-

1963 3995 2072 4051 que
2109 3979 2342 4050 bipenni
2376 3979 2549 4048 rapit,
2583 3983 2643 4033 ut
2678 3977 2772 4031 vix
2805 3991 2834 4031 a
2869 3977 3059 4034 doctis
3091 3978 3464 4035 viristitulus
3495 3979 3604 4048 legi

1965 4071 2223 4124 inerrato
2257 4067 2564 4136 quivisset.
2610 4109 2621 4119 .
2674 4108 2684 4120 .
2738 4107 2748 4118 .
2799 4107 2811 4119 .
2864 4109 2875 4119 .
2927 4109 2938 4120 .

2033 4143 2082 4193 9.
2119 4135 2371 4208 Cumque
2404 4143 2517 4191 tam
2551 4137 2720 4191 laetus
2752 4137 2948 4192 rumof
2971 4136 3078 4191 sud
3103 4135 3304 4191 cursili
3331 4137 3607 4192 festinan-

1963 4228 2041 4282 tia
2075 4227 2143 4281 ad
2183 4226 2256 4296 pii
2293 4224 2583 4295 pontificis
2615 4224 2879 4277 notitiam
2908 4224 3290 4293 pervenisset,
3316 4224 3608 4281 multilau-

1965 4317 2033 4370 da
2069 4314 2387 4384 gratiarum
2418 4312 2648 4367 actione
2671 4312 2922 4366 omnium
2951 4312 3210 4367 datorem
3233 4311 3604 4382 largitionum

1968 4402 2262 4459 benedixit
2296 4403 2501 4463 Deum;
2527 4399 2726 4467 sicque
2756 4398 3019 4469 impiger,
3054 4415 3228 4456 morie
3254 4403 3505 4472 nescius,
3535 4403 3604 4458 ad

1966 4493 2218 4549 divinum
2250 4487 2644 4561 spectaculum
2705 4488 2952 4557 proruit,
2989 4487 3148 4545 clero
3206 4490 3610 4562 circumstipa-

1971 4589 2080 4636 tus.
2122 4581 2227 4633 Sed
2266 4577 2528 4648 quamvis
2559 4576 2773 4646 incepti
2807 4575 3002 4646 operis
3030 4582 3186 4631 esset
3211 4579 3605 4650 avidissimus,

188 4668 450 4735 sua,qui
479 4666 645 4724 nobis
671 4669 789 4723 tam
817 4671 1062 4738 gratam
1085 4669 1202 4724 sibi
1235 4669 1537 4739 insp'rare
1571 4670 1855 4740 dignatus
1890 4675 1936 4731 I_‘)
1969 4672 2111 4724 hanc
2148 4677 2333 4722 tamen
2379 4665 2859 4734 interruptionem
2920 4664 3201 4720 sustinuit
3249 4664 3605 4736 lectissimus,

189 4754 654 4809 esteoluntatem
671 4767 690 4811 ,ι
719 4758 799 4811 Et
822 4757 1158 4812 benedictus
1179 4756 1334 4811 beati
1357 4758 1650 4812 EuC/HU'ii
1668 4774 1857 4813 mena-

190 4842 437 4898 oliorum
449 4843 770 4900 unanimus
794 4846 991 4913 ccetus,
1012 4860 1120 4915 per
1142 4845 1311 4914 cujus
1332 4848 1702 4901 necessarias
1727 4862 1858 4902 ora-

187 4930 379 4986 tiones
398 4932 578 4988 totius
595 4933 835 5002 imperii
854 4933 1042 4989 nostri
1057 4947 1092 4989 a
1109 4935 1248 4988 Dom
1261 4935 1355 4988 ino
1367 4947 1468 5002 reg
1479 4949 1551 4987 un
1563 4935 1658 4989 tur
1672 4937 1858 4991 sortes

191 5019 338 5076 Etsi
354 5019 565 5077 dicina
577 5035 706 5076 sors
720 5022 784 5077 in
799 5021 1002 5077 a’iebus
1014 5023 1236 5077 nostris
1251 5021 1355 5076 hoc
1363 5024 1598 5091 preposi
1606 5023 1722 5076 tum
1728 5037 1859 5094 12er-

191 5107 544 5164 (Ιπατθγὶίαίί
579 5109 879 5181 ejectum,
911 5111 1079 5167 Ire/us
1117 5113 1239 5183 jam.
1256 5111 1508 5180 posthac
1538 5112 1694 5166 riam
1730 5114 1856 5168 uni-

191 5209 376 5252 rcrsce
391 5200 597 5253 carnis
610 5198 945 5268 ingrediar,
966 5199 1191 5254 tantum
1212 5199 1446 5270 lt/(ljﬁtd
1455 5201 1658 5255 Jesmn
1687 5202 1856 5256 (Jbri‘

188 5285 348 5340 stum
368 5283 639 5354 judicem
655 5287 893 5356 justum
919 5287 1148 5342 beatum.
1173 5288 1561 5356 Eae/eortina,
1590 5289 1857 5359 primum.

203 5373 504 5429 Treeerice
539 5373 707 5429 urbis
732 5375 1021 5430 doctorem-
1033 5378 1102 5446 [1i
1112 5391 1204 5432 um
1224 5391 1330 5447 pro
1355 5377 1690 5434 encessibus
1713 5378 1857 5436 meis

1971 4774 2101 4813 vera
2140 4757 2246 4810 fide,
2280 4771 2346 4810 ex
2380 4754 2536 4808 tituli
2573 4753 2893 4807 assertione
2952 4752 3332 4820 eertiﬁcatus,
3371 4755 3521 4825 quod
3555 4757 3607 4811 iu

1969 4848 2173 4902 diebus
2197 4845 2320 4900 suis
2346 4857 2521 4914 super
2553 4843 2753 4897 urbem
2776 4841 3137 4897 Trevericam
3171 4841 3496 4899 divinitatis
3530 4845 3612 4899 di-

1965 4940 2214 5005 gnanter
2246 4933 2522 5003 delapsus
2566 4934 2721 4986 esset
2757 4934 3082 5000 respectus.
3122 4930 3398 4988 Omnibus
3432 4932 3612 5001 igitur

1967 5041 2094 5094 qum
2119 5023 2457 5078 acciderant
2474 5019 2797 5091 prudentia3
2819 5018 3099 5090 scalpello
3117 5018 3428 5088 diligenter
3445 5020 3613 5076 rima-

1967 5111 2064 5180 tis,
2099 5109 2257 5164 beati
2292 5107 2547 5178 pignoris
2583 5106 2816 5176 taphum
2853 5105 2922 5160 de
2957 5106 3082 5160 loco
3113 5105 3463 5177 depesitioni
3497 5122 3613 5163 mo-

1967 5214 2104 5254 vere
2135 5212 2493 5267 nequaquam
2531 5194 2924 5267 praesuiiqisit,
2958 5193 3057 5249 sed
3102 5197 3326 5250 tantum
3359 5196 3615 5250 auctori-

1970 5288 2108 5343 tatis
2140 5303 2256 5342 SULL‘
2282 5284 2474 5354 sigillo
2499 5286 2604 5339 sui:
2633 5282 2868 5352 vigilum
2894 5281 3157 5337 excubiis
3187 5282 3416 5351 signare
3450 5298 3614 5340 cura-

1971 5377 2086 5443 vit;
2139 5373 2513 5447 psalmicincs
2547 5371 2776 5426 interim
2815 5369 3124 5426 monachos
3161 5369 3369 5425 ibidem
3398 5374 3586 5427 consti

1564 5511 1800 5565 VARL‘E
1837 5510 2236 5565 LECTIONFS.

247 5604 348 5637 ³⁸⁸⁵
383 5604 717 5660 decreverit
753 5605 905 5662 Bua’.

261 5777 413 5847 (527)
449 5772 864 5830 Ceemeterium
897 5779 996 5829 aut
1029 5775 1357 5844 sepulcrum
