3920 6428
319 377 471 442 1239

995 383 1260 447 GESTA
1289 382 1648 448 TREVER.
1679 414 1761 429 --
1788 377 2147 446 APPEND.
2190 379 2647 451 TRANSLAT.
2684 385 2752 451 Ξ.
2787 383 3045 452 CELSI.

3582 391 3749 457 1240

317 546 506 611 tuens,
539 541 635 613 qui
669 543 741 597 ob
793 542 997 597 merita
1056 543 1200 597 tanti
1228 542 1372 612 justi
1434 538 1980 599 inintermissibiles
2010 518 2064 577 Α
2096 537 2628 613 tacitfrequeutiis
2649 542 3014 613 angelorum.
3037 540 3259 598 Iterum
3284 557 3442 614 rogo,
3460 546 3744 618 gaudete,

316 633 713 704 persolverent
740 634 944 689 laudes
965 635 1141 689 divini
1158 634 1279 703 tati,
1307 634 1498 703 quoad
1530 634 1652 703 ipse
1674 632 1979 703 coepisco-

313 738 516 795 porum
553 739 789 779 suorum
823 726 1093 780 consultu
1132 725 1361 795 plenius
1400 724 1789 794 perdisceret,
1814 717 1977 791 'quid

314 811 383 868 de
413 829 475 868 re
508 820 667 869 tanta
692 814 813 868 fieri
839 820 1165 884 oporteret;
1199 815 1400 884 sicque
1428 812 1793 883 transcripto
1818 810 1979 866 tituli

316 905 489 971 tome,
522 905 803 975 episeopii
840 905 1132 967 delegavit
1167 905 1570 961 claviculario.

384 999 466 1051 10.
499 996 755 1064 Cumque
790 996 1108 1049 secumlmn
1165 995 1313 1049 tanti
1353 996 1617 1065 pastoris
1674 996 1980 1053 intemera'

320 1086 434 1142 bile
466 1088 753 1141 statutum
790 1086 883 1140 die
938 1091 1235 1154 noctuque
1288 1086 1499 1141 fratres
1534 1088 1590 1141 in
1640 1090 1979 1157 pausatorio

310 1175 624 1246 justorum,
662 1190 814 1231 nunc
847 1176 954 1231 sub
988 1176 1121 1232 divo
1158 1192 1310 1232 nunc
1356 1178 1465 1231 sub
1495 1182 1673 1247 tecto,
1723 1178 1978 1235 divinum

316 1266 763 1335 frequentarent
779 1266 1470 1337 otiiciumatummumque
1490 1268 1839 1339 importunis
1855 1285 1981 1340 prc-

316 1356 485 1413 cibus
515 1356 934 1426 compcllarent
987 1350 1191 1416 solem,
1242 1358 1338 1427 qui
1372 1359 1739 1413 voluntatem
1777 1360 1978 1414 timcn-

319 1445 462 1501 tium
486 1461 545 1502 sc
572 1445 969 1516 proculdubio
997 1447 1133 1501 facit
1156 1452 1215 1501 et
1249 1446 1725 1517 deprecationem
1746 1448 1974 1504 illorum

317 1536 599 1592 exaudire
632 1535 779 1591 solet
809 1556 820 1589 :
852 1552 963 1591 non
1003 1537 1183 1592 Iniilto
1218 1544 1349 1607 post
1398 1543 1710 1605 corrogata
1754 1544 1846 1594 est
1878 1540 1978 1595 im-

321 1626 527 1697 periali
581 1626 775 1681 edicto
826 1626 1165 1696 sollcmpnis
1207 1628 1465 1696 synodus
1513 1644 1685 1698 quam
1724 1629 1973 1700 plurium

321 1717 725 1787 episcoporum
810 1721 986 1785 atque
1043 1718 1340 1785 abbatum,
1419 1723 1647 1788 patrum
1707 1718 1976 1775 videlicet

323 1805 569 1874 Belgica:
603 1819 711 1860 nec
742 1820 852 1859 non
888 1805 1230 1875 Germania),
1266 1806 1417 1875 apud
1468 1807 1662 1875 regale
1701 1808 1974 1878 palatium

2093 630 2242 700 quia
2262 636 2325 685 ut
2344 631 2770 701 cerumfalear
2792 646 2908 687 non
2928 632 3117 687 solum
3143 633 3359 689 eximie
3382 634 3548 691 nobis
3573 638 3749 694 salus

2092 722 2271 775 aucta
2286 720 2391 789 est,
2404 734 2607 777 rerum
2622 722 2805 777 etiam
2818 723 2906 791 pii
2912 721 3183 792 pastoris
3186 722 3461 793 probitas
3478 726 3749 795 ejusdem

2092 809 2279 879 urbis,
2321 825 2494 881 quem
2526 812 3049 882 iuprreseuliaram
3079 813 3344 882 cernitis,
3386 815 3749 872 enucleatim

2081 899 2397 970 patefacta
2421 900 2694 966 est.Quod
2722 917 2849 957 cum
2876 901 3175 957 audissent
3195 904 3498 974 utriusque
3514 904 3748 961 ordinis

2094 991 2435 1045 sacerdotes
2464 991 2709 1059 Domini,
2762 990 2857 1060 qui
2891 991 3079 1047 eidem
3134 1006 3315 1049 sacra:
3348 992 3748 1050 interfuerunt

2095 1080 2335 1150 synodo,
2358 1080 2631 1150 expansis
2650 1080 2719 1135 ad
2737 1080 2946 1135 coelum
2966 1080 3231 1137 manibus
3251 1081 3370 1152 pias
3394 1098 3511 1153 prae
3524 1083 3747 1152 gaudio

2094 1169 2368 1225 fuderunt
2400 1169 2690 1237 lacrimas,
2726 1169 3037 1225 immensas
3087 1170 3382 1226 Conditori
3414 1174 3745 1230 referentes

2090 1264 2306 1325 grates,
2343 1259 2437 1328 qui
2469 1264 2582 1314 tam
2644 1259 2965 1328 gloriosum
3026 1260 3235 1330 pignus
3268 1276 3378 1315 non
3409 1277 3614 1333 passus
3642 1269 3741 1319 est

2092 1351 2413 1403 subterrari
2436 1348 2677 1417 diutius,
2707 1350 2805 1405 sed
2830 1350 2998 1419 cujus
3015 1350 3165 1421 apud
3192 1350 3378 1420 ipsum
3396 1357 3553 1408 esset
3571 1353 3747 1410 meri-

2094 1437 2156 1505 ti,
2190 1436 2954 1494 miraculiseoruscantibus
2972 1438 3512 1510 censuitpaliﬁcari.
3537 1443 3742 1512 Neque

2091 1527 2241 1581 enim
2278 1528 2363 1582 fas
2401 1527 2528 1595 fuit,
2565 1532 2627 1582 ut
2663 1526 2743 1581 illi
2788 1527 3021 1583 deesset
3078 1528 3132 1582 in
3177 1528 3353 1584 terris
3392 1530 3739 1600 obsequium

2090 1616 2508 1673 ecclesiastica:
2563 1616 2804 1684 militia),
2837 1617 2929 1673 cui
2979 1616 3095 1686 jam
3152 1617 3205 1671 in
3239 1618 3403 1674 caelis
3437 1633 3465 1674 a
3494 1620 3740 1676 Domino

2092 1705 2320 1760 reddita
2345 1710 2470 1760 erat
2497 1706 3001 1775 coronajusticim.
3026 1708 3166 1762 Post
3189 1706 3309 1762 lucc
3332 1722 3496 1765 sacro
3518 1709 3741 1779 placuit

2090 1794 2359 1863 concilio,
2397 1800 2686 1865 quatenus
2718 1795 2951 1865 angusti
2988 1801 3384 1867 prostagmate
3419 1798 3561 1868 (530)
3594 1812 3741 1868 pras-

325 1894 478 1966 quod
544 1894 853 1949 barbarico
903 1893 1192 1949 vocabulo
1252 1895 1646 1959 Eneilenbeim
1682 1898 1977 1953 vocitatur
2009 1891 2060 1951 Β
2092 1890 2268 1940 Olmie
2299 1890 2474 1955 θιαυθ
2507 1885 2921 1955 θρίδυοβθνυῗη
2964 1884 3398 1955 iudisgl‘egabi“
3449 1901 3737 1943 0003905“

326 1985 495 2055 (528),
526 1984 579 2039 in
615 2000 723 2054 qua
763 1984 1035 2038 irininulla
1063 1983 1483 2040 ccclesiastiem
1518 1987 1756 2041 utilitati
1784 2003 1978 2043 ncces-

324 2075 499 2141 saria,
532 2078 866 2129 sanctorum
924 2088 1213 2128 canonum
1252 2075 1567 2145 praeviantc
1600 2076 1974 2146 auctoritate,

326 2164 582 2220 dulciter
606 2169 741 2219 sunt
780 2164 1143 2233 promulgata
1173 2169 1348 2233 atque
1380 2180 1743 2221 successum:
1791 2173 1978 2238 poste-

328 2253 488 2309 ritati
526 2253 943 2308 inviolabiliter
975 2254 1336 2307 eliservanda
1365 2255 1608 2309 indicta.
1650 2256 1748 2311 Cui
1787 2272 1980 2312 neces-

328 2344 479 2399 sario
514 2344 778 2399 interfuit
817 2343 1139 2398 Treveriea:
1172 2344 1439 2399 ecclesiae
1492 2346 1979 2416 iiietl'ripulitauiis

328 2434 474 2489 bene
512 2434 757 2488 meritus
809 2434 1121 2499 Egbertus,
1158 2436 1326 2502 cujus
1374 2436 1670 2499 memoria,
1707 2434 1979 2505 quamdiu

329 2523 503 2579 hodie
533 2524 774 2589 dicitur,
804 2538 1036 2591 semper
1065 2527 1158 2576 est
1183 2523 1233 2576 in
1264 2524 1668 2579 benedictione
1692 2525 1977 2593 habenda,

330 2613 461 2683 quia
490 2613 598 2684 piis
622 2614 751 2679 ejus
778 2613 993 2667 studiis
1015 2613 1385 2683 asscribitur,
1409 2614 1559 2683 quod
1585 2630 1703 2670 sua:
1718 2614 1981 2670 ecclesiae

328 2701 523 2758 clerus
584 2703 827 2757 scientia
864 2718 930 2756 ac
976 2701 1255 2770 religione
1289 2704 1651 2759 nobilitatur.
1687 2706 1983 2759 Diseussis

332 2806 469 2846 sane
505 2792 645 2846 inibi
677 2792 875 2845 multis
911 2807 1037 2861 qua)
1099 2792 1371 2859 synodica
1408 2793 1668 2862 postulat
1726 2794 1979 2863 rubrica,

332 2885 640 2951 postquam
675 2885 876 2933 tantus
928 2880 1332 2949 ari-liiprmsul,
1370 2882 1464 2950 qui
1502 2882 1653 2938 inter
1686 2898 1885 2938 omnes
1922 2882 1985 2937 il-

338 2968 427 3024 los
461 2970 771 3041 primatum
810 2968 1013 3033 tenuit,
1069 2982 1313 3023 vacuum
1346 2970 1454 3024 sibi
1495 2972 1613 3025 fore
1647 2973 1713 3027 ad
1752 2972 1986 3042 loquen-

337 3057 469 3113 dum
508 3058 781 3128 pervidit,
820 3062 1054 3127 arrepto
1081 3058 1357 3127 pitaciolo
1380 3060 1471 3113 cui
1506 3066 1632 3114 erat
1666 3062 1987 3131 insrriptus

336 3146 489 3202 beati
517 3146 665 3202 Celsi
693 3146 919 3207 titulus,
944 3146 1145 3201 (natiue
1172 3162 1284 3217 quo
1310 3148 1592 3218 Oportuit,
1623 3150 1816 3219 qualia
1837 3152 1987 3221 apud

338 3236 541 3291 urbem
571 3251 732 3292 suam
758 3235 949 3289 divina
978 3236 1239 3303 dignatio
1262 3252 1382 3308 pra:
1409 3238 1675 3294 manibus
1696 3240 1991 3294 revelave-

336 3325 433 3395 rit,
467 3324 727 3379 Tulliana
766 3325 1029 3379 facundia
1057 3340 1249 3380 coram
1284 3327 1599 3396 peroravit,
1638 3327 1989 3397 titulumque

339 3413 461 3485 ipse
498 3414 785 3469 recitavit.
842 3414 1064 3479 Quibus
1095 3414 1335 3469 auditis.
1361 3415 1676 3485 imperator
1709 3417 1991 3472 immenso

340 3506 614 3577 perfusus
645 3504 1039 3574 gaudimonio,
1075 3520 1302 3561 sacrum
1335 3513 1393 3560 et
1426 3507 1540 3560 Deo
1573 3507 1877 3562 dce‘bilem
1906 3508 1995 3565 his

338 3594 535 3650 verbis
572 3595 783 3649 affatus
818 3599 910 3649 cst
952 3600 1299 3649 conventum
1324 3614 1343 3649 :
1367 3596 1908 3667 Gaudete,fratres
1939 3598 1999 3652 et

337 3685 541 3754 patres
561 3685 625 3739 in
664 3684 932 3745 Domino,
961 3684 1019 3738 et
1056 3683 1300 3739 laudate
1322 3685 1648 3739 emiutimz's
1670 3685 1995 3742 riscei‘ibus

341 3773 640 3829 domin-um
658 3773 840 3826 Deum
858 3773 1144 3839 nostrum,
1162 3773 1269 3840 qui
1284 3773 1439 3827 mira
1455 3772 1687 3829 (elerum
1699 3787 1820 3829 sua
1840 3774 1996 3831 boui-

343 3862 401 3916 ta
411 3862 488 3917 tis
497 3861 707 3931 gratia
719 3862 1012 3931 respicere
1026 3860 1206 3930 digna
1217 3860 1311 3917 tus
1323 3861 1503 3916 estad
1515 3862 1775 3935 tempora
1791 3864 1998 3919 nostra

342 3950 537 4007 dando
550 3950 809 4006 ecclesia
820 3963 941 4005 suae
954 3950 1116 4019 apud
1136 3951 1503 4007 Treeericam
1521 3961 1777 4022 metropo
1786 3953 1889 4009 lim
1905 3967 1999 4007 uo-

343 4039 811 4111 cumpatrouum
832 4039 1058 4095 beatum
1077 4039 1331 4105 Celsum,
1349 4055 1519 4112 quem
1536 4040 2000 4113 rirtulibusper-

341 4130 581 4201 plumea.
597 4131 1036 4203 (520)13167220219
1048 4144 1115 4185 ue
1135 4131 1366 4187 dierum
1380 4148 1413 4185 (ι
1434 4133 1679 4201 ίίγηλλογθ
1692 4134 1892 4189 exitus
1904 4134 2003 4191 sui

348 4220 416 4276 de
443 4220 698 4293 Egypto
730 4221 1017 4277 hactenus
1051 4221 1113 4276 iu
1135 4222 1411 4291 superuis
1426 4221 1668 4280 sedibus
1698 4223 2003 4280 coucieili-

2091 1974 2427 2044 comitantc,
2483 1974 2825 2029 Trevericus
2867 1980 3032 2028 vates
3066 1973 3289 2029 naviter
3352 1975 3542 2030 sedem
3572 1989 3738 2031 suam

2094 2064 2349 2120 revisere
2378 2063 2704 2132 debuisset,
2741 2068 2798 2117 et
2832 2063 3059 2132 glebam
3092 2063 3245 2118 beati
3278 2063 3428 2119 Celsi
3464 2079 3570 2119 una
3604 2080 3736 2120 cum

2092 2154 2295 2208 subice
2329 2152 2487 2209 clero
2513 2153 2581 2208 de
2615 2152 2841 2208 tumulo
2874 2152 3109 2223 proprio
3135 2151 3324 2207 levare
3354 2159 3525 2223 atque
3556 2153 3740 2209 subli-

2094 2248 2264 2298 miter
2299 2242 2350 2296 in
2385 2242 2600 2297 arcella
2634 2242 2794 2311 quasi
2842 2242 2896 2297 in
2930 2242 3176 2312 quodam
3207 2242 3527 2298 divinarum
3559 2257 3735 2313 opum

2092 2332 2512 2401 gazophylacio
2555 2332 2869 2401 collocare,
2933 2332 3133 2401 sicque
3162 2331 3345 2386 totius
3399 2331 3733 2387 sanctitatis

2092 2420 2254 2475 cultu
2278 2419 2395 2474 acsi
2422 2420 2628 2473 summi
2659 2420 2813 2487 regis
2836 2436 2944 2475 non
2973 2419 3393 2489 qualecumque
3416 2420 3733 2475 membrum

2094 2525 2258 2565 sacro
2289 2509 2459 2563 altari
2498 2510 2810 2580 imponere.

2167 2674 2249 2724 11.
2286 2668 2401 2724 Tali
2424 2670 2637 2740 quippe
2658 2668 2928 2724 mandato
2951 2673 3126 2739 atque
3159 2669 3401 2725 consilio
3434 2673 3734 2741 percepto,

2096 2760 2304 2814 beatus
2337 2758 2716 2829 arcliiprzesnl
2752 2760 3063 2827 Egbertus,
3102 2758 3183 2813 uti
3218 2758 3472 2829 prudens
3504 2757 3733 2826 animal,

2094 2852 2181 2904 tot
2216 2855 2444 2920 patrum
2477 2862 2539 2903 se
2597 2847 3107 2903 benedictionibus
3163 2851 3337 2917 atque
3375 2846 3737 2903 orationibus

2097 2939 2359 3008 munivit,
2394 2952 2497 2993 nec
2541 2952 2651 2994 non
2689 2936 2971 3008 imperiali
3004 2936 3208 3005 gratiae
3236 2936 3494 2992 tenacius
3518 2935 3733 3005 iunxit,

2098 3028 2299 3097 sicque
2334 3042 2618 3098 prospero
2675 3042 2946 3083 successu
3008 3027 3120 3082 iter
3155 3025 3487 3095 maturavit,
3546 3024 3733 3080 divina

2097 3118 2352 3173 vallatus
2370 3118 2555 3173 tutela
2579 3117 2976 3187 comitumque
3001 3116 3288 3172 latcratus
3307 3118 3558 3171 caterva.
3576 3116 3737 3170 Cum-

2101 3222 2211 3279 que
2238 3206 2615 3277 semetipsum
2642 3206 2697 3261 in
2716 3206 2950 3277 prepria
2967 3206 3101 3262 sedc
3116 3206 3459 3276 recepisset,
3479 3202 3735 3275 pauculis

2056 3300 2069 3321 ‘
2102 3296 2320 3353 interea
2334 3295 2747 3365 perlinantibus
2763 3295 2990 3362 diebus,
3014 3294 3351 3350 convocavit
3373 3292 3441 3348 ad
3465 3308 3523 3349 se
3537 3307 3733 3349 omnes

2103 3386 2391 3456 sapientia
2412 3384 2943 3456 prmditosabbates
2959 3388 3014 3439 et
3034 3384 3741 3455 monachos,presbyteros

2105 3490 2334 3545 quoque
2369 3479 2426 3530 ct
2458 3475 2707 3530 clericos
2741 3474 2809 3529 ad
2847 3489 3010 3530 suam
3041 3472 3319 3529 diocesim
3356 3471 3744 3543 pertinentes;

2102 3579 2224 3620 rem
2256 3570 2479 3634 gestam
2534 3563 2720 3635 palam
2748 3563 3016 3620 omnibus
3044 3562 3267 3619 retulit.
3294 3562 3448 3629 Quos
3477 3574 3602 3617 cum
3633 3573 3747 3615 om-

2103 3666 2205 3708 nes
2236 3651 2497 3721 synodali
2544 3651 2785 3707 decreto
2824 3653 3252 3707 consentaneos
3285 3648 3583 3717 inveniret,
3620 3661 3747 3718 pro-

2106 3740 2432 3795 cessionem
2471 3740 2740 3795 festivam
2776 3738 2911 3795 ilico
2945 3738 3298 3807 construxit,
3324 3751 3453 3794 cum
3482 3733 3748 3792 crucibus

2108 3834 2164 3884 et
2199 3828 2408 3897 cereis,
2442 3828 2765 3884 thuribulis
2801 3842 3031 3898 quoque
3063 3826 3440 3896 textibusque
3471 3822 3746 3892 evangelii

2107 3918 2437 3987 gemmatis,
2473 3918 2747 3988 omnique
2780 3916 3189 3973 ecclesiastico
3211 3919 3509 3988 apparatu,
3542 3910 3746 3969 combi-

2111 4008 2265 4063 natis
2294 4005 2580 4063 fratribus
2627 4006 2897 4077 hymnum
2930 4005 3156 4062 Domini
3196 4004 3364 4061 dulce
3395 4000 3746 4065 canentibus,

2113 4096 2336 4168 asylum
2370 4095 2526 4151 beati
2574 4095 2847 4154 Eucharii
2880 4095 3103 4153 laetitiae
3146 4093 3397 4150 lacrimis
3427 4091 3627 4164 plenus
3658 4101 3747 4160 pe-

2116 4185 3743 4243 detentimadiit...................

1581 4345 2614 4458 MIRACULA

424 4505 996 4579 EXpeditistandem,
1032 4506 1740 4579 sermonelicetimpolito
1764 4507 2086 4569 calamo-D
2120 4505 2513 4579 pr0pitiatorii
2554 4547 2567 4560 .
2618 4549 2630 4563 .
2681 4549 2691 4561 .
2744 4550 2755 4562 .
2807 4550 2819 4562 .
2867 4549 2879 4562 .
2920 4508 3057 4563 Nam
3087 4506 3142 4562 in
3175 4505 3378 4563 eodem
3411 4503 3755 4561 monasterio

352 4612 463 4668 que
495 4597 773 4666 silvestri,
811 4611 936 4667 quin
996 4597 1350 4652 narrationis
1401 4597 1587 4653 series
1619 4599 1903 4668 poscebat
1934 4599 2004 4655 dc

352 4686 685 4742 inventione
713 4686 976 4757 corporis
1000 4686 1184 4741 sancti
1219 4686 1370 4741 Celsi
1400 4685 1757 4741 confessoris
1787 4686 2002 4742 Christi

355 4776 616 4848 pretiosi,
647 4775 905 4845 hincjam
938 4775 1151 4846 stylum
1177 4780 1476 4831 vertamus
1500 4779 1737 4847 oportet
1761 4776 1832 4831 ad
1864 4776 2009 4833 dilu-

355 4862 599 4920 cidanda
634 4861 760 4932 ejus
794 4861 995 4917 inclita
1029 4861 1329 4918 miracula.
1371 4904 1382 4916 .
1433 4903 1446 4916 .
1496 4904 1507 4916 .
1556 4904 1570 4917 .

428 4951 688 5008 Servatis
722 4950 901 5020 igitur
946 4950 1131 5006 sacris
1160 4949 1427 5020 reliquiis
1462 4950 1613 5005 beati
1650 4950 1803 5008 Celsi
1830 4966 2010 5024 super

357 5040 542 5098 altare
563 5042 748 5097 sancti
776 5040 1045 5096 Eucharii
1070 5045 1200 5112 post
1224 5038 1613 5095 inventionem
1633 5055 1735 5113 per
1756 5057 2008 5099 mensem

360 5130 671 5202 integrum,
689 5129 913 5202 placuit
933 5130 1193 5200 ejusdem
1218 5129 1467 5185 coenobii
1491 5132 1640 5201 patri
1663 5132 2010 5189 Gundcrado

363 5220 590 5277 nomine
616 5220 959 5289 cunctisque
982 5220 1283 5289 fratribus,
1306 5225 1592 5289 quatenus
1609 5234 1801 5277 arcam
1828 5222 2013 5278 sancti

365 5310 513 5366 Celsi
535 5309 763 5365 deferre
780 5309 1120 5365 debuissent
1144 5309 1198 5364 in
1225 5309 1411 5365 navim
1438 5308 1705 5367 ecclesiae
1724 5315 1779 5365 et
1799 5326 2015 5382 ponere

364 5413 540 5471 super
584 5405 805 5454 sanctw
860 5399 1058 5455 Crucis
1106 5398 1291 5454 altare
1351 5399 1504 5469 quod
1538 5405 1631 5455 est
1686 5399 1740 5455 in
1769 5399 2015 5457 introitu

2119 4596 2308 4652 sancti
2354 4595 2623 4653 Eucharii
2678 4595 2785 4653 fuit
2821 4596 3055 4669 quidam
3117 4594 3514 4668 pauperculus
3543 4591 3756 4649 nomine

2118 4684 2447 4742 Ricbolfus.
2496 4728 2510 4741 .
2559 4728 2570 4741 .
2619 4726 2634 4741 .
2679 4728 2693 4742 .
2743 4728 2755 4741 .
2796 4687 3040 4743 Peracta
3065 4685 3317 4756 denique
3345 4684 3645 4740 missarum
3674 4696 3760 4737 ce-

2121 4775 2451 4831 lebratione
2485 4775 2875 4847 omnibusque
2911 4777 3022 4830 rite
3050 4773 3487 4843 consummatis,
3515 4772 3758 4845 pontifex

2121 4866 2270 4921 dona
2306 4862 2470 4920 dedit
2531 4864 2702 4922 beato
2764 4865 2953 4933 Celso,
3013 4869 3072 4920 et
3104 4864 3294 4936 ipsum
3355 4867 3634 4932 sanatum,
3670 4860 3756 4932 qui

2122 4953 2393 5010 omnibus
2427 4952 2693 5025 prodigio
2752 4954 2971 5023 extitit,
3010 4954 3352 5009 monachico
3411 4950 3609 5007 habitu
3642 4963 3761 5006 con-

2124 5044 2505 5101 texit—erat
2541 5042 2692 5099 enim
2728 5043 2798 5099 de
2834 5043 3047 5099 familia
3077 5041 3357 5115 episeopii
3385 5070 3409 5077 —
3435 5072 3467 5109 ~,
3496 5045 3551 5095 et
3583 5054 3757 5110 quam-

2125 5133 2223 5190 diu
2256 5131 2554 5189 adviveret
2585 5147 2654 5187 ne
2688 5132 2759 5188 ab
2792 5131 3059 5188 ecclesiae
3091 5131 3336 5189 servitio
3358 5129 3558 5202 pedem
3594 5134 3760 5184 retra-

2126 5222 2266 5279 here
2312 5225 2721 5295 przesumeret,
2765 5223 3006 5295 praefixo
3048 5221 3279 5277 mandat
3334 5225 3645 5293 praecepto.
3692 5220 3759 5274 ls-

2130 5313 2258 5368 dem
2312 5316 2505 5369 autem
2539 5317 2858 5368 renovatus
2903 5325 3124 5383 pauper
3181 5309 3449 5382 plurimis
3477 5309 3656 5380 annis,
3690 5308 3756 5363 αἱ

2126 5402 2329 5473 jussus
2358 5402 2484 5471 fuit,
2511 5402 2565 5457 in
2594 5402 2952 5458 monasterio
2993 5399 3335 5469 deservivit,
3367 5404 3426 5454 et
3462 5405 3591 5470 post
3618 5411 3763 5455 cura-

1972 5534 2178 5591 ΝΟΤίΕ

438 5619 585 5694 (528)
620 5624 698 5678 De
733 5636 842 5691 qua
878 5622 1017 5678 nihil
1054 5622 1190 5679 alibi
1226 5624 1461 5691 legitur.
1498 5623 1608 5681 Sed
1643 5626 1768 5696 post
1799 5639 1847 5679 a.
1887 5628 2010 5695 077,

372 5702 809 5775 guo__Egbertus
858 5703 1338 5775 archiepiscopus
1394 5705 1580 5760 fectus
1637 5709 1747 5774 est,
1780 5704 1917 5761 Otto
1950 5707 1999 5760 If

374 5771 751 5842 lngilenheim
785 5788 932 5830 anno
968 5771 1197 5832 demum
1229 5771 1335 5831 980
1366 5775 1543 5831 venit.

2217 5624 2368 5696 (529)
2399 5624 2732 5697 Emplume'.

2200 5708 2348 5777 (530)
2382 5704 2713 5778 ποῦσταμχα
2743 5708 2778 5762 i.
2815 5722 2865 5764 0.
2902 5706 3176 5765 edictum.
