3920 6464
243 455 389 520 1241

939 464 1204 529 GESTA
1235 463 1587 528 TREVER.
1621 497 1698 508 —
1727 454 2080 524 APPEND.
2115 460 2571 528 TRANSLAT.
2611 465 2677 529 S.
2714 463 2969 530 CELSI.

3503 459 3646 524 1212

241 615 468 673 tionem
507 622 674 675 tanta
707 619 1070 691 corpulentia
1102 621 1285 690 viguit
1315 625 1372 676 et
1411 621 1632 677 viribus
1683 621 1901 676 habun-
1934 602 1981 660 Α
2016 622 2218 678 llorrei
2254 621 2594 678 vocabulam
2630 622 2873 694 accepit,
2910 620 3123 689 reginae
3169 621 3302 679 coeli
3351 638 3658 682 consecra-

251 705 431 770 davit,
471 714 535 762 ut
569 709 724 764 inter
754 726 950 765 omnes
984 712 1316 767 monasterii
1353 712 1673 766 scrvitores
1707 725 1896 780 parem

248 798 515 853 invenire
543 801 653 853 sibi
696 816 803 854 non
856 808 1072 870 posset.
1109 802 1265 855 Unde
1317 804 1526 856 factum
1580 806 1691 867 est,
1725 805 1786 854 ut
1832 799 1900 852 ad

249 887 530 952 majorem
570 888 883 944 utilitatem
921 892 1160 945 fratrum
1192 907 1481 945 consensu
1510 890 1784 943 accedere
1809 887 1907 941 de-

250 975 504 1044 buisset,
545 977 598 1032 id
638 985 727 1030 est
760 979 826 1031 ad
861 980 1104 1034 ollicium
1143 980 1394 1043 fullonis,
1433 993 1544 1048 quo
1581 993 1681 1048 per
1708 977 1904 1046 plures

249 1080 438 1119 annos
475 1066 1085 1137 inreprt'dieusibiliter
1112 1069 1418 1124 desudavit
1443 1073 1615 1136 atque
1639 1066 1904 1120 omnibus

249 1155 528 1210 amabilis
564 1158 900 1225 permansit.

325 1243 439 1298 Sed
474 1259 659 1314 neque
695 1247 797 1299 hoc
834 1247 1068 1301 silentio
1103 1246 1370 1301 occulere
1404 1246 1605 1310 debeo,
1646 1244 1796 1313 quod
1849 1243 1902 1296 in

250 1334 571 1400 praesentia
620 1341 814 1389 nostra
872 1341 1004 1389 ante
1052 1352 1263 1405 paucos
1313 1335 1557 1397 contigit
1613 1349 1806 1388 annos.
1847 1333 1901 1384 ln

247 1421 457 1476 eodem
495 1422 724 1492 quidem
762 1425 943 1478 sancti
981 1425 1242 1479 Eucharii
1275 1425 1541 1478 coenobio
1573 1422 1756 1477 crevit
1786 1420 1907 1489 qui-

247 1507 388 1565 daln
428 1513 776 1567 mouaehilis
812 1514 1021 1567 indolis
1057 1514 1330 1583 [uirvulus
1359 1514 1581 1566 nomine
1605 1511 1904 1576 Martinus,

247 1599 350 1669 qui
389 1602 461 1654 ab
501 1602 646 1672 ipsis
682 1603 958 1657 maternis
991 1604 1214 1657 sinibus
1249 1605 1417 1656 beato
1465 1600 1747 1656 Euchario
1801 1598 1906 1650 fuit

247 1689 538 1745 oblatus.
591 1734 600 1744 .
649 1733 659 1744 .
709 1733 720 1744 .
767 1734 777 1745 .
828 1733 838 1743 .
894 1694 1147 1759 Cumque
1200 1707 1508 1760 puerorum
1561 1689 1908 1760 paulagogus

248 1779 490 1834 nomine
525 1780 855 1834 Dominicns
894 1782 1051 1834 boum
1085 1779 1601 1848 spciadoloscens.
1651 1821 1661 1830 .
1711 1819 1720 1829 .
1769 1819 1779 1829 .
1828 1816 1837 1827 .
1891 1811 1903 1822 .

327 1868 387 1922 lu
426 1868 685 1937 ejusdem
726 1870 938 1938 quippe
975 1869 1308 1922 nimiasterii
1342 1868 1622 1921 suburbio
1646 1872 1774 1920 ante
1800 1867 1903 1918 hoc

2016 717 2174 779 tum;
2207 713 2259 766 in
2315 729 2428 781 quo
2475 718 2731 782 tempore
2782 711 3090 766 orthodoxi
3140 712 3292 780 regis
3342 713 3653 780 Dagoberti

2017 801 2485 855 sam-tinnimiales
2519 817 2746 871 semper
2800 801 3020 856 feminm
3065 803 3178 855 Deo
3228 806 3651 857 consueverant

2017 890 2282 945 devotius
2316 891 2632 945 deservire.
2669 891 2788 944 Illic
2831 890 3078 958 denique
3127 890 3387 958 quzedam
3439 891 3652 945 sancti-

2018 980 2282 1033 monialis
2318 980 2518 1033 femina
2555 980 2624 1033 de
2657 979 2813 1033 claro
2861 983 3164 1034 stemmate
3197 979 3521 1048 progenita,
3557 979 3648 1035 cui

2016 1084 2291 1122 vocamen
2325 1074 2449 1122 erat
2483 1071 2691 1136 llenza,
2715 1084 2819 1122 non
2848 1068 3111 1136 minima),
3139 1072 3198 1122 ut
3228 1067 3403 1135 aiunt,
3435 1067 3646 1122 utilita-

2017 1158 2092 1211 tis
2121 1159 2335 1212 extitit.
2384 1201 2396 1214 .
2443 1202 2454 1213 .
2501 1201 2511 1212 .
2560 1199 2570 1210 .

2092 1246 2214 1300 Alio
2282 1263 2510 1316 queque.
2575 1253 2836 1317 tempore
2895 1247 2947 1300 iu
3010 1246 3210 1299 eodem
3264 1260 3490 1316 semper
3539 1245 3651 1300 vir-

2016 1335 2165 1397 ginis
2219 1337 2405 1390 Marize
2460 1337 2807 1391 monasterio
2877 1336 3135 1405 quzedam
3198 1333 3652 1390 sanctimonialis

2020 1424 2222 1478 femina
2257 1425 2472 1494 extitit,
2510 1441 2633 1494 quae
2666 1440 2949 1493 generoso
2997 1424 3272 1491 sanguine
3323 1428 3649 1493 procreata,

2017 1512 2169 1567 haud
2225 1513 2424 1568 ultimo
2476 1515 2526 1568 in
2575 1514 2698 1568 loco
2750 1514 2962 1569 ibidem
3014 1517 3101 1568 est
3157 1513 3370 1582 habita,
3424 1511 3652 1567 nomine

2019 1601 2194 1655 Ceila.
2243 1645 2252 1655 .
2301 1645 2310 1654 .
2359 1645 2369 1656 .

2089 1692 2195 1745 Sed
2233 1708 2415 1760 neque
2450 1694 2558 1747 hoc
2590 1693 2823 1746 silentio
2874 1691 3171 1762 prieterire
3225 1691 3307 1743 fas
3352 1704 3480 1745 esse
3526 1704 3656 1744 cen-

2020 1794 2232 1838 semus.
2262 1781 2412 1848 quod
2447 1785 2559 1835 tam
2598 1781 2816 1834 recenti
2849 1779 3114 1833 memoria
3153 1779 3203 1832 in
3238 1779 3437 1832 eodem
3465 1792 3657 1832 mona-

2021 1871 2197 1924 sterio
2228 1871 2557 1926 Divinitatis
2591 1871 2830 1932 benigna
2867 1869 3128 1930 dignatio
3167 1883 3266 1938 per
3308 1868 3454 1922 beati
3506 1866 3656 1922 Celsi

249 1957 376 2010 fere
413 1958 872 2026 quinquennium
910 1959 1137 2026 quidam
1174 1957 1516 2011 adolescens
1554 1956 1760 2009 Tbiezo
1812 1970 1905 2008 no-
1934 1957 1987 2018 Β
2022 1959 2216 2013 inclita
2242 1961 2442 2014 merita
2467 1958 3658 2027 ostenderedisposuit.Quaadamnamquc

250 2045 432 2110 mine,
462 2046 554 2115 qui
583 2046 769 2100 adhuc
797 2051 1088 2115 superest,
1113 2060 1175 2098 ca
1206 2052 1366 2114 peste
1397 2059 1710 2114 [)(“l‘CllSSllS
1736 2058 1902 2111 quam

246 2134 645 2202 elephantiam
686 2134 894 2188 medici
927 2138 1155 2200 vocant,
1191 2134 1257 2187 ad
1298 2140 1555 2187 extrema
1583 2133 1737 2186 venit
1772 2173 1782 2184 .
1831 2172 1841 2183 .
1891 2172 1900 2182 .

253 2222 367 2276 Sed
408 2237 751 2290 quamquam
789 2222 913 2277 lues
946 2223 1065 2292 ipsa
1091 2223 1291 2276 eodem
1317 2238 1463 2276 anno
1489 2222 1718 2275 nimium
1747 2234 1907 2287 gras-

249 2315 492 2365 saretur
527 2315 583 2366 et
616 2326 725 2365 non
764 2312 1051 2365 minimam
1087 2317 1337 2379 stragem
1374 2310 1568 2381 pepuli
1603 2307 1903 2364 christiani

247 2399 540 2453 dedisset.
590 2442 599 2453 .
651 2442 662 2452 .
711 2442 720 2452 .
769 2441 778 2452 .
829 2441 839 2452 .

327 2487 477 2542 Illud
511 2502 739 2557 quoque
774 2502 1136 2556 nequaquam
1171 2489 1222 2541 in
1271 2488 1472 2543 ultimo
1524 2487 1648 2540 loco
1697 2500 1908 2554 ponen-

246 2575 392 2630 dum
447 2592 578 2631 esse
625 2577 846 2645 judico,
903 2577 1055 2644 qvod
1105 2578 1156 2629 in
1207 2577 1413 2630 dielms
1463 2575 1686 2629 Liutolli
1741 2573 1910 2642 hujus

249 2665 585 2719 Trevericze
622 2664 785 2718 urbis
815 2665 1240 2734 archiepiscopi
1287 2665 1415 2734 pius
1463 2679 1526 2718 ac
1581 2663 1910 2716 misericors

258 2752 460 2807 mundi
488 2752 821 2821 redemptor
847 2755 1114 2808 Christus
1157 2796 1167 2806 .
1217 2795 1227 2807 .
1277 2795 1286 2806 .
1332 2767 1606 2807 exercere
1637 2751 1908 2816 dignatus

254 2845 372 2897 est.
413 2841 548 2894 Nam
585 2839 838 2905 ejusdem
876 2842 1212 2896 monasterii
1249 2841 1475 2910 quidam
1511 2839 1907 2894 ministerialis

255 2927 570 2984 subulcum
604 2928 807 2982 habuit
839 2932 1066 2984 nomine
1099 2933 1351 2985 Petrum.
1401 2973 1410 2984 .
1458 2971 1468 2982 .
1517 2971 1526 2982 .

328 3019 480 3070 Ante
536 3017 642 3069 hoc
695 3032 832 3073 sane
888 3018 1329 3086 quadriennium
1384 3018 1565 3072 erevit
1611 3017 1663 3070 in
1708 3015 1908 3071 eodem

258 3105 620 3160 monasterio
658 3106 886 3174 quidam
923 3107 1220 3176 scptennis
1264 3122 1404 3175 puer
1453 3107 1679 3160 nomine
1728 3103 1912 3157 Azeli'

258 3208 394 3260 nus,
423 3194 518 3264 qui
545 3193 728 3249 adhuc
768 3194 1075 3250 incolumis
1107 3195 1306 3265 spirat,
1341 3210 1506 3264 quem
1535 3209 1675 3265 pene
1702 3194 1910 3246 fratres

255 3283 443 3338 nostri
475 3297 677 3337 omnes
709 3288 1014 3338 noverunt.
1065 3325 1074 3336 .
1123 3326 1133 3337 .
1184 3325 1193 3336 .

332 3374 496 3426 Anno
555 3385 695 3426 vero
759 3371 812 3426 d.
868 3372 902 3425 i.
953 3377 1111 3441 1007,
1166 3371 1478 3426 indictione
1545 3375 1596 3438 5,
1647 3370 1905 3439 qua-dam

261 3459 570 3530 arreptitia
609 3460 814 3515 femina
849 3460 917 3514 de
943 3461 1211 3527 contigua
1239 3459 1570 3514 monaslerii
1597 3458 1729 3514 villa
1777 3501 1787 3512 .
1835 3499 1846 3510 .
1894 3499 1904 3510 .

266 3548 518 3603 adducta
583 3553 689 3605 est.
741 3550 995 3618 Cumque
1045 3549 1226 3603 sancti
1291 3549 1504 3603 Valerii
1558 3546 1912 3602 confessoris

263 3637 479 3693 Christi
514 3652 698 3693 annua
729 3638 1017 3693 festivitas
1040 3638 1274 3692 adesset
1298 3642 1356 3692 et
1380 3637 1446 3690 ad
1472 3642 1692 3691 tantum
1723 3641 1906 3705 patro-

261 3741 398 3783 num
433 3724 596 3796 plebs
635 3727 939 3781 Treveriea
991 3727 1256 3781 certatim
1308 3730 1670 3796 pmperaret.
1721 3768 1732 3780 .
1778 3767 1788 3777 .
1837 3767 1846 3778 .
1896 3767 1906 3778 .

335 3813 476 3879 Quia
512 3829 650 3870 vero
689 3815 841 3869 beati
873 3814 979 3868 viri
1015 3814 1289 3870 miracula
1335 3829 1459 3883 quze
1513 3830 1539 3868 a
1592 3814 1910 3882 veriloquis

263 3903 434 3958 nobis
465 3909 760 3972 comperta
795 3908 927 3957 sunt
962 3903 1335 3966 relatoribus,
1373 3918 1541 3972 quam
1578 3903 1773 3957 vcrius
1815 3917 1913 3972 po-

255 3991 504 4058 tuimus,
535 3991 830 4060 aliquanta
849 3991 962 4058 jam
987 3992 1137 4062 ston
1159 3991 1705 4054 commendavimus,
1727 3991 1911 4045 modis

258 4079 533 4134 omnibus
566 4079 840 4133 indecens
873 4082 993 4133 fore
1026 4093 1348 4146 censemus,
1384 4079 1427 4133 si
1459 4093 1523 4132 ea
1559 4093 1685 4146 quae
1711 4083 1908 4133 nostra

261 4171 439 4223 aetate
464 4180 566 4237 per
589 4166 832 4221 eundem
861 4173 1079 4236 patrem
1106 4167 1436 4220 Divinitatis
1455 4165 1603 4219 velle
1623 4166 1904 4233 exercuit,

257 4256 525 4326 torpenti
557 4254 789 4310 silentio
822 4256 1245 4311 ebtumeseant.
1272 4256 1327 4307 In
1363 4253 1677 4322 Stepmlicto
1699 4253 1908 4322 quippe

263 4342 420 4401 beati
456 4343 725 4399 Eucharii
760 4345 1023 4399 coenobio
1057 4344 1286 4413 quidam
1339 4342 1651 4411 singularis
1701 4341 1910 4395 indolis

265 4431 618 4489 adolescens
637 4438 1020 4488 conversatus
1043 4435 1131 4486 est
1159 4431 1528 4486 Burchardus
1549 4430 1792 4496 nomine,
1813 4430 1909 4499 qui

256 4523 331 4579 ab
366 4521 506 4592 ipsis
541 4535 683 4592 pene
717 4522 1028 4577 cunabulis
1060 4523 1177 4576 Deo
1220 4520 1602 4590 omnipotenti
1654 4519 1911 4574 nutrien—

259 4610 370 4666 dus
405 4610 615 4665 ibidem
649 4624 676 4664 a
711 4611 1054 4680 parentibus
1099 4611 1285 4666 fuerat
1335 4608 1659 4676 delegatus,
1696 4608 1910 4676 quique

259 4698 450 4754 adhuc
485 4703 757 4769 superest
791 4713 855 4752 ac
893 4697 1122 4752 diaconi
1158 4697 1417 4765 fungitur
1448 4697 1636 4752 ofﬁcio
1671 4711 1909 4750 necnon

260 4792 317 4844 et
354 4788 498 4842 mira
530 4787 788 4843 utilitate
822 4803 936 4857 prae
990 4786 1188 4842 multis
1237 4785 1438 4841 honori
1489 4791 1582 4839 est
1629 4790 1913 4840 monaste-

262 4877 370 4932 rio.
419 4917 430 4928 .
477 4918 488 4929 .
537 4919 548 4930 .
597 4918 608 4930 .
655 4917 666 4929 .
713 4878 891 4931 abbas
922 4875 1277 4943 monasterii,
1323 4875 1504 4929 beatm
1529 4874 1800 4929 videlicet
1829 4888 1911 4928 re-

265 4963 625 5021 cordationis
657 4963 1055 5019 Gunderadus.
1103 5005 1114 5016 .
1164 5004 1174 5015 .
1222 5005 1233 5016 .
1282 5005 1292 5015 .

338 5053 631 5108 Hactenus
663 5051 732 5106 de
767 5051 855 5106 his
887 5051 1109 5120 egimus
1136 5066 1260 5120 quae
1297 5050 1612 5105 domestica
1647 5053 1704 5102 et
1760 5049 1916 5104 fami-

265 5139 398 5196 liari
424 5140 710 5196 relatione
738 5139 806 5195 de
828 5140 1012 5195 sancti
1038 5140 1356 5195 virtutibus
1377 5139 1480 5192 viri
1503 5139 1912 5208 comperimus,

270 5228 380 5285 hoc
409 5234 494 5286 est
531 5230 602 5284 de
633 5230 723 5284 his
757 5229 1059 5284 dumtaxat
1093 5244 1218 5298 quae
1253 5229 1342 5282 vel
1378 5228 1429 5281 in
1465 5228 1615 5282 beati
1649 5226 1915 5281 Eucharii

273 5318 523 5388 septulis
589 5317 679 5374 vel
733 5333 787 5373 m
857 5317 1116 5385 ejusdem
1167 5316 1498 5371 mcuastcrii
1561 5315 1920 5386 appendiciis

272 5407 546 5477 congruis
593 5406 960 5476 temporibus
1021 5405 1335 5475 contigisse
1388 5406 1759 5470 referuntur;
1803 5405 1915 5473 jam

275 5497 419 5553 ordo
453 5496 678 5566 ﬂagitat
707 5494 1098 5563 necessarius,
1135 5498 1194 5549 ut
1231 5494 1299 5549 de
1343 5494 1705 5549 medioximis
1746 5500 1919 5562 atque

273 5586 509 5642 extimis
539 5583 611 5640 ad
645 5589 904 5640 nostram
936 5583 1203 5638 notitiam
1241 5598 1422 5653 usque
1472 5583 1690 5654 perlata
1739 5582 1921 5638 disse-

275 5689 470 5732 ramus
493 5673 706 5744 aliqua.
753 5715 764 5728 .
813 5714 824 5727 .
873 5715 883 5727 .
918 5674 1015 5728 Est
1043 5686 1288 5743 namque
1321 5673 1375 5727 in
1401 5673 1599 5729 eadem
1620 5671 1919 5728 Treverica

279 5767 421 5824 urbe
445 5762 738 5837 quoddam
761 5761 1180 5820 monasterium
1201 5762 1397 5831 situm,
1424 5762 1577 5833 quod
1598 5761 1920 5832 antiquitus

1942 4665 1991 4724 D

2023 2065 2238 2115 magna)
2276 2049 2589 2118 parentelze
2624 2064 2806 2103 nonna
2840 2049 2910 2103 ab
2957 2047 3264 2102 cunabulis
3312 2048 3657 2102 versabatur

2020 2153 2144 2207 qua)
2179 2137 2471 2192 Clismoda
2510 2139 2850 2192 vocabatur.
2899 2179 2908 2190 .
2959 2178 2969 2189 .
3016 2177 3026 2188 .

2090 2229 2379 2281 llactenus
2433 2241 2533 2296 pro
2571 2226 2856 2295 parvitate
2910 2225 3142 2293 igniculi
3197 2223 3473 2280 divinitus
3523 2223 3660 2279 mihi

2019 2315 2213 2370 collati
2248 2314 2443 2369 audita
2483 2320 2706 2368 tantum
2741 2313 3148 2381 qualicumque
3183 2312 3406 2366 dietatu
3441 2311 3654 2378 notavi,

2019 2419 2166 2458 nunc.
2189 2405 2298 2469 jam
2330 2403 2379 2456 in
2409 2403 2568 2457 calce
2595 2402 2864 2470 opusculi
2888 2401 3103 2469 aliquid
3131 2400 3273 2455 libet
3296 2400 3656 2469 depromere,

2021 2493 2169 2561 quod
2202 2493 2250 2545 in
2275 2507 2360 2544 me
2383 2492 2569 2545 virtus
2589 2491 2775 2545 divina
2802 2506 2901 2560 per
2926 2492 3152 2544 beatum
3179 2489 3403 2543 Celsum
3427 2487 3662 2555 dignata

2020 2585 2104 2632 est
2172 2579 2520 2641 ostendere;
2576 2579 2671 2632 sed
2726 2578 3113 2647 opportunius
3161 2576 3287 2643 hoc,
3321 2580 3379 2631 ut
3433 2575 3657 2644 opinor,

2021 2668 2322 2728 recitatur,
2362 2669 2402 2721 si
2442 2668 2707 2721 semotim
2737 2667 2972 2737 proprio
2998 2665 3254 2736 capitulo
3280 2669 3495 2719 utatur.
3523 2664 3658 2718 Nam

2020 2756 2169 2811 sicut
2203 2757 2270 2811 ad
2303 2757 2508 2811 divinze
2539 2756 2829 2810 cumulum
2866 2754 3051 2810 laudis
3086 2753 3326 2809 aliorum
3355 2751 3658 2807 commoda

2021 2845 2412 2900 veracissimis
2443 2845 2625 2913 gestis
2661 2845 2914 2899 inserere
2952 2858 3168 2912 magnae
3213 2841 3498 2896 mercedis
3530 2855 3659 2895 esse

2021 2933 2366 3000 (Ιίηοςρὶιιιιι,
2395 2934 2470 2987 ita
2501 2934 2726 3003 propria
2754 2933 3002 2986 reticere
3025 2945 3134 2986 non
3161 2931 3407 2984 minima}
3432 2930 3662 2984 damna-

2025 3022 2197 3075 tionis
2228 3021 2508 3076 creditur.
2546 3021 2854 3076 Dominicaa
2891 3019 3306 3076 incarnationis
3329 3033 3477 3073 anno
3503 3021 3656 3084 lOO6,

2023 3109 2116 3178 qui
2149 3115 2237 3164 est
2295 3110 2529 3166 ultimus
2573 3115 2638 3164 “2?;
2691 3108 3218 3164 decennovennalis
3268 3106 3411 3176 cycli
3467 3107 3520 3161 iu
3574 3121 3662 3160 se-

2023 3199 2208 3252 cunda
2276 3200 2428 3253 serie
2497 3199 2685 3265 magni
2753 3199 2884 3253 anni
2950 3197 3042 3266 qui
3088 3195 3375 3267 paschalis
3425 3194 3658 3262 dicitur,

1935 3311 1992 3371 Α
2026 3287 2305 3342 undosum
2341 3287 2511 3354 hujus
2555 3287 2746 3342 mundi
2798 3286 2978 3342 salum
3028 3285 3254 3339 Christo
3301 3284 3661 3352 gubernante

2024 3376 2211 3430 nudus
2242 3376 2419 3436 evasi,
2452 3380 2507 3429 et
2543 3375 2608 3430 ad
2648 3375 3002 3430 tutissimum
3050 3373 3199 3428 beati
3233 3371 3497 3427 Eueharii
3533 3384 3665 3440 por—

2025 3468 2142 3517 tum
2177 3462 2597 3532 hOSpitalitatis
2627 3464 2811 3530 gratia
2843 3461 3092 3530 confugi.
3128 3462 3383 3528 Cumque
3414 3460 3484 3513 ab
3514 3458 3662 3527 ejus-

2023 3551 2149 3606 dem
2201 3552 2537 3607 monasterii
2590 3558 2754 3622 patre
2807 3565 3043 3606 summze
3094 3547 3488 3603 venerationis
3536 3547 3661 3601 viro

2023 3641 2251 3694 nomine
2287 3642 2571 3696 Richardo
2597 3640 2955 3709 germanitus
2980 3639 3119 3693 satis
3144 3652 3326 3693 essem
3354 3638 3664 3706 susceptus

2022 3737 2078 3783 et
2115 3731 2264 3784 omni
2301 3731 2604 3785 monachili
2631 3728 2940 3784 devotione
2969 3731 3278 3786 tractatus,
3308 3727 3548 3780 fratrum
3574 3739 3662 3778 me

2023 3818 2334 3873 conventui
2403 3819 2750 3872 immeritum
2808 3817 2984 3885 jussit
3041 3814 3302 3883 adunari,
3354 3828 3456 3869 nec
3503 3812 3660 3882 quasi

2024 3905 2312 3976 hOSpitem
2336 3907 2450 3976 jam
2483 3906 2582 3962 sed
2617 3907 2766 3962 sicut
2803 3904 3310 3960 f:miiliarissimum
3345 3901 3552 3957 affatus
3575 3905 3663 3956 est

2021 3995 2400 4058 grativenam.
2453 3997 2765 4064 Postquam
2821 3996 3014 4048 autem
3057 3990 3436 4062 pusillitatem
3484 4002 3664 4044 meam

2023 4083 2327 4137 monastici
2362 4082 2583 4137 ordinis
2627 4097 2739 4136 non
2787 4081 3076 4135 minimam
3123 4077 3409 4149 persensit
3457 4078 3670 4132 habere

2021 4171 2310 4238 notitiam,
2343 4170 2714 4239 cumexipsa
2751 4170 2839 4224 sui
2889 4167 3217 4223 columbiua
3268 4164 3662 4234 simplicitate,

2024 4261 2141 4312 tum
2175 4263 2233 4312 et
2265 4272 2370 4328 pro
2402 4257 2752 4312 annositatis
2799 4270 2937 4312 meae
2970 4253 3392 4322 grandzevitate
3425 4249 3663 4306 sciolum

2022 4359 2109 4400 me
2141 4359 2265 4399 esse
2300 4349 2625 4411 autumans,
2663 4359 2791 4399 cum
2825 4358 2931 4397 nec
2965 4340 3184 4412 primis,
3218 4343 3277 4396 ut
3331 4339 3407 4394 ita
3456 4339 3663 4406 dicam,

2021 4432 2238 4488 litteris
2270 4432 2336 4486 ad
2373 4432 2600 4502 plenum
2632 4431 2862 4486 fuissem
2890 4431 3232 4497 instructus,
3262 4433 3499 4499 paterna
3527 4426 3666 4482 mihi

2021 4519 2317 4590 persuasit
2350 4517 2727 4584 auctoritate,
2764 4521 3052 4586 quatenus
3083 4515 3274 4584 aliqua
3306 4515 3359 4570 in
3396 4513 3667 4570 laudibus

2022 4607 2449 4677 Redemptoris,
2485 4605 2554 4660 dc
2588 4605 2768 4660 sancti
2816 4605 2962 4660 Celsi
2998 4603 3216 4658 inclitis
3247 4601 3568 4657 virtutibus
3601 4615 3664 4655 ac

2025 4696 2319 4752 miraculis
2347 4695 2574 4749 noviter
2597 4693 2896 4761 exhibitis,
2933 4691 3154 4748 calamo
3182 4690 3316 4746 licet
3347 4690 3662 4757 rusticano,

2025 4785 2358 4856 seriptitare
2393 4782 2549 4838 nullo
2577 4787 2746 4853 pacto
2778 4781 3090 4835 differrem.
3127 4778 3226 4834 Cui
3262 4791 3397 4832 sane
3430 4791 3669 4847 persua-

2024 4874 2166 4928 sioni
2200 4887 2558 4941 nequaquam
2608 4869 3015 4939 refragandum
3064 4867 3185 4922 fore
3231 4869 3412 4933 ratus,
3452 4863 3662 4935 partim

1996 4950 2174 5016 tanti
2222 4961 2405 5032 patris
2456 4961 2762 5029 imperatu,
2817 4956 3023 5029 partim
3084 4953 3366 5011 communi
3422 4954 3665 5008 fratrum

2026 5050 2360 5120 compulsus
2393 5053 2615 5117 rogatu,
2654 5062 2840 5117 nuper
2884 5047 2936 5100 in
2970 5045 3175 5100 diebus
3205 5040 3666 5113 quadragesima)

2029 5138 2318 5194 tantillum
2380 5137 2580 5192 studui
2649 5136 2955 5190 fabricare.
3029 5134 3303 5201 Cumque,
3355 5135 3418 5186 ut
3468 5143 3666 5184 verum

2029 5230 2231 5294 fatear,
2267 5242 2369 5297 per
2403 5231 2520 5280 tres
2555 5225 2789 5280 fuissem
2826 5223 3136 5279 continuos
3171 5234 3350 5275 annos
3386 5219 3462 5273 ita
3494 5217 3672 5288 poda-

2027 5331 2145 5385 grze
2167 5315 2474 5371 iutricatus
2496 5321 2720 5368 tumore
2741 5319 2914 5380 atque.
2938 5309 3193 5365 crurium
3214 5305 3672 5373 exulceratione,

2031 5410 2091 5461 ut
2126 5406 2220 5460 vix
2273 5402 2477 5458 baculo
2528 5399 2845 5456 sustentari
2899 5413 3147 5470 possem,
3187 5395 3310 5451 laus
3361 5395 3514 5450 Deo!
3551 5396 3676 5446 tan-

2032 5495 2216 5564 tisper
2250 5493 2318 5547 de
2361 5494 2562 5546 sancto
2609 5488 2776 5544 Celso
2828 5485 2980 5556 quod
3033 5484 3208 5541 didici
3258 5485 3516 5554 peracto,
3555 5483 3670 5535 tam

2034 5582 2288 5653 perfecte
2313 5581 2475 5632 tanto
2501 5578 2741 5646 patrono
2767 5573 3167 5628 intercedente
3192 5569 3504 5625 restitutus
3521 5581 3671 5636 sum,

2034 5675 2326 5742 quatenus
2358 5681 2443 5723 me
2479 5663 2780 5720 Asahelem
2824 5661 3019 5734 potius
3053 5675 3220 5732 quam
3249 5657 3671 5716 claudicantem

2035 5759 2377 5817 monachum
2409 5753 2742 5812 existimare
2773 5751 2985 5823 possis.
