3920 6416
263 391 415 458 1213

269 526 3497 557 W

883 387 1148 457 GESTA
1179 385 1537 458 TREVER.
1573 422 1651 438 —
1678 383 2013 453 APPEND
2053 384 2163 452 DE
2190 383 2555 453 ABBATIA
2585 382 2653 451 S.
2688 376 3050 449 MARTINI.

3522 379 3671 446 1244

986 673 1139 763 DE
1245 670 1773 762 ABBATIA
1900 666 2338 758 SANCTI
2448 665 2953 757 MARTINI

1085 854 1174 908 EX
1207 853 1369 908 VlTA
1402 851 1650 907 SANCTI
1688 847 2076 905 MAGNERICI
2118 845 2445 902 AUCTORE
2476 846 2861 903 EBERWINO

337 1015 711 1086 Eberwinus,
737 1015 921 1074 abbas
947 1017 1017 1073 ις’.
1043 1016 1301 1073 Martini
1332 1013 1723 1082 Treeerensis,
1749 1009 1961 1086 saeculo
1983 1023 2039 1063 xi
2060 1009 2304 1086 ineunte
2330 1008 2397 1086 βξ.
2427 1005 3376 1086 Ille/Inerici‘qrcniepiscoﬁ,qui
3398 1005 3681 1086 monaste-

269 1087 430 1171 rium
453 1089 551 1171 cci
579 1078 707 1170 ipse
731 1089 1407 1171 praerat‘ﬂiudarerat,
1453 1088 1666 1171 Vitam,
1698 1078 2026 1171 editqu’a;
2056 1080 2177 1135 cod.
2213 1080 2292 1171 3.,
2315 1081 2573 1171 Marii/ﬁgi
2596 1080 2717 1171 {icit
2742 1080 2858 1136 SS.
2884 1079 3015 1171 ἆζιζ.⁸
3050 1079 3143 1171 ξνζ,
3172 1078 3681 1171 1⁸83ὲεὶζοθξζξξζᾳε

265 1160 515 1231 scripsit
537 1148 663 1216 siie
689 1148 901 1215 novam
933 1148 1247 1217 editionem
1278 1148 1543 1227 curavit,
1579 1148 1783 1227 ibique
1815 1154 1884 1209 de
1918 1152 2093 1208 illius
2124 1151 2389 1222 sepulcro
2422 1153 2477 1206 et
2507 1150 2577 1207 de
2582 1150 2749 1223 fatis
2772 1149 3015 1207 cenat/ii
3038 1150 3161 1205 Ιιίεσ
3187 1150 3245 1205 in
3254 1150 3383 1219 fine
3400 1148 3636 1205 addidit
3653 1169 3673 1203 .-

342 1295 567 1365 Corpus
590 1296 716 1366 ejus
738 1294 1190 1366 (Magnericiﬁn
1208 1295 1457 1351 ecclesia
1484 1307 1651 1365 quam
1669 1292 1922 1347 diximus
1953 1271 2004 1330 Α
2041 1287 2391 1351 reverentia,
2420 1286 2636 1356 ubique
2658 1285 2890 1356 rapiam,
2910 1285 3123 1355 ubique
3149 1283 3439 1347 incendia;
3470 1281 3671 1337 mcenia

273 1381 361 1443 (ιδ’.
397 1384 659 1441 Martini
688 1385 1053 1453 Ti'erirensi)
1076 1391 1164 1441 est
1184 1385 1533 1441 tumulatum
1562 1383 1690 1451 ;ubi
1712 1386 1770 1437 et
1792 1396 1924 1437 con-

270 1471 447 1542 digne
478 1488 627 1529 nunc
661 1474 881 1529 honore
906 1479 1237 1530 veneratur.
1272 1473 1436 1538 Quod
1468 1490 1595 1529 cum
1629 1472 1924 1543 aliquibus

269 1562 339 1616 ab
360 1561 530 1618 altari
552 1563 799 1634 pedibus
815 1569 974 1619 esset
992 1564 1307 1627 humatum,
1329 1568 1451 1618 nost
1468 1563 1544 1617 ris
1562 1562 1924 1633 lCillpOI‘illllS

272 1651 502 1707 cuidam
534 1652 781 1707 honesto
810 1653 935 1707 viro
984 1653 1211 1707 nomine
1265 1652 1633 1721 Berengario,
1666 1652 1922 1720 ejusdem

276 1740 541 1797 ecclesiie
576 1742 874 1810 monacho,
914 1758 1015 1812 per
1040 1742 1317 1797 visionem
1360 1745 1597 1796 sanctus
1647 1740 1923 1795 sacerdos

273 1830 545 1901 apparuit
568 1835 627 1885 et
653 1835 710 1885 ut
737 1830 1049 1902 sepulchro
1073 1830 1340 1885 altarium
1368 1834 1595 1900 aptaret
1624 1830 1919 1900 prmcepit.

271 1918 435 1984 Quod
466 1918 562 1973 ille
603 1919 759 1975 velut
814 1920 1018 1975 somnii
1066 1919 1449 1974 deliramenta
1497 1918 1923 1989 parvipendens

275 2006 552 2075 neglexit,
590 2008 686 2062 sed
724 2008 929 2062 iterum
976 2008 1225 2063 secunda
1261 2013 1352 2062 est
1396 2007 1518 2062 vice
1571 2007 1921 2077 admonitus,

273 2096 445 2151 tertia
483 2111 511 2151 a
554 2098 860 2151 sacerdote
913 2098 1271 2168 increpatus,
1309 2096 1779 2152 reverentissimo
1829 2097 1925 2151 do-

273 2185 424 2241 mino
458 2186 719 2242 Roberto
749 2187 1028 2257 episcopo
1064 2201 1189 2255 qua}
1236 2186 1465 2241 viderat
1518 2185 1739 2240 retulit.
1774 2186 1924 2240 Tunc

274 2273 590 2345 episcopus
650 2275 718 2329 ad
786 2275 1091 2331 ecclesiam
1159 2276 1397 2329 veniens
1459 2279 1518 2330 et
1564 2274 1762 2329 videns
1812 2289 1925 2344 quo

276 2365 444 2419 modo
480 2379 539 2420 se
573 2380 669 2420 res
707 2365 966 2431 haberet,
1006 2365 1325 2420 secundum
1373 2365 1686 2435 jussionem
1740 2364 1923 2419 sancti

273 2453 600 2509 sacerdotis
632 2454 943 2524 sepulchro
974 2455 1242 2510 altarium
1298 2459 1561 2510 sanetum
1603 2454 1781 2522 jussit
1833 2468 1926 2524 ap-

275 2541 404 2610 tari,
456 2546 513 2597 et
563 2542 833 2613 desuper,
891 2549 954 2599 ut
1014 2543 1191 2598 moris
1258 2548 1370 2611 est,
1430 2543 1722 2612 fastigium
1773 2557 1926 2597 com-

273 2630 424 2701 poni.

345 2719 599 2776 Ecclesia
668 2725 861 2777 autem
930 2721 1024 2776 illa
1076 2720 1249 2789 longe
1294 2725 1427 2776 ante
1480 2725 1739 2791 tempore
1795 2734 1923 2776 cum

279 2809 441 2865 senio
475 2815 631 2864 esset
671 2810 833 2880 lapsa
882 2815 940 2864 et
987 2810 1317 2866 vastatione
1364 2810 1745 2866 Normannica
1795 2825 1923 2865 cum

274 2897 393 2967 ipsa
429 2898 667 2953 civitate
701 2913 999 2968 succensa,
1035 2913 1063 2954 a
1110 2900 1390 2955 Rabbodo
1439 2898 1763 2954 Trevirensi
1809 2897 1929 2969 epi-

273 3000 454 3057 scopo
484 2987 765 3055 Reginoni
800 2988 997 3043 abbati
1055 2987 1223 3058 (531),
1263 2988 1539 3057 religioso
1592 2988 1821 3044 cuidam
1868 2992 1926 3043 et

272 3074 680 3131 ecclesiastico
711 3075 856 3146 viro,
894 3081 984 3132 est
1026 3077 1359 3146 commissa,
1395 3078 1515 3146 (an.
1554 3080 1829 3148 883-917),
1867 3081 1923 3133 et

273 3164 440 3221 abeo
470 3164 525 3219 in
578 3165 891 3235 pristinum
948 3171 1165 3222 statum
1222 3172 1531 3237 reparata;
1565 3174 1621 3222 et
1668 3167 1817 3222 sicut
1868 3167 1924 3222 in

272 3254 697 3324 antiquissimis
725 3255 994 3311 ecclesiae
1028 3255 1329 3324 cujusdam
1362 3256 1683 3327 privilegiis
1710 3256 1927 3327 reperi-

275 3356 421 3413 mus,
456 3343 623 3399 locus
661 3343 757 3399 ille
806 3359 1037 3415 semper
1086 3345 1195 3401 sub
1246 3346 1557 3401 abbatibus
1607 3349 1755 3415 erat,
1791 3346 1922 3415 quia

272 3429 372 3500 ibi,
402 3438 460 3487 ut
489 3432 541 3487 in
569 3432 697 3488 aliis
714 3433 1026 3504 praecipuis
1050 3435 1215 3490 urbis
1236 3434 1531 3504 ecclesiis,
1554 3435 1730 3490 statio
1754 3434 1924 3489 sedes

272 3522 327 3574 et
368 3520 575 3577 domus
604 3526 730 3577 erat
763 3523 1074 3593 pontiﬁcis,
1109 3528 1166 3579 et
1198 3537 1265 3578 ex
1296 3524 1614 3579 traditione
1639 3524 1792 3579 beati
1818 3524 1925 3577 Ma-

270 3608 489 3677 gnerici
524 3611 768 3667 abbates
800 3610 961 3667 illius
986 3612 1098 3667 loci
1126 3612 1561 3683 pontiﬁcalibus
1586 3612 1783 3669 infulis
1804 3617 1925 3667 ute-

274 3697 487 3754 bantur
508 3704 567 3754 et
588 3699 742 3756 vices
771 3701 1064 3772 pontiﬁcis
1078 3702 1148 3756 ad
1165 3701 1421 3757 divinum
1436 3702 1681 3757 ofﬁcium
1698 3706 1922 3757 tantum

272 3785 371 3842 illo
404 3788 645 3843 absente
675 3790 1171 3858 exsequebantur.

343 3875 632 3931 Defuncto
673 3881 865 3931 autem
914 3877 1209 3946 Reginone
1254 3876 1484 3945 abbate,
1521 3876 1686 3932 laicis
1734 3882 1823 3933 est
1868 3878 1922 3933 in

1959 2636 2007 2693 Β

2040 1375 2519 1445 destruebantur,
2554 1374 2842 1443 ecclesiae,
2868 1374 3255 1430 violabantur.
3276 1374 3427 1429 Tunc
3451 1386 3675 1442 quoque

2037 1471 2093 1519 et
2128 1465 2252 1536 ipse
2284 1464 2451 1521 locus
2475 1466 2546 1520 ab
2576 1464 2821 1519 inimicis
2844 1463 2940 1519 Dei
2968 1462 3123 1518 velut
3150 1476 3179 1517 a
3201 1461 3419 1517 rabidis
3438 1460 3676 1517 canibus

2037 1559 2093 1608 et
2128 1553 2282 1624 lupis
2312 1554 2565 1615 invasus,
2605 1553 2680 1607 ita
2716 1553 3056 1609 destructus
3088 1556 3197 1621 est,
3231 1554 3289 1606 ut
3325 1554 3536 1622 praeter
3583 1564 3676 1620 pa-

2041 1645 2222 1699 rietes
2271 1642 2555 1700 eeelesize.
2591 1658 2702 1699 non
2739 1642 2925 1698 (liram
2969 1641 3233 1709 aniifieia,
3270 1639 3371 1695 sed
3405 1654 3509 1696 nec
3556 1640 3677 1710 ipsa

2041 1738 2409 1787 remanerent
2443 1733 2950 1787 fundamentorum
2995 1729 3223 1785 indicia.
3257 1728 3513 1785 Ecclesia
3545 1743 3682 1799 quo-

2039 1836 2149 1890 que
2180 1822 2381 1876 eadem
2415 1821 2649 1875 detecta
2685 1828 2859 1890 atque
2894 1819 3126 1875 deserta
3157 1818 3361 1873 bestiis
3410 1832 3681 1873 nonnum-

2039 1925 2205 1979 quam
2239 1914 2363 1965 erat
2394 1910 2611 1981 pervia.

2111 2044 2267 2101 Unde
2297 2043 2539 2099 tandem
2571 2044 2945 2099 miseratione
2990 2056 3211 2099 summa
3259 2041 3469 2098 ductus
3514 2054 3678 2097 vene-

2038 2134 2241 2189 rabilis
2272 2133 2664 2189 Theodericus
2707 2132 3194 2203 episeopus(533)
3242 2146 3368 2187 cum
3409 2130 3522 2200 jam
3575 2144 3675 2186 suo

2038 2228 2301 2293 tempore
2328 2222 2517 2278 locum
2540 2222 2698 2291 regia
2725 2221 3079 2277 auctoritate
3095 2218 3671 2291 recuperasset(534),

2038 2312 2267 2366 cuidam
2303 2309 2577 2379 religioso
2612 2310 2809 2366 abbati
2842 2309 3202 2379 Angilberto,
3238 2322 3407 2364 servo
3455 2307 3572 2376 Dei,
3605 2304 3673 2362 ad

2040 2399 2356 2468 regendum
2390 2399 2657 2469 tradidit,
2692 2399 2990 2455 concessis
3022 2398 3073 2453 ei
3102 2395 3395 2453 nonnullis
3436 2410 3559 2466 quae
3607 2393 3675 2451 ad

2040 2488 2286 2543 eundem
2316 2487 2505 2544 locum
2540 2488 2838 2559 pertinent
2859 2486 3344 2559 possessionibus,
3375 2483 3593 2541 scilicet
3614 2486 3674 2539 ut

2042 2576 2368 2646 regularem
2406 2577 2483 2632 ibi
2515 2576 2691 2632 vitam
2720 2575 3077 2633 instituendo
3101 2575 3505 2630 monachorum
3525 2571 3677 2627 dein-

2041 2681 2180 2736 ceps
2211 2670 2367 2721 esset
2400 2665 2803 2734 commoratio,
2839 2679 2943 2720 nec
2970 2665 3085 2735 jam
3110 2663 3163 2719 in
3190 2661 3528 2718 beneﬁcium
3548 2673 3677 2716 con-

2040 2754 2374 2824 cederetur,
2408 2758 2469 2810 ut
2501 2753 2608 2810 hac
2640 2754 2801 2825 quasi
2846 2753 3149 2809 occasione
3195 2751 3354 2807 locus
3395 2748 3679 2821 periclita-

2043 2846 2225 2910 retur,
2262 2842 2364 2897 sed
2398 2843 2513 2898 Deo
2542 2842 2881 2912 sanctisque
2917 2840 3043 2909 ejus
3078 2840 3356 2896 serviens.
3403 2836 3675 2909 episcopi,

2040 2944 2153 2985 non
2186 2934 2563 2999 tyrannorum
2597 2928 2851 2985 dominio
2887 2928 3256 2985 subderetur.
3290 2926 3392 2993 Qui
3414 2925 3673 2983 videlicet

2039 3019 2219 3074 abbas
2252 3018 2716 3075 monasterialem
2754 3018 2830 3074 ibi
2857 3017 3277 3074 habitationem
3302 3017 3535 3085 faciens,
3565 3028 3675 3070 mo-

2039 3108 2226 3162 dicam
2256 3107 2486 3178 quidem
2521 3107 2622 3162 sed
2655 3107 2955 3163 honestam
2986 3108 3103 3161 Deo
3144 3105 3516 3161 servientium
3564 3117 3675 3158 mo-

2041 3197 2351 3251 nachorum
2388 3195 2507 3251 illic
2557 3195 2833 3252 adunavit
2884 3194 3409 3265 congregationem,
3441 3193 3675 3263 ejusque

2041 3286 2343 3341 industriae
2374 3285 2657 3355 bonisque
2686 3284 2896 3341 studiis
2937 3285 3248 3356 episcopus
3290 3282 3672 3353 congaudens,

2040 3390 2168 3431 cum
2202 3375 2436 3429 Romam
2472 3378 2767 3445 pergeret,
2804 3376 3216 3453 testamentum
3246 3371 3377 3427 inde
3409 3368 3678 3443 apostoli-

2043 3479 2171 3520 cum
2207 3463 2354 3534 (535)
2386 3464 2620 3533 detulit,
2655 3479 2757 3535 per
2786 3463 2937 3533 quod
2958 3463 3119 3519 locus
3142 3461 3238 3518 ille
3262 3476 3443 3530 nuper
3467 3466 3678 3516 restau-

2045 3556 2207 3608 ratus
2237 3552 2542 3623 privilegio
2581 3553 2835 3623 praefatze
2869 3550 3202 3607 traditionis
3251 3550 3529 3606 subnixus
3575 3563 3674 3605 sua

2040 3641 2318 3713 deinceps
2342 3641 2617 3697 firmitate
2644 3646 2925 3711 maneret,
2946 3640 3353 3710 monachisque
3373 3652 3676 3695 concessus

2037 3730 2295 3801 episcopi
2328 3745 2440 3786 non
2470 3730 2718 3785 alterius
2747 3730 3021 3801 potestati
3048 3734 3300 3801 pareret,
3330 3728 3548 3799 ipsique
3569 3742 3678 3783 mo-

2039 3819 2202 3874 nachi
2232 3819 2584 3888 regulariter
2608 3818 2857 3874 vivendo
2884 3817 3194 3874 secundum
3210 3817 3675 3873 constitutionem

2039 3908 2219 3965 sancti
2243 3907 2535 3962 Benedicti
2551 3908 2894 3964 electionem
2914 3923 3065 3978 quoq
3077 3923 3144 3963 uc
3160 3907 3456 3962 haberent.
3476 3906 3675 3975 Sicque

277 3962 621 4062 be"?ﬁ°‘,“m
656 3963 811 4069 deli,"
834 3965 1181 4069 .et,pri?_],um
1222 3966 1560 4069 ηθνιοξξὲάον,
1590 3967 1766 4069 Γνδῖνί,
1956 3997 2004 4059 C
2039 3962 2225 4053 locum
2264 3996 2585 4068 apostolica
2634 3962 3029 4069 praeceptione
3053 3962 3358 4051 [munitum
3409 4008 3533 4050 cum
3579 3962 3678 4065 per

276 4053 401 4120 geri
436 4053 717 4125 episc0pi,
753 4054 963 4109 deinde
993 4054 1125 4109 aliis
1158 4060 1333 4125 atque
1356 4056 1486 4111 aliis
1510 4055 1802 4111 abbatiola
1826 4056 1923 4112 illa

273 4140 476 4198 divisa.
506 4142 713 4213 Sicque
740 4148 869 4213 post
896 4143 1017 4199 haee
1041 4147 1305 4215 tempore
1335 4145 1553 4200 Albcrti
1582 4146 1729 4213 (532)
1760 4145 1925 4201 ducis

273 4230 396 4285 sive
428 4230 692 4301 Conradi,
728 4248 858 4289 cum
902 4248 1055 4303 saepe
1114 4235 1356 4290 maxima
1404 4240 1564 4289 esset
1614 4250 1922 4304 regnorum

276 4320 535 4375 turbatio
570 4324 745 4389 atque
779 4322 1013 4391 seditio,
1048 4323 1120 4378 ab
1152 4322 1524 4378 invasorihus
1573 4328 1790 4379 sanetae
1834 4337 1925 4379 ec-

270 4407 465 4463 clesias
498 4408 860 4480 episcopium
896 4425 1065 4467 omne
1097 4412 1175 4467 ita
1207 4413 1527 4483 praedatum
1560 4418 1672 4482 est,
1698 4417 1760 4467 ut
1785 4411 1924 4466 nihil

271 4497 417 4551 infra
442 4502 496 4551 et
522 4504 685 4553 extra
714 4499 1015 4554 civitatem
1042 4505 1199 4556 esset
1227 4501 1377 4570 quod
1407 4517 1515 4555 non
1548 4502 1655 4555 sibi
1690 4500 1921 4568 maligni

269 4584 568 4643 invasores
601 4588 985 4645 vendicarent
1025 4589 1146 4645 sive
1197 4589 1521 4660 diriperent
1572 4587 1681 4643 ³⁸⁸⁸.
1718 4589 1922 4645 Nullus

270 4679 406 4730 tunc
422 4676 474 4730 in
493 4676 853 4733 sacerdotem
872 4678 967 4732 Dei
984 4682 1110 4732 erat
1130 4684 1460 4749 respectus,
1479 4677 1636 4733 nulla
1661 4677 1922 4733 ecclesiae

2036 4086 2271 4157 aliquod
2305 4091 2535 4157 tempus
2573 4086 2895 4157 praedictus
2929 4086 3015 4141 vir
3041 4085 3445 4155 gubernasset,
3479 4084 3547 4138 ab
3575 4084 3676 4137 hac

2036 4174 2164 4232 luce
2200 4175 2448 4231 feliciter
2482 4175 2775 4231 discessit.

2106 4320 2243 4374 Post
2295 4333 2464 4389 quem
2514 4319 2755 4374 eandem
2802 4317 3031 4386 cellam,
3076 4320 3365 4372 annuente
3404 4314 3674 4386 episcopo

2034 4423 2164 4465 cum
2187 4408 2429 4464 fratrum
2459 4407 2768 4477 electione,
2796 4422 2903 4462 nos
2928 4406 3021 4476 qui
3051 4406 3172 4461 hzec
3196 4405 3516 4471 scribimus,
3544 4402 3678 4457 licet

2036 4496 2275 4566 indigni,
2296 4496 2607 4565 regendam
2636 4497 3022 4567 suscepimus,
3050 4499 3102 4551 rt
3131 4509 3314 4565 usque
3338 4507 3486 4549 nunc
3508 4497 3675 4562 prout

2034 4601 2349 4657 possumus
2380 4585 2434 4640 in
2472 4586 2635 4641 vinea
2669 4585 2911 4647 Domini,
2946 4584 3100 4639 servi
3134 4582 3396 4653 quamvis
3426 4580 3674 4650 inutiles,

2036 4674 2385 4731 laboramus.
2428 4717 2441 4729 .
2492 4717 2505 4730 .
2550 4717 2563 4731 .
2611 4717 2624 4730 .

1633 4792 1868 4848 νΑΒΙΑε
1900 4790 2307 4846 LECTIONES.

336 4886 429 4921 ³⁸⁸⁸
460 4889 798 4963 deriperent
826 4889 910 4947 ed.

1867 4986 2071 5042 NOTAE

342 5112 489 5179 (531)
525 5110 662 5180 Cum
717 5109 994 5164 Browero
1032 5106 1242 5180 Annal.
1279 5108 1619 5163 Treverens.
1658 5109 1696 5175 l,
1733 5125 1785 5180 p.
1823 5112 1926 5166 440

268 5186 327 5234 et
377 5182 396 5235 Ι
446 5177 693 5261 Boschiq
743 5182 867 5234 Act.
902 5180 994 5234 SS.
1031 5177 1165 5259 l..l.,
1298 5185 1393 5234 175
1447 5177 1925 5262 ρυιίιιῆῐρζιίυεὶ-

269 5266 473 5302 nonem
500 5252 897 5302 Prumiensem
923 5264 1055 5302 esse
1082 5257 1199 5302 inte
1230 5251 1547 5302 luendum.
1572 5266 1667 5302 oui
1694 5254 1923 5302 Prmma

268 5266 473 5307 nonem
500 5251 897 5306 Prumiensem
923 5264 1055 5305 esse
1082 5250 1547 5317 intelligendum,
1572 5251 1667 5320 qui
1693 5252 1923 5308 Prumia

267 5323 547 5393 expulsus
574 5322 805 5376 Treveri
828 5321 1002 5393 Avixit,
1043 5321 1238 5391 ibique
1268 5322 1516 5393 Ratbodi
1543 5323 1711 5390 jussu
1739 5322 1923 5379 libros

269 5391 354 5449 De
381 5393 689 5464 disciplina
718 5391 1125 5448 ecclesiastica
1160 5392 1422 5463 scripsit.

341 5464 489 5535 (532)
523 5463 978 5535 Fortasseidem
1022 5479 1189 5534 quem
1242 5463 1596 5532 Sigehardus
1644 5465 1833 5520 Mirac.
1866 5466 1920 5519 S.

270 5534 557 5606 Maximini
590 5551 639 5591 c.
680 5539 766 5603 16,
801 5534 894 5589 SS.
925 5536 1015 5599 IV,
1048 5539 1153 5591 233
1185 5537 1444 5591 nominat
1472 5552 1485 5599 ;
1520 5550 1707 5606 neque
1730 5540 1923 5591 tamen

269 5603 365 5677 hic
393 5605 510 5662 dux
564 5607 690 5662 fuit.
745 5606 1045 5677 Conradus
1094 5621 1275 5674 gener
1324 5606 1555 5661 Ottonis
1594 5603 1628 5677 Ι
1678 5606 1922 5677 intelligi

271 5674 525 5755 videtur.
563 5677 701 5732 Nam
734 5675 804 5730 de
844 5676 1062 5755 przeliis
1096 5677 1342 5755 Conradi
1373 5682 1432 5733 et
1463 5676 1764 5733 Adalberti
1792 5692 1838 5734 s.
1868 5674 1921 5733 it.

272 5747 383 5802 inc.
422 5747 515 5801 vix
545 5761 738 5803 sermo
763 5747 894 5804 esse
923 5751 1141 5818 potest.

2108 5112 2252 5180 (n33)
2284 5113 2345 5165 Α.
2380 5113 2634 5167 964-975.

2091 5174 2402 5263 ,ᾠδῇ
2478 5182 2710 5237 Ottonis
2776 5181 2821 5235 ll
2889 5179 3140 5251 diploma
3220 5194 3308 5250 ap.
3378 5174 3671 5232 Hontheim

2040 5254 2257 5395 "ibi;
2290 5258 2589 5378 ῗςέῗὶεάίοιί
2631 5322 2745 5395 vn.
2780 5321 3007 5377 Edituin
3043 5325 3131 5377 est
3165 5321 3288 5395 Act.
3326 5317 3487 5395 ssi.
3527 5316 3670 5395 I.,_p.

2044 5390 2140 5450 176
2181 5388 2246 5449 et
2290 5394 2593 5450 Hontheim
2649 5393 2793 5447 llist.
2831 5398 2876 5459 1,
2915 5409 2969 5464 p.
3005 5396 3126 5459 316,
3165 5392 3359 5461 ibique
3401 5391 3524 5464 Yita
3572 5388 3677 5464 illa-

2036 5466 2257 5546 gnerici
2274 5464 2701 5533 aﬂ‘erturmtin
2724 5459 2927 5535 ipsius
2954 5464 3081 5520 Vita
3107 5459 3367 5543 legitur).
3388 5462 3553 5516 Certe
3568 5459 3674 5513 alia

2040 5536 2416 5592 intelligenda
2443 5541 2535 5591 est
2567 5550 2735 5592 quam
2769 5538 2889 5590 haec
2922 5536 2993 5589 ah
3017 5535 3322 5589 Eberwmo
3357 5537 3484 5592 post
3506 5529 3676 5585 Theo-

2040 5548 2416 5606 mtelbgenaa
2443 5548 2535 5591 est
2567 5550 2735 5605 quam
2769 5548 2889 5590 haec
2922 5548 2993 5589 an
3020 5548 3322 5589 nuerwmo
3357 5548 3484 5604 posm
3517 5548 3673 5585 inco-

2039 5608 2219 5687 de_r_ici
2240 5614 2302 5687 _e_t
2316 5606 2806 5687 _Bened_icti_pap_w
2820 5611 3084 5687 tempore
3098 5602 3673 5687 scriptawis‘idicere

2040 5679 2204 5745 velis,
2240 5678 2386 5734 Vitae
2416 5676 2735 5747 antiquiOri
2756 5679 2877 5735 hzec
2903 5676 3125 5733 tantum
3147 5677 3217 5731 de
3240 5676 3293 5731 S.
3321 5676 3544 5747 Martini
3568 5688 3677 5728 mo-

2041 5749 2299 5806 nasterio
2327 5754 2525 5819 postea
2550 5746 2621 5804 ab
2644 5749 2951 5806 Eberwiuo
2974 5747 3171 5805 addita
3189 5761 3341 5804 esse.
3369 5746 3450 5802 Cf.
3482 5755 3672 5817 supra.
