3920 6416
264 380 412 444 1247

972 376 1240 447 GESTA
1269 376 1630 448 TREVER.
1666 418 1741 429 -
1771 376 2137 448 APPEND?
2161 374 2278 447 EX
2303 377 2498 447 VI’l‘A
2530 375 2598 446 S.
2629 376 2955 447 AGRITII.

3516 374 3673 440 1248

263 532 449 592 fateor
478 533 788 592 fenestram
836 533 1118 601 fractam;
1150 535 1251 593 sed
1304 536 1522 593 athleta
1565 536 1779 594 Christi
1812 537 1909 609 Sy—
1937 518 1993 580 Α
2024 552 2240 595 camus.
2279 535 2443 605 Quod
2476 539 2742 609 apertum
2785 533 3173 605 dimittentes,
3209 527 3304 606 qui
3353 525 3567 602 vigiliis
3607 533 3671 588 et

262 639 448 695 meon,
499 626 774 682 fundatus
825 640 1000 696 supra
1053 626 1271 683 ﬁrmam
1318 630 1544 699 petram
1597 627 1909 684 immobilis

257 714 633 785 persistebat,
671 718 847 785 atque
880 717 995 771 Deo
1027 716 1252 783 gratias
1285 717 1537 774 reddens
1566 733 1673 789 pro
1716 732 1911 789 perse-

264 803 573 859 cutoribus
601 804 865 872 gaudens
909 806 1134 860 orabat.
1182 849 1193 861 .
1244 849 1255 861 .
1302 848 1314 860 .
1361 849 1372 862 .
1421 848 1432 861 .
1480 850 1491 862 .
1541 850 1551 861 .
1597 850 1608 860 .
1657 850 1668 862 .
1716 848 1727 861 .
1774 848 1785 860 .
1834 848 1845 860 .
1892 848 1903 860 .

324 892 549 946 Interea
578 891 950 947 volventibus
975 893 1141 949 annis
1164 894 1253 949 vir
1276 896 1395 951 Deo
1419 896 1663 965 Symcon
1691 893 1911 949 resolu-

242 980 456 1036 tionem
482 980 569 1036 sui
596 980 865 1052 praevidit
896 983 1304 1053 corporis(a72.
1326 985 1506 1055 1035).
1527 985 1781 1055 Denique
1809 984 1914 1039 do-

234 1083 423 1123 mnum
460 1069 801 1141 episcopum
840 1076 1083 1140 rogatut
1105 1086 1393 1143 expensas
1414 1071 1907 1144 etoperariosqui

240 1156 350 1211 sibi
384 1156 600 1213 lectum
630 1168 982 1230 componant
1022 1161 1237 1230 mittat,
1274 1160 1399 1231 ipse
1437 1162 1492 1216 in
1516 1166 1683 1232 parte
1708 1160 1794 1217 sui
1825 1159 1911 1214 di-

245 1246 488 1301 versorii
515 1245 704 1303 locum
730 1248 1053 1319 sepulturae
1080 1255 1243 1320 parat
1275 1269 1285 1302 :
1320 1251 1479 1319 Hcee,
1506 1250 1798 1320 inquiens,
1821 1265 1942 1305 γε·-

250 1335 421 1406 quies
442 1350 574 1392 mea
596 1337 662 1394 in
683 1338 966 1395 meatum
994 1340 1219 1396 saeculi.
1248 1340 1370 1396 Hz’e
1400 1339 1713 1410 eapeetabo
1753 1339 1912 1394 diem

250 1424 535 1495 Domini,-
564 1424 665 1482 Itie
694 1426 969 1482 Itabitabo
1000 1428 1286 1498 quoniam
1326 1428 1477 1499 elegi
1507 1443 1653 1484 eam.
1699 1428 1911 1483 Paucis

255 1514 620 1583 postmodum
637 1515 1383 1587 transactisdicbusipsum
1403 1532 1510 1585 ego
1529 1517 1764 1573 humilis
1787 1517 1876 1571 adi
1895 1501 1910 1556 ί

251 1606 513 1659 vocatus.
550 1607 609 1658 et
640 1604 735 1673 qui
772 1604 983 1674 pedum
1012 1604 1171 1661 illius
1194 1606 1399 1661 osculo
1424 1620 1580 1661 eram
1610 1606 1906 1674 indignus,

2023 626 2326 698 obsequiis
2358 627 2725 683 deservirent
2759 625 3127 698 deputamus.
3165 621 3221 678 ln
3254 620 3510 677 crastino
3545 626 3666 677 tota

2021 717 2230 774 civitas
2259 716 2424 788 quasi
2457 716 2544 772 vir
2564 730 2713 772 unus
2736 717 3131 784 congregatur
3156 730 3170 779 ;
3198 711 3441 767 interior
3463 709 3670 767 domus

2019 807 2378 863 ornamentis
2407 805 2822 862 ecclesiasticis
2846 804 3178 859 decoratur.
3208 802 3349 858 Dum
3372 815 3510 870 ergo
3532 814 3665 855 exe-

2022 894 2170 965 quias
2201 893 2584 949 communiter
2624 892 3018 949 celebrantur.
3065 931 3077 943 .
3126 930 3137 942 .
3184 930 3196 943 .
3245 929 3256 942 .
3303 929 3315 942 .
3363 929 3375 941 .
3422 928 3434 941 .
3479 886 3667 943 visum

2020 988 2106 1038 est
2137 983 2424 1052 omnibus,
2458 985 2515 1037 ut
2552 981 2695 1038 illud
2728 980 2873 1037 tanti
2908 979 3017 1036 viri
3066 991 3282 1049 corpus
3331 991 3439 1031 non
3490 976 3670 1044 negli-

2021 1077 2260 1142 geretur
2290 1071 2389 1128 sed
2424 1087 2453 1127 a
2485 1071 2716 1127 clericis
2765 1084 2871 1141 per
2915 1067 3212 1140 proximos
3261 1065 3495 1135 triginta
3542 1064 3667 1120 dies

2022 1161 2321 1232 deputatis
2350 1161 2606 1217 vicissim
2636 1158 3053 1216 custodiretur.
3089 1156 3273 1227 Igitur
3306 1157 3435 1226 post
3466 1155 3666 1210 horam

2023 1266 2230 1306 nonam
2256 1250 2586 1321 sepulcrum
2612 1250 2925 1319 diligenter
2948 1245 3263 1315 clauditur,
3289 1258 3533 1314 cumque
3553 1242 3671 1298 cle-

2024 1340 2129 1395 rici
2158 1341 2286 1396 vice
2316 1354 2416 1395 sua
2448 1341 2503 1394 in
2534 1339 2744 1395 cellula
2790 1338 2884 1394 ubi
2932 1336 3228 1391 humatum
3279 1336 3403 1390 erat
3453 1346 3668 1403 corpus

2021 1429 2128 1483 viri
2159 1429 2278 1499 Dei,
2317 1429 2569 1500 psalmos
2609 1431 2868 1495 caneret,
2904 1440 3070 1481 unus.
3120 1466 3132 1478 .
3178 1466 3189 1479 .
3235 1466 3247 1478 .
3294 1465 3307 1477 .
3354 1464 3366 1476 .
3411 1463 3423 1476 .
3473 1463 3486 1476 .
3532 1463 3544 1476 .
3591 1463 3601 1474 .
3649 1463 3661 1475 .

2093 1538 2153 1591 In
2184 1535 2481 1592 tricesima
2508 1536 2706 1605 itaque
2738 1533 2935 1589 obitus
2967 1531 3077 1587 viri
3111 1530 3209 1586 Dei
3241 1527 3539 1600 Symeonis
3574 1527 3667 1584 die

2022 1623 2241 1680 multus
2276 1624 2525 1695 populus
2556 1638 2685 1679 eum
2719 1622 2908 1678 cereis
2940 1626 3001 1679 et
3033 1620 3165 1676 aliis
3194 1618 3360 1675 donis
3383 1616 3453 1673 ad
3477 1614 3669 1688 sepul-

253 1691 307 1745 in
342 1690 610 1747 cellulam
638 1693 709 1748 ab
732 1707 800 1747 eo
824 1708 947 1749 sum
976 1693 1365 1750 intromissus.
1392 1695 1529 1749 Post
1557 1696 1904 1769 orationem,
2021 1729 2180 1769 crum

2092 1730 2182 1769 uin
2215 1690 2394 1783 coepit
2427 1714 2741 1768 confluere.
2780 1710 3052 1776 Quzedam
3086 1724 3225 1778 ergo
3264 1722 3424 1765 anus.
3471 1748 3484 1761 .
3531 1747 3544 1760 .
3589 1747 3601 1759 .
3648 1745 3663 1759 .

255 1778 580 1850 amplexus,
615 1780 814 1836 oscula
847 1787 903 1837 et
938 1781 1111 1837 ﬂetus
1156 1782 1544 1838 consedimus.
1594 1825 1605 1837 .
1652 1825 1662 1837 .
1711 1825 1722 1838 .
1770 1825 1782 1837 .
1829 1825 1840 1837 .
1891 1827 1902 1839 .
2022 1843 2033 1855 ο
2081 1844 2092 1856 ε
2141 1843 2155 1856 ,
2202 1845 2215 1858 ο
2261 1844 2272 1857 ,
2310 1778 2332 1856 '_
2369 1803 2452 1857 Ex
2482 1805 2620 1857 ιυηο
2648 1798 2983 1871 sepulcrum
3014 1794 3536 1867 virineiapopulo
3560 1794 3669 1850 fre.

492 1911 519 1962 χ
550 1910 563 1923 ·
601 1910 614 1921 -
654 1910 665 1922 -
705 1911 716 1922 -
757 1870 1125 1962 an‘DOSitlS
1149 1886 1288 1939 ω’ἕο
1311 1874 1543 1962 Genium
1570 1876 1627 1925 θι
1652 1871 1906 1962 quinque
1936 1880 1988 1939 Β
2021 1895 2341 1962 qucntatur
2365 1906 2428 1947 ac
2447 1870 2781 1946 veneratur.
2810 1889 2947 1943 Cum
2962 1902 3104 1957 ergo
3119 1884 3455 1943 commodus
3471 1898 3669 1940 ascen-

254 1956 476 2026 diebus,
507 1956 561 2011 in
587 1958 812 2014 octavis
838 1964 1211 2029 pentecostes
1235 1962 1381 2030 (3536)
1410 1960 1756 2030 infirmatus,
1784 1960 1907 2014 Ste-

254 2046 459 2117 phano,
488 2046 583 2116 qui
608 2047 659 2102 ei
688 2047 1001 2115 serviebat,
1032 2047 1301 2116 injungit,
1329 2054 1393 2103 ut
1419 2047 1527 2103 sibi
1554 2062 1656 2119 per
1681 2048 1905 2119 aliquot

252 2134 375 2189 dies
396 2135 653 2205 requiem
678 2136 863 2204 daret,
892 2139 1181 2205 quatenus
1208 2135 1336 2206 plus
1357 2136 1533 2191 solito
1548 2137 1905 2207 contempla-

253 2223 397 2279 tioni
424 2238 632 2280 vacare
659 2231 878 2295 posset.
898 2224 1000 2280 Ille
1021 2240 1195 2281 unum
1220 2224 1370 2279 diem
1396 2230 1691 2295 expectat.
1713 2228 1771 2281 In
1791 2230 1905 2280 ter-

250 2312 330 2367 tia
347 2312 489 2367 feria
513 2313 582 2368 ad
600 2328 901 2384 vesperam
919 2315 1143 2381 signum
1172 2314 1326 2383 facit,
1345 2315 1579 2369 corbem
1603 2330 1731 2370 cum
1758 2329 1903 2386 pane

250 2399 320 2454 ad
356 2400 670 2456 fenestram
698 2401 1027 2471 suspendit.
1056 2402 1214 2457 Mane
1236 2403 1389 2456 facto
1416 2401 1570 2457 sicut
1596 2402 1903 2459 dimiserat

252 2489 531 2545 intactum
549 2490 770 2560 reperit
785 2490 1145 2560 multumque
1163 2492 1368 2546 anxius
1382 2491 1453 2546 ad
1467 2505 1595 2546 eum
1613 2492 1897 2546 ascendit.

249 2579 656 2648 Interrogatus
688 2579 799 2635 hoc
832 2578 1018 2636 solum
1044 2579 1340 2649 respondit
1370 2598 1381 2635 :
1414 2580 1573 2646 Quid
1594 2581 1688 2637 eis
1708 2588 1733 2637 Ρ
1754 2581 1905 2638 ταιίε

248 2667 314 2722 in
337 2680 497 2737 pace.
537 2666 638 2722 Ille
670 2667 903 2737 timens,
942 2667 1215 2724 Gozcloni
1244 2667 1480 2733 clerico,
1515 2670 1611 2739 qui
1643 2668 1769 2725 viro
1802 2670 1902 2725 Dei

250 2756 397 2811 satis
449 2756 751 2811 familiaris
802 2756 1020 2825 extitit,
1071 2771 1173 2827 per
1204 2756 1466 2813 ordinem
1510 2757 1730 2828 pandit,
1768 2760 1901 2829 quia

250 2843 497 2900 domnus
531 2843 774 2914 Symeon
809 2844 978 2900 valde
1011 2845 1408 2901 infirmaretur
1441 2860 1546 2902 nec
1588 2846 1698 2902 sibi
1750 2847 1903 2903 sicut

248 2930 460 2988 solitus
507 2937 634 2987 erat
685 2932 1046 3002 loqueretur.
1087 2932 1349 2997 Clericus
1400 2933 1456 2988 in
1509 2934 1708 3004 quinta
1760 2935 1899 2991 feria

248 3018 410 3075 illum
443 3020 664 3075 visitat.
704 3020 974 3077 Famulus
1004 3022 1102 3076 Dei
1138 3021 1359 3078 nullum
1405 3037 1753 3095 responsum
1805 3024 1903 3081 dat

251 3107 355 3165 sed
390 3115 578 3165 tamen
613 3108 682 3164 de
717 3124 885 3165 manu
920 3110 1047 3179 ejus
1075 3114 1275 3181 potum
1319 3112 1562 3183 suscipit
1616 3127 1792 3183 seque
1844 3113 1898 3169 in

250 3196 463 3254 lectum
499 3213 665 3254 suum
702 3197 1017 3269 recolligit.
1052 3201 1111 3254 In
1147 3200 1237 3255 die
1268 3206 1470 3256 octava
1508 3201 1641 3257 dum
1698 3202 1899 3258 revisit
1934 3236 1982 3297 Ο

249 3285 409 3344 illum
441 3286 609 3344 valde
643 3287 924 3358 diluculo,
957 3289 1011 3344 in
1043 3290 1324 3344 extremis
1379 3291 1595 3361 reperit
1648 3292 1901 3363 mihique

249 3380 447 3432 notum
487 3377 640 3433 facit.
678 3378 955 3434 Concitus
989 3379 1241 3435 cucurri.
1282 3379 1550 3436 Infirmus
1602 3386 1727 3437 toto
1776 3397 1902 3438 cor-

250 3480 388 3535 pore
420 3471 478 3521 et
509 3465 755 3522 maxime
788 3465 1002 3522 debilis
1034 3467 1244 3538 pedum
1300 3468 1702 3539 invalitudine,
1734 3471 1901 3541 quasi

249 3568 421 3610 sanus
454 3555 688 3611 ascendi
725 3555 847 3610 sine
884 3554 1104 3611 dolore.
1142 3557 1352 3628 Reperi
1387 3556 1577 3614 adhuc
1611 3558 1902 3615 viventem

245 3646 301 3696 et
329 3644 445 3713 jam
480 3642 744 3700 ultimum
775 3644 1050 3715 spiritum
1074 3644 1423 3701 trahentem.
1450 3647 1741 3717 Exequias
1774 3663 1901 3718 quae

246 3747 351 3801 pro
386 3732 759 3789 absolutione
792 3733 997 3789 anima:
1031 3733 1395 3790 debebantur
1424 3751 1553 3791 cum
1588 3735 1729 3792 solis
1763 3738 1904 3794 duo-

249 3819 358 3876 bus
392 3821 691 3890 fratribus,
720 3821 992 3876 Anselmo
1021 3822 1248 3883 scilicet
1279 3827 1335 3878 et
1361 3824 1639 3895 Roberto,
1668 3826 1763 3896 qui
1790 3841 1906 3882 me-

248 3922 377 3964 cum
410 3908 787 3979 advenerant,
825 3914 995 3980 prout
1034 3910 1332 3980 potuimus
1356 3912 1757 3983 expendimus.
1786 3916 1902 3972 Sic-

246 4011 357 4065 que
408 4010 557 4053 anno
607 3998 908 4054 dominicae
972 3998 1391 4057 incarnationis
1440 4006 1595 4072 1035,
1651 4004 1899 4060 animam

245 4090 524 4155 sanctam,
541 4086 683 4143 hora
704 4087 872 4142 tertia
900 4087 1203 4145 dominicae
1228 4090 1341 4145 diei
1366 4090 1420 4145 in
1438 4091 1708 4149 Kalendis
1723 4094 1896 4166 Junii,

249 4174 666 4245 benignissimo
681 4177 773 4232 cui
790 4191 1019 4248 semper
1033 4177 1593 4236 servieratreddidit
1615 4183 1896 4239 Creatori.

316 4281 521 4337 Subito
555 4282 618 4337 ﬁt
667 4297 997 4340 concursus
1048 4284 1322 4341 omnium.
1359 4287 1637 4359 Monachi,
1675 4288 1898 4361 clerici,

2019 1997 2119 2037 sus
2150 1981 2204 2036 in
2236 1981 2485 2038 aedilicio
2515 1980 2703 2035 turris
2753 1980 3081 2050 pararetur,
3118 1975 3405 2047 quoddam
3452 1974 3663 2044 lignum

2020 2084 2049 2125 a
2081 2069 2279 2125 multis
2310 2069 2679 2136 trahebatur,
2708 2071 2763 2122 et
2792 2081 2923 2123 cum
2943 2066 3060 2135 jam
3081 2065 3137 2121 in
3161 2063 3529 2120 altitudinem
3552 2061 3665 2118 ele-

2017 2161 2275 2229 varetur,
2313 2161 2486 2230 rupto
2521 2158 2654 2213 fune
2687 2156 2865 2229 coepit
2898 2154 3255 2213 multitudini
3290 2166 3417 2224 quas
3459 2166 3666 2209 conve-

2017 2253 2183 2305 nerat
2218 2255 2274 2305 et
2310 2249 2519 2305 subtus
2554 2247 2744 2303 stabat
2793 2251 3037 2303 mortem
3085 2243 3308 2300 minari.
3354 2284 3367 2297 .
3412 2286 3426 2298 .
3470 2284 3483 2296 .
3529 2284 3541 2296 .
3587 2284 3599 2297 .
3646 2283 3658 2296 .

2087 2356 2190 2412 Hic
2222 2370 2452 2427 quoque
2477 2353 2568 2386 ³⁸⁶⁰
2594 2352 2870 2410 miracula
2897 2352 3037 2409 libet
3062 2352 3320 2408 inserere
3344 2365 3470 2422 quae
3492 2348 3661 2406 iidem

2016 2445 2123 2517 ipsi
2161 2446 2259 2516 qui
2292 2444 2479 2501 sanati
2515 2447 2649 2500 sunt
2682 2443 3080 2499 testificantur
3109 2442 3165 2497 in
3196 2440 3320 2513 ejus
3343 2440 3459 2495 vita
3482 2437 3665 2496 conti-

2013 2535 2193 2605 gisse.
2250 2535 2388 2591 Cum
2441 2548 2544 2605 per
2588 2531 2821 2603 longum
2873 2537 3099 2604 tempus
3151 2530 3408 2602 quaedem
3459 2528 3660 2585 femina

2017 2623 2246 2681 Caecilia
2282 2623 2455 2680 dicta.
2501 2665 2512 2677 .
2561 2664 2573 2680 .
2619 2665 2631 2677 .
2679 2664 2690 2676 .
2727 2622 2957 2678 Dictum
2989 2626 3076 2677 est
3116 2636 3145 2676 a
3199 2620 3444 2692 quodam
3493 2619 3664 2674 Goze-

2015 2711 2146 2768 lone
2195 2712 2431 2768 clerico.
2480 2754 2492 2767 .
2540 2753 2551 2767 .
2602 2754 2614 2766 .
2660 2753 2672 2767 .
2721 2753 2732 2766 .
2779 2754 2791 2766 .
2830 2710 3071 2777 Quidam
3117 2708 3397 2782 puerulus
3439 2706 3663 2764 nomine

2016 2802 2341 2859 Bezelinus.
2391 2844 2403 2856 .
2450 2845 2462 2857 .
2510 2843 2522 2856 .
2570 2845 2581 2857 .
2629 2842 2642 2856 .
2686 2842 2698 2856 .
2740 2800 3013 2867 Quaedam
3049 2799 3256 2856 mulier
3288 2798 3358 2854 de
3398 2795 3659 2853 Mettensi

2012 2905 2162 2963 pago
2187 2890 2515 2963 progenita.
2564 2933 2576 2946 .
2623 2933 2635 2946 .
2682 2932 2694 2944 .
2742 2932 2753 2944 .
2803 2933 2814 2944 .
2860 2931 2871 2943 .
2923 2932 2935 2944 .
2984 2931 2994 2943 .
3043 2930 3055 2944 .
3094 2887 3279 2945 Alius.
3318 2928 3329 2942 .
3364 2885 3660 2958 cujusdam

2014 2979 2289 3037 Adelardi
2323 2980 2651 3052 presbyteri
2689 2978 2987 3051 puerulus.
3036 3020 3047 3033 .
3096 3018 3108 3033 .
3157 3018 3169 3033 .
3214 3019 3227 3031 .

2086 3088 2146 3142 In
2180 3086 2293 3142 alia
2322 3086 2617 3143 Dominica
2650 3086 2743 3141 die
2774 3084 3037 3156 quaedam
3061 3081 3266 3142 mulier
3289 3082 3358 3140 de
3382 3081 3520 3139 villa
3552 3081 3660 3137 fra-

2015 3180 2167 3232 trum
2214 3191 2341 3247 quaa
2389 3179 2635 3232 vocatur
2706 3174 3103 3231 Mandiricium
3155 3174 3416 3245 (537).....
3465 3170 3659 3229 subito

2014 3271 2290 3337 parentes
2310 3264 2469 3322 illius
2495 3265 2759 3321 mulieris
2782 3269 2841 3320 et
2866 3262 3282 3321 ministeriales
3309 3262 3379 3319 de
3401 3259 3537 3317 villa
3560 3259 3659 3317 ad-

2013 3355 2369 3411 veniunt.....
2423 3353 2664 3420 Quidam
2725 3354 3114 3411 Adalmannus
3162 3352 3468 3424 presbyter
3514 3349 3663 3405 civis

2012 3442 2390 3498 Treverensis
2414 3441 2527 3497 iter
2555 3443 2883 3499 faciens.....
2904 3442 3175 3509 Quaedam
3201 3440 3407 3497 mulier
3421 3438 3491 3494 de
3509 3450 3650 3510 pago

2012 3531 2470 3587 Treverensi.....
2505 3531 2747 3598 Quidam
2782 3545 2989 3587 servus
3020 3529 3261 3602 palatini
3296 3527 3525 3585 comitis
3564 3526 3659 3580 ha-

2015 3619 2139 3676 buit
2167 3618 2549 3676 ancillam.....
2580 3620 2822 3687 Quidam
2848 3620 3014 3678 miles
3036 3620 3266 3676 nomine
3290 3619 3661 3674 Bertramnus

2014 3709 2300 3779 quandam
2334 3708 2390 3763 in
2425 3710 2669 3766 servitio
2702 3710 2905 3766 habuit
2936 3707 3203 3766 ancillam

2085 3799 2145 3852 In
2178 3797 2453 3854 Kalendis
2484 3798 2913 3855 Novembribus
2943 3813 3072 3855 cum
3107 3796 3425 3870 placuisset
3459 3793 3663 3850 domno

2013 3885 2286 3956 episcopo
2316 3885 2371 3941 in
2404 3885 2654 3942 aedificio
2691 3888 2895 3957 turris,
2932 3888 3029 3943 ubi
3062 3900 3278 3957 corpus
3308 3884 3415 3941 viri
3451 3882 3546 3939 Dci
3580 3896 3662 3939 se-

2014 3973 2238 4045 pultum
2271 3979 2422 4045 erat,
2459 3990 2634 4032 unum
2668 3975 2854 4032 altare
2888 3977 2943 4032 in
2976 3976 3194 4033 honore
3242 3974 3493 4031 omnium
3542 3986 3665 4029 san-

2012 4068 2241 4120 ctorum
2273 4078 2643 4136 consecrare,
2670 4064 2892 4123 multus
2922 4065 3178 4136 undique
3206 4062 3454 4136 populus
3482 4059 3661 4132 coepit

2014 4152 2325 4209 conﬂuere.
2362 4154 2504 4210 Dum
2536 4168 2677 4224 ergo
2706 4154 2766 4209 fit
2798 4159 3118 4228 apparatus
3143 4156 3201 4210 et
3247 4152 3489 4209 domnus
3523 4162 3660 4222 prae-

2014 4239 2107 4296 sul
2132 4245 2595 4313 expectatur.....

240 4368 356 4425 Deo
388 4375 635 4426 sacratae
686 4371 965 4443 virgines,
1002 4372 1213 4443 vulgus
1260 4376 1575 4446 promiscui
1622 4355 1795 4435 sexus
1840 4355 1899 4434 et
2086 4355 2326 4423 Ql‘idam
2361 4358 2615 4415 Γυθιίθυε
2646 4358 2992 4416 GOdefl'idus
3031 4358 3376 4415 nominem"

245 4458 593 4529 quicumque
626 4459 828 4517 audire
862 4467 1131 4533 poterant
1168 4465 1236 4519 ad
1266 4466 1410 4519 tanti
1438 4466 1544 4521 viri
1571 4468 1742 4523 funus
1769 4484 1901 4540 pro-
2085 4472 2159 4528 Ea
2195 4478 2549 4545 tempestate
2572 4490 2701 4531 eum
2729 4476 3095 4533 Trevirorum
3120 4474 3327 4531 civitas
3349 4461 3524 4529 tantis
3544 4468 3659 4543 pol-

246 4547 550 4654 gerebant.
589 4550 724 4606 Ideo
756 4551 906 4654 sicut
942 4552 1068 4623 ipse
1108 4553 1479 4652 disposuerat
1530 4555 1703 4612 immo
1752 4572 1899 4627 prte-
1936 4598 1982 4654 υ
2014 4559 2161 4617 leret
2196 4562 2609 4619 miraculis.....
2646 4566 2817 4619 Forte
2847 4569 2976 4620 erat
3008 4562 3156 4636 apud
3184 4578 3288 4619 nos
3310 4561 3377 4617 de
3404 4560 3659 4617 Aleman-

243 4633 492 4707 dixerat,
512 4639 925 4710 corpusculum
952 4654 1109 4695 more
1134 4655 1256 4697 sure
1278 4642 1896 4715 patriaecomponimus

243 4726 300 4776 et
336 4738 464 4780 cum
500 4726 739 4797 psalmis
767 4732 823 4783 et
858 4727 1132 4785 laudibus
1165 4730 1264 4786 Dei
1299 4730 1355 4785 in
1396 4731 1671 4801 sepulcro
1720 4734 1898 4791 collo-

2014 4650 2105 4706 nia
2139 4652 2476 4723 monachus,
2513 4667 2623 4709 non
2657 4653 3031 4711 mediocriter
3064 4651 3403 4708 liberalibus
3434 4647 3661 4703 institu-

2016 4744 2111 4794 tus
2145 4739 2590 4811 disciplinis.....

245 4829 3639 4857 Μ

1153 4911 1302 4998 ΕΧ
1413 4913 1673 5002 VITA
1793 4919 2179 5009 SANCTI
2292 4925 2731 5013 AGBITII

312 5051 981 5144 ρξλζςιξξςξᾳζιρζὶΔ
999 5055 1225 5144 Fila-in,
1258 5069 1388 5144 qua
1418 5058 1574 5144 inter
1598 5061 1861 5144 pretiosa
1892 5064 2160 5144 historia
2196 5068 2563 5127 Treverensis
2592 5071 2969 5144 amasiuncula
2996 5070 3220 5142 referri
3248 5070 3431 5140 debet,
3466 5070 3653 5127 medio

244 5124 534 5214 seeatolm
547 5140 687 5214 esse.
700 5124 1099 5214 compositam,
1123 5124 1309 5214 sapia
1329 5124 1923 5214 egpoaaifflerqzqae
1946 5151 2077 5208 gare
2098 5139 2196 5214 hic
2212 5124 2553 5214 exarmatae
2570 5124 3651 5214 etiamnam‘tempoid'péiah’ear,

244 5207 319 5284 ea
340 5195 650 5284 graiau's’ea
669 5198 736 5284 in;
755 5195 914 5255 notis
936 5195 1110 5271 infra
1127 5195 1375 5255 edi/tibia
1396 5195 1528 5284 alue
1548 5195 2393 5284 ιιιῄθθδιόὶζιωηῗῃανγαίὶοηεηὶ
2413 5195 3073 5284 ἰὶἱὰδὶᾶοξιῇάὶιῖἤιγάὸέή
3083 5195 3456 5271 trebaciter;
3471 5195 3656 5270 irate

245 5278 428 5321 unum
458 5268 681 5350 addant
714 5268 1068 5397 (aranei-ao
1093 5284 1190 5328 res
1219 5268 1438 5352 narrat
1464 5275 1676 5330 seculo
1706 5292 1738 5331 χ
1770 5278 1865 5333 eel
1893 5294 1950 5333 χι
1980 5280 2221 5338 ineunte
2254 5285 2459 5353 gestas
2513 5268 2835 5342 edittoiiem
2854 5268 3419 5357 tacituram-Ita
3463 5268 3656 5342 codice

245 5337 309 5393 δ’.
342 5337 677 5396 ﬂammam
705 5340 923 5397 Bella):
974 5355 1044 5397 us
1075 5344 1315 5397 curaeat
1342 5343 1492 5397 (Act.
1654 5347 1797 5397 Jan.
1840 5350 1886 5397 Ι.
1918 5365 1971 5397 ῃ.
2007 5353 2160 5397 773i-

974 5356 993 5395 ’Ζ

242 5337 309 5393 λς’.
342 5337 677 5396 Maximini
705 5311 923 5398 Βοῇαφῖ

990 5355 1044 5398 te
1075 5343 1315 5399 euraez‘t
1342 5343 1492 5412 (Act.
1531 5345 1621 5399 SS.
1654 5347 1797 5404 Jan.
1834 5350 1971 5421 1,1).
2007 5353 2177 5429 773)ἰ

1600 5444 1837 5501 νΑηΙιΕ
1889 5448 2298 5507 LECTIONES.

1842 5589 2045 5647 NOTAE

346 5718 469 5791 537)
497 5720 770 5777 Fortasse
803 5719 1131 5791 Mandel‘en,
1164 5724 1197 5778 4
1230 5721 1428 5781 leuras
1458 5723 1530 5780 ab
1562 5729 1705 5789 urbe
1732 5746 1942 5790 versus
1974 5733 2407 5791 euro-africum.
2446 5734 2764 5792 llenscnsu.

312 5502 404 5539 ””
434 5507 559 5575 Quo
587 5506 675 5564 ed.

318 5641 467 5782 £536)
500 5648 541 5703 Ι.
574 5663 625 5706 e.
660 5648 787 5705 Maii
818 5652 905 5706 25.

346 5718 469 5782 537)
497 5720 770 5777 Fortasse
803 5721 905 5778 Mai
