3920 6428
283 450 441 524 1249

990 444 1259 517 GESTA
1290 451 1644 516 TREVER.
1671 486 1749 496 —
1780 438 2133 512 APPEND.
2171 446 2286 510 EX
2315 446 2508 513 VITA
2539 446 2603 509 S.
2641 436 2945 511 AGRITII

3530 446 3682 509 1250

357 615 628 671 Ceterum
650 610 805 682 quod
830 608 973 666 alias
995 622 1224 678 quoque
1244 606 1464 661 Domini
1490 604 1785 675 reliquias,
1820 618 1932 659 nou
1964 588 2018 645 Α
2049 602 2280 658 minime
2312 617 2487 658 verus
2519 615 2550 657 a
2589 602 2730 659 falso
2764 618 2865 673 per
2912 602 3165 672 aliquam
3218 602 3418 658 ambos
3472 601 3701 659 intuen.

285 704 477 759 minus
502 716 670 773 quam
697 699 922 756 clavum
949 698 1136 769 ipsum
1158 694 1534 763 venerandas,
1570 698 1852 765 portaret,
1876 698 1934 748 et

283 792 656 866 privilegium
680 788 1022 861 praedictum
1051 790 1307 841 testatur
1334 785 1500 856 (555),
1524 788 1580 838 et
1605 783 1852 839 ecclesia
1880 783 1934 838 in

286 881 439 938 urbe
465 878 769 935 Treverica
805 876 859 931 in
891 876 1109 931 honore
1137 874 1416 945 principis
1445 872 1840 942 apostolorum
1866 872 1936 926 ab

283 970 417 1042 ipso
439 966 709 1023 dedicata
735 980 839 1037 pro
868 964 1012 1035 ipsis
1038 963 1093 1017 in
1122 962 1212 1018 sui
1237 961 1495 1017 thesauri
1519 958 1936 1030 gazophylacio

286 1058 542 1116 servatis
577 1056 633 1111 in
684 1054 919 1110 Domino
966 1052 1272 1121 gloriatur.
1330 1050 1551 1115 Quibus
1599 1062 1767 1120 quam
1817 1056 1939 1103 stu-

287 1147 477 1220 penda
504 1144 853 1201 reverentiae
886 1141 1223 1211 magnitudo
1258 1140 1560 1207 debeatur,
1587 1140 1856 1208 patenter
1875 1140 1936 1192 ut

284 1235 516 1291 aestimo
548 1233 908 1301 declaratur,
942 1231 992 1285 si
1035 1244 1207 1285 unum
1241 1227 1396 1299 quod
1438 1242 1556 1283 suae
1609 1226 1938 1281 sanctitatis

286 1323 583 1380 dederunt
610 1320 884 1376 indicium
925 1318 994 1373 ad
1025 1306 1360 1372 memoriam
1385 1320 1711 1371 revocetur.
1748 1314 1940 1370 Veris-

284 1412 431 1469 sima
482 1424 729 1481 namque
781 1408 1061 1478 majorum
1098 1406 1377 1462 relatione
1423 1405 1748 1469 didicimus,
1799 1403 1936 1473 quid

287 1500 526 1571 quidam
571 1498 886 1567 religiosus
949 1496 1213 1565 multum,
1276 1494 1534 1563 ejusdem
1597 1492 1938 1563 metropolis

289 1590 627 1660 episc0pus,
653 1586 785 1642 dum
820 1586 1084 1642 diversas
1109 1584 1399 1639 hominum
1424 1583 1843 1638 {estimationes
1868 1583 1937 1636 de

288 1678 427 1734 istis
460 1676 681 1734 Domini
711 1675 977 1744 reliquiis
1000 1674 1247 1743 audiret,
1273 1673 1605 1728 dicentibus
1638 1672 1767 1726 aliis
1789 1671 1939 1726 tuni-

288 1781 418 1823 cam
442 1765 665 1821 Domini
701 1778 832 1820 esse
874 1761 1300 1831 inconsutilem,
1338 1760 1468 1815 aliis
1497 1766 1683 1816 autem
1724 1774 1939 1829 purpu-

288 1867 450 1911 ream
482 1858 704 1910 vestem
740 1866 849 1922 qua
882 1856 1008 1907 erat
1054 1855 1316 1921 tempore
1349 1848 1635 1919 passionis
1676 1846 1932 1911 indutus,

2048 693 2189 747 tium
2232 691 2587 760 diligentiam
2639 692 2828 746 valeat
2859 691 3140 762 separari.
3174 692 3335 747 Hunc
3382 706 3523 761 ergo
3552 692 3688 748 dum

2045 781 2236 851 pretio
2252 780 2464 835 ductus
2487 786 2686 835 custos
2710 780 2778 835 de
2805 795 2972 836 manu
2994 779 3256 851 episcopi
3283 779 3687 850 praenominati

2047 870 2426 939 suscepisset,
2486 869 2734 939 dumque
2790 874 3183 939 opportunum
3243 868 3489 923 nefando
3534 870 3688 924 furto

2047 961 2279 1028 tempus
2318 971 2379 1011 se
2416 957 2705 1012 invenisse
2748 961 3003 1027 putaret,
3035 956 3423 1012 machinatum
3456 956 3553 1012 diu
3596 956 3691 1013 do-

2046 1046 2163 1102 lum
2189 1046 2418 1101 tandem
2451 1046 2729 1117 perficere
2761 1047 2973 1101 frustra
3007 1049 3270 1101 conatur.
3314 1046 3687 1115 Trausposito

2047 1148 2293 1204 namque
2326 1134 2433 1190 hoc
2467 1134 2796 1190 adulterino
2830 1134 2993 1189 clavo
3023 1134 3078 1188 in
3103 1132 3690 1190 venerabilissimido-

2047 1223 2241 1279 minici
2295 1222 2441 1279 elavi
2502 1223 2734 1291 sacello,
2787 1223 2973 1293 ipsum
3006 1222 3324 1292 pretiosum
3358 1224 3573 1278 nostra}
3604 1236 3692 1278 re-

2048 1309 2401 1381 demptionis
2435 1315 2846 1367 testamentum
2872 1312 2926 1364 in
2957 1309 3274 1380 syndonem
3309 1308 3577 1365 mundam
3606 1309 3690 1366 di-

2047 1398 2296 1467 ligenter
2326 1399 2653 1465 convolvit;
2674 1415 2786 1469 quo
2819 1399 2872 1453 in
2907 1399 3037 1455 sinu
3061 1414 3166 1454 suo
3199 1398 3504 1467 collocato,
3526 1398 3687 1455 adire

2049 1494 2214 1557 parat
2253 1487 2544 1544 dominum
2570 1504 2734 1543 suum
2758 1488 2906 1544 calle
2926 1488 3127 1543 citato.
3164 1486 3273 1543 Sed
3300 1492 3362 1542 ut
3384 1490 3584 1557 aperte
3608 1487 3691 1544 in-

2052 1578 2230 1645 telligi
2267 1578 2525 1647 daretur,
2552 1594 2720 1648 quam
2739 1578 2974 1649 speciali
3010 1577 3225 1632 amoris
3243 1576 3543 1647 privilegio
3564 1579 3696 1634 Tre—

2049 1667 2297 1721 vericam
2322 1666 2628 1721 ecclesiam
2656 1682 2757 1737 per
2782 1669 3011 1722 beatum
3039 1666 3328 1734 Agricium
3352 1668 3688 1736 sponsatam

2050 1754 2279 1810 Christo
2302 1754 2776 1825 amplecteretur,
2800 1753 3139 1809 miraculum
3162 1767 3218 1809 iu
3244 1753 3445 1823 primis
3469 1752 3690 1809 Domini

2051 1842 2348 1899 miraculis
2382 1848 2575 1897 mento
2610 1842 2907 1898 ferendum
2942 1856 3007 1897 ac
3040 1842 3147 1898 toti
3196 1842 3408 1897 mundo
3460 1844 3692 1913 stupen-

288 1942 638 2016 quibusdam
660 1955 799 1997 vero
826 1940 1167 2011 putantibus
1191 1937 1328 1994 illud
1376 1937 1582 2008 pignus
1608 1936 1821 1990 amoris
1846 1948 1938 1989 ca-
1966 1938 2021 1998 Β
2052 1931 2183 1985 dum
2216 1931 2267 1985 in
2304 1931 2427 2001 ipso
2461 1930 2879 2000 redemptionis
2936 1936 3154 1985 nostra;
3187 1930 3353 1985 clavo
3384 1945 3413 1985 a
3455 1929 3690 1985 Domine

289 2030 442 2101 ligas
466 2044 598 2086 esse
629 2029 825 2086 mundi
850 2027 1190 2095 Salvatoris,
1242 2027 1375 2083 dum
1419 2026 1521 2079 has
1565 2026 1793 2094 inquam
1819 2024 1938 2094 epi-

288 2119 497 2177 niones
528 2118 791 2176 veritatis
813 2117 1207 2188 exquisitione
1231 2115 1543 2186 plurimum
1577 2112 1937 2169 desideraret

289 2205 657 2263 dissolvere:
703 2206 1128 2263 communicato
1174 2207 1290 2259 tam
1326 2202 1526 2274 p0puli
1578 2216 1746 2271 quam
1794 2199 1935 2254 cleri

289 2308 399 2351 nec
432 2310 545 2352 non
568 2294 790 2352 ordinis
824 2292 1143 2349 monachici
1177 2291 1440 2359 consilio,
1472 2289 1805 2345 triduanum
1837 2301 1938 2358 per

290 2388 475 2439 totam
504 2383 804 2440 civitatem
830 2382 1039 2439 indixit
1057 2381 1360 2452 jejunium,
1388 2393 1598 2448 rogans
1620 2392 1818 2433 omnes
1838 2377 1939 2433 hu-

290 2470 531 2541 militer,
553 2476 842 2542 quatenus
866 2484 895 2525 a
920 2471 1034 2525 Deo
1057 2473 1326 2539 peterent
1351 2466 1721 2534 unanimiter,
1748 2469 1807 2521 ut
1836 2481 1937 2536 per

289 2572 455 2616 suam
490 2574 687 2631 pacem
716 2563 773 2614 et
799 2556 1091 2613 licentiam
1115 2555 1288 2612 alicui
1314 2570 1385 2610 ex
1410 2555 1551 2625 ipsis
1577 2555 1721 2609 tanti
1746 2568 1939 2609 sacra-

288 2649 469 2703 menti
490 2647 840 2705 concederet
855 2644 1218 2701 intuentiam.
1241 2645 1486 2699 Peracto
1505 2642 1935 2713 igiturjejunio,

288 2735 489 2793 clerus
511 2742 569 2791 et
592 2733 844 2806 populus
862 2738 1259 2791 convocantur
1285 2733 1337 2787 in
1372 2732 1603 2787 domum
1627 2731 1813 2786 sancti
1840 2732 1940 2786 Pe-

289 2826 390 2894 tri,
426 2838 554 2894 quae
582 2823 754 2892 hujus
790 2826 881 2879 est
909 2821 1316 2877 conservatrix
1341 2820 1624 2887 thesauri,
1668 2819 1764 2876 ubi
1791 2834 1939 2875 unus

287 2912 362 2968 de
392 2916 521 2968 tota
544 2910 918 2968 multitudine
941 2910 1235 2982 precipuae
1260 2908 1560 2977 religionis
1592 2912 1652 2963 et
1681 2909 1939 2963 devotio-

290 3002 381 3057 nis
415 3000 728 3055 monachus
763 2999 1007 3067 electus,
1044 2998 1336 3054 occultum
1369 2997 1589 3051 Domini
1617 2997 1851 3052 visurus
1879 3001 1936 3053 et

289 3088 531 3161 prmsuli
554 3089 1052 3155 manifestaturus,
1080 3086 1343 3142 aréamin
1367 3100 1536 3157 quam
1560 3086 1766 3141 beatus
1780 3086 1939 3153 Agri-

289 3178 418 3235 eius
439 3177 591 3234 hunc
615 3181 961 3248 reposuerat
985 3176 1319 3231 thesaurum
1345 3174 1648 3231 reseravit.
1676 3174 1783 3230 Sed
1807 3188 1938 3230 mox

2050 2019 2380 2074 exhibetur.
2419 2020 2558 2074 Dum
2590 2019 2737 2073 enim
2762 2023 2961 2073 custos
2994 2018 3091 2072 ille
3117 2018 3538 2087 perﬂdissimus
3557 2023 3692 2073 tam-

2052 2121 2219 2177 quam
2253 2108 2551 2176 transfuga
2604 2107 2943 2175 vilissimus,
2972 2107 3162 2177 pretio
3206 2106 3534 2177 iniquitatis
3562 2121 3689 2163 cor-

2049 2200 2276 2267 ruptus,
2325 2201 2490 2263 terga
2518 2195 2647 2250 fidei
2682 2196 2940 2251 dedisset
2973 2194 3217 2265 ejusque
3256 2194 3567 2266 pretiosam
3599 2210 3688 2252 ar-

2049 2291 2207 2345 rham
2242 2292 2312 2347 de
2340 2292 2559 2361 gremio
2593 2306 2820 2362 Sponsa;
2837 2291 3155 2347 Trevericze
3189 2294 3489 2362 asportare
3521 2304 3684 2361 para-

2049 2384 2159 2448 ret,
2195 2380 2334 2435 mira
2390 2382 2498 2435 res!
2551 2380 2787 2449 sanguis
2820 2395 2927 2435 non
2963 2378 3224 2435 modicus
3263 2380 3332 2434 de
3363 2378 3528 2435 clavo
3559 2378 3686 2449 ipso

2050 2468 2102 2522 in
2134 2470 2447 2538 syndonem
2473 2470 2768 2539 profusus,
2812 2469 2946 2524 item
2971 2468 3103 2523 inde
3135 2468 3187 2523 in
3212 2467 3398 2524 sinum
3432 2467 3688 2523 camisiae

2047 2562 2163 2611 tam
2196 2558 2411 2613 multus
2440 2558 2710 2625 manavit,
2742 2565 2799 2612 ut
2825 2558 3009 2612 omnia
3062 2556 3217 2612 illius
3266 2556 3541 2612 mierrimi
3569 2570 3691 2626 por-

2050 2646 2243 2701 titoris
2276 2646 2363 2701 sui
2397 2646 2623 2701 viscera
2655 2660 2870 2717 pavore
2917 2646 3317 2714 frigescerent.
3364 2645 3484 2710 Qua
3523 2645 3594 2700 de
3626 2658 3687 2701 re

2049 2734 2349 2803 confusus,
2381 2740 2438 2788 et
2478 2739 2701 2790 reatum
2732 2750 2897 2790 suum
2922 2739 2979 2789 et
3005 2734 3265 2805 episcopi
3299 2733 3525 2805 publice
3556 2748 3688 2789 con-

2051 2822 2199 2878 ﬂteri
2250 2826 2510 2892 coactus,
2570 2824 2723 2879 facto
2758 2839 2888 2877 mox
2917 2821 3168 2877 omnium
3201 2827 3512 2892 conventu,
3548 2836 3691 2893 quos

2049 2910 2363 2968 diuturnus
2403 2926 2810 2983 campanarum
2852 2912 3082 2967 sonitus
3133 2911 3397 2982 tantique
3428 2910 3689 2967 miraculi

2048 3014 2247 3055 rumor
2282 3000 2555 3055 insolitus
2590 3015 2692 3056 nec
2724 3000 2961 3056 auditus
2993 3013 3022 3054 a
3057 2999 3257 3055 seculo
3290 3002 3520 3070 poterat
3564 3012 3693 3054 avo-

2049 3102 2202 3158 care,
2239 3093 2463 3144 statuto
2488 3088 2541 3143 in
2574 3087 2763 3143 medlo
2787 3088 2988 3144 eodem
3014 3088 3137 3143 fure
3157 3086 3423 3155 nefando,
3450 3090 3691 3143 extenso

2048 3190 2243 3232 coram
2270 3176 2537 3232 omnibus
2553 3176 2994 3245 sanguinolente
3021 3190 3209 3246 panno
3234 3176 3475 3246 ipsoque
3500 3175 3690 3230 fusore

291 3269 359 3322 ut
380 3265 741 3335 opertorium
767 3265 1237 3335 introspeeturus
1262 3263 1495 3330 levavit,
1521 3262 1813 3318 occultum
1837 3262 1934 3317 Dei
1967 3290 2019 3351 D
2048 3264 2220 3334 hujus
2250 3265 2547 3333 sanguinis
2603 3264 3001 3321 sacratissimo
3043 3263 3227 3332 clavo,
3280 3278 3389 3320 una
3418 3278 3530 3320 vox
3578 3278 3694 3319 om-

286 3351 588 3423 judicium,
623 3358 828 3409 contra
852 3352 1002 3423 quod
1031 3351 1246 3407 nullum
1280 3355 1369 3407 est
1400 3351 1725 3419 consilium,
1752 3350 1936 3406 visum

293 3441 348 3497 ei
382 3440 597 3498 clausit
627 3441 954 3496 oculorum.
980 3440 1141 3495 Unde
1167 3442 1378 3496 factum
1410 3440 1495 3495 esi
1528 3443 1585 3495 ut
1620 3454 1818 3495 omnes
1842 3440 1937 3510 qui

294 3529 693 3603 prudentioris
725 3527 952 3585 consilii
1000 3534 1059 3584 et
1090 3530 1335 3585 acrioris
1373 3528 1523 3599 apud
1575 3528 1736 3598 ipsos
1773 3530 1937 3583 erant

292 3618 511 3689 ingenii
547 3632 650 3689 per
674 3617 969 3674 inductam
1003 3621 1167 3674 tanto
1198 3618 1323 3673 viro
1370 3616 1693 3673 czecitatem
1728 3616 1782 3671 in
1833 3616 1942 3672 hoc

289 3706 394 3765 Dei
443 3706 772 3778 judicarent
834 3720 967 3761 esse
997 3705 1375 3774 voluntatem,
1426 3710 1489 3760 ut
1520 3719 1828 3776 numquam
1872 3705 1941 3760 ad

291 3794 404 3853 hoc
477 3794 872 3852 contuendum
942 3801 1215 3865 peccator
1286 3794 1719 3863 admitteretur,
1778 3793 1946 3863 cujus

291 3885 573 3956 aspectus
603 3897 705 3939 nec
722 3884 881 3954 justo
912 3883 1352 3939 concederetur.
1389 3884 1523 3937 Post
1557 3881 1715 3937 illius
1747 3882 1943 3951 itaque

291 3972 455 4030 horae
511 3972 919 4029 transitionem
967 3985 1136 4027 nemo
1166 3971 1538 4042 attemptavit
1589 3971 1761 4042 hujus
1794 3984 1942 4027 arcae

294 4058 677 4133 apertionem.
725 4102 778 4116 ..
816 4101 828 4115 .
867 4103 880 4115 .

365 4185 550 4241 Unum
580 4189 769 4241 tamen
800 4184 951 4256 quod
984 4183 1143 4241 dedit
1168 4184 1317 4239 idem
1350 4182 1551 4239 clavus
1572 4182 1792 4239 Domini
1821 4197 1942 4240 suae

293 4272 693 4344 pretiositatis
734 4273 958 4343 insigne
1014 4272 1247 4328 srlentio
1296 4270 1567 4327 nolumus
1617 4270 1938 4342 praeterire.

292 4361 435 4416 Nam
466 4374 595 4416 cum
620 4360 800 4415 frater
832 4360 1201 4431 imperatoris
1234 4359 1508 4415 Ottonisl
1545 4393 1605 4400 —
1637 4364 1759 4413 tres
1791 4359 1941 4414 enim

294 4449 531 4505 fuerunt
566 4449 848 4504 —Bruno
906 4452 1173 4519 vocatus,
1233 4447 1504 4503 meliores
1561 4446 1942 4517 Lotharingiaa

293 4537 691 4609 episcopatus,
749 4538 1160 4593 Treverensem
1205 4535 1348 4605 (539)
1383 4535 1607 4591 scilicet
1662 4541 1721 4591 et
1780 4535 1944 4593 Colo-

2048 3354 2203 3408 nium
2229 3352 2585 3409 laudantium
2601 3352 2883 3409 elevatur.
2904 3352 3038 3418 Qua:
3052 3367 3180 3408 cum
3203 3350 3452 3422 repetita
3477 3351 3693 3422 smpius

2051 3442 2357 3496 iteratione
2381 3442 2475 3497 diu
2502 3441 2863 3511 multumque
2901 3440 3107 3497 fuisset
3132 3440 3518 3510 frequentata,
3543 3452 3694 3495 com-

2052 3529 2203 3585 muni
2234 3529 2486 3584 omninm
2520 3529 2615 3599 qui
2648 3528 2723 3584 ibi
2778 3527 3022 3584 aderant
3050 3526 3293 3583 consilio
3356 3527 3695 3598 prudentio-

2052 3633 2198 3687 rum,
2233 3621 2569 3688 competens
2602 3622 2717 3672 tam
2752 3618 3047 3688 prmeipuo
3078 3615 3383 3685 sacrilegio
3414 3615 3692 3687 poeniten-

2055 3707 2149 3761 tiae
2200 3706 2489 3762 sententia
2541 3705 2597 3761 in
2628 3705 2788 3762 illum
2822 3706 3115 3774 miserum,
3166 3720 3236 3760 ne
3267 3704 3455 3761 dicam
3505 3709 3696 3761 custo-

2054 3796 2205 3863 dem,
2231 3798 2323 3850 est
2346 3794 2583 3850 dictata.
2610 3794 2741 3850 Dies
2792 3809 3020 3865 quoque
3044 3794 3167 3865 ipsa
3213 3794 3268 3849 in
3302 3808 3413 3864 qua
3444 3794 3566 3850 haec
3598 3792 3699 3848 mi-

2056 3884 2413 3940 serationum
2436 3884 2535 3938 Dei
2568 3883 2867 3940 nobiscum
2900 3888 3036 3939 sunt
3076 3882 3354 3939 divinitus
3380 3881 3695 3949 celebrata,

2055 3972 2111 4027 in
2142 3971 2578 4041 martyrologiis
2601 3973 2798 4028 statim
2821 3978 2913 4028 est
2936 3976 3154 4042 notata,
3187 3975 3249 4027 12
3272 3970 3546 4028 videlicet
3574 3970 3695 4027 Kal.

2050 4059 2214 4115 Julii.
2257 4061 2399 4115 Huic
2419 4064 2612 4116 autem
2638 4061 2902 4118 inaudito
2929 4061 3061 4116 licet
3096 4060 3318 4115 Domini
3354 4059 3631 4116 miraculo
3652 4059 3700 4116 si

2054 4146 2204 4218 quis,
2237 4147 2390 4218 quod
2424 4148 2596 4215 absit,
2631 4163 2830 4203 aurem
2868 4147 3239 4203 credulitatis
3293 4147 3522 4203 dubitat
3564 4161 3703 4219 pre-

2055 4234 2212 4302 bere,
2250 4238 2441 4305 potest
2477 4235 2667 4292 adhuc
2689 4240 2749 4289 et
2778 4236 3024 4292 eundem
3059 4234 3359 4305 sanguinis
3399 4238 3571 4292 notas
3610 4236 3708 4289 ha-

2054 4340 2285 4396 bentem
2317 4354 2567 4411 pannum
2598 4344 2657 4395 et
2688 4340 2935 4396 eundem
2969 4339 3363 4398 adulterinum
3387 4339 3614 4399 clavum
3646 4340 3700 4395 in

2052 4428 2222 4484 domo
2254 4428 2440 4485 sancti
2469 4428 2647 4498 Petri,
2682 4428 2729 4484 si
2763 4428 3148 4501 permittitur,
3186 4429 3410 4487 videre.

2125 4569 2271 4627 [llud
2330 4570 2505 4626 etiam
2556 4569 2892 4626 festivitatis
2923 4571 3216 4641 praecelsas
3246 4570 3596 4643 praeconium
3629 4569 3700 4626 de

296 4623 576 4730 ηᾴίῗηξίῗφζ
598 4638 716 4730 PP”
1226 4624 1404 4730 ξ’έδίῖίι
1628 4623 1941 4730 Ρθῖίξίῗηῖίρ
1972 4646 2025 4706 D
2054 4658 2160 4715 hoc
2200 4659 2502 4715 verissimo
2543 4656 2901 4713 infirmitatis
2925 4623 3165 4715 rnostra:
3202 4623 3479 4728 remedio,
3505 4672 3698 4730 quam~

295 4727 399 4771 sua
429 4713 670 4770 haberet
698 4717 1011 4785 potestate,
1040 4728 1146 4769 non
1175 4714 1325 4768 bono
1350 4717 1409 4769 ut
1438 4717 1599 4784 patet
1620 4713 1832 4783 spiritu
1863 4714 1945 4769 iu-

294 4802 572 4873 stinctus,
605 4802 754 4859 hunc
792 4804 977 4875 ipsum
1013 4803 1081 4857 dc
1116 4817 1228 4872 quo
1262 4800 1554 4871 loquimur
1580 4801 1800 4859 festivae.
1833 4817 1945 4859 me-

294 4890 497 4949 moriae
531 4906 597 4946 ac
652 4891 863 4947 salutis
924 4896 1138 4947 nostras
1199 4889 1446 4960 clavum,
1507 4906 1619 4962 quo
1659 4893 1942 4962 nescitur,

293 4981 617 5035 transferre
645 4978 811 5048 clam,
856 4994 925 5034 ne
958 4980 1143 5035 dicam
1196 4979 1416 5048 furtim,
1450 4979 1700 5036 volebat.
1739 4983 1948 5037 Corru-

295 5071 399 5140 pto
454 5067 738 5138 siquidem
790 5067 959 5136 hujus
1037 5067 1305 5123 dominici
1369 5069 1625 5125 thesauri
1675 5069 1943 5139 custode,

295 5154 471 5212 alium
504 5156 639 5213 huic
667 5158 785 5211 tam
815 5154 1167 5213 simillimum
1211 5156 1349 5213 fecit
1380 5158 1591 5229 parari,
1637 5162 1697 5215 ut
1730 5158 1826 5215 vix
1850 5164 1949 5214 aut

2054 4748 2143 4804 vis
2167 4763 2198 4804 a
2226 4751 2382 4803 teste
2412 4745 2771 4817 nequissimo
2799 4745 3009 4803 salutis
3037 4750 3256 4804 nostra)
3286 4747 3456 4803 hoste
3506 4760 3611 4817 per
3631 4760 3696 4802 os

2055 4835 2316 4892 mulieris
2348 4837 2419 4891 ab
2477 4834 2608 4905 ipso
2664 4849 2946 4907 possessas
2997 4834 3377 4907 suscepimus,
3410 4833 3695 4891 silendum

2018 4940 2183 4981 ‘esse
2224 4939 2338 4980 non
2393 4929 2692 4995 putamus.
2750 4925 2885 4980 Nam
2936 4924 3143 4981 mulier
3184 4924 3445 4994 quaedam
3468 4922 3696 4979 nomine

2053 5013 2387 5080 Winiberga
2416 5012 2486 5068 de
2517 5013 2754 5067 civitate
2788 5012 3031 5069 oriunda
3063 5027 3190 5083 qua)
3239 5012 3413 5080 vulgo
3462 5010 3697 5079 Regius—

2061 5102 2242 5158 buroh
2269 5105 2609 5158 vocatur...
2637 5144 2647 5155 .
2673 5144 2684 5154 .

1899 5341 2104 5395 ΝΟΤᾹΞ

368 5498 513 5571 (ωδ)
545 5497 635 5571 De
670 5494 1000 5571 diplomate,
1029 5510 1069 5571 _a
1112 5497 1394 5556 Silvestre
1431 5512 1598 5571 papa,
1630 5502 1691 5556 ut
1725 5498 1951 5557 diceba-

297 5566 416 5639 tur,
446 5566 588 5640 dato
618 5566 918 5638 loquitur;
947 5567 1071 5624 vid.
1128 5584 1324 5640 supra.

370 5640 515 5712 (539)
544 5639 873 5722 Brunouem
925 5654 1050 5722 non.
1086 5639 1489 5722 epiScopatum
1539 5640 1952 5722 quidem-Tre-

297 5709 604 5771 vereussm
625 5711 907 5790 tenuius,
951 5709 1056 5773 sed
1076 5709 1308 5772 summa
1327 5711 1383 5771 in
1407 5717 1533 5772 toto
1558 5709 1951 5785 Lothariugiaa

2061 5515 2238 5571 regno
2258 5500 2564 5571 praeditum
2589 5500 3103 5627 fuissegotestate,
3121 5500 3266 5558 satis
3281 5501 3703 5559 constat.Simi-

2061 5571 2173 5627 lem
2205 5572 2595 5627 narrationem
2644 5571 2741 5627 alii
2814 5584 2845 5626 e
2876 5570 3231 5627 Theoderico
3288 5574 3528 5627 Metensi
3586 5579 3702 5627 tra-

2060 5570 2173 5630 lem
2205 5570 2595 5629 narrationem
2644 5571 2741 5627 alii
2775 5570 2845 5627 de
2876 5570 3231 5629 Theoderico
3288 5574 3528 5632 Metensi
3586 5579 3702 5632 tra-

2061 5643 2245 5712 dunt;
2276 5658 2336 5701 v.
2372 5658 2547 5716 supra
2581 5642 2743 5701 Gest.
2782 5641 2973 5701 addit.
3014 5659 3073 5699 c.
3105 5647 3163 5702 ὅ.
