3920 6418
256 419 408 478 1253

885 415 1149 478 GESTA
1179 415 1531 479 TREVER.
1566 451 1642 462 —-
1672 415 2007 478 APPEND
2041 415 2230 478 VITA
2261 415 2622 478 CONRADI
2653 414 3040 478 ARCHIEP.

3507 416 3649 477 1:251

247 572 418 638 cstis,
452 577 787 640 vestraeque
839 569 1155 625 ascribitur
1201 571 1455 637 caritati,
1511 569 1662 638 quod
1707 569 1898 623 saltim
1931 551 1984 610 Α
2017 567 2222 622 mereri
2255 568 2549 624 valeamus
2578 568 2825 635 gratiam
2856 585 2867 630 ;
2906 568 2952 621 si
2989 567 3084 621 ille
3117 567 3391 636 dignetur
3424 569 3652 638 adesse,

253 660 455 714 sedem
487 661 665 714 habet
697 659 953 728 sepulcri
994 659 1046 712 in
1079 660 1423 728 episcopatu
1458 658 1549 689 ³⁸⁷⁸
1581 659 1716 712 olim
1753 675 1902 712 eom-

258 748 439 803 misso
475 748 606 802 sibi.
645 749 744 816 Egi
779 747 870 779 ³⁸τ⁹
899 748 1002 801 hoc
1037 763 1146 801 non
1181 749 1374 816 aliquo
1410 747 1745 818 supercilio,
1801 747 1899 801 sed

251 836 490 891 abbatis
523 836 616 867 ³⁸⁸⁰
647 842 702 890 et
741 839 979 891 fratrum
1003 836 1364 890 constrictus
1392 837 1630 905 imperio
1654 855 1668 902 ;
1693 835 1902 905 quibus

251 924 438 978 etiam
467 925 621 979 ultra
657 924 815 979 vires
851 924 1082 978 debitor
1111 941 1231 978 smn
1286 925 1339 977 in
1381 925 1646 978 omnibus
1677 939 1900 994 parere,

258 997 393 1067 cum
413 1027 499 1067 me
517 1012 1085 1067 noviterdesolatum
1113 1019 1171 1066 et
1190 1013 1537 1066 destitutum
1564 1028 1666 1081 pro
1688 1010 1900 1065 Christi

259 1100 492 1154 nomine
523 1106 578 1153 et
613 1106 886 1169 respectu
919 1099 1134 1166 regulze
1171 1101 1222 1154 in
1255 1101 1342 1155 sui
1373 1101 1589 1168 dignati
1623 1106 1757 1154 sunt
1789 1100 1905 1154 col-

260 1188 477 1256 legium
512 1204 850 1256 δὲἓνυὲξὶῑτοι
887 1189 1086 1256 Igitur,
1120 1204 1152 1242 0
1185 1195 1238 1242 ct.
1268 1189 1601 1258 praesidium
1632 1193 1689 1242 et
1740 1187 1906 1241 dulce

255 1277 443 1331 decus
480 1282 740 1330 nostrum
775 1279 936 1345 (llou.
975 1278 1174 1332 Carm.
1210 1278 1252 1343 Ι,
1292 1284 1340 1345 ’1,
1392 1282 1468 1342 2,)
1501 1310 1564 1315 ——
1598 1278 1692 1345 qui
1744 1283 1804 1330 et
1852 1277 1904 1330 in

254 1365 534 1432 katalogo
565 1372 782 1419 sancta:
832 1366 1211 1419 Virduueusis
1259 1365 1520 1420 ecclesia:
1574 1366 1905 1435 poutilicmu

256 1469 369 1522 per
403 1453 666 1521 dccalogi
698 1455 1123 1507 observantiam
1160 1459 1217 1506 et
1257 1455 1574 1519 angelicam
1631 1456 1682 1507 in
1736 1455 1908 1506 ti-rris

256 1540 442 1594 vitam
484 1541 534 1594 in
571 1550 800 1595 alterum.
854 1542 1070 1610 quietis
1100 1549 1158 1595 et
1194 1542 1487 1595 libertatis
1524 1543 1769 1596 filiorum
1813 1543 1907 1595 Dei

249 1628 482 1695 jubileo
518 1630 726 1684 divinze
755 1631 1238 1685 remunerationis
1271 1631 1566 1683 denarium
1602 1636 1655 1684 ct
1709 1631 1910 1684 ultimo

255 1718 354 1770 die
391 1718 652 1772 bravium
685 1724 819 1772 octo
868 1719 1180 1787 suspiratis
1225 1719 1646 1772 beatitudinum
1684 1751 1767 1782 —,
1806 1720 1912 1772 hoc

255 1804 669 1860 munusculum
697 1805 999 1876 spiritualc
1020 1813 1135 1860 vcst
1154 1807 1196 1860 ri
1217 1808 1452 1860 advena}
1479 1806 1762 1874 anluivoci
1788 1821 1917 1872 gra-

2016 657 2137 710 sine
2169 671 2280 725 quo
2314 657 2484 710 nichil
2524 672 2830 726 possumus
2861 657 3074 723 facere,
3111 669 3140 710 a
3171 671 3286 726 quo
3315 662 3406 711 est
3465 659 3650 715 omnis

2017 745 2302 815 sapientia
2334 749 2389 800 et
2423 761 2590 799 omne
2622 746 2831 799 donum
2884 747 3234 815 perfectum,
3273 746 3367 815 qui
3401 747 3655 801 discrtas

2017 835 2147 887 fecit
2177 836 2400 903 linguas
2421 832 2720 887 infantium
2740 838 2796 887 ct
2822 848 2950 888 cum
2973 831 3158 888 voluit
3178 832 3385 886 animal
3415 833 3648 888 brutum

2019 923 2148 976 fecit
2183 923 2530 987 facundum;
2565 922 2630 988 si,
2690 921 2939 991 inquam,
2991 921 3087 975 ille
3137 926 3401 990 apertum
3452 937 3517 975 os
3553 937 3654 976 no-

2016 1017 2200 1065 strum
2235 1011 2505 1077 dignetur
2539 1009 2779 1078 inplere,
2816 1015 2869 1064 et
2905 1027 3094 1074 suum,
3138 1009 3233 1078 qui
3288 1009 3380 1063 ubi
3434 1009 3557 1063 vult
3594 1015 3650 1063 et

2016 1100 2243 1167 quando
2260 1099 2380 1154 vult
2406 1099 2609 1168 spirat,
2637 1098 2912 1167 Spiritum
2931 1098 3091 1153 cordi
3117 1104 3315 1152 nostro
3335 1098 3652 1168 inspirare:

2018 1195 2286 1256 optamus
2314 1204 2420 1241 non
2458 1189 2678 1258 pigrum
2706 1202 2937 1243 servum
2963 1187 3108 1240 male
3141 1185 3383 1240 ociando
3409 1185 3645 1252 imitari,

2018 1276 2118 1330 sed
2141 1277 2340 1345 pocius
2363 1276 2781 1345 aliquantulum
2803 1292 2906 1328 nos
2929 1274 3306 1329 exercitando
3330 1290 3457 1329 eum
3486 1290 3658 1329 :cmu-

2021 1365 2146 1430 lari,
2183 1365 2275 1433 qui
2312 1366 2707 1434 dupplicatum
2745 1366 2797 1418 in
2832 1365 3071 1429 negocio
3109 1365 3384 1417 talentum
3429 1379 3534 1418 suo
3567 1364 3655 1394 ³⁸⁸³

2023 1456 2253 1508 domino
2302 1455 2499 1507 retulit
2554 1460 2611 1507 et
2660 1455 2866 1506 bonum
2913 1453 3154 1518 gradum
3225 1452 3541 1520 adquisivit
3599 1460 3652 1506 et

2024 1544 2233 1610 majora
2270 1542 2505 1611 adipisci
2544 1541 2879 1611 promeruit.
2913 1541 2990 1593 Ad
3018 1543 3123 1594 hoc
3158 1542 3331 1594 etiam
3357 1541 3661 1610 sapientis-

2025 1631 2204 1685 Simus
2227 1631 2625 1692 ecclesiastcs,
2645 1630 2894 1683 omnium
2918 1630 3089 1682 saluti
3115 1629 3450 1697 consulens,
3491 1632 3653 1699 quasi

2026 1718 2122 1774 uni
2145 1718 2408 1786 loquens,
2437 1719 2485 1772 in
2512 1735 2623 1772 nuo
2647 1733 2842 1770 omnes
2869 1718 3137 1772 hortatur
3155 1718 3384 1772 dicens:
3417 1741 3442 1765 «ι
3473 1719 3660 1785 Quod-

2027 1823 2275 1876 cumque
2309 1807 2459 1862 valet
2497 1822 2696 1860 manus
2729 1814 2826 1860 tua
2853 1822 3044 1873 agere,
3070 1807 3357 1861 instanter
3391 1822 3655 1877 operare,

253 1898 458 1947 tantcr
481 1895 1088 1963 suscipite;ctquiain
1110 1895 1640 1962 mysticoratiouali
1663 1896 1915 1965 pectoris
1947 1903 1996 1960 Β
2031 1897 2158 1966 quia
2180 1913 2277 1949 nec
2296 1911 2442 1964 opus
2460 1911 2562 1949 nec
2582 1895 2726 1948 ratio
2745 1910 2846 1948 nec
2863 1893 3392 1965 scientiacritapml
3421 1895 3655 1964 inferos,

253 1980 444 2034 vestri
481 1981 719 2036 mirifice
748 1983 926 2050 fulget
947 1983 1212 2038 doctrina
1239 1988 1291 2036 et
1322 1984 1566 2050 veritas,
1595 1983 1910 2036 secundum

253 2067 459 2122 datam
494 2071 658 2124 vobis
682 2085 709 2124 a
737 2073 851 2125 Deo
874 2072 1214 2140 sapientiam
1237 2071 1560 2141 spiritualia
1597 2070 1912 2140 spirituali-

270 2157 384 2210 bus
408 2159 796 2228 comparando
820 2159 1116 2227 discutite,
1143 2166 1198 2212 et
1227 2160 1322 2214 ubi
1351 2159 1583 2228 quantis
1607 2159 1824 2226 vigiliis
1855 2164 1908 2211 et

265 2244 486 2298 sudore
520 2246 627 2300 hoc
662 2249 828 2301 nobis
877 2248 1205 2302 constiterit
1243 2247 1689 2317 perpenderitis,
1723 2247 1768 2300 si
1804 2263 1909 2300 lloll

257 2337 354 2386 est
389 2332 840 2404 obliteraudum,
878 2337 1168 2406 superflua
1205 2336 1465 2403 recidito,
1517 2336 1736 2388 hiantia
1784 2352 1914 2404 sup-

259 2420 447 2490 pletc,
486 2423 671 2477 minus
706 2424 956 2478 lucentia
980 2425 1318 2491 clarificate,
1349 2425 1637 2493 incompta
1663 2425 1911 2487 comite;

263 2522 338 2562 ac
382 2508 429 2562 si
484 2511 664 2578 magis
715 2512 822 2564 hoc
871 2511 1136 2565 idoneum
1180 2511 1458 2578 judicatis
1510 2511 1694 2565 tineas
1746 2527 1912 2580 quam

260 2602 496 2651 mentes
532 2614 788 2668 pascere,
825 2599 980 2653 aliud
1006 2605 1181 2653 tanta:
1208 2599 1536 2653 sancfiatis
1562 2600 1666 2653 viri
1691 2599 1776 2630 ³⁸⁸¹
1805 2615 1916 2653 ιιιο-

259 2686 400 2741 ritis
430 2687 777 2753 condignum
809 2703 956 2756 opus
1008 2688 1319 2754 dignemini
1369 2689 1728 2757 procudere;
1783 2689 1912 2757 quia

260 2789 381 2829 non
420 2789 768 2843 magnopere
801 2790 977 2844 super
1012 2775 1301 2846 insumpto
1335 2776 1486 2829 inani
1519 2777 1716 2830 labore
1763 2776 1916 2830 dole-

258 2877 416 2929 mus,
455 2862 501 2914 si
534 2863 640 2915 sub
674 2869 786 2916 tam
811 2863 972 2930 justo
1005 2871 1061 2916 et
1096 2864 1432 2934 incorrupto
1461 2864 1652 2931 judice
1682 2880 1914 2919 causam

257 2949 571 3021 perdimus
610 2951 654 3002 si
684 2951 938 3019 pretiosa
965 2967 1070 3020 pro
1092 2952 1389 3020 vilibus,si
1416 2968 1520 3022 pro
1537 2953 1690 3007 cocti
1715 2952 1915 3008 lateris

266 3050 512 3091 munere
547 3037 818 3091 mundum
852 3054 1053 3092 aurum
1086 3039 1400 3108 recipimus

335 3141 539 3196 Merito
596 3142 849 3196 omnium
904 3144 1196 3198 sententia
1247 3144 1728 3214 reprchensibilis
1767 3145 1916 3212 judi-

256 3234 454 3297 catur,
491 3230 658 3298 cujus
705 3229 914 3284 inertia
974 3248 1083 3286 non
1136 3234 1403 3301 habetur,
1458 3233 1606 3301 quod
1657 3233 1912 3287 habitum
1947 3252 1995 3314 Ο

261 3316 474 3370 honori
508 3321 567 3370 et
595 3317 835 3371 utilitati
875 3319 1175 3390 prodi-sset
1216 3320 1614 3389 plurimorum.
1651 3320 1808 3374 Unde
1859 3325 1916 3373 et

265 3419 520 3473 nequam
554 3420 758 3458 servus
790 3406 884 3459 ille
935 3408 1127 3461 divino
1177 3407 1268 3439 ³⁸⁸⁸
1318 3409 1578 3462 examine
1632 3409 1918 3462 dominica

264 3492 458 3558 gratia
491 3493 888 3562 privatus38”,
927 3496 1022 3564 qui
1060 3495 1338 3551 talentum
1385 3497 1493 3551 sibi
1546 3497 1916 3551 cominissmn

268 3579 479 3635 maluit
513 3585 667 3635 terra
699 3582 1017 3651 occultare,
1065 3600 1231 3652 quam
1280 3600 1346 3638 eo
1397 3585 1464 3637 ad
1513 3584 1732 3638 lucrum
1785 3586 1920 3639 dato

270 3673 393 3722 tum
426 3669 723 3724 conservis
758 3672 1054 3739 prodesse,
1093 3677 1208 3725 tum
1244 3672 1546 3726 dominicis
1581 3673 1785 3727 usibus
1833 3672 1922 3725 de.

270 3756 517 3811 servire.
576 3759 647 3811 At
696 3774 800 3813 nos
849 3775 980 3815 cuin
1032 3761 1349 3816 habeamus
1399 3761 1452 3814 in
1509 3765 1739 3830 promtu
1791 3762 1920 3816 inde

268 3845 560 3915 torpendo
607 3846 880 3902 similiter
931 3848 1092 3916 iram,
1164 3849 1314 3904 unde
1369 3865 1570 3904 rursus
1627 3853 1922 3920 Operando

1235 3987 1648 4074 INCIPIT
1734 3989 1992 4076 VITA

2031 2001 2142 2054 quo
2173 1989 2235 2039 tu
2270 1999 2548 2053 properas
2585 1985 2703 2051 (Iz‘c.
2743 1999 2817 2046 ix,
2868 1983 2973 2048 10).
3023 2003 3050 2033 »
3100 1982 3223 2046 Quo
3275 1998 3344 2036 ne
3392 1999 3658 2052 umquam

2029 2090 2132 2128 nos
2165 2074 2463 2140 contingat
2502 2088 2834 2142 properare,
2895 2071 3044 2125 beati
3089 2072 3375 2125 Cuonradi
3431 2075 3657 2142 patroni

2028 2162 2207 2216 nostri
2232 2177 2642 2216 succurrauiur
2664 2160 3087 2214 iuterveutiouc
3115 2176 3126 2220 ;
3152 2159 3219 2212 ad
3245 2160 3410 2228 cujus
3433 2161 3482 2214 la
3496 2161 3659 2216 udem

2025 2257 2080 2305 et
2119 2251 2392 2304 honorem
2426 2250 2682 2318 posteris
2729 2248 3059 2303 laboramus
3105 2249 3358 2315 mittere,
3410 2249 3663 2318 qualiter
3724 2265 3729 2270 '

2029 2339 2286 2408 martyrii
2314 2339 2582 2407 passione
2606 2339 2908 2391 coronavit
2933 2353 3059 2390 eum
3089 2337 3362 2391 Dominus
3383 2337 3569 2404 gloria
3595 2345 3653 2392 et

2029 2430 2280 2486 honore;
2320 2428 2412 2482 ubi
2450 2426 2633 2481 lector
2661 2427 2907 2495 cupidus
2941 2440 3218 2479 novorum
3256 2441 3366 2479 non
3403 2427 3662 2496 requirat

2030 2517 2240 2570 faleras
2273 2518 2602 2583 verborum,
2640 2515 2768 2584 quia
2806 2513 3024 2581 vulgari
3059 2519 3113 2566 et
3158 2519 3361 2584 aperto
3402 2531 3662 2571 sermone

2027 2620 2097 2659 ex
2117 2604 2401 2658 industria
2419 2618 2544 2672 qua:
2572 2619 2679 2658 scri
2695 2604 2877 2658 bimus
2901 2603 3229 2657 studuimus
3254 2603 3500 2656 reddere
3524 2603 3664 2658 luci-

2029 2694 2096 2748 da
2123 2698 2177 2746 et
2205 2698 2403 2762 aperta
2431 2710 2442 2754 ;
2471 2693 2759 2746 interdum
2793 2697 2851 2745 ct
2871 2723 2930 2730 —
2949 2691 3100 2760 quod
3127 2707 3234 2745 non
3260 2693 3664 2748 erubescimus

2033 2781 2197 2834 fateri
2223 2812 2289 2818 —
2315 2780 2735 2834 interveniente
2757 2779 3043 2848 inperitia,
3071 2779 3472 2834 consimilibus
3499 2781 3666 2834 nobis

2031 2868 2658 2922 idiotiscondesceudit
2680 2867 2937 2920 latinitas
2956 2867 3171 2920 inculta
3191 2871 3247 2920 et
3275 2868 3532 2937 inpolita.
3556 2871 3662 2922 Sed

2030 2957 2098 3010 dc
2129 2957 2377 3010 nominis
2410 2957 2535 3024 ejus
2570 2957 2851 3010 varietate
2879 2956 3063 3025 primo
3089 2971 3408 3023 congruum
3435 2956 3665 3011 videtur

2031 3045 2229 3100 multis
2251 3045 2672 3099 dissidentibus
2688 3043 3050 3112 satisfacere,
3078 3044 3123 3097 si
3153 3059 3263 3097 non
3282 3048 3337 3098 et
3364 3045 3470 3114 ipsi
3509 3049 3669 3098 tene-

2029 3148 2224 3188 remur
2263 3133 2462 3188 eadem
2514 3132 2774 3202 serupuli
2809 3133 3108 3186 dubietate
3144 3133 3310 3202 (5:31).
3361 3133 3467 3186 Alii
3516 3133 3663 3186 enim

2028 3237 2155 3277 eum
2191 3221 2596 3275 Cuonrandnm
2631 3220 2946 3286 nominant,
2997 3220 3112 3287 alii,
3141 3225 3194 3273 ct
3246 3221 3536 3290 praecipue
3570 3222 3655 3274 sui

2033 3306 2298 3376 patriottc
2322 3312 2378 3358 ct
2404 3304 2839 3372 consanguinei,
2868 3307 3195 3358 Cuononcm
3221 3305 3536 3374 appellant,
3562 3305 3656 3357 alii

2033 3396 2335 3462 uti-iusque
2361 3393 2606 3447 nominis
2629 3393 2792 3461 quasi
2815 3392 3123 3445 binomium
3142 3392 3321 3447 fuisse
3338 3399 3661 3447 autumant.

2032 3483 2142 3535 Nos
2165 3495 2301 3534 vero
2326 3481 2685 3534 diversorum
2710 3479 2965 3548 opinioni
2989 3479 3266 3533 cedentes
3291 3480 3505 3548 Deique
3524 3479 3662 3533 illud

2032 3570 2260 3623 uoticim
2286 3569 2703 3637 relinquentes,
2725 3568 2856 3621 dum
2881 3567 3391 3637 cujuscumquesit
3419 3569 3668 3623 nominis

2034 3674 2141 3712 non
2171 3658 2479 3711 dillidimus
2500 3658 2781 3726 scriptum
2807 3657 2861 3710 iu
2887 3656 3067 3718 emlis,
3097 3657 3326 3710 tandem
3362 3657 3415 3710 in
3442 3658 3667 3712 nomine

2035 3747 2254 3801 Domini
2288 3746 2693 3815 aggrediamur
2725 3749 2948 3800 textum
2985 3743 3358 3800 narrationis.

2082 3992 2213 4076 ΕΤ
2329 3989 2713 4075 PASSIO

342 4129 389 4181 1.
429 4128 635 4184 Beatus
667 4135 882 4200 martyr
917 4129 1258 4185 Cuonradus
1300 4129 1410 4194 ³⁸⁸³,
1437 4146 1508 4185 ex
1556 4131 1735 4184 nobili
1786 4147 1914 4201 pro-
1946 4135 1996 4192 D
2029 4133 2191 4200 ejusa
2214 4132 2450 4185 Domino
2475 4133 2830 4186 disceretur:
2861 4135 2984 4202 Ego
3004 4145 3296 4203 sumpars
3317 4131 3673 4186 hereditatis

265 4216 430 4285 sapia
464 4218 744 4274 oriundus
775 4220 994 4289 extitit,
1029 4236 1100 4274 ex
1135 4221 1338 4274 Suevia
1373 4220 1587 4290 oppido
1610 4219 1700 4251 ³⁸⁸⁸
1723 4220 1915 4274 Pulin-

259 4319 334 4373 ga
369 4304 534 4375 (5:52),
590 4312 755 4376 patre
806 4308 1011 4363 Eiloll‘o
1055 4307 1165 4377 ³⁸⁸⁷,
1223 4314 1406 4363 matre
1457 4309 1754 4364 llazzceha
1802 4307 1910 4361 ³⁸⁸⁸.

263 4391 537 4457 Quicum
584 4401 781 4450 essent
825 4396 1142 4451 secundum
1191 4397 1370 4452 seculi
1412 4396 1750 4465 dignitatem
1805 4411 1915 4450 non

262 4480 470 4547 infimi,
525 4485 700 4539 rebus
745 4491 803 4538 et
853 4485 1076 4539 divitiis
1127 4485 1386 4556 cpuleuti
1435 4491 1492 4540 et
1541 4483 1916 4555 amplissimis

264 4568 508 4639 ριίυᾱὶἰε
538 4570 787 4642 dilatati,
823 4573 877 4628 in
909 4574 1012 4629 hoc
1043 4574 1291 4628 dabatur
1326 4574 1592 4643 intelligi,
1630 4573 1782 4643 quod
1825 4574 1918 4628 hic

265 4672 471 4713 eorum
505 4659 659 4716 filius
691 4677 790 4716 vas
825 4661 1156 4718 dilectionis
1185 4661 1275 4694 ³⁸⁸⁸
1305 4667 1462 4718 esset
1501 4664 1748 4730 futurus,
1785 4663 1917 4732 quia

263 4761 379 4802 non
414 4749 483 4802 ad
516 4749 637 4818 ipsa
671 4751 994 4820 saicularia,
1027 4767 1153 4821 qum
1189 4752 1322 4806 licet
1362 4751 1784 4822 temporaliter,
1836 4756 1920 4804 ta-

262 4849 396 4892 men
425 4836 624 4907 libere,
656 4845 858 4910 utpote
884 4846 1178 4895 tantorum
1207 4841 1690 4911 patrizuoniorum
1724 4841 1917 4910 heres,

265 4925 351 4979 uti
392 4926 700 4995 potuisset,
737 4929 835 4983 sed
869 4928 939 4984 ad
970 4929 1367 4984 ecclesiastica
1393 4929 1583 4985 divina
1618 4928 1920 5000 praedesti-

266 5014 503 5068 natione
526 5015 840 5085 deputatus
875 5021 1008 5082 est;
1043 5022 1334 5088 tamquam
1386 5018 1526 5090 ipsis
1577 5017 1917 5089 parentibus

2028 4219 2364 4290 ejus(Psal.
2383 4222 2565 4286 xv.ti).
2586 4219 2785 4286 Itaque
2801 4218 2973 4273 datur
2989 4221 3308 4274 3m“sanctae
3342 4219 3667 4272 litterarum

2029 4307 2311 4362 doctrinae
2344 4306 2524 4376 prima
2557 4311 2699 4362 aetas
2729 4305 2864 4368 illa;
2901 4324 3015 4377 quo
3064 4308 3194 4378 plus
3245 4307 3674 4378 crepitantibus

2030 4397 2138 4451 sub
2175 4394 2374 4450 ferulis
2407 4394 2601 4461 flebat,
2637 4408 2704 4448 eo
2737 4395 2982 4464 amplius
3011 4397 3080 4451 de
3111 4397 3202 4451 die
3235 4397 3288 4451 iu
3343 4397 3490 4451 diem
3553 4395 3674 4450 ibat

2030 4486 2099 4542 de
2129 4483 2345 4539 virtute
2380 4481 2433 4536 in
2459 4481 2735 4537 virtutem
2765 4480 2874 4548 339‘,
2915 4483 3152 4539 visurus
3188 4484 3533 4553 quandoque
3584 4483 3675 4515 ³⁸³³

2030 4575 2204 4628 Deum
2238 4571 2475 4625 deorum
2515 4570 2566 4623 in
2597 4571 2742 4638 Syon
2768 4569 3081 4625 cmlestem.
3113 4570 3286 4638 Cujus
3308 4571 3483 4624 etiam
3524 4586 3675 4626 men-

2031 4676 2183 4719 sura)
2209 4659 2507 4731 pbilosolia
2533 4664 2718 4713 mater
2732 4674 2792 4713 se
2809 4658 3122 4728 aliquando
3139 4658 3468 4727 cohibebat,
3496 4658 3675 4714 hunc-

2031 4766 2140 4820 que
2165 4749 2290 4804 suis
2315 4747 2534 4803 laribus
2559 4748 2967 4802 obversantem
2994 4747 3087 4779 ³⁸⁸³
3109 4747 3257 4802 lacte
3290 4751 3343 4802 et
3379 4747 3672 4803 alimentis

2031 4853 2215 4908 usque
2244 4838 2314 4891 ad
2355 4836 2538 4891 virilis
2589 4835 2758 4890 animi
2810 4838 2986 4890 robur
3039 4835 3299 4890 enutrirc
3348 4836 3660 4904 gestiebat.

2031 4927 2206 4992 Quem
2242 4927 2334 4979 Dei
2370 4926 2555 4993 gratia
2588 4927 2664 4978 ita
2698 4923 2908 4978 redidit
2955 4925 3296 4994 sapientem,
3349 4929 3407 4979 ut
3458 4924 3527 4978 de
3580 4924 3669 4979 his

2033 5016 2263 5069 minimc
2293 5019 2448 5068 esset
2481 5013 2550 5067 de
2583 5013 2792 5082 quibus
2825 5012 3041 5069 dicitur
3077 5033 3087 5065 :
3139 5013 3246 5068 Ubi
3294 5012 3515 5080 scriba,
3566 5012 3670 5068 ubi

1631 5115 1863 5168 νΑιιιΕ
1905 5111 2301 5168 LECTIONES.

337 5205 430 5281 ³⁸7⁸
461 5210 847 5281 episcbopatu
884 5215 928 5265 'l.

262 5279 445 5347 rupta
464 5284 604 5336 sua!
623 5302 640 5336 :
663 5279 833 5337 caute
857 5288 1153 5339 sectantes
1183 5279 1418 5338 vestris.

264 5353 316 5424 '2.
355 5353 413 5424 3._
443 5351 536 5419 qui
571 5359 810 5424 etcum
843 5354 1020 5409 addit
1046 5361 1093 5409 3.
1174 5355 1266 5388 ³⁸⁸⁸
1295 5354 1468 5424 opido
1503 5360 1546 5408 ι.

270 5419 449 5495 tionis
502 5423 723 5495 2ηη³⁸⁹⁰
768 5425 942 5480 datus
999 5431 1040 5478 ι.
1094 5440 1124 5479 a
1171 5419 1538 5495 genitoribus
1586 5424 1724 5480 add.
1773 5430 1821 5479 3.

267 5490 409 5548 add.
443 5496 493 5546 3.
574 5491 662 5525 ³⁸³⁸
693 5511 783 5565 qm
817 5499 868 5550 ‘2.
906 5496 1064 5553 deest
1092 5502 1138 5550 3.
1174 5490 1198 5495 ⁷
1220 5496 1312 5529 ³⁸³³
1339 5501 1744 5553 observantem
1774 5500 1825 5552 2.

1010 5213 1101 5244 εικῖο
1132 5215 1245 5281 ligo
1279 5212 1330 5265 h.
1354 5229 1420 5288 .n.
1458 5226 1587 5288 aias.
1626 5213 1917 5288 sectabor,
1953 5210 2057 5288 se_d_
2085 5216 2132 5288 3;
2213 5210 2306 5288 ³Ῐ⁵⁸⁰

1499 5282 1588 5313 ³⁸⁸⁸
1613 5283 1804 5336 divine
1828 5278 1976 5336 corr.
2004 5281 2198 5335 divino
2220 5285 2266 5334 1.
2340 5278 2429 5309 ³⁸⁸³

1626 5352 1715 5384 ³³⁸⁷
1747 5353 1964 5408 cibolt‘o
1999 5357 2048 5407 2.
2086 5351 2295 5419 eylolt'o
2330 5355 2377 5404 3.

1902 5421 1992 5456 ³⁸³1
2039 5438 2164 5478 cuiu
2212 5436 2484 5492 processu
2531 5420 2722 5476 aetatis
2773 5421 2839 5473 ad
2896 5421 3311 5476 incrementum
3361 5419 3672 5490 probitatis

2213 5207 2306 5239 ³⁸⁸³
2333 5222 2381 5261 a.
2418 5211 2473 5261 et
2510 5207 2720 5263 desunt
2744 5212 2792 5261 3.
2873 5207 2960 5238 ³⁸⁸1
2995 5207 3114 5263 haec
3135 5208 3198 5263 iit
3247 5212 3295 5262 3.
3349 5207 3500 5262 mire
3548 5221 3676 5262 cor-

2456 5280 2716 5348 privatus
2745 5283 2784 5331 l.
2857 5279 2946 5310 ³⁸⁸⁵
2970 5293 3117 5333 cum.
3151 5283 3195 5332 'l.
3267 5278 3358 5311 ³⁸⁸³
3379 5279 3671 5334 conradus

2458 5349 2549 5379 ³⁸⁸⁸
2581 5350 2850 5404 exizecha
2897 5353 2944 5402 '2.
2997 5349 3208 5404 azccha
3255 5355 3306 5404 3.
3385 5349 3476 5381 ³⁸⁸⁸
3521 5348 3675 5404 elec-

1862 5581 2088 5637 ΝΟΤιιΕ.

344 5682 489 5754 (551)
521 5681 836 5743 Auctorem
869 5682 1239 5761 peregrinum
1269 5682 1391 5742 haec
1442 5687 1643 5756 aperte
1695 5683 1922 5741 demon-

269 5773 481 5842 stram.

2106 5679 2252 5753 (552)
2280 5677 2608 5746 Pfullingen
2636 5695 2650 5746 ;
2683 5677 2754 5738 cf.
2794 5676 2976 5736 Stalin
3003 5677 3150 5737 Hist.
3185 5676 3488 5740 Wirtemb.
3540 5679 3581 5752 ι,
3614 5693 3674 5756 p.

2032 5772 2152 5830 566.
