3920 6412
365 378 514 444 1255

979 381 1244 446 GESTA
1273 383 1630 447 TREVER.
1665 419 1744 430 —
1771 378 2104 444 APPEND
2147 381 2347 447 VITA
2384 381 2742 446 CONRADI
2772 379 3154 445 ABCHIEP.

3623 377 3644 442 1
3661 380 3777 441 ’256

359 535 2014 610 sapieas,ubicongaisitorhujassecali?nonaestaltam
2043 518 2098 578 Α
2131 542 2378 607 augusta
2413 536 2584 594 vidua
2631 541 2816 592 matre
2864 535 3036 606 (553),
3088 535 3454 593 educandum
3504 550 3782 609 suscepe-

347 627 510 700 fecit
531 628 692 683 Deus
719 626 1087 698 sapientiam
1110 626 1293 696 huius
1312 627 1524 684 mundi
1543 634 1570 684 7
1595 628 1658 690 (Ι
1675 627 1808 684 Cor.
1835 641 1871 681 ι.
1897 627 2011 698 20.)

364 715 465 771 sed
495 728 565 772 ex
596 715 686 772 his
715 731 864 786 quos
897 717 1071 772 docet
1101 716 1426 788 apostolus,
1463 715 1698 772 dicens:
1756 716 1888 772 Volo
1914 728 2016 771 eos

358 805 658 876 sapientes
687 806 929 876 quidem
959 807 1165 862 essein
1188 805 1350 874 bono,
1373 805 1676 876 simplices
1696 806 1895 862 autem
1925 802 2016 836 33“

367 896 430 951 in
455 896 614 952 malo
643 894 834 964 (Rom.
869 911 983 965 xvr,
1023 897 1130 966 19).
1168 895 1305 951 Inde
1336 895 1551 952 bi.ium
1594 897 1900 966 Pytagoree
1934 893 2018 949 in-

363 999 621 1056 gressus,
646 984 948 1042 sinistrum
976 1000 1197 1041 ramum
1217 999 1448 1055 cavens,
1477 983 1684 1042 dextro
1706 983 2010 1049 incedens;

360 1088 487 1131 cum
523 1079 750 1130 matura
785 1079 963 1131 aetate
1001 1074 1223 1146 potitus
1255 1073 1344 1130 sui
1369 1073 1520 1144 juris
1548 1079 1708 1129 esset
1741 1073 2011 1141 ell‘ectus,

362 1178 542 1234 quare
574 1163 770 1221 natale
802 1163 988 1220 solum
1024 1163 1351 1234 reliquerit,
1407 1162 1778 1233 qualiterque
1808 1167 2018 1217 metro-

361 1251 536 1324 polim
569 1253 892 1310 Germaniae
927 1252 1222 1310 Coloniam
1253 1251 1630 1322 Aggripinam
1675 1251 2013 1322 expetierit,

359 1343 514 1399 sicut
546 1357 578 1398 a
620 1343 874 1400 diversis
919 1341 1150 1398 diversa
1194 1341 1606 1414 comperimus,
1651 1341 1880 1396 diversa
1932 1355 2018 1396 re-

359 1433 512 1488 ferre
541 1433 898 1489 censuimus.
930 1432 1143 1488 Ferunt
1179 1431 1433 1502 quidam,
1470 1430 1624 1500 quod
1655 1431 1852 1486 studio
1903 1445 2018 1486 ma-

351 1520 500 1592 joris
539 1521 832 1592 exercitii,
883 1525 944 1577 ut
994 1521 1091 1576 illa
1140 1520 1330 1576 minor
1379 1519 1596 1576 assolet
1648 1524 1810 1589 aetas,
1862 1519 2014 1590 apud

357 1611 601 1666 eandem
627 1611 826 1667 urbem
853 1609 1213 1682 peregrinari
1234 1609 1486 1665 voluerit
1515 1627 1530 1676 ;
1561 1609 1815 1679 quidam,
1862 1607 2015 1678 quod

361 1713 558 1756 amore
595 1699 749 1754 beati
784 1698 1044 1754 Annonis
1073 1697 1332 1768 ejusdem
1365 1697 1524 1752 sedis
1565 1696 1872 1765 antistitis,
1920 1697 2017 1766 qui

359 1786 638 1842 afﬁnitate
659 1792 717 1842 et
740 1785 833 1819 33°“
850 1785 1285 1858 propinquitate
1303 1784 1412 1840 sibi
1437 1783 1736 1854 proximus
1751 1787 2012 1854 putatur,

2131 631 2244 693 rat;
2263 627 2530 698 buneque
2545 624 3228 682 liberalibuslitterarum
3243 625 3455 682 studiis
3471 625 3775 698 traditum,

2129 715 2184 771 in
2217 716 2428 773 divinis
2461 721 2522 772 et
2553 715 2818 772 humanis
2851 715 3168 784 imbuebat,
3204 720 3382 786 utque
3419 713 3510 748 ³⁹⁰¹
3555 715 3773 786 regiam

2129 806 2349 876 prolem
2367 807 2634 875 decebat,
2655 805 2933 860 decenter
2949 803 3256 861 educabat.
3277 805 3450 876 Cujus
3465 805 3777 861 occasione

2128 895 2451 964 magisterii
2473 893 2784 965 aliquando
2807 898 2862 950 et
2885 893 3044 964 regni
3070 894 3302 964 negotia
3323 895 3700 966 procurabat,
3719 900 3773 950 et

2125 984 2224 1041 ubi
2261 999 2354 1040 res
2385 985 2677 1052 exigebat,
2715 983 3008 1054 discipulo
3033 997 3260 1040 manum
3311 983 3539 1038 consilii
3589 982 3778 1054 porri-

2127 1075 2301 1144 gebat
2329 1091 2342 1140 ;
2369 1080 2705 1144 quantoque
2737 1072 2877 1127 illud
2905 1072 3058 1144 quod
3085 1073 3368 1144 scriptum
3391 1078 3480 1129 est
3500 1073 3624 1130 :Ad
3646 1087 3774 1129 riza-

2120 1165 2386 1234 gistrum
2404 1163 2670 1234 respicit,
2692 1161 2996 1234 quidquid
3014 1176 3050 1218 a
3073 1161 3362 1234 discipulo
3377 1162 3537 1218 delia
3561 1162 3770 1230 ‘uitu—r,

2130 1253 2451 1322 metuebat,
2478 1257 2666 1321 tanto,
2694 1265 2764 1306 ne
2792 1251 2928 1320 quid
2951 1250 3277 1321 sinistrum,
3303 1250 3452 1321 quod
3471 1250 3584 1306 sibi
3614 1265 3773 1316 esset

2129 1340 2554 1412 imputandum,
2592 1340 2675 1395 rei
2711 1339 2960 1411 publica:
2992 1339 3274 1408 eveniret,
3300 1340 3577 1406 cavebat;
3611 1353 3776 1394 reco-

2129 1429 2372 1500 lensque
2403 1429 2563 1486 illius
2589 1428 2972 1486 Salomoniaci
3004 1427 3132 1484 ⁸⁹⁰²ε
3165 1428 3418 1499 Diligite
3450 1429 3774 1498 justiciam

2127 1519 2560 1592 qaijudicatis
2589 1521 2812 1576 ter-ram
2847 1521 3014 1589 (Sep.
3054 1533 3092 1589 ι,
3129 1523 3204 1585 1).
3233 1523 3394 1574 recto
3425 1517 3614 1588 legum
3661 1533 3776 1575 mo-

2131 1611 2427 1666 deramine
2462 1611 2658 1665 frenos
2690 1608 2970 1665 nobilium
3007 1607 3238 1664 urbium
3261 1607 3500 1677 juvabat
3546 1623 3771 1678 regere,

2125 1699 2222 1769 jus
2253 1699 2426 1755 civile
2462 1699 2631 1754 bonis
2667 1697 2935 1768 reddere,
2968 1712 3102 1754 reos
3127 1702 3374 1768 terrere,
3406 1712 3508 1753 sua
3560 1698 3772 1768 quique

2131 1794 2291 1845 recte
2316 1789 2680 1860 dispensare.
2718 1788 3089 1858 Quapropter
3130 1791 3322 1842 rectos
3370 1791 3428 1842 et
3475 1787 3768 1858 sapientes

360 1873 462 1930 illo
495 1875 838 1941 advenerit;
881 1874 1138 1946 quidam,
1173 1873 1325 1944 quod
1367 1873 1550 1928 isdem
1583 1873 1832 1928 antistes
1875 1876 2004 1926 tem-

2182 1893 2394 1948 uosque
2419 1877 2488 1933 ad
2527 1877 2781 1946 regimen
2805 1875 3182 1932 ecclesiarum
3209 1875 3442 1947 provehi
3463 1875 3768 1944 suadebat,

361 1979 503 2036 pore
538 1965 799 2036 suscepti
834 1964 1072 2020 honoris
1106 1979 1300 2019 secum
1333 1963 1485 2018 hunc
1518 1961 1820 2017 advexerit
1847 1979 1862 2028 ;
1885 1977 2016 2018 nam

357 2059 418 2109 et
448 2053 570 2125 ipse
625 2055 849 2112 Suevus
899 2058 1027 2109 erat
1079 2053 1330 2108 natione.
1378 2051 1526 2118 Quid
1571 2055 1762 2107 tamen
1810 2051 2016 2107 horum

363 2143 558 2200 verius
587 2143 688 2212 sit,
728 2143 852 2214 ipse
885 2142 1092 2200 melius
1123 2141 1283 2198 novit
1320 2141 1415 2212 qui
1449 2155 1580 2196 eum
1613 2140 1908 2212 prmscivit
1959 2145 2019 2195 et

361 2231 814 2304 praedestinavit
834 2233 1192 2288 conformem
1221 2231 1342 2286 ﬁeri
1369 2229 1660 2302 passionis
1678 2229 1778 2284 ﬁlii
1804 2229 1925 2295 sui;
1960 2245 2020 2314 et

358 2335 527 2392 quem
575 2320 1043 2392 praedestinavit,
1099 2320 1382 2384 vocavit;
1435 2325 1492 2374 et
1546 2334 1716 2389 quem
1759 2318 2016 2401 vocavit,

360 2408 702 2480 justiﬁcavit
735 2415 792 2466 et
825 2407 940 2479 ⁸⁸⁸⁸,
974 2414 1038 2465 ιιι
1076 2408 1248 2464 hodie
1281 2407 1510 2463 cunctis
1555 2407 1760 2478 liquet,
1804 2407 2024 2476 magni-

359 2498 573 2556 ﬁcavit.
610 2498 772 2555 Unde
803 2497 961 2554 nulla
996 2499 1148 2553 inest
1170 2497 1444 2553 dubietas
1464 2496 1745 2586 cordibus
1777 2496 2020 2586 nostris,

357 2589 518 2659 quin,
557 2587 1002 2659 qualiscumque
1035 2587 1208 2643 fuerit
1257 2601 1431 2642 causa
1476 2599 1506 2641 a
1558 2585 1746 2656 patria
1799 2585 2027 2654 digres-

366 2677 573 2743 sionis,
605 2676 988 2748 portenderet
1021 2676 1347 2748 auspicium
1381 2675 1566 2730 beata:
1601 2673 1908 2745 passionis.
1953 2677 2024 2730 Et

361 2766 492 2838 quis
515 2765 736 2822 diﬁldat
763 2767 898 2822 huic
922 2779 952 2821 a
976 2765 1239 2834 Domino,
1266 2764 1377 2820 etsi
1405 2779 1516 2819 non
1541 2767 1766 2834 aperte,
1801 2764 2019 2820 dictum

367 2859 562 2912 tamen
595 2854 651 2910 in
685 2869 786 2910 cor
817 2855 1056 2910 missum
1089 2853 1231 2908 illud
1259 2871 1272 2908 :
1306 2854 1430 2909 Exi
1463 2853 1532 2908 de
1561 2855 1724 2910 terra
1755 2854 1814 2908 et
1833 2853 1901 2908 de
1933 2866 2023 2909 co-

356 2943 646 3016 gnatione
669 2945 794 3012 tua,
829 2945 884 2998 et
907 2943 1044 2999 veni
1069 2941 1132 2998 in.
1159 2943 1382 2998 terram
1407 2955 1590 3011 quam
1614 2943 2020 2998 monstrarem

356 3031 493 3100 tibi,
531 3033 591 3088 et
625 3031 970 3088 benedicens
1017 3029 1357 3087 benedicam
1407 3029 1518 3085 tibi
1572 3032 1736 3093 (Gen.
1783 3045 1883 3100 xu,
1935 3035 2012 3098 2).

360 3122 548 3194 Ipsam
580 3121 784 3190 utique
821 3125 1036 3175 terram
1077 3119 1188 3176 sibi
1240 3117 1611 3188 omnipotens
1658 3120 1812 3174 Deus
1862 3132 2017 3174 mon-

361 3210 593 3280 stravit,
628 3209 684 3265 in
717 3224 828 3280 qua
862 3215 918 3264 et
949 3224 1060 3264 non
1093 3223 1298 3280 parum
1322 3207 1528 3276 gratia;
1551 3207 1601 3262 ei
1644 3207 1826 3276 dedit,
1861 3208 2014 3263 sicut

359 3299 490 3357 laus
521 3304 780 3356 testatur
803 3314 931 3370 quae
955 3314 1107 3355 nunc
1141 3299 1196 3354 in
1232 3299 1342 3353 line
1367 3297 1617 3352 canitur.
1645 3297 1783 3352 Nam
1808 3296 2018 3367 praedi-

355 3393 490 3446 ctus
525 3389 741 3462 praesul
779 3389 1187 3444 sanctissimus
1219 3390 1382 3442 Anno
1403 3418 1473 3426 —
1501 3385 1671 3454 cujus
1699 3384 2013 3440 laudabilia

355 3493 536 3550 opera
570 3478 683 3536 etsi
717 3479 1099 3549 quorumdam
1135 3477 1463 3534 invidorum
1517 3475 1741 3532 siluerit
1795 3474 2012 3545 lingua,

353 3568 534 3625 multa
566 3573 761 3625 tamen
799 3567 1056 3639 lapidum
1089 3567 1427 3623 clamabunt
1459 3565 1704 3622 mdilicia
1735 3563 1848 3633 ποτ,
1893 3564 2017 3634 qui-

355 3657 464 3716 bus
493 3657 806 3716 aediﬁeavit
840 3663 898 3712 et
933 3655 1223 3712 mdiﬁcata
1257 3655 1422 3711 auxit
1449 3654 1731 3726 episcopii
1783 3653 1875 3687 3m
1924 3653 2014 3710 sui

357 3747 711 3804 monasteria
741 3777 812 3787 —
844 3747 1078 3802 beatum
1113 3745 1264 3801 hunc
1297 3745 1580 3799 advenam
1616 3744 1742 3814 ipse
1765 3745 2012 3823 advena,

358 3836 462 3894 sed
487 3835 786 3893 exaltatus
806 3835 907 3890 Dei
927 3833 1192 3903 dextera,
1213 3833 1458 3901 benigne
1481 3831 1738 3902 collegit,
1767 3833 2014 3888 humane

355 3924 660 3994 tractavit,
686 3929 742 3980 et
768 3938 898 3980 cum
923 3922 1173 3978 libuitet
1203 3921 1439 3991 dignum
1468 3921 1773 3992 judicavit,
1810 3921 2012 3991 majori

355 4015 540 4086 gradu
558 4017 827 4071 evectum
850 4018 908 4069 et
935 4017 1300 4082 assumptum
1329 4011 1560 4082 extulit,
1588 4011 1828 4082 propius
1852 4017 2012 4067 stare

347 4105 563 4176 jubens
592 4103 798 4160 ordine
834 4101 1116 4174 proximo,
1152 4101 1492 4172 honoreque
1523 4101 1870 4173 presbyterii
1919 4116 2015 4157 su-

357 4194 684 4264 blimatum,
719 4194 976 4250 secundo
1007 4191 1132 4248 loco
1155 4199 1370 4263 postse
1392 4196 1698 4262 statutum,
1734 4191 2012 4260 majorem

359 4284 740 4357 praepositum
763 4281 1000 4352 majoris
1014 4281 1220 4338 domus
1233 4296 1354 4338 sum
1378 4279 1554 4352 sedis,
1570 4280 1680 4336 hoc
1703 4285 1793 4337 est
1815 4279 2010 4336 Sancti

357 4373 541 4444 Petri,
573 4371 907 4429 collocavit.
942 4371 1128 4426 Prima
1160 4372 1282 4427 haec
1312 4385 1450 4426 cura
1483 4370 1708 4426 credita
1741 4375 1830 4427 est
1876 4369 2008 4441 sibi,

359 4476 708 4533 quamquam
741 4464 1023 4518 strennue
1053 4465 1113 4516 et
1145 4459 1350 4516 idonee
1383 4459 1438 4514 in
1469 4464 1786 4530 conspectu
1817 4459 1918 4514 Dei
1951 4463 2008 4514 et

356 4550 650 4609 hominum
700 4549 1222 4617 administraverit,
1276 4553 1362 4604 tot
1415 4552 1596 4606 testes
1653 4548 1841 4622 adhuc
1891 4548 2011 4604 exi-

357 4643 540 4711 stunt,
574 4645 716 4710 quot
749 4653 878 4696 eum
911 4652 1089 4696 nosse
1122 4642 1459 4710 potuerunt.

422 4761 456 4813 2
484 4756 596 4811 “’9.
623 4757 742 4813 Sub
775 4755 980 4812 eodem
1006 4760 1268 4826 tempore
1290 4760 1536 4824 quartus
1560 4753 1864 4810 Heinricus
1892 4752 2005 4824 ³⁹⁰⁰,

354 4846 542 4920 patris
575 4846 936 4917 aequivocus,
969 4844 1191 4900 teneris
1223 4843 1333 4899 sub
1365 4842 1548 4913 annis,
1583 4842 1816 4898 noviter
1845 4849 2010 4914 patre

354 4940 608 5006 augusto
629 4937 700 4992 de
725 4935 916 4990 medio
937 4935 1112 5003 facto,
1129 4937 1408 4988 strennue
1429 4931 1484 4987 in
1499 4932 1752 5004 sceptris
1775 4935 2006 5004 agebat;

351 5041 521 5098 quem
556 5025 912 5098 smpedictus
943 5023 1200 5095 pontifex
1233 5029 1471 5078 sanctus
1505 5027 1686 5091 Anno,
1715 5023 1894 5078 veluti
1920 5023 2009 5080 vir

351 5117 545 5175 tocius
575 5114 906 5189 prudentiae
939 5119 997 5170 et
1030 5111 1235 5170 aulicte
1266 5111 1602 5184 nutriturae,
1653 5119 1893 5182 rogatus
1935 5114 2008 5170 ab

2044 3257 2093 3320 C

2039 4621 2093 4682 D

2133 1968 2265 2038 quia
2285 1967 2568 2038 scriptum
2583 1967 2804 2022 sciebat
2823 1967 2845 1988 "
2861 1984 2874 2018 :
2888 1963 3216 2022 Multitudo
3240 1963 3598 2036 sapientium
3616 1965 3778 2022 sani-

2131 2060 2226 2114 tas
2256 2056 2516 2114 estorbis
2546 2057 2845 2112 terrarum
2875 2053 3044 2126 (Sap.
3065 2063 3152 2124 σενι,
3189 2055 3292 2126 16).
3314 2054 3449 2110 Inde
3472 2059 3584 2124 est,
3619 2056 3772 2124 quod

2129 2162 2284 2216 cum,
2321 2151 2380 2202 ut
2413 2145 2504 2179 ³⁹⁰³
2534 2145 2644 2200 sibi
2677 2145 2865 2202 visum
2905 2148 3018 2214 est,
3069 2144 3153 2200 rei
3207 2143 3427 2200 utilitas
3473 2144 3550 2200 ita
3605 2159 3777 2215 popo-

2131 2235 2342 2292 scisset
2400 2241 2458 2291 et
2511 2236 2653 2292 urbs
2718 2235 3022 2291 Treverica
3081 2249 3188 2290 suo
3252 2238 3485 2304 pastore
3540 2232 3774 2289 viduata

2133 2329 2290 2380 esset
2317 2325 2486 2396 (554),
2521 2329 2904 2380 memoratum
2936 2323 3125 2380 virum
3169 2323 3550 2393 Cuonradum,
3605 2336 3772 2393 quem

2137 2415 2369 2484 quidem
2403 2415 2472 2470 ad
2515 2415 2624 2470 hoc
2677 2419 2874 2484 aptum
2912 2417 3158 2468 noverat
3204 2417 3261 2468 et
3308 2411 3594 2480 idoneum,
3644 2427 3772 2468 cen-

2135 2503 2254 2559 suit
2320 2503 2774 2572 subrogandum.
2844 2503 2912 2556 Et
2976 2500 3111 2556 licet
3189 2500 3549 2557 inscrutabili
3627 2501 3774 2558 Divi-

2135 2592 2339 2648 nitatis
2370 2591 2802 2664 archanotalis
2850 2591 2957 2646 viri
3007 2591 3104 2646 Dei
3159 2591 3444 2662 promotio
3489 2590 3576 2646 sui
3630 2603 3773 2645 mar-

2135 2681 2270 2752 tyrii
2301 2686 2462 2736 esset
2493 2682 2744 2752 occasio,
2773 2686 2963 2737 tamen
2992 2679 3134 2736 nulli
3164 2679 3418 2749 dubium,
3448 2679 3584 2749 quin
3609 2679 3676 2748 si,
3711 2685 3770 2736 ut

2133 2769 2370 2840 dicitur,
2407 2771 2559 2826 hunc
2591 2769 2949 2826 desideravit
2979 2769 3400 2841 episcopatum,
3423 2767 3768 2824 desideravit

2132 2873 2282 2929 opus
2304 2860 2512 2915 bonum
2535 2877 2549 2926 ;
2575 2860 2708 2929 quia
2734 2859 2842 2914 hoc
2864 2873 2992 2914 esse
3008 2858 3266 2913 moribus
3279 2856 3603 2926 affectabat,
3622 2855 3770 2926 quod

2131 2962 2260 3004 esse
2293 2949 2508 3004 debere
2542 2947 2728 3018 ipsum
2764 2961 2968 3002 nomen
2993 2945 3084 2980 ³⁹⁰⁴
3109 2945 3345 3002 indicat.
3369 2947 3568 3016 itaque
3601 2958 3772 3017 saepe-

2133 3037 2271 3094 dicti
2302 3037 2570 3109 praesulis
2587 3037 2673 3094 sui
2696 3037 2980 3094 instinctu
3002 3043 3060 3092 et
3079 3035 3347 3105 consilio,
3373 3041 3592 3107 martyr
3620 3035 3772 3091 Chri-

2133 3129 2231 3200 sti,
2249 3134 2382 3184 ante
2401 3129 2631 3184 futurus
2655 3142 2826 3198 quain
2849 3127 3180 3198 episcopus,
3196 3125 3484 3182 adductus
3508 3125 3565 3180 in
3587 3125 3769 3180 medio

2131 3224 2192 3273 et
2223 3219 2434 3289 dignus
2465 3216 2843 3287 acclainatus,
2871 3215 3132 3286 suscepit
3159 3229 3189 3270 a
3210 3229 3376 3270 manu
3398 3214 3555 3282 regia
3585 3214 3770 3284 ponti-

2133 3310 2338 3366 ﬁcatus
2359 3307 2452 3340 ³⁹⁰⁵
2482 3307 2747 3376 insignia,
2777 3304 3002 3362 scilicet
3026 3303 3374 3375 pastoralem
3395 3302 3487 3336 ³⁹⁰⁶
3507 3303 3767 3360 baculum

2129 3405 2186 3456 et
2217 3397 2545 3470 sponsaleni
2577 3395 2839 3452 ecclesiae
2871 3394 3125 3464 anulum,
3161 3394 3393 3450 interim
3436 3393 3568 3449 dum
3618 3395 3764 3450 sacri

2126 3488 2422 3546 crismatis
2455 3485 2729 3544 unctione
2766 3485 3140 3540 ordinaretur
3192 3497 3440 3554 sponsus
3478 3481 3759 3540 ecclesia.

2128 3581 2242 3635 Nec
2263 3592 2440 3647 mora,
2459 3575 3010 3646 commissusipsius
3033 3573 3188 3643 regis
3208 3571 3510 3642 legatario,
3534 3586 3764 3628 venera-

2130 3667 2228 3722 bili
2253 3667 2478 3722 scilicet
2499 3663 2792 3736 Spirensis
2811 3665 2972 3719 urhfs
2987 3663 3260 3734 episcopo
3275 3659 3626 3732 Eilardom",
3643 3661 3758 3717 sedi

2126 3753 2472 3824 commissas,
2510 3753 2566 3808 id
2597 3758 2692 3808 est
2738 3751 2866 3808 urbi
2915 3751 3256 3820 Trevericse,
3297 3750 3584 3820 dirigitur.
3629 3748 3760 3815 Quae

2128 3843 2268 3900 licet
2295 3842 2684 3899 sanctissimis
2713 3846 2772 3897 et
2804 3854 3082 3911 nusquam
3117 3844 3403 3896 terrarum
3453 3838 3759 3908 majoribus

2126 3933 2421 4004 episcopis
2473 3932 2690 3990 dudum
2725 3931 2889 3986 aDeo
2918 3929 3090 3986 luerit
3120 3929 3410 4000 insignita,
3446 3933 3641 3984 utnon
3665 3929 3761 3983 im-

2127 4023 2336 4078 merito
2359 4021 2616 4078 secunda
2643 4020 2940 4076 diceretur
2961 4019 3160 4088 Roma,
3198 4018 3321 4074 suis
3350 4022 3536 4073 tamen
3565 4030 3760 4088 pecca-

2124 4113 2202 4168 tis
2223 4111 2616 4182 exigentibus,
2635 4109 2925 4179 indignam
2951 4109 3130 4163 fuisse
3145 4107 3234 4163 his
3255 4106 3474 4163 ultimis
3496 4111 3606 4162 tem
3614 4106 3758 4177 pori-

2124 4203 2234 4260 bus
2258 4201 2356 4258 tali
2383 4199 2655 4272 pontiﬁce
2673 4198 2995 4262 credimus;
3013 4197 3163 4269 quod
3187 4201 3244 4252 et
3266 4196 3346 4252 rei
3372 4197 3573 4268 probat
3594 4209 3758 4252 even-

2125 4296 2236 4348 tus.
2273 4291 2412 4347 Nam
2443 4289 2644 4346 audito
2671 4287 2797 4358 ejus
2827 4286 3080 4344 adventu
3118 4284 3229 4356 ³⁰⁰⁸,
3262 4285 3410 4344 unde
3457 4283 3656 4340 infelix
3703 4285 3752 4340 in

2122 4381 2230 4437 hac
2265 4385 2429 4452 parte
2461 4377 2517 4434 in
2551 4377 2758 4434 melius
2789 4376 3074 4449 proﬁcere
3101 4375 3324 4445 debuit,
3358 4373 3487 4430 inde
3519 4373 3574 4428 in
3605 4373 3756 4428 dete-

2124 4470 2246 4527 rius
2279 4469 2427 4525 male
2448 4466 2716 4524 consulta
2741 4467 2878 4522 ruit.
2905 4466 3033 4521 Mox
3065 4464 3276 4536 quippe
3299 4465 3368 4520 ab
3393 4462 3560 4519 inicio
3584 4461 3757 4518 homi-

2121 4568 2250 4626 cida
2285 4565 2578 4636 diabolus,
2611 4565 3011 4635 cujusinvidia
3038 4578 3192 4620 mors
3221 4561 3455 4619 intravit
3481 4561 3534 4617 in
3565 4561 3755 4616 orbem

2125 4663 2436 4727 terrarum,
2471 4670 2640 4727 quem
2671 4655 2976 4712 imitantur
3005 4653 3106 4724 qui
3133 4659 3270 4709 sunt
3298 4667 3370 4708 ex
3401 4656 3564 4722 parte
3610 4650 3752 4720 ejus,

2123 4763 2268 4820 quos
2300 4747 2356 4803 in
2387 4762 2453 4804 ea
2474 4762 2594 4804 suae
2621 4745 2806 4818 partis
2825 4744 3016 4815 scivit,
3044 4743 3290 4800 vesaniae
3308 4755 3426 4798 suae
3445 4738 3537 4773 ³⁹⁰⁰
3569 4740 3755 4796 furore

2121 4839 2529 4901 inﬂammatus,
2566 4837 2637 4893 ad
2664 4837 2752 4892 sui
2787 4834 3190 4903 imitationem,
3227 4832 3284 4887 id
3307 4836 3390 4888 est
3423 4829 3494 4886 ad
3528 4829 3754 4886 homici-

2120 4929 2298 4997 dium,
2332 4926 2613 4984 ineitavit.
2643 4927 2712 4982 Et
2741 4925 2839 4982 ubi
2871 4923 3010 4981 urbs
3032 4931 3166 4995 post
3186 4922 3420 4979 Romam
3437 4919 3492 4976 in
3518 4924 3648 4976 toto
3669 4933 3753 4974 or-

2120 5019 2210 5089 be,
2237 5019 2294 5074 in
2313 5031 2423 5087 qua
2447 5016 2644 5088 plures
2667 5030 2838 5086 quam
2861 5015 2940 5070 ibi
2965 5013 3102 5070 olim
3125 5012 3394 5068 habuerit
3415 5011 3538 5081 ipse
3565 5009 3752 5066 diabo-

2119 5109 2212 5167 lus
2233 5115 2292 5164 et
2313 5107 2402 5164 sui
2423 5105 2684 5164 cultores
2697 5109 2752 5162 et
2775 5119 2895 5162 sum
2911 5103 3194 5176 nequicim
3210 5099 3527 5160 satellites?
3540 5099 3608 5156 Et
3622 5098 3748 5155 licet

1703 5212 1942 5269 VARIzE
1975 5209 2383 5270 LECTIOMFS.

420 5313 512 5347 ³⁸³⁸
561 5327 690 5369 esse
739 5316 790 5368 2.
870 5311 964 5345 ³⁸³⁸⁵
1010 5310 1102 5368 vel
1150 5313 1202 5367 2.
1281 5307 1374 5343 '9“
1419 5309 1583 5368 deest
1613 5313 1668 5365 2.
1745 5308 1836 5344 ³³⁵⁷
1882 5311 2004 5368 edit

2182 5325 2250 5380 [ι.
2282 5307 2598 5362 ediﬂicavit
2649 5308 2696 5357 1.
2761 5307 3285 5380 imanepiscopatui
3325 5307 3378 5378 2._
3413 5307 3746 5380 _""__‘I_ﬂtlte

1529 5367 1622 5414 ⁵⁵⁹⁰⁰
1650 5367 1922 5438 henrieus
1947 5387 2000 5438 2.

2182 5367 2255 5413 ‘5‘“
2289 5382 2350 5435 ut
2383 5390 2535 5434 corr.
2564 5380 2621 5432 et
2652 5381 2714 5430 ut
2753 5379 2796 5428 1.
2875 5367 2968 5406 ποί
3004 5367 3380 5429 solomoniaci
3406 5373 3452 5424 1.
3529 5367 3622 5439 ΡΨ
3646 5368 3747 5425 sibi

351 5385 617 5458 capitum
630 5383 1002 5458 divisionem
1033 5384 1169 5458 ipse
1185 5382 1448 5458 instita;

2177 5325 2250 5380 q.
2282 5303 2598 5362 ediﬂieavit
2649 5308 2696 5357 1.
2761 5298 3285 5380 7‘893__episeopatui_
3325 5303 3378 5378 2._
3413 5295 3753 5380 _""__A_Ha]te

354 5438 504 5513 u't‘27.‘
521 5438 754 5511 ”’δδοίίἡ.
779 5438 829 5509 vi.
862 5438 1000 5511 2.3.
1046 5438 1172 5488 ’ποθ
1206 5438 1600 5526 pontitllcatus
1629 5460 1679 5513 1.
1761 5453 1852 5487 ³⁹⁰⁶
1881 5438 2127 5512 ferulam
2155 5449 2455 5523 regiminis
2489 5446 2738 5503 indicem
2771 5450 2850 5502 3⁸.
2929 5443 3022 5478 ⁸⁹⁰⁷
3055 5441 3344 5501 Einhardo
3393 5444 3442 5496 3.
3521 5438 3614 5475 ³³⁸⁸
3661 5453 3749 5496 au-

1951 5595 2174 5654 NOTE.

353 5526 479 5584 ditu
505 5532 557 5584 2.
635 5526 730 5560 ³⁰⁰⁹
754 5542 858 5583 suo
887 5529 938 5582 2.

428 5687 580 5764 (553)
612 5689 748 5748 Haec
778 5701 810 5746 a
837 5700 981 5746 vero
1010 5685 1183 5747 valde
1213 5687 1568 5762 discrepare,
1599 5701 1712 5746 non
1733 5691 1825 5747 est
1850 5687 2004 5762 quod

355 5789 640 5839 moneam.

2188 5685 2342 5834 (δυὲ
2354 5681 2580 5745 Eberha
2587 5681 2730 5744 rdus
2740 5679 3222 5759 archiepiscopus
3235 5674 3460 5738 obiitd.
3474 5680 3541 5738 15
3553 5675 3744 5756 April.,

2203 5778 2272 5834 10
2345 5813 2360 5834 .

2117 5789 2170 5836 8.
2203 5778 2360 5840 1066.
