3948 6424
142 303 240 357 233

748 296 1129 354 EXPOSITIO
1169 297 1242 352 IN
1281 295 1662 353 EPISTOLAS
1702 294 1926 351 PAULI.
1958 325 2027 336 -—
2057 295 2129 350 IN
2166 295 2380 351 EPIST.
2425 295 2472 350 II
2509 294 2604 350 AD
2637 293 2798 352 COR.

3344 299 3449 356 234

149 427 214 482 Et
241 441 368 481 vere
398 424 533 481 illud
564 425 713 498 quod
742 432 924 480 manet
956 432 1040 480 est
1061 424 1114 478 in
1139 423 1316 496 gloria
1332 423 1485 489 mihi,
1507 423 1557 478 si
1586 423 1756 478 Vetus
1772 424 1828 483 A
1856 421 1958 478 Ubi
1992 428 2075 477 est
2120 421 2338 492 spiritus
2387 420 2622 486 Domini,
2667 421 2741 475 ibi
2772 427 2854 476 est
2888 419 3132 477 libertas.
3166 421 3286 477 Nos
3315 437 3449 478 vero

151 515 555 570 Testamentum
580 514 724 587 quod
741 518 1053 570 evacuatur
1071 513 1240 584 Moysi
1255 517 1340 568 est
1356 530 1456 584 per
1470 512 1708 584 gloriam
1732 531 1749 567 :

154 604 294 660 idem
316 605 463 660 valet
485 605 630 676 quod
651 605 703 658 in
726 603 905 675 gloria
938 621 950 656 :
984 603 1169 658 multo
1189 602 1371 674 magis
1392 601 1752 674 Evangelium

159 709 334 749 meum
365 693 511 767 quod
531 695 834 766 permanet
865 696 950 748 est
966 691 1099 746 mihi
1127 691 1400 747 sufficiens
1418 693 1479 746 in
1498 690 1753 746 habenda

155 783 350 854 gloria.

221 889 528 946 Notandum
569 897 653 945 est
696 889 842 961 quod
871 888 1021 959 prius
1050 887 1125 943 ait
1157 903 1216 944 se
1248 886 1556 942 ministrare
1589 885 1753 958 spiri-

155 989 282 1043 tum,
315 995 413 1050 per
443 979 691 1049 spiritum
720 993 853 1034 vero
890 977 1176 1046 justitiam,
1209 976 1408 1031 deinde
1439 975 1584 1048 quod
1618 991 1754 1046 per-

153 1077 372 1134 manet;
424 1069 643 1138 Moyses
707 1083 838 1123 vero
904 1065 1233 1121 ministravit
1282 1065 1516 1120 litteram
1567 1072 1756 1121 contra

156 1157 403 1228 spiritum
428 1176 442 1222 ;
475 1156 879 1212 damnationem
909 1163 1102 1210 contra
1127 1154 1413 1224 justitiam.
1462 1155 1579 1209 Hoc
1609 1153 1756 1225 quod

154 1254 465 1312 evacuatur,
499 1253 687 1302 contra
721 1246 823 1301 hoc
855 1244 999 1316 quod
1028 1251 1327 1314 permanet.
1347 1245 1414 1298 Et
1439 1243 1578 1298 sicut
1597 1242 1757 1297 dam-

161 1334 302 1391 natio
331 1333 558 1390 effectus
597 1342 680 1389 est
726 1333 958 1404 peccati,
992 1333 1072 1389 sic
1093 1333 1303 1402 justitia
1332 1331 1560 1387 effectus
1589 1330 1756 1402 spiri-

163 1432 264 1478 tus.
299 1425 599 1495 Hucusque
628 1422 984 1478 ministerium
1015 1438 1172 1476 suum
1214 1420 1515 1476 ministerio
1557 1419 1757 1475 veteris

157 1513 294 1586 legis
325 1512 582 1584 praetulit,
615 1511 815 1583 ubique
847 1511 1162 1582 deprimens
1209 1511 1438 1581 pseudo,
1487 1509 1578 1580 qui
1609 1517 1759 1564 vete-

159 1618 267 1657 rem
306 1602 492 1673 legem
538 1601 896 1656 reducebant.
957 1600 1010 1655 Si
1062 1600 1206 1655 enim
1257 1601 1474 1671 Moyses
1510 1599 1760 1653 minister

158 1692 342 1746 mortis
391 1699 475 1745 est
522 1698 576 1746 et
633 1689 1016 1755 damnationis,
1090 1697 1294 1761 quanto
1339 1688 1517 1760 magis
1564 1687 1618 1741 hi
1668 1686 1760 1757 qui

1853 511 2120 566 habemus
2168 510 2415 580 spiritum
2455 509 2710 564 Domini:
2748 510 3026 566 Habemus
3071 511 3278 582 utique.
3310 512 3452 567 Nam

1853 617 1954 656 nos
1983 599 2236 670 discipuli
2266 598 2464 654 Christi
2497 601 2745 654 revelata
2769 600 2939 671 facie,
2965 600 3019 654 id
3040 608 3123 655 est
3153 599 3457 655 illuminata

1853 697 2054 758 mente,
2101 690 2462 761 speculantes
2506 687 2574 743 de
2604 687 2714 743 alto
2763 688 3018 744 virtutum
3060 689 3114 743 in
3154 705 3262 762 quo
3293 689 3456 761 positi

1856 794 2062 833 sumus.
2099 777 2196 832 Vel
2226 779 2608 850 speculantes,
2640 776 2694 831 id
2736 784 2836 840 est,
2871 794 2971 849 per
3000 779 3287 849 speculum
3317 794 3456 834 non-

1855 867 1985 922 dum
2014 866 2256 938 perfecte
2301 866 2595 921 intuentes.
2629 865 2727 921 Vel
2757 867 2860 922 hoc
2891 867 2977 922 vel
3009 867 3103 922 illo
3129 868 3295 923 modo
3324 884 3455 938 spe-

1857 957 2101 1012 culantes
2130 955 2370 1027 gloriam
2401 954 2648 1018 Domini,
2683 953 2738 1008 id
2768 963 2848 1008 est
2871 956 3168 1011 essentiam
3190 957 3413 1012 Deitatis
3441 972 3454 1011 :

1860 1048 2348 1115 transformamur
2377 1045 2440 1098 in
2470 1044 2724 1098 eamdem
2755 1046 3067 1115 imaginem
3090 1066 3108 1101 :
3139 1046 3266 1118 quia
3297 1063 3457 1118 quam

1859 1134 2125 1190 subtiliter
2145 1132 2394 1188 Christus
2412 1132 2711 1204 scripturas
2731 1132 2998 1206 intelligit,
3023 1135 3167 1189 idem
3180 1151 3280 1206 per
3301 1136 3460 1207 spiri-

1859 1231 1972 1278 tum
1994 1238 2095 1278 nos
2117 1221 2319 1278 docuit.
2345 1220 2878 1276 Transformabimur
2897 1223 3110 1294 plenius
3130 1225 3459 1281 resumenda

1860 1311 2355 1384 impassibilitatem
2383 1310 2634 1365 eamdem
2664 1319 2716 1366 et
2741 1311 3220 1368 immortalitatem.
3254 1314 3459 1369 Trans-

1861 1403 2158 1457 formamur
2178 1400 2302 1454 dico
2323 1416 2357 1455 a
2376 1399 2646 1454 claritate
2668 1399 2894 1470 virtutis,
2920 1402 3098 1457 eundo
3115 1403 3177 1456 in
3198 1401 3461 1472 majorem

1861 1491 2213 1547 claritatem.
2247 1487 2390 1542 Vela
2413 1487 2657 1542 claritate
2674 1487 2799 1544 fidei
2820 1498 2872 1544 et
2893 1490 3027 1560 spei,
3053 1507 3173 1562 quae
3193 1507 3338 1548 nunc
3354 1499 3457 1560 est,

1862 1579 2108 1634 translati
2136 1579 2192 1632 in
2223 1576 2524 1633 claritatem
2552 1577 2653 1643 rei,
2688 1586 2744 1632 ut
2788 1579 3071 1635 videamus
3098 1581 3270 1635 Deum
3302 1580 3461 1636 sicuti

1861 1677 1963 1724 est.
1978 1666 2465 1731 Transformamur,
2490 1664 2732 1736 inquam,
2761 1682 2794 1721 a
2814 1667 3060 1724 claritate
3080 1669 3136 1723 in
3157 1669 3462 1724 claritatem

159 1788 306 1835 tanta
335 1779 657 1852 indignitate
690 1778 977 1833 inferiores
1008 1755 1130 1832 sunt
1160 1778 1272 1848 ΜΟ)
1289 1779 1393 1832 se?
1423 1755 1562 1844 Quia
1583 1755 1759 1831 excel-
1777 1786 1830 1846 Β
1865 1763 2138 1852 “an?”
2186 1773 2222 1810 α
2267 1755 2766 1852 δΡξνίίυιζΜπῖίρίν
2790 1756 2846 1852 iii
2868 1765 2968 1852 {35"
2991 1765 3208 1852 fimi!“
3243 1757 3464 1852 dignius

162 1869 359 1924 lentem
413 1867 646 1940 gloriam
691 1875 1072 1938 exspectamus
1107 1884 1118 1920 :
1154 1867 1333 1938 igitur
1355 1881 1456 1920 nos
1490 1865 1756 1921 habentes

162 1959 330 2013 talem
385 1974 543 2028 spem
588 1956 820 2028 (scilicet
861 1955 1228 2026 permanentis
1272 1954 1488 2026 gloriae)
1535 1954 1758 2009 utimur

161 2048 340 2101 multa
368 2046 580 2115 fiducia
612 2064 629 2101 :
661 2060 770 2099 non
823 2044 1185 2115 reprimentes
1230 2044 1459 2099 verbum
1510 2042 1611 2097 Dei
1640 2041 1756 2098 for-

160 2135 358 2190 midine
441 2135 814 2205 cujuscunque
897 2132 1264 2188 difficultatis.
1344 2132 1557 2187 Utimur
1633 2131 1758 2202 qui-

161 2224 281 2278 dem
328 2221 530 2278 fiducia
582 2240 596 2276 :
649 2227 704 2277 et
753 2238 869 2276 non
915 2220 1146 2276 facimus
1191 2223 1341 2276 sicut
1389 2221 1612 2291 Moyses,
1667 2220 1758 2290 qui

158 2313 394 2384 ponebat
424 2313 684 2368 velamen
707 2327 873 2382 super
891 2311 1105 2381 faciam
1125 2327 1292 2365 suam
1315 2310 1514 2378 (Exod.
1551 2322 1755 2373 xxxrv,

164 2403 288 2472 33);
318 2402 462 2466 ideo,
516 2405 580 2455 ut
628 2416 744 2454 non
794 2400 1162 2455 intenderent
1211 2399 1322 2468 ﬁlii
1364 2398 1539 2452 Israel
1570 2399 1633 2452 in
1664 2401 1758 2467 fa-

165 2492 301 2546 ciem
351 2491 474 2560 ejus
509 2509 526 2544 :
556 2488 699 2561 quod
742 2487 991 2544 velamen
1040 2487 1204 2542 modo
1247 2503 1349 2558 per
1395 2485 1761 2557 Evangelium

164 2588 407 2634 nostrum
456 2581 785 2634 evacuatur.
836 2577 896 2631 In
944 2575 1244 2648 Evangelio
1315 2575 1462 2631 enim
1511 2574 1757 2645 aperitur

168 2667 428 2738 quidquid
451 2666 505 2720 in
527 2665 716 2738 ﬁguris
733 2665 934 2721 veteris
955 2664 1094 2737 legis
1111 2664 1490 2719 claudebatur.
1543 2664 1762 2719 Diceret

172 2755 397 2812 167
437 2755 530 2810 ille
556 2770 568 2808 :
593 2754 772 2823 Quare
796 2754 933 2810 dicis
963 2753 1212 2810 velamen
1242 2753 1383 2825 legis
1413 2761 1757 2822 evacuatum,

167 2863 282 2917 quae
311 2843 450 2900 sicut
479 2845 632 2915 prius
662 2845 733 2898 ita
764 2852 817 2898 et
845 2859 991 2899 nunc
1021 2843 1394 2898 obscuratur?
1424 2842 1627 2898 Contra
1657 2842 1762 2897 hoc

169 2935 357 2988 Paulus
390 2952 403 2988 :
438 2935 775 2989 Evacuatum
822 2941 905 2988 est
935 2933 1158 3003 quidem
1189 2931 1439 2987 velamen
1471 2931 1630 3004 legis,
1665 2931 1762 2986 sed

168 3040 358 3079 sensus
385 3023 675 3093 impiorum
705 3029 930 3093 peccato
959 3020 1290 3075 infidelitatis
1310 3024 1450 3075 sunt
1469 3020 1671 3074 obtusi.
1696 3020 1763 3074 Et

1861 1855 1915 1902 et
1943 1845 2121 1917 magis
2163 1842 2388 1917 egregie
2426 1841 2645 1912 spiritus
2675 1845 2890 1900 Domini
2919 1845 3064 1901 valet
3093 1848 3199 1902 hoc
3228 1846 3459 1904 efficere.

2479 1952 2707 2010 CAPUT
2737 1951 2810 2006 IV

1935 2065 1957 2094 ι
2008 2043 2136 2100 Ideo
2198 2045 2463 2100 habentes
2523 2045 2664 2098 hanc
2723 2040 3264 2112 administrationem,
3310 2043 3463 2112 juxta

1863 2154 1885 2183 ι
1924 2133 2073 2203 quod
2121 2133 2556 2190 misericordiam
2605 2129 2747 2203 [Dei]
2791 2131 3069 2187 consecuti
3110 2147 3316 2198 sumus,
3351 2147 3462 2186 non

1866 2242 1887 2272 α
1923 2220 2226 2290 deﬁcimus,
2279 2223 2376 2278 sed
2422 2221 2738 2278 abdicamus
2768 2219 2979 2276 occulta
3011 2220 3320 2291 dedecoris,
3352 2235 3464 2276 non

1865 2304 1886 2358 εἰ
1923 2310 2265 2366 ambulantes
2295 2312 2351 2366 in
2380 2311 2596 2379 astutia,
2629 2325 2807 2381 neque
2835 2308 3204 2365 adulterantes
3232 2309 3464 2364 verbum

1865 2421 1886 2447 ιι
1925 2400 2024 2454 Dei
2062 2415 2073 2453 :
2108 2401 2202 2455 sed
2236 2401 2290 2455 in
2321 2399 2756 2456 manifestatione
2785 2397 3047 2462 veritatis,
3081 2397 3458 2454 commendan-

1865 2511 1886 2535 α
1924 2496 2005 2543 tes
2033 2490 2399 2560 nosmetipsos
2428 2489 2500 2544 ad
2529 2504 2749 2544 omnem
2771 2487 3162 2543 conscientiam
3182 2486 3463 2543 hominum

1865 2597 1888 2626 ι
1925 2590 2110 2633 coram
2142 2579 2278 2633 Deo.
2313 2577 2454 2647 Quia
2470 2577 2515 2633 si
2537 2577 2702 2632 etiam
2728 2583 2979 2648 cpertum
3001 2584 3084 2631 est
3103 2575 3464 2647 Evangelium

1869 2690 1890 2715 α
1925 2675 2190 2733 nostrum,
2223 2667 2279 2720 in
2306 2666 2391 2720 his
2422 2666 2515 2737 qui
2540 2673 2785 2736 pereunt,
2819 2673 2902 2720 est
2929 2673 3178 2736 opertum
3212 2679 3224 2718 :
3258 2665 3313 2719 in
3344 2665 3463 2736 qui-

1864 2777 1889 2807 ι
1927 2756 2030 2810 bus
2060 2757 2208 2811 Deus
2257 2755 2419 2824 hujus
2458 2754 2644 2810 saeculi
2686 2754 2979 2810 excaecavit
3021 2762 3233 2810 mentes
3261 2753 3461 2810 infide-

1867 2869 1888 2892 α
1928 2845 2055 2900 lium
2075 2887 2088 2914 ,
2121 2853 2179 2899 ut
2206 2861 2316 2899 non
2365 2843 2574 2916 fulgeat
2601 2843 2924 2898 illuminatio
2951 2843 3238 2916 Evangelii
3269 2844 3463 2916 gloria:

1867 2955 1889 2984 ι
1927 2933 2156 2998 Christi,
2192 2933 2282 3005 qui
2312 2941 2395 2988 est
2424 2933 2609 3004 imago
2639 2931 2964 3005 [invisibilis]
2996 2932 3120 2988 Dei.
3159 2932 3282 2988 Non
3313 2932 3463 2988 enim

1868 3023 2291 3094 «nosmetipsos
2338 3022 2724 3092 praedicamus,
2790 3021 2888 3076 sed
2937 3023 3122 3077 Jesum
3185 3022 3464 3078 Christum

167 3128 286 3167 vere
313 3111 497 3167 obtusi
530 3129 543 3164 :
577 3127 704 3166 nam
733 3126 766 3166 a
799 3119 1041 3180 tempore
1063 3110 1205 3164 datae
1222 3109 1362 3180 legis
1382 3125 1557 3181 usque
1579 3111 1641 3164 in
1666 3106 1761 3162 ho-
1786 3149 1832 3208 Ο
1871 3133 1892 3162 ι
1928 3111 2221 3167 Dominum
2249 3118 2522 3166 nostrum.
2563 3112 2678 3165 Nos
2706 3117 2887 3164 autem
2909 3125 3096 3166 servos
3117 3118 3333 3166 vestros
3363 3128 3465 3182 per

169 3201 426 3256 diemum
450 3201 599 3256 diem
624 3215 826 3266 meum,
859 3200 914 3253 id
943 3201 1201 3254 velamen
1223 3199 1402 3268 ipsum
1419 3197 1578 3269 quale
1610 3197 1763 3267 prius

169 3298 296 3354 erat,
320 3293 522 3345 manet
541 3289 598 3342 in
616 3288 846 3344 lectione
880 3287 1094 3343 Veteris
1115 3287 1443 3342 Testamenti
1466 3302 1582 3340 non
1611 3301 1764 3341 reve-

170 3379 364 3435 latum.
398 3379 540 3433 Cum
570 3377 715 3433 enim
744 3375 1058 3431 infidelibus
1091 3383 1432 3446 exponuntur
1451 3374 1642 3446 figurae
1673 3389 1766 3429 ve-

170 3468 292 3522 teris
322 3467 484 3538 legis,
521 3465 808 3521 infidelitas
837 3465 1039 3521 claudit
1063 3465 1232 3520 corda
1264 3479 1472 3532 eorum,
1494 3471 1544 3518 et
1573 3463 1652 3518 sic
1680 3479 1768 3518 ve-

172 3555 341 3611 lamen
370 3556 513 3628 legis
534 3571 645 3610 non
674 3563 758 3610 est
786 3554 894 3609 illis
923 3554 1242 3610 revelatum.
1276 3554 1400 3608 Non
1421 3553 1548 3624 quia
1577 3553 1765 3607 Evan-

171 3645 364 3717 gelium
411 3652 662 3700 nostrum
712 3645 814 3700 hoc
860 3643 1225 3698 velamentum
1256 3657 1364 3698 non
1401 3640 1635 3708 auferat,
1669 3640 1768 3696 sed

173 3732 433 3802 quoniam
457 3745 571 3784 non
591 3729 855 3785 accedunt
879 3729 948 3783 ad
967 3728 1242 3783 Christum
1266 3743 1278 3781 :
1302 3728 1366 3781 in
1388 3743 1496 3798 quo
1523 3726 1764 3794 Christo,

174 3818 224 3872 id
251 3827 330 3873 est
360 3817 415 3873 in
447 3817 558 3873 fide
589 3818 764 3887 cujus,
798 3821 1112 3873 evacuatur
1140 3817 1245 3872 hoc
1294 3816 1567 3870 velamen.
1602 3815 1768 3870 Vela-

174 3923 290 3962 men
318 3908 541 3980 quidem
586 3914 668 3961 est
715 3907 899 3962 Veteri
939 3907 1310 3971 Testamento,
1344 3920 1453 3959 non
1483 3904 1608 3958 ideo
1639 3903 1770 3975 quin

178 3997 334 4050 Vetus
375 3997 786 4051 Testamentum
837 4011 936 4066 per
980 3993 1342 4066 Evangelium
1379 3999 1630 4064 apertum
1678 3992 1766 4059 sit,

176 4084 261 4138 sed
288 4085 414 4157 quia
444 4101 621 4157 usque
649 4085 711 4139 in
743 4084 1079 4139 hodiernum
1109 4084 1279 4147 diem,
1313 4098 1443 4138 eum
1477 4082 1691 4151 legitur
1720 4087 1772 4135 et

177 4175 456 4243 exponitur
480 4174 562 4229 eis
595 4191 608 4226 :
642 4174 865 4244 Moyses,
894 4174 1147 4228 velamen
1169 4170 1504 4226 infidelitatis
1526 4174 1612 4224 est
1630 4170 1774 4241 posi-

183 4265 293 4316 tum
308 4279 477 4336 super
498 4261 846 4333 impoenitens
868 4277 964 4317 eor
984 4277 1199 4326 eorum,
1219 4260 1364 4332 quod
1378 4258 1627 4315 velamen
1649 4273 1775 4313 eva-

180 4360 385 4406 cuatum
417 4360 503 4407 est
533 4353 589 4406 in
619 4350 862 4417 Christo,
892 4350 960 4404 ad
990 4367 1153 4422 quem
1183 4348 1426 4405 converti
1453 4347 1666 4403 nolunt.
1705 4347 1776 4401 Et

182 4440 316 4510 quod
345 4441 418 4496 ita
465 4439 761 4496 dicendum
791 4439 876 4507 sit,
911 4455 1150 4510 sequens
1195 4437 1374 4493 littera
1403 4437 1578 4491 innuit
1613 4452 1624 4490 :
1657 4437 1771 4492 Ve-

183 4525 350 4583 lamen
379 4545 548 4600 super
577 4544 672 4584 cor
699 4544 910 4594 eorum,
944 4527 1067 4600 quia
1097 4543 1206 4581 non
1234 4526 1502 4582 accedunt
1517 4525 1586 4580 ad
1617 4523 1772 4580 Chri-
1791 4512 1843 4572 D

185 4624 315 4671 stum
339 4619 462 4674 :sed
475 4635 611 4674 cum
631 4619 889 4674 conversi
899 4617 1122 4688 fuerint
1141 4615 1213 4671 ad
1235 4616 1558 4681 Dominum,
1598 4613 1776 4669 ablato

184 4706 321 4774 prius
352 4707 625 4762 velamine
653 4706 836 4762 cordis
864 4721 931 4760 ex
955 4721 1063 4776 quo
1087 4705 1327 4759 animum
1349 4701 1648 4774 paenitendi
1678 4703 1776 4757 ha-

189 4792 407 4849 buerunt
433 4814 448 4862 ;
481 4799 784 4866 auferetur
803 4795 1000 4850 deinde
1018 4795 1276 4850 vela-men
1299 4791 1696 4864 intelligentiae,
1725 4799 1778 4845 et

191 4892 361 4952 aperte
391 4891 732 4958 cognoscent
774 4883 1038 4954 mysteria
1083 4882 1242 4954 legis.
1297 4882 1457 4948 Vere,
1491 4880 1619 4952 quia
1647 4895 1778 4935 con-

195 4981 454 5028 vertentur
469 4974 543 5028 ad
565 4973 875 5038 Dominum,
902 4971 1181 5026 auferetur
1210 4970 1479 5026 velamen.
1504 4971 1644 5025 Nam
1674 4970 1779 5024 Do-

195 5062 368 5117 minus
400 5067 486 5118 est
518 5063 760 5135 spiritus
781 5079 794 5115 :
819 5061 912 5116 ubi
933 5065 1128 5116 autem
1147 5061 1386 5131 spiritus
1408 5066 1492 5114 est
1528 5061 1775 5127 Domini,

194 5145 240 5200 id
282 5159 374 5219 est,
427 5151 652 5222 spiritus
698 5149 962 5204 Dominus
1009 5148 1352 5203 intransitive
1394 5147 1637 5212 dictum;
1692 5145 1780 5202 vel

198 5237 401 5306 spiritus
428 5239 650 5295 Domini
681 5238 982 5306 transitive,
1017 5239 1164 5293 Deus
1198 5236 1343 5292 enim
1374 5236 1615 5308 seipsum
1636 5235 1730 5290 dat
1763 5252 1776 5289 :

199 5324 279 5379 ubi
306 5336 479 5384 autem
514 5336 601 5384 est
631 5327 850 5398 spiritus
880 5326 1118 5392 Domini,
1164 5327 1243 5382 ibi
1273 5333 1482 5380 remoto
1512 5323 1781 5381 velamine

201 5422 274 5468 est
303 5417 525 5473 libertas
573 5416 966 5488 intelligentiae.
1001 5415 1160 5484 Quod
1190 5415 1235 5469 si
1265 5414 1529 5469 Dominus
1559 5421 1643 5469 est
1672 5411 1782 5483 spi-

205 5502 342 5570 ritus,
371 5507 590 5577 spiritus
620 5513 801 5560 autem
832 5505 1005 5560 aufert
1035 5504 1306 5569 velamen,
1339 5503 1472 5574 quia
1503 5510 1587 5558 est
1614 5501 1783 5556 liber-

204 5597 296 5660 tas,
324 5593 479 5668 igitur
505 5593 794 5653 conversis
813 5593 885 5649 ad
906 5593 1198 5650 Dominum
1221 5591 1494 5650 auferetur
1511 5589 1780 5648 velamen.

543 5702 788 5759 ΡΑτιιοι..
821 5701 999 5758 CLIII.

1876 3221 1898 3250 «
1937 3200 2137 3268 Iesum,
2175 3199 2430 3272 quoniam
2475 3201 2623 3254 Deus
2661 3199 2754 3270 qui
2801 3199 2934 3254 dixit
2974 3198 3043 3254 de
3094 3199 3337 3254 tenebris
3383 3200 3466 3255 lu-

1872 3310 1894 3340 «ι
1920 3306 2046 3344 men
2077 3289 2482 3360 splendescere,
2535 3289 2655 3360 ipse
2693 3287 2869 3344 illuxit
2897 3287 2951 3342 in
2981 3289 3235 3344 cordibus
3263 3290 3466 3345 nostris

1873 3400 1894 3428 ι
1930 3378 2000 3432 ad
2044 3377 2497 3440 illuminationem
2537 3377 2781 3432 scientiae
2821 3376 3078 3432 claritatis
3105 3377 3206 3432 Dei
3244 3377 3299 3432 in
3329 3377 3466 3434 facie

1873 3488 1896 3517 «
1930 3467 2058 3522 Jesu
2103 3466 2323 3521 Christi.
2378 3467 2656 3521 Habemus
2723 3474 2901 3521 autem
2944 3467 3256 3521 thesaurum
3304 3467 3467 3523 istum

1874 3577 1896 3606 ε
1932 3556 1989 3610 in
2018 3555 2164 3611 vasis
2208 3553 2497 3622 fictilibus;
2529 3563 2586 3609 ut
2634 3554 2938 3610 sublimitas
2985 3555 3054 3609 sit
3103 3555 3312 3610 virtutis
3342 3557 3464 3623 Dei,

1873 3667 1896 3691 «
1933 3652 1985 3699 et
2016 3659 2126 3698 non
2153 3659 2220 3698 ex
2248 3643 2427 3698 nobis.
2478 3644 2536 3697 In
2581 3643 2834 3698 omnibus
2873 3643 3275 3700 tribulationem
3323 3645 3468 3716 pati-

1875 3754 1898 3783 «
1933 3749 2077 3800 mur,
2112 3733 2211 3787 sed
2246 3749 2357 3788 non
2402 3732 2794 3804 angustiamur.
2842 3732 3192 3802 Aporiamur,
3233 3734 3330 3789 sed
3359 3751 3469 3790 non

1877 3842 1899 3872 ι
1935 3821 2299 3876 destituimur.
2341 3821 2784 3876 Persecutionem
2813 3821 3070 3892 patimur,
3103 3823 3201 3876 sed
3232 3839 3340 3878 non
3373 3823 3471 3880 de-

1877 3929 1899 3952 υ
1934 3905 2318 3976 relinquimur.
2361 3905 2740 3973 Humiliamur,
2785 3905 2883 3960 sed
2913 3920 3022 3961 non
3062 3906 3467 3964 confundimur.

1878 4015 1900 4045 α
1932 3993 2250 4062 Dejicimur,
2303 3994 2401 4049 sed
2445 3994 2555 4049 nod
2597 3993 2858 4064 perimus.
2910 3995 3140 4067 Semper
3169 3995 3473 4053 mortifica-

1878 4107 1898 4131 ιι
1936 4084 2139 4138 tionem
2167 4083 2298 4138 Jesu
2326 4082 2527 4137 Christi
2576 4082 2631 4136 in
2679 4097 2910 4154 corpore
2959 4092 3148 4140 nostro
3177 4085 3474 4142 circumfe-

1879 4193 1902 4222 α
1937 4180 2118 4227 rentes
2154 4187 2166 4225 :
2202 4179 2261 4226 ut
2299 4170 2535 4228 168
2559 4180 2612 4226 et
2640 4171 2752 4227 vita
2779 4173 2906 4227 Jesu
2931 4171 2987 4227 in
3015 4173 3337 4245 corporibus
3365 4191 3471 4232 no-

1879 4284 1900 4307 «
1939 4261 2068 4316 stris
2096 4259 2493 4316 manifestatur.
2528 4262 2760 4331 Semper
2786 4261 2932 4316 enim
2961 4277 3062 4317 nos
3093 4263 3186 4335 qui
3216 4263 3470 4331 vivimus,

1879 4372 1900 4396 «ι
1941 4349 1997 4403 in
2035 4356 2268 4404 mortem
2319 4349 2588 4404 tradimur
2632 4357 2859 4420 pr0pter
2897 4351 3084 4405 Iesum
3117 4367 3130 4406 :
3164 4358 3222 4406 ut
3268 4360 3321 4407 et
3367 4353 3475 4408 vita

1883 4459 1905 4487 α
1939 4437 2066 4492 Jesu
2108 4435 2486 4492 manifestetur
2529 4436 2586 4491 in
2625 4452 2790 4492 carne
2838 4446 3027 4494 nostra
3056 4439 3290 4495 mortali.
3321 4441 3474 4514 Ergo

1881 4548 1902 4575 ι
1935 4540 2084 4582 mors
2115 4526 2168 4579 in
2219 4525 2379 4580 nobis
2409 4533 2684 4596 Operatur,
2718 4525 2824 4580 vita
2851 4534 3031 4582 autem
3061 4527 3115 4581 in
3146 4528 3324 4583 vobis.
3357 4529 3475 4584 Ha-

1881 4637 1903 4666 «
1931 4615 2122 4670 bentes
2151 4622 2334 4670 autem
2373 4615 2628 4670 eumdem
2671 4614 2917 4685 spiritum
2962 4615 3107 4681 fidei,
3152 4617 3292 4672 sicut
3329 4617 3475 4674 scri-

1881 4725 1904 4754 «
1939 4713 2091 4774 ptum
2141 4711 2224 4759 est
2279 4721 2292 4758 :
2346 4703 2564 4759 Credidi
2626 4711 2848 4775 propter
2899 4705 3046 4776 quod
3091 4705 3305 4761 locutus
3352 4723 3475 4762 sum

1884 4815 1906 4836 -
1938 4793 2114 4863 (Psal.
2148 4807 2278 4861 cxv,
2316 4792 2388 4860 1),
2427 4816 2448 4840 ιι
2483 4800 2536 4848 et
2563 4809 2664 4848 nos
2686 4793 2982 4860 credimus,
3006 4802 3228 4866 propter
3249 4795 3395 4866 quod
3425 4803 3479 4852 et

1883 4902 1905 4931 ι
1940 4881 2214 4953 loquimur
2249 4898 2260 4936 :
2296 4882 2552 4950 scientes,
2579 4881 2835 4953 quoniam
2859 4883 2950 4954 qui
2976 4883 3250 4940 suscitavit
3265 4884 3474 4952 Jesum,

1883 4993 1905 5021 «
1941 4978 1995 5025 et
2024 4987 2124 5025 nos
2154 4986 2277 5026 cum
2298 4971 2427 5027 Jesu
2458 4971 2753 5040 suscitabit,
2788 4972 3150 5028 etconstituet
3170 4973 3474 5030 vobiscum.

1885 5083 1906 5106 α
1942 5059 2140 5114 Omnia
2172 5059 2317 5114 enim
2348 5068 2574 5131 propter
2603 5075 2739 5127 vos;
2771 5069 2829 5115 ut
2849 5061 3022 5135 gratia
3045 5061 3348 5128 abundans,
3383 5079 3481 5134 per

1884 5170 1906 5199 ι
1942 5147 2143 5203 multos
2173 5148 2228 5202 in
2271 5149 2570 5221 gratiarum
2615 5149 2848 5214 actione,
2890 5150 3126 5206 abundet
3157 5150 3214 5205 in
3243 5151 3480 5224 gloriam

1885 5261 1906 5285 α
1942 5237 2063 5292 Dei.
2093 5237 2322 5308 PrOpter
2350 5238 2498 5309 quod
2526 5253 2636 5293 non
2665 5237 2952 5294 deficimus
2987 5254 2998 5292 :
3033 5240 3131 5296 sed
3159 5239 3288 5297 licet
3315 5240 3362 5295 is
3391 5240 3481 5306 qui

1887 5347 1908 5376 κ
1942 5324 2077 5380 foris
2109 5332 2192 5381 est
2237 5333 2423 5381 noster
2457 5327 2622 5381 homo
2662 5335 3061 5397 corrumpatur,
3095 5335 3278 5384 tamen
3308 5328 3356 5383 is
3386 5328 3480 5400 qui

1888 5434 1910 5464 ‹
1945 5413 2088 5468 intus
2117 5422 2218 5482 est,
2251 5421 2542 5470 renovatur
2571 5415 2640 5469 de
2670 5414 2758 5469 die
2788 5415 2840 5468 in
2868 5415 3036 5470 diem.
3071 5417 3130 5471 Id
3161 5416 3306 5472 enim
3336 5416 3482 5488 quod

1887 5525 1908 5548 α
1948 5502 2003 5556 in
2034 5503 2291 5572 praesenti
2323 5510 2405 5558 est
2434 5511 2880 5559 momentaneum
2903 5512 2956 5558 et
2975 5503 3098 5561 leve
3117 5505 3480 5560 tribulationis

1887 5611 1909 5640 ¢
1946 5598 2171 5658 nostrae,
2229 5607 2391 5662 supra
2446 5592 2667 5648 modum
2723 5591 2779 5646 in
2835 5591 3166 5650 sublimitate
3220 5601 3480 5650 aeternum

3096 5703 3127 5752 8
