3920 6408
189 429 343 495 1265

819 432 1083 497 ΟΕΞΤΛ
1131 433 1488 497 TREVER.
1534 468 1598 478 -
1628 427 1965 494 APPEND
1995 422 2189 492 VITA
2218 422 2581 492 CONRADI
2607 423 3000 491 ARCHIEP.

3456 413 3611 488 1268

187 559 341 618 litica
394 560 643 619 sanitati
693 566 780 619 est
834 560 1079 619 reddita.
1135 561 1374 629 Quidam
1420 562 1592 619 etiam
1629 576 1771 634 puer
1803 576 1832 617 a
1860 535 1920 601 Α
1951 554 2144 613 saltim
2176 569 2248 611 ex
2280 555 2400 611 suis
2430 552 2549 624 uni,
2585 551 2640 609 id
2666 558 2758 609 est
2780 550 3062 609 Folcardo
3094 550 3318 625 comiti,
3352 549 3520 624 cujus
3551 551 3608 610 in

186 649 396 707 calculi
430 650 725 709 liberatus
754 657 847 708 est
876 653 1162 709 molestia.

254 739 584 797 Dicendum
609 741 718 812 hic,
750 742 919 813 cujus
948 743 1122 799 fuerit
1155 743 1412 813 pietatis,
1445 757 1574 799 cuin
1605 742 1838 813 quidam

188 826 469 885 Folcardo
502 829 695 900 militi,
728 831 824 901 qui
855 846 1002 889 unus
1026 832 1129 888 fuit
1152 846 1220 889 ex
1245 832 1513 889 hostibus
1536 832 1678 901 suis,
1713 830 1839 887 red-

138 982 161 1001 ,
188 915 399 972 diderit
456 919 611 974 bona
665 935 767 990 pro
818 919 1004 976 malis.
1040 921 1147 987 Qui
1179 921 1454 977 videlicet
1483 935 1613 977 cum
1647 919 1839 976 divina

190 1003 413 1061 ultione
433 1006 625 1063 multo
644 1008 947 1077 langueret
964 1014 1249 1079 tempore,
1269 1008 1497 1064 tandem
1520 1009 1750 1064 rediens
1771 1007 1841 1064 ad

188 1107 269 1161 se,
302 1099 359 1149 et
397 1094 455 1149 in
492 1100 761 1152 sanctum
794 1097 892 1153 Dei
924 1113 985 1153 se
1016 1097 1273 1152 clamans
1306 1103 1365 1153 et
1396 1098 1680 1153 confitens
1714 1111 1843 1168 pec-

188 1194 374 1249 casse,
406 1182 580 1251 juxta
606 1183 802 1239 cordis
826 1200 1018 1239 veram
1044 1185 1443 1256 paenitentiam
1474 1187 1600 1255 ejus
1631 1184 1842 1240 meruit

188 1267 638 1339 indulgentiam.
667 1272 773 1339 Qui
799 1279 856 1328 ut
883 1273 1199 1339 convaluit,
1222 1289 1334 1330 non
1364 1275 1624 1343 ingratus
1644 1271 1842 1329 collati

192 1358 483 1429 beneficii,
517 1364 653 1415 vota
688 1362 923 1416 veniens
956 1362 1151 1430 solvit,
1184 1363 1403 1432 gratias
1432 1363 1573 1429 egit,
1604 1367 1659 1417 et
1695 1377 1842 1417 nunc

191 1459 372 1516 usque
393 1446 649 1515 singulis
668 1450 832 1503 annis
852 1466 1086 1505 censum
1104 1466 1221 1505 sua)
1237 1450 1600 1505 liberatimiis
1619 1450 1843 1505 solvere

188 1548 291 1589 non
319 1535 563 1590 desinit.
596 1537 651 1591 ln
678 1554 742 1592 eo
768 1543 955 1593 tamen
982 1540 1207 1608 signum
1233 1539 1573 1594 insanabilis
1604 1541 1844 1610 apparet

191 1621 583 1695 infirmitatis,
622 1631 680 1680 ut
721 1626 994 1696 quamdiu
1046 1627 1198 1683 vivat
1253 1632 1553 1697 peceatum
1588 1626 1639 1681 in
1676 1640 1845 1682 servo

189 1710 286 1764 Dei
317 1712 701 1770 commissum
737 1714 875 1770 luat.
911 1715 1167 1771 Eundem
1199 1716 1446 1785 denique
1480 1717 1550 1769 ab
1582 1715 1848 1769 hostibus

189 1804 428 1870 captum
460 1807 523 1858 et
555 1803 936 1874 compedibus
966 1804 1222 1860 vinctum
1254 1804 1380 1873 ejus
1416 1804 1661 1859 nominis
1692 1802 1849 1858 invo-

189 1886 424 1944 catione
466 1896 703 1946 constat
735 1890 1063 1947 liberatum.

259 1977 472 2034 Mulier
522 1984 825 2035 contracta
873 1980 927 2034 in
977 1979 1408 2051 sollempnitate
1452 1979 1849 2050 apostolorum

189 2063 346 2120 Petri
379 2072 443 2121 et
477 2066 643 2123 Pauli
669 2068 738 2123 ad
764 2068 890 2137 ejus
911 2067 1285 2139 sepulchrum
1320 2068 1589 2138 sospitati
1612 2072 1702 2123 est
1726 2068 1851 2122 red-

191 2152 333 2224 dita,
363 2159 513 2226 puto
539 2156 702 2226 quasi
730 2172 834 2227 pro
859 2156 1104 2227 quadam
1131 2158 1669 2227 recompensatione
1701 2156 1851 2215 diem

193 2241 537 2300 natalitium
590 2258 787 2299 eorum
824 2244 923 2300 tali
956 2244 1251 2301 honorans
1301 2244 1565 2300 miraculi
1618 2245 1849 2315 decore,

194 2344 443 2401 quorum
482 2332 539 2387 in
570 2332 843 2403 Agripina
876 2332 1089 2389 dudum
1125 2332 1276 2388 filius
1310 2333 1495 2389 fuerat
1529 2333 1653 2403 ipse
1683 2337 1740 2389 et
1774 2334 1854 2391 vi-

191 2418 397 2475 carius
433 2419 557 2475 fieri
592 2420 877 2475 debuerat
907 2418 961 2473 in
994 2420 1296 2475 Treverica
1332 2420 1494 2475 urbe.

258 2505 407 2562 Filia
438 2507 740 2579 cujusdam
766 2508 884 2562 noti
919 2506 1242 2576 Reginfridi
1272 2512 1482 2577 utroqu
1511 2507 1749 2564 orbatae
1771 2507 1858 2566 lu-

192 2594 365 2665 mine,
406 2595 515 2651 sed
537 2599 593 2650 et
620 2594 826 2651 ancilla
858 2595 1156 2664 cujusdam
1192 2595 1463 2651 similiter
1495 2597 1615 2652 noti
1647 2596 1849 2655 militis

191 2680 483 2754 languore
516 2684 799 2753 detenta;
822 2682 1031 2739 mulier
1077 2682 1488 2739 nichilominus
1516 2684 1648 2754 alia,
1684 2686 1852 2756 cujus

193 2770 389 2828 fuerat
415 2774 638 2826 remota
663 2784 692 2824 a
719 2785 824 2826 suo
850 2769 977 2826 loco
1004 2769 1253 2840 maxilla,
1276 2771 1498 2841 pariter
1517 2780 1849 2831 consecutae

196 2864 335 2915 sunt
369 2858 447 2914 ad
475 2859 599 2928 ejus
632 2857 1006 2929 sepulchrum
1055 2859 1323 2915 sanitatis
1368 2864 1567 2930 optata
1612 2863 1846 2933 gaudia,

193 2945 289 3003 illa
326 2947 529 3003 lumen
561 2945 881 3016 oculorum,
925 2946 1055 3003 istae
1086 2946 1536 3005 incolomitatem
1570 2950 1837 3010 membro

195 3048 320 3091 rum
336 3077 350 3089 .

261 3123 397 3178 Tria
434 3122 494 3178 in
524 3136 636 3178 uno
667 3121 895 3177 homine
946 3136 1049 3177 sua
1100 3123 1355 3178 ostendit
1408 3123 1715 3191 beneficia;
1748 3125 1845 3196 qui

194 3224 325 3266 cum
360 3214 527 3267 esset
552 3225 581 3265 a
605 3209 844 3265 demoue
877 3209 1152 3266 obsessus
1182 3214 1239 3265 et
1272 3215 1498 3267 careret
1524 3212 1711 3268 officio
1743 3213 1847 3269 lin-
1877 3237 1925 3297 Ο

193 3313 323 3366 gum
356 3303 415 3355 et
451 3298 705 3366 auditus,
742 3299 809 3353 ad
846 3298 1127 3355 tumulum
1166 3300 1293 3370 ejus
1326 3301 1445 3356 haec
1479 3305 1723 3371 utraque
1755 3308 1844 3358 est

196 3387 447 3459 adeptus
462 3393 521 3444 et
538 3388 608 3442 ab
624 3389 789 3443 hoste
811 3386 1058 3456 maligno
1078 3386 1699 3446 liberatus—Rustici
1721 3406 1842 3461 sex,

196 3489 449 3545 quorum
473 3476 691 3547 pariter
715 3475 891 3547 pedes
916 3476 1084 3547 culpa
1109 3476 1434 3533 insolentiae
1456 3478 1627 3549 cippo
1650 3479 1843 3535 stricti

194 3570 365 3621 erant
397 3566 471 3620 ab
502 3570 797 3633 exactore,
832 3564 1014 3620 sancti
1039 3565 1284 3621 nominis
1304 3566 1431 3636 ejus
1454 3566 1843 3637 invocatione,

196 3651 358 3710 nullo
407 3665 635 3709 manum
687 3657 1031 3724 apponente,
1083 3652 1230 3709 solvi
1279 3668 1562 3711 meruere.
1597 3686 1667 3695 ——
1696 3658 1848 3713 Puer

197 3739 410 3797 deinde
442 3741 733 3797 lunaticus
755 3748 813 3797 et
834 3740 984 3798 alius
1003 3742 1304 3813 cujusdam
1340 3743 1541 3800 militis
1572 3744 1843 3814 Wigerici

198 3841 342 3898 puer
365 3829 742 3898 domesticus,
776 3828 1073 3897 cujusjam
1100 3844 1202 3900 per
1225 3844 1433 3886 annum
1459 3846 1660 3902 panem
1688 3833 1846 3888 fasti-

196 3915 392 3974 diebat
417 3919 769 3988 stomachus,
800 3918 920 3989 pari
946 3924 1080 3974 voto
1105 3918 1412 3989 advenere,
1443 3921 1650 3992 suique
1681 3937 1846 3978 recu-

198 4007 504 4075 peratione
526 4006 744 4077 pariter
764 4005 949 4061 sancti
971 4006 1242 4063 virtutem
1265 4022 1631 4077 persenserc.
1651 4040 1715 4050 -
1732 4011 1841 4065 Sed

196 4097 253 4147 et
276 4109 348 4149 ex
371 4094 585 4149 familia
610 4095 762 4149 beati
785 4093 1154 4151 Willebrordi
1179 4094 1493 4151 adveniens
1517 4112 1727 4166 caecus,
1751 4097 1841 4153 sui

199 4178 619 4237 illuminatione
649 4182 856 4238 similia
899 4185 986 4238 est
1026 4186 1332 4253 expertus;
1375 4183 1467 4238 cui
1502 4183 1639 4241 licet
1672 4183 1840 4240 facile

198 4265 380 4323 isdem
409 4270 613 4325 beatus
631 4270 933 4325 confessor
950 4268 1057 4325 hoc
1079 4268 1263 4340 ipsum
1286 4268 1534 4325 valuerit
1550 4271 1836 4339 conferre,

196 4357 388 4413 tamen
414 4356 468 4411 in
494 4358 598 4413 hoc
619 4373 728 4413 mai
746 4358 877 4412 tiris
900 4372 1010 4413 non
1037 4357 1241 4414 invidit
1259 4357 1481 4427 gloriae.

264 4454 385 4510 Non
419 4460 718 4527 exspectet
752 4455 1059 4526 quisquam
1090 4470 1120 4511 a
1152 4470 1239 4511 me
1271 4459 1387 4511 tam
1422 4456 1601 4512 multa
1634 4457 1837 4514 audire

197 4554 321 4611 qure
345 4541 416 4598 ad
442 4543 714 4599 indicium
740 4544 1074 4601 sanctitatis
1093 4558 1213 4601 sua)
1232 4544 1424 4600 divina
1442 4545 1631 4615 gratia
1652 4546 1837 4604 voluit
1867 4584 1921 4645 D

195 4628 513 4701 declarare,
547 4631 700 4702 quia,
729 4637 791 4688 ut
816 4646 1090 4704 supernus
1116 4647 1202 4687 me
1227 4633 1456 4689 memini
1482 4633 1719 4703 dixisse,
1746 4649 1840 4692 su-

196 4719 487 4788 periorum
518 4723 852 4776 nostrorum
882 4720 1104 4776 desidia
1136 4720 1313 4777 multa
1344 4727 1577 4779 manent
1604 4724 1840 4780 oblitte-

198 4809 343 4877 rata,
359 4805 526 4879 plura
550 4807 723 4862 etiam
748 4823 852 4864 nos
873 4807 1195 4864 omittimus
1212 4823 1283 4863 ex
1302 4808 1608 4880 industria,
1626 4812 1837 4884 partim

196 4894 506 4952 multorum
526 4894 775 4966 invidize,
802 4896 1012 4969 partim
1035 4896 1469 4954 incredulorum
1492 4900 1840 4958 condescen-

196 4979 399 5040 dentes
422 4983 693 5055 miserias,
716 4984 811 5056 qui
837 5000 942 5043 nec
965 4985 1205 5058 scriptis
1224 5000 1329 5043 nec
1354 4987 1549 5044 verbis
1572 4991 1837 5060 praebent

194 5081 514 5142 assensum,
556 5072 665 5128 nisi
707 5072 961 5129 viderint
994 5074 1164 5131 oculo
1197 5074 1267 5130 ad
1299 5075 1551 5132 oculum.
1587 5078 1841 5134 Credant

1949 645 2261 717 praesentia
2293 658 2483 717 caecus
2518 643 2673 698 alius
2702 642 2910 717 amissa
2947 641 3170 717 recepit
3208 640 3441 717 lumina.

2020 722 2070 773 8.
2107 718 2207 770 Det
2251 719 2410 769 certe
2454 715 2699 769 frontem
2743 714 2838 784 qui
2885 712 3009 768 vult
3050 713 3101 767 in
3141 713 3440 784 parietem,
3476 713 3608 785 quia

1949 819 2063 860 non
2096 803 2472 859 reticebimus
2521 802 2591 857 de
2646 804 2772 872 ejus
2815 805 3193 874 persecutore
3220 800 3605 873 Theoderico,

1951 908 2078 964 quze
2112 896 2244 947 sunt
2283 895 2413 945 nota
2443 891 2723 946 universo
2765 891 2912 945 orbi.
2950 890 3049 945 llic
3070 888 3161 922 ⁴⁰¹²
3183 889 3431 961 denique
3453 889 3611 946 audi-

1950 980 2029 1035 tis
2049 983 2132 1035 tot
2157 978 2567 1034 miraculorum
2596 992 2785 1049 przeco
2805 977 2932 1045 niis,
2952 991 3312 1047 nequaquam
3333 976 3501 1033 fidem
3522 993 3611 1034 ae-

1951 1068 2322 1125 commodans
2340 1067 2628 1122 asserenti
2651 1082 2740 1123 um
2765 1066 2977 1133 verbis,
2999 1064 3299 1121 ineredulo
3321 1065 3498 1122 corde
3540 1080 3607 1123 an

1955 1156 2077 1213 haec
2103 1170 2236 1210 vera
2266 1158 2486 1224 essent,
2512 1155 2819 1210 temeravit
2846 1154 3097 1225 experiri
3119 1169 3219 1225 per
3238 1169 3317 1209 se.
3347 1153 3453 1220 Qui
3472 1154 3606 1211 dum

1954 1245 2268 1301 avlveniens
2294 1259 2401 1298 non
2430 1244 2553 1298 sine
2580 1245 2729 1299 fastu
2756 1243 3045 1313 superbize
3072 1242 3268 1298 valvas
3300 1243 3612 1314 appropia-

1954 1338 2042 1389 ret
2070 1332 2344 1401 basilicae,
2369 1347 2477 1403 qua
2500 1347 2665 1387 sacra
2692 1331 2981 1403 pullulant
3003 1332 3239 1402 pignora
3263 1331 3608 1389 martirizati

1955 1437 1985 1477 a
2011 1438 2094 1488 se,
2129 1437 2236 1476 non
2271 1422 2394 1476 sine
2424 1421 2511 1475 sui
2545 1420 2836 1491 persensit
2870 1420 3213 1475 verecundia
3248 1419 3357 1490 ‘0“,
3394 1426 3608 1491 quanta

1958 1510 2114 1565 intro
2149 1509 2465 1564 haberetur
2496 1509 2683 1565 virtus
2718 1508 2930 1563 divina.
2977 1510 3113 1563 Nam
3147 1514 3383 1579 repente
3416 1508 3611 1566 invisi—

1962 1596 2062 1652 bili
2088 1598 2389 1653 obstaculo
2416 1612 2614 1651 sacras
2642 1596 2861 1663 ingredi
2888 1596 3044 1652 aedes
3070 1597 3489 1666 prohibebatur
3510 1598 3610 1654 im-

1959 1685 2201 1741 meritus
2221 1686 2255 1740 h
2285 1701 2413 1749 unm,
2441 1685 2532 1738 cui
2559 1684 2647 1716 ⁴⁰¹⁴
2673 1699 2775 1738 nec
2802 1684 3058 1739 martiris
3082 1684 3363 1740 tumulum
3388 1685 3607 1756 videre,

1960 1788 2063 1829 nec
2086 1772 2174 1829 sui
2195 1772 2439 1828 oratorii
2462 1772 2654 1826 limina
2673 1771 3426 1842 concedebaturattingere.
3449 1774 3612 1830 Cum-

1879 1892 1931 1951 B
1964 1876 2073 1933 que
2089 1861 2323 1916 iteratis
2340 1861 2648 1917 conatibus
2662 1860 2883 1929 ingredi
2901 1859 3188 1916 niteretur
3205 1861 3437 1932 saepius,
3452 1861 3612 1919 huic-

1964 1964 2074 2020 que
2097 1964 2167 2007 ex
2189 1950 2434 2005 adverso
2454 1950 2759 2005 resisteret
2778 1948 2975 2004 eadem
2993 1948 3204 2019 virtus,
3227 1950 3458 2007 tandem
3483 1965 3611 2023 quae

1962 2038 2217 2109 experiri
2250 2038 2563 2093 advenerat
2598 2052 2725 2093 cum
2761 2036 2933 2093 nimia
2967 2037 3309 2093 confusione
3341 2038 3483 2095 abiit
3516 2053 3613 2096 ex-

1964 2130 2188 2196 pertus.
2225 2125 2402 2191 Quem
2428 2124 2582 2194 dum,
2612 2128 2675 2180 ut
2699 2138 2818 2180 sure
2842 2123 3174 2180 consuleret
3199 2123 3393 2195 saluti,
3423 2125 3616 2182 horta.

1966 2217 2169 2267 rentur
2201 2211 2399 2267 fideles
2434 2216 2489 2266 et
2528 2211 2859 2281 propinqui,
2892 2215 3096 2267 sancto
3127 2211 3357 2268 scilicet
3388 2212 3614 2269 satisfa-

1963 2298 2168 2354 ciendo
2187 2302 2242 2353 ct
2266 2298 2485 2368 aliquid
2509 2298 2857 2370 prazdiorum
2881 2314 2985 2370 pro
3006 2297 3319 2354 elemosina
3339 2314 3458 2356 suae
3475 2314 3615 2372 pau-

1966 2387 2087 2458 peri
2108 2385 2369 2442 ecciesiae
2390 2387 2762 2456 conferendo,
2781 2386 2954 2443 surda
2973 2401 3112 2443 aure
3132 2387 3501 2459 ﬂoccipendit
3526 2388 3616 2444 vir

1965 2489 2145 2531 vanus
2163 2475 2381 2544 audire,
2400 2475 2491 2531 cui
2514 2475 2847 2531 imminebat
2870 2478 3173 2545 respectus
3198 2475 3296 2532 irae
3319 2490 3608 2547 supernae.

1963 2565 2083 2619 Non
2130 2568 2258 2634 post
2308 2563 2552 2619 multum
2585 2564 2865 2635 temporis
2912 2563 3080 2633 (562),
3130 2564 3325 2620 nescio
3354 2578 3468 2635 quo
3497 2566 3614 2638 spi-

1963 2650 2101 2719 ritu,
2128 2650 2374 2706 tendens
2400 2649 2814 2720 lhcrosolimis,
2842 2650 3201 2720 naufragium
3234 2665 3465 2723 passus,
3495 2666 3614 2708 mo-

1960 2741 2057 2794 tus
2091 2737 2335 2794 incurrit
2371 2738 2577 2801 maris;
2609 2741 2667 2792 et
2690 2737 2761 2793 ad
2787 2738 2895 2793 ima
2922 2737 3284 2795 descendens
3312 2737 3605 2809 profundi,

1961 2823 2339 2881 inrevocabili
2377 2826 2494 2881 fato
2525 2825 2637 2896 “’1‘,
2672 2826 2786 2881 Deo
2811 2825 3027 2896 judice,
3060 2825 3236 2882 solvit
3264 2840 3488 2897 poenam
3520 2824 3609 2882 sui

1960 2913 2220 2970 sceleris.
2254 2914 2331 2969 De
2360 2917 2612 2985 quatuor
2641 2913 2748 2984 his,
2786 2914 2882 2985 qui
2915 2928 2982 2970 eo
3009 2913 3252 2983 jubente
3284 2928 3414 2971 eum
3446 2928 3614 2986 pere-

1957 3012 2135 3071 mere,
2173 3002 2370 3073 potius
2394 3016 2562 3073 quam
2586 3001 2745 3072 loqui
2771 3002 3077 3058 maluimus
3109 3000 3303 3058 silere.
3338 3004 3456 3058 iloc
3486 3006 3613 3058 tan-

1956 3092 2080 3145 tum
2112 3090 2354 3147 sufﬁciat
2386 3090 2603 3155 dicere,
2640 3090 2892 3146 diversis
2923 3090 3113 3161 poenis
3143 3094 3200 3147 et
3232 3089 3603 3147 evidentibus

1957 3176 2128 3233 malis
2157 3179 2229 3233 ab
2260 3178 2364 3235 hac
2396 3179 2762 3234 substractos
2797 3177 2924 3233 luce
2958 3177 3128 3246 (563).

2027 3252 2077 3304 9.
2110 3248 2226 3302 Sibi
2261 3249 2607 3305 famulantes
2629 3249 2858 3304 tardius
2886 3248 2975 3303 his
3003 3246 3314 3318 aliquando
3343 3246 3605 3303 correxit

1956 3335 2254 3404 signorum
2299 3336 2795 3407 increpationibus
2827 3336 3034 3391 beatus
3076 3342 3242 3405 pater
3285 3334 3602 3390 Conradus.

1957 3423 2143 3480 Semel
2175 3424 2385 3481 natalis
2419 3423 2636 3479 Domini
2670 3423 2782 3489 die,
2816 3437 2947 3479 cum
2976 3438 3048 3477 ex
3075 3421 3384 3479 custodum
3426 3421 3611 3491 negli-

1954 3512 2148 3580 gentia
2170 3526 2366 3567 coram
2392 3527 2451 3567 se
2478 3511 2665 3581 posita
2692 3526 2799 3566 non
2824 3510 3057 3566 arderet
3082 3509 3341 3579 candela,
3364 3515 3607 3581 repente

1956 3599 2236 3656 divinitus
2260 3606 2352 3656 est
2374 3614 2638 3655 accensa.
2668 3598 2845 3655 Simili
2871 3598 3060 3669 modo,
3084 3601 3144 3654 ut
3170 3598 3442 3669 superius
3463 3596 3608 3653 dixi-

1957 3702 2102 3758 mus,
2137 3702 2265 3743 cum
2295 3688 2418 3743 vice
2448 3686 2635 3742 altera
2663 3685 2861 3742 eadem
2890 3685 3060 3756 culpa
3090 3684 3232 3741 inibi
3263 3685 3491 3741 deesset
3522 3683 3608 3740 lu-

1956 3788 2150 3839 cerna,
2184 3774 2383 3830 subito
2411 3774 2627 3829 fabrica
2660 3772 2845 3829 totius
2877 3771 3173 3843 sepulchri
3198 3775 3373 3841 mota,
3404 3770 3603 3827 eadem

1954 3862 2174 3918 virtute
2202 3876 2431 3931 cereus,
2465 3862 2561 3931 qui
2591 3862 2739 3917 forte
2763 3861 2986 3929 aderat,
3020 3859 3150 3916 luce
3186 3859 3399 3915 enituit
3428 3858 3604 3914 clara.

1954 3951 2073 4006 Non
2108 3950 2394 4005 dissimile
2425 3955 2485 4006 et
2517 3949 2661 4006 illud
2693 3948 2942 4015 exstitit,
2989 3948 3142 4019 quod
3174 3962 3285 4003 non
3320 3961 3514 4003 coram
3547 3962 3608 4003 se

1954 4037 2177 4093 firmius
2200 4038 2426 4094 haerens
2448 4051 2677 4106 cereus,
2706 4037 2838 4092 dum
2863 4050 3039 4107 super
3063 4036 3430 4104 sarcofagum
3453 4033 3608 4090 vela-

1953 4124 2103 4179 mine
2127 4130 2391 4195 opertum
2415 4124 2657 4192 corruit,
2694 4124 2917 4179 diutius
2939 4122 3197 4177 ardendo
3221 4122 3425 4190 jacens
3449 4124 3505 4175 et
3526 4119 3609 4189 ja.

1952 4212 2135 4268 cendo
2156 4212 2389 4281 ardens,
2419 4212 2604 4281 ipsum
2630 4210 2899 4281 velamen
2929 4212 3181 4281 inustum
3213 4209 3493 4281 servavit.

2019 4284 2141 4338 Jam
2169 4282 2357 4338 avidis
2376 4277 2755 4337 auditoribus
2777 4280 3006 4335 modum
3031 4279 3101 4333 de
3127 4279 3214 4335 his
3237 4279 3479 4349 inponat
3503 4277 3608 4334 sti-

1951 4370 2064 4440 lus,
2094 4371 2248 4442 quia,
2275 4374 2339 4427 ut
2362 4368 2439 4425 ait
2468 4370 2676 4425 beatus
2700 4368 3037 4438 Gregorius,
3074 4368 3235 4438 signa
3271 4366 3606 4423 infidelibus

1952 4458 2327 4516 monstranda
2356 4462 2511 4528 sunt,
2542 4470 2655 4512 non
2686 4454 2989 4523 fidelibus;
3020 4456 3234 4526 quibus
3258 4456 3329 4512 ad
3352 4456 3601 4511 salutem

1951 4547 2215 4605 sufficere
2238 4544 2646 4618 posset,etiam
2668 4543 2717 4600 si
2743 4543 2932 4600 minus
2953 4542 3110 4599 dicta
3133 4548 3350 4600 essent.
3381 4542 3436 4596 Si
3462 4542 3607 4600 fides

1951 4651 2062 4694 non
2096 4635 2245 4693 desit
2283 4634 2622 4707 petentium,
2660 4646 2972 4703 numquam
3002 4630 3094 4665 ⁴⁰¹⁶
3127 4631 3294 4688 deest
3325 4630 3452 4700 ejus
3486 4632 3603 4687 suf-

1952 4725 2229 4795 fragium;
2280 4723 2411 4795 quia
2461 4721 2615 4794 quod
2666 4720 2777 4777 sibi
2829 4719 3015 4778 adhuc
3043 4719 3235 4777 carnis
3267 4717 3604 4776 infirmitate

1950 4811 2346 4871 circumdatus
2398 4810 2523 4867 fieri
2576 4807 2778 4879 noluit,
2832 4807 3034 4878 utique
3084 4806 3216 4863 aliis
3265 4807 3456 4862 facere
3488 4821 3602 4863 non

1949 4901 2184 4973 refugit.
2230 4900 2407 4972 Cujus
2447 4897 2679 4956 assidua
2714 4897 3068 4953 interventio
3099 4910 3207 4953 nos
3238 4893 3603 4951 commendet

1948 4988 2335 5062 omnipotenti
2384 4989 2501 5043 Deo
2550 4987 2824 5055 deorum;
2854 4985 2946 5043 cui
2994 4984 3071 5043 sit
3120 4983 3247 5042 laus
3297 4983 3352 5039 in
3403 4981 3600 5039 secula

1948 5078 2311 5145 seculorum;
2339 5091 2504 5133 amen
2527 5075 2636 5131 ‘0”.

1546 5174 1781 5230 VARIIE
1822 5175 2221 5233 LECTIONES.

258 5263 350 5299 ⁸⁰¹²
379 5267 497 5323 Hoc
519 5271 570 5323 2.
650 5265 743 5299 ⁴⁰¹⁸
772 5267 1121 5325 verecondia
1142 5272 1193 5325 2.
1272 5268 1362 5304 ‘°“
1394 5271 1483 5327 sui
1508 5275 1558 5326 2.

1639 5271 1731 5305 ⁴⁰¹⁵
1762 5274 1909 5329 satis
1932 5278 1982 5329 2.
2061 5272 2152 5307 ⁴⁰¹⁸
2182 5287 2468 5343 nonquam
2492 5275 2542 5326 2.

2623 5269 2713 5342 φιτ
2742 5270 2819 5326 [η
2838 5269 2962 5342 eod.
3003 5268 3358 5342 1.13.,(ah‘a
3381 5276 3601 5342 manu)

192 5335 247 5389 et
282 5336 335 5417 th
366 5335 487 5393 hare
515 5370 540 5399 ο
566 5337 782 5418 addita
809 5340 989 5396 sunt:
1013 5338 1134 5395 Kal.
1167 5340 1319 5396 Junii
1352 5342 1546 5413 passio
1577 5345 1764 5399 sancti
1795 5345 2050 5402 Cunonis
2076 5360 2107 5400 e
2154 5335 2391 5415 iscop'et
2419 5340 2706 5412 martyris.
2733 5346 2765 5396 8
2790 5341 2924 5397 ldus
2955 5340 3090 5396 Julii
3120 5372 3146 5402 ο
3178 5335 3439 5398 inventio
3473 5335 3603 5397 cor?

193 5420 349 5469 poris
379 5423 427 5463 s.
466 5410 605 5464 Cun.
641 5423 820 5469 epise.
848 5415 904 5465 et
931 5424 1003 5465 m.
1030 5410 1100 5465 ad
1128 5426 1323 5469 runem
1360 5413 1455 5467 ubi
1492 5413 1818 5469 deeollatus
1840 5422 1952 5469 est.
1979 5422 2011 5469 8
2038 5361 2157 5469 Kak).
2184 5417 2326 5469 Aug.
2352 5412 2661 5469 translatio
2684 5411 2952 5469 corporis
2978 5428 3025 5467 s.
3054 5412 3309 5468 Cunonis
3333 5412 3601 5469 enisconi

192 5407 349 5476 poris
379 5423 427 5463 s.
466 5410 605 5488 C'un.
641 5408 820 5535 θείω.
848 5415 904 5465 et
931 5424 1003 5465 m.
1030 5410 1100 5465 ad
1128 5426 1323 5482 rupem
1352 5407 1455 5467 'uhi
1492 5413 1818 5471 deeollatus
1840 5422 1952 5471 est.
1979 5422 2011 5473 8
2038 5418 2114 5471 lia

192 5480 245 5531 et
277 5483 550 5535 martvris
581 5479 638 5535 in
712 5480 910 5535 asiliea
944 5480 1044 5535 (ml
1081 5482 1234 5535 beati
1265 5484 1522 5535 Mauricii
1553 5491 1609 5535 et
1645 5500 1693 5535 ε.
1725 5486 1869 5535 eius.

712 5480 910 5536 asiliea
944 5480 1044 5552 (m)
1081 5480 1234 5537 beati
1265 5484 1522 5539 Mauricii
1553 5491 1609 5539 et
1645 5500 1693 5540 s.
1725 5486 1869 5554 ejus.

191 5480 245 5531 et
277 5480 550 5549 martyris
581 5479 638 5535 in

2184 5411 2326 5484 Aug.
2352 5412 2661 5469 translatio
2684 5411 2952 5483 corporis
2978 5428 3025 5467 s.
3054 5412 3309 5468 Cunonis
3333 5412 3601 5485 episcopi

1770 5556 1999 5612 NOTIE.

260 5617 409 5689 (662)
439 5633 488 5676 a.
523 5622 691 5686 1073;
720 5636 773 5675 v.
809 5619 1156 5679 Bernoldum
1181 5624 1480 5680 Constant.
1504 5625 1557 5682 h.
1580 5641 1629 5682 a.
1656 5628 1839 5684 Minus

195 5698 352 5747 recte
383 5690 722 5762 Sigebertus
754 5706 804 5748 a.
842 5696 979 5750 1068
1010 5691 1267 5751 indicare
1299 5696 1548 5751 videtur.

2020 5628 2166 5694 (503)
2201 5627 2288 5683 Cf.
2319 5624 2667 5684 Bernoldum
2698 5639 2749 5683 a.
2788 5624 2943 5684 1066.
