3920 6418
374 356 527 422 1267

1016 359 1285 426 GESTA
1327 361 1682 428 TREVER.
1719 399 1792 412 —
1818 360 2172 428 APPEND.
2208 361 2323 429 EX
2351 361 2561 429 HIST.
2596 362 2842 430 MART.
2875 365 3119 432 TREV.

3630 369 3794 438 1288

1733 511 2228 580 EPITAPHIUM
2263 507 2451 602 (564)

405 648 532 707 Dux
561 645 757 717 gregis
783 651 844 704 et
875 651 1078 717 portus
1107 648 1164 701 et
1196 645 1303 703 ﬂos
1335 644 1585 703 feliciter
1617 650 1804 715 ortus,

405 737 543 794 Post
563 736 982 794 incrementum
1009 738 1236 793 fructus
1257 735 1414 794 subit
1435 736 1542 792 hoc
1563 739 2018 805 monumentum,

407 828 526 884 Hoc
556 825 1024 898 transplantatus
1050 825 1310 884 claustro
1333 825 1440 882 ﬂos
1465 832 1944 896 prememoratus.

401 916 598 974 Trevir
619 920 745 972 erat
770 920 928 985 natu,
956 914 1396 985 Sigebergcnsis
1428 912 1577 984 (565)
1607 913 1984 981 monachatu;

404 1004 620 1061 Attulit
642 1006 754 1063 huc
777 1021 974 1064 secum
998 1005 1334 1062 venerabile
1364 1003 1647 1060 fratribus
1675 1016 1910 1073 equum,

2049 643 2106 704 A
2171 645 2526 718 Doctrinam,
2558 661 2768 718 mores,
2794 647 3078 707 virtutum
3103 662 3367 722 quosque
3385 648 3636 711 colores.

2171 733 2348 801 Quem
2371 737 2502 807 quia
2529 752 2830 794 servorum
2856 738 3016 796 fraus
3036 740 3370 812 conspirata
3391 739 3676 800 malorum

2169 825 2460 882 Insoutem
2487 827 2719 896 stravit,
2743 826 2974 897 gladius
2996 828 3228 886 Christo
3252 829 3490 888 sociavit
3515 849 3528 885 :

2168 914 2318 984 Ergo
2341 915 2492 984 quod
2518 915 2766 972 obtabas
2800 921 3023 988 martyr
3051 917 3242 989 modo,
3269 919 3363 990 qui
3390 919 3550 991 prius
3572 919 3779 991 abbas,

2167 1003 2228 1058 In
2252 1005 2534 1062 monacho
2559 1004 2773 1062 Christi
2795 1005 2984 1073 testis,
3017 1006 3380 1080 Chounrade,
3414 1008 3596 1066 fuisti.

725 1261 882 1352 EX
981 1255 1545 1351 HISTORIA
1642 1253 2324 1347 MARTYRUM
2419 1257 3397 1354 TREVERENSIUM.

434 1443 600 1500 Anno
634 1447 767 1499 107-2
797 1441 1002 1500 tabula
1031 1443 1102 1516 de
1127 1437 1500 1516 martyribus
1521 1433 1924 1516 altictioparo
1951 1432 2123 1516 cresia
2162 1433 2685 1516 (rever-tremat:
2710 1439 2976 1516 inventa,
3013 1439 3138 1516 tant
3161 1440 3500 1516 sanctorum
3526 1442 3781 1503 illorum

359 1517 696 1582 passionem.
720 1516 840 1570 tum
863 1513 1228 1587 inventionis
1253 1504 1524 1587 ordinent
1557 1509 1677 1564 tum
1691 1504 2010 1587 miracula
2037 1504 2758 1587 quartamjbigte'npfacta
2787 1504 3040 1587 stertens
3074 1512 3445 1587 Ireeerensis
3469 1517 3774 1585 narrauit,

359 1577 599 1653 'prologo
620 1589 942 1653 prmnisso.
968 1599 1082 1654 quo
1104 1584 1268 1640 nihil
1287 1583 1357 1638 de
1376 1597 1438 1639 se
1461 1583 1586 1656 ipso
1607 1580 1706 1656 oet
1725 1577 1795 1632 de
1814 1577 2008 1656 aperis
2037 1577 2301 1656 consilio
2316 1577 2594 1656 tradidit.
2625 1581 2753 1656 Sed
2774 1583 3064 1656 pleraque
3091 1582 3288 1653 ipsum
3315 1584 3534 1644 cidisse
3552 1600 3630 1642 ex
3649 1577 3776 1646 tota

359 1643 1182 1725 magna”;abunde'patet.
1215 1669 1404 1722 neque
1437 1643 1544 1726 diu
1569 1643 2374 1726 postscripgisse.putandae
2404 1652 2509 1720 est,
2541 1654 2761 1724 quippe
2774 1643 2888 1726 ξιιὶ
2907 1643 3335 1726 nitracitlm'am
3363 1643 3776 1714 narrationem

362 1740 476 1798 non.
498 1729 665 1782 ultra
685 1742 740 1783 α.
764 1732 902 1783 1072
917 1717 1334 1798 prosequatur.
1358 1717 1581 1798 Eidem
1593 1720 1752 1798 etei}
1872 1717 2334 1798 Fejz'cisaeberz’,
2351 1717 2760 1798 capramo'n’ui
2774 1717 2920 1798 {sed
2939 1725 3122 1798 etiam
3141 1725 3538 1798 ltcecauctoris
3559 1743 3774 1798 nomen

358 1797 516 1852 silet.
558 1799 830 1854 Historia
862 1789 1201 1860 martyrium
1220 1811 1314 1854 an.
1347 1794 1667 1866 Hontlzeim
1688 1789 1902 1866 Prodr.
1927 1789 2058 1866 1,}.
2093 1792 2191 1844 109
2212 1804 2289 1866 ea;
2309 1789 2437 1848 cod.
2475 1789 2838 1866 Treoerensi,
2862 1797 3067 1866 postea
3097 1797 3310 1854 collato
3332 1799 3452 1855 cod.
3476 1801 3543 1858 ις’.
3568 1797 3773 1856 Mazi-

355 1869 510 1943 ngini
535 1871 798 1943 A_ct_._.S'.S_'.
830 1869 1018 1926 Octob.
1045 1870 1131 1943 Π,
1155 1883 1209 1935 p.
1227 1871 1339 1943 373
1356 1867 1518 1922 edita
1538 1865 1641 1943 est.
1659 1862 1941 1943 getiam
1961 1859 2492 1943 é‘anmatltianuni
2503 1865 2813 1943 Hei/fartus
2829 1859 2995 1943 uidit
3011 1870 3098 1943 [ρ.
3125 1871 3212 1936 27,
3238 1872 3329 1936 67)
3351 1940 3361 1943 Α
3389 1870 3542 1930 alios
3556 1872 3774 1943 procul

360 1937 536 1995 dubio
560 1940 911 1998 bibliotheca
931 1929 1191 1998 continet
1220 1937 1614 1996 Treverensie.
1643 1936 1786 1992 Haec
1803 1929 2306 2002 oero/ragmenta
2328 1948 2404 1991 ea:
2423 1937 2902 1995 Hontlteimiana
2923 1929 3181 1997 editione
3198 1929 3410 2012 repeto.

429 2081 478 2131 1.
648 2075 796 2133 Illud
827 2091 968 2132 vero
999 2075 1411 2146 qualicumque
1444 2076 1739 2134 scribendi
1777 2077 2008 2136 modulo
2039 2042 2094 2104 Β
2123 2065 2486 2139 dignaretur.
2523 2085 2626 2142 P6P
2657 2071 2812 2143 (μιοά
2839 2072 3206 2130 benedictum
3238 2087 3440 2132 nomen
3461 2073 3587 2144 eius
3609 2089 3637 2131 Il
3663 2089 3770 2134 8a-

355 2165 688 2236 posteritati
722 2165 1121 2222 transmittere
1147 2165 1428 2222 debemus
1458 2166 1816 2234 necessario,
1851 2167 2007 2238 quali

352 2251 562 2310 divinre
587 2255 1124 2325 przedestiuationis
1146 2255 1516 2312 ordinatione
1540 2255 1646 2314 hac
1669 2261 2007 2314 sanctorum

352 2341 633 2399 laetiﬁcati
669 2344 854 2401 simus
889 2343 1378 2401 niani'estatione.

422 2438 472 2490 2.
502 2435 680 2490 Erant
705 2449 908 2506 nempe
933 2435 986 2489 in
1013 2433 1108 2490 illa
1135 2434 1320 2490 sancti
1344 2433 1571 2491 Paulini
1594 2435 2005 2494 canonicorum

350 2536 636 2591 congrega
650 2523 802 2578 tione
820 2525 1035 2578 fratres
1053 2522 1230 2592 aliqui
1253 2526 1470 2579 sancta:
1487 2523 1788 2594 religionis
1806 2525 2005 2582 studio

350 2610 765 2668 venerabiliter
787 2611 1034 2667 accensi.
1072 2611 1136 2667 lli
1163 2626 1326 2678 ergo.
1351 2611 1484 2667 dum
1511 2611 1664 2668 inter
1687 2613 1796 2669 alia
1826 2613 2006 2684 pieta-

349 2699 424 2754 tis
452 2714 633 2771 Opera
663 2716 846 2758 sacrte
879 2700 1198 2772 Scriptum
1221 2699 1449 2770 legendi
1477 2701 1739 2773 paginam
1764 2717 2000 2774 operam

349 2803 462 2844 non
487 2789 779 2845 minimam
808 2791 1158 2859 praeberent,
1195 2789 1464 2846 solebant
1489 2790 1853 2861 frequentius
1875 2807 2004 2848 cor-

351 2877 510 2948 poris
540 2881 598 2932 et
633 2877 842 2933 mentis
885 2877 1224 2947 aspectibus
1257 2877 1353 2934 illa
1387 2883 1835 2949 repraesentare,
1873 2895 2003 2950 quae

346 2966 698 3021 videbantur
723 2965 792 3020 ad
817 2965 1091 3023 honorem
1123 2965 1390 3023 ecclesiae
1419 2967 1763 3037 Treverica,
1799 2969 2004 3026 matris

346 3054 574 3110 scilicet
594 3070 736 3122 suae,
757 3059 1056 3125 spectare;
1083 3053 1244 3111 illius
1266 3055 1532 3112 forsitan.
1556 3055 1692 3126 quin
1717 3057 1890 3114 immo
1913 3073 2002 3115 re-

345 3158 504 3212 vera,
541 3159 652 3198 uon
688 3143 1053 3200 immemores
1087 3143 1365 3216 praecepti
1407 3143 1564 3222 quod
1591 3144 1672 3201 ait
1708 3163 1721 3200 :
1753 3145 2002 3206 Honora

339 3233 574 3300 patrem
606 3233 771 3288 tuum
793 3233 849 3288 et
867 3233 1120 3289 matrem
1149 3233 1343 3300 (Deut.
1372 3249 1426 3296 ν,
1453 3235 1541 3304 t6)
1572 3237 1628 3290 et
1654 3232 1902 3292 aliorum
1926 3235 1998 3293 ad

342 3321 495 3377 hunc
534 3321 766 3376 modum
801 3321 1019 3390 justam
1062 3321 1569 3380 conversationem
1600 3322 1992 3381 suadentium.

2121 2157 2254 2214 culo
2287 2158 2341 2214 in
2381 2159 2657 2216 smculum
2701 2161 3150 2220 benediceretur
3189 2177 3255 2220 ac
3296 2161 3651 2222 laudaretur.
3695 2165 3770 2222 Ut

2120 2260 2262 2317 ergo
2287 2249 2596 2320 promissio
2618 2251 2714 2306 Dei
2743 2251 2974 2306 immota
3006 2257 3394 2324 permaneret,
3427 2267 3550 2323 qua
3583 2252 3764 2310 dicit:

2123 2335 2234 2392 Ubi.
2257 2337 2371 2392 duo
2392 2338 2505 2394 aut
2520 2339 2638 2397 tres
2659 2340 3005 2410 congregati
3021 2341 3272 2412 fuerint
3286 2343 3352 2399 in
3365 2343 3600 2400 nomine
3621 2356 3762 2412 meo,

2117 2423 2184 2480 in
2199 2425 2391 2482 medio
2409 2441 2605 2484 eorum
2621 2442 2752 2484 sum
2774 2427 3017 2496 (Matth.
3041 2444 3194 2499 xvm,
3216 2430 3307 2503 20)
3329 2461 3397 2471 —
3413 2433 3534 2486 tres
3549 2430 3762 2502 quippe

2117 2511 2459 2570 intentionis
2489 2515 2660 2587 hujus
2691 2517 2904 2573 fratres
2931 2549 2988 2557 —-
3017 2518 3249 2575 fuerunt
3269 2549 3338 2560 —
3358 2518 3632 2576 auxilium
3661 2521 3759 2576 Dei

2117 2601 2226 2658 sibi
2261 2602 2330 2658 ad
2363 2603 2508 2660 hanc
2542 2605 2922 2662 intentionem
2959 2607 3230 2678 prmbgri,
3279 2607 3396 2664 cito
3428 2611 3754 2665 senserunt.

2117 2691 2449 2746 Priuseuim
2467 2707 2636 2764 quam
2653 2693 3275 2765 triduanumjejuuium
3290 2696 3460 2752 tertia
3477 2696 3756 2754 vicecom-

2116 2779 2628 2851 plevissent,misit
2644 2782 2728 2838 eis
2740 2783 2960 2840 Deusin
2976 2784 3324 2853 adjutorium
3341 2785 3622 2854 quendam
3636 2799 3755 2842 san-

2115 2871 2226 2925 ctas
2257 2871 2730 2926 conversationis
2762 2871 2969 2928 laicum
3000 2873 3226 2929 nomine
3259 2873 3608 2944 Folbertum,
3643 2874 3754 2946 prio

2114 2962 2310 3012 vatum
2333 2959 2580 3014 eundem
2606 2959 2733 3015 visu
2757 2958 3081 3030 oculorum,
3110 2976 3276 3032 quem
3303 2976 3450 3020 unus
3470 2975 3542 3018 ex
3565 2963 3751 3020 tribus

2116 3045 2376 3115 przefatis
2405 3045 2704 3110 fratribus,
2723 3048 2920 3104 Cuono
2941 3047 3232 3115 videlicet,
3249 3054 3446 3108 custos
3471 3056 3750 3108 monaste-

2113 3132 2180 3188 rii
2204 3133 2393 3190 sancti
2412 3131 2658 3204 Paulini,
2676 3135 2874 3192 studio
2896 3143 3113 3194 sancta;
3137 3137 3552 3209 hospitalitatis
3573 3137 3628 3195 in
3653 3138 3747 3196 do-

2111 3235 2264 3278 mum
2285 3237 2446 3279 suam
2471 3223 2782 3294 recipiens,
2803 3224 3106 3281 sufficienti
3128 3240 3192 3283 ac
3212 3225 3421 3297 placita
3441 3225 3521 3282 illi
3542 3225 3747 3284 oﬂlcio—

2111 3309 2286 3366 sitatc
2320 3312 2710 3368 sustentabat.
2754 3313 2934 3382 Hujus
2964 3318 3157 3370 autem
3189 3315 3354 3372 cibus
3381 3315 3745 3386 vespertinus

342 3411 500 3466 inter
532 3409 870 3466 multimoda
903 3411 1100 3481 itaque
1128 3411 1238 3467 loci
1272 3411 1444 3482 hujus
1477 3412 1765 3482 praeconia
1797 3413 1973 3485 passit

2108 3404 2234 3454 erat
2253 3400 2418 3470 panis
2437 3415 2759 3472 perparvus
2773 3401 3144 3458 medietatem
3166 3403 3366 3474 palmae
3386 3417 3492 3460 non
3512 3404 3744 3461 vincens

342 3503 676 3554 sanctorum
703 3501 1021 3568 martyrum
1047 3499 1312 3556 Gentiani
1337 3503 1398 3555 et
1419 3499 1698 3556 Victoriei
1731 3501 1997 3572 frequen-

340 3585 458 3642 tius
488 3587 576 3642 eis
605 3589 975 3642 occurrebat.
1021 3587 1159 3652 Quae
1199 3588 1470 3657 quotiens
1509 3589 1753 3646 auribus
1792 3605 1993 3648 eorum

339 3675 645 3744 corporeis
673 3675 1152 3732 innumerabilem
1179 3675 1632 3734 Christianorum
1658 3683 1911 3748 stragem
1936 3679 1992 3735 in

341 3763 486 3818 urbe
506 3762 810 3820 Treverica
831 3777 859 3818 a
882 3763 1216 3820 Rictiovaro
1240 3765 1449 3820 factam
1473 3765 1754 3835 insonuit,
1779 3767 1992 3824 totiens

338 3864 688 3913 cor_eorum
742 3865 991 3907 moerere
1041 3851 1212 3908 simul
1245 3857 1300 3908 et
1336 3853 1551 3922 gaudio
1600 3856 1987 3921 contremuit;

340 3952 586 3995 mmrore
611 3937 843 4007 quidem
867 3943 1112 4009 propter
1134 3940 1462 4008 ignoratum
1497 3947 1723 4000 tantum
1753 3947 1989 4015 tamque

337 4027 666 4096 preciosum
691 4031 1028 4084 sanctorum
1049 4043 1358 4099 corporum
1382 4031 1750 4098 thesaurum;
1773 4033 1988 4103 gaudio

337 4120 529 4172 autem
564 4121 820 4188 prapter.
838 4132 1032 4175 rerum
1068 4118 1396 4180 veritatem,
1431 4134 1600 4190 quam
1633 4136 1735 4193 per
1767 4126 1986 4180 tantam

336 4204 652 4275 Scripturze
671 4219 854 4262 sacrm.
875 4205 1203 4263 didicerant
1224 4208 1655 4265 auctoritatem.
1676 4210 1988 4270 Referebat

333 4290 485 4346 enim
513 4290 754 4347 istorum
780 4292 976 4363 passio
1001 4297 1361 4364 sanctorum,
1393 4295 1543 4365 quod
1569 4295 1834 4364 ingresso
1857 4298 1986 4354 Tre-

336 4378 500 4434 virim
525 4379 880 4445 Rictiovaro,
898 4386 1055 4438 tanta
1081 4382 1153 4437 ab
1175 4398 1244 4438 eo
1269 4383 1345 4438 sit
1371 4383 1518 4441 facta
1545 4383 1624 4441 ibi
1650 4389 1984 4444 sanctorum

333 4468 635 4538 sanguinis
655 4468 885 4527 effusio.
921 4475 982 4527 ut
1010 4471 1114 4527 rivi
1139 4473 1370 4528 cruoris
1399 4488 1583 4544 aquze,
1613 4475 1780 4546 juxta
1813 4489 1984 4546 quam

331 4556 510 4613 occisi
536 4561 690 4626 sunt,
718 4558 990 4628 permixti
1013 4563 1072 4615 et
1096 4560 1150 4616 in
1177 4561 1470 4618 Musellam
1495 4561 1752 4628 deducti,
1778 4577 1902 4620 eam
1927 4563 1982 4620 in

333 4660 496 4702 suum
512 4644 765 4702 colorem
781 4652 1194 4705 converterent
1211 4667 1224 4715 ;
1242 4653 1324 4720 ut,
1343 4655 1435 4708 nat
1448 4649 1596 4706 urali
1609 4649 1882 4708 claritate
1897 4667 1986 4708 re-

330 4739 507 4801 mota,
526 4737 834 4806 peregrino
853 4737 1036 4806 magis
1055 4752 1224 4808 quam
1248 4740 1484 4810 proprio
1502 4739 1699 4796 colore
1721 4741 1976 4798 ruberet.

331 4824 435 4880 Ubi
468 4829 525 4880 et
561 4825 832 4895 sequitur
861 4843 874 4878 :
905 4825 1251 4884 Inbumatis
1278 4830 1459 4886 etiam
1490 4829 1616 4886 tum
1643 4831 1983 4888 sanctorum

328 4913 668 4986 corporibus
695 4913 860 4970 unda
878 4913 1183 4988 praebebat
1212 4917 1525 4987 tumulum,
1557 4933 1690 4990 quo,
1723 4920 1982 4978 redinte-

321 5003 506 5073 grata
521 5017 799 5075 compage
813 5003 1222 5073 membrorum,
1231 5007 1452 5078 futuro
1466 5022 1536 5066 ea
1547 5010 1984 5080 represmtaret

323 5092 574 5158 iudicio.
595 5124 664 5135 -
681 5094 743 5149 In
761 5091 869 5151 hac
887 5107 1028 5164 ergo
1051 5095 1226 5166 positi
1254 5097 1464 5154 mentis
1488 5097 1806 5166 anxietate,
1833 5099 1982 5155 iudi-

327 5181 440 5239 ctis
462 5181 576 5240 sibi
599 5181 914 5252 aliquando
939 5181 1224 5252 biduanis,
1256 5185 1569 5257 aliquando
1591 5186 1980 5260 triduanisje—

321 5266 617 5338 juniorum
637 5268 984 5342 disciplinis,
1001 5286 1030 5326 a
1047 5271 1238 5329 divina
1260 5273 1640 5345 postulabant
1658 5275 1897 5347 pietate,
1916 5280 1978 5333 ut

327 5357 562 5433 aliquod
593 5364 708 5416 tam
740 5360 927 5417 sancti
959 5360 1210 5434 depOsiti
1246 5361 1521 5420 indicium
1545 5364 1632 5420 eis
1654 5369 1980 5423 monstrare

2108 3485 2162 3542 in
2206 3487 2540 3558 latitudine,
2583 3489 2728 3546 duas
2771 3495 2966 3561 partes
3008 3491 3224 3561 farinae,
3268 3493 3496 3548 tertiam
3527 3496 3741 3564 partem

2107 3576 2328 3633 habens
2347 3592 2418 3632 ex
2440 3577 2656 3644 cinere,
2689 3594 2818 3635 cum
2848 3579 3044 3650 aliquo
3071 3595 3283 3650 genere
3311 3580 3613 3638 herbarum
3645 3587 3738 3638 aut

2105 3665 2420 3723 crudarum
2439 3670 2536 3722 aut
2558 3682 2668 3722 non
2693 3667 2836 3723 bene
2853 3673 3150 3724 coctarum
3165 3674 3224 3724 et
3239 3668 3735 3737 insalsarum,cum

2105 3751 2319 3810 haustu
2353 3755 2528 3810 etiam
2563 3769 2727 3826 aquae
2760 3756 3008 3814 minimas
3038 3772 3343 3828 mensurae,
3379 3764 3538 3815 certe
3557 3772 3734 3830 neque

2106 3842 2400 3902 modulum
2423 3858 2590 3900 suum
2615 3858 2969 3901 excessum.
2994 3845 3110 3902 Tali
3128 3861 3264 3903 vero
3277 3846 3546 3916 adjutorii
3565 3846 3732 3903 divini

2103 3930 2500 3988 consolatione
2523 3947 2635 3988 uon
2661 3933 2948 3991 modicum
2975 3933 3274 4005 Iretiticati,
3290 3941 3349 3992 et
3368 3936 3437 3992 ad
3457 3936 3730 4007 speranda

2104 4021 2329 4092 potiora
2374 4021 2468 4077 Dei
2515 4037 2750 4078 munera
2795 4023 3063 4080 nimirum
3107 4023 3364 4094 animati,
3407 4023 3539 4082 huic
3577 4024 3730 4081 fratri

2100 4109 2431 4178 consilium,
2465 4111 2615 4181 quod
2647 4111 2716 4168 de
2749 4112 2855 4169 hac
2888 4128 2948 4168 re
2979 4118 3389 4185 conceperant,
3415 4113 3740 4172 manifesta-

2101 4198 2260 4269 bant,
2295 4199 2538 4271 ejusque
2560 4200 2894 4259 devotionis
2918 4200 3236 4274 impensius
3261 4201 3514 4261 studium
3537 4200 3642 4260 sibi
3664 4202 3729 4258 ad

2098 4286 2246 4344 hanc
2278 4302 2397 4345 rem
2431 4288 2794 4361 suppeditari
2837 4289 3229 4362 posculabaut.
3266 4293 3339 4348 At
3369 4289 3485 4361 ille,
3521 4295 3584 4348 ut
3612 4295 3729 4348 erat

2099 4380 2342 4449 paratus
2371 4376 2440 4434 ad
2470 4377 2658 4436 omnia
2693 4378 2898 4436 virium
2931 4394 3166 4437 suarum
3199 4379 3593 4452 supplementa
3622 4394 3732 4437 om-

2097 4465 2271 4523 nibus
2304 4465 2636 4539 przebeuda,
2665 4466 2836 4537 juxta
2857 4467 2998 4526 illud
3024 4468 3298 4526 videlicet
3327 4468 3580 4526 doctoris
3604 4481 3728 4540 gen-

2095 4553 2240 4611 tium
2263 4554 2613 4626 exemplum,
2632 4556 2864 4627 quando
2888 4557 3056 4628 dixit,
3081 4573 3144 4616 se
3167 4550 3435 4616 omnibus
3452 4557 3635 4614 omnia
3657 4557 3729 4614 fa-

2096 4646 2254 4701 ctum
2281 4643 2484 4707 fuisse.
2508 4644 2744 4702 solitum
2766 4645 3066 4718 jejunandi
3091 4646 3321 4704 modum
3345 4647 3452 4704 hac
3478 4646 3548 4705 de
3569 4660 3732 4705 causa

2097 4733 2243 4790 adeo
2268 4733 2630 4803 intendebat,
2657 4735 2810 4806 quod
2841 4751 2943 4808 per
2963 4737 3303 4794 continuum
3327 4741 3463 4794 tunc
3485 4737 3724 4796 triduum

2096 4821 2318 4880 nullum
2334 4823 2568 4895 penitus
2581 4825 2850 4897 corporis
2871 4825 3206 4883 alimentum
3232 4826 3581 4899 suscipiebat
3601 4843 3616 4891 ;
3635 4825 3726 4883 sed

2095 4911 2351 4970 interdiu
2373 4914 2642 4972 omnibus
2666 4914 2832 4972 urbis
2854 4914 3026 4984 hujus
3049 4915 3436 4988 monasteriis,
3461 4915 3644 4986 nudis,
3666 4919 3721 4974 ut

2093 4999 2306 5058 solitus
2339 5006 2466 5058 erat
2497 5002 2790 5072 incedere,
2839 5003 3085 5074 pedibus
3126 5003 3506 5075 perlustrans,
3541 5010 3724 5061 noctes

2092 5088 2411 5146 eorundem
2462 5089 2684 5148 dierum
2718 5091 2773 5148 in
2805 5092 3161 5149 monasterio
3205 5091 3507 5165 saepedicti
3554 5093 3720 5164 patris

2090 5175 2317 5234 Paulini
2351 5177 2595 5251 pervigil
2629 5179 2685 5234 in
2714 5179 2978 5236 oratione
3019 5179 3291 5238 ducebat.
3333 5181 3490 5238 Unde
3523 5179 3716 5238 factum

2090 5269 2201 5336 est,
2220 5267 2358 5323 utin
2385 5267 2560 5324 tertia
2585 5274 2756 5325 nocte
2779 5270 2907 5340 post
2932 5268 3203 5341 primum,
3234 5269 3383 5326 sicut
3411 5270 3534 5342 ipse
3566 5269 3714 5328 nobis

2091 5355 2405 5426 referebat,
2437 5355 2576 5426 galli
2600 5361 2857 5428 cantum,
2884 5357 3018 5415 dum
3045 5357 3188 5416 facie
3213 5357 3468 5416 lacrimis
3489 5357 3715 5416 ubertim

1921 5486 2144 5544 NOTAE.

402 5593 550 5673 (biit)
580 5597 905 5673 Legiturin
935 5598 1064 5656 cod.
1101 5600 1346 5658 Vindob.
1403 5601 1466 5658 Ν.
1515 5600 1612 5658 791
1667 5602 1980 5673 (Lunaelao.

331 5664 395 5718 Ν.
431 5664 540 5737 8.).’
567 5681 614 5724 s.
651 5664 729 5726 in
762 5668 860 5726 fol.
898 5673 1019 5726 115.

2139 5604 2319 5690 ⁹(665)
2352 5605 2476 5664 Alia
2510 5622 2681 5666 manu
2712 5608 2774 5696 in
2803 5623 2984 5696 marg.
3023 5627 3035 5668 :
3065 5606 3557 5738 δζῖασκρονμθωίδ
3581 5608 3718 5684 quod

2093 5675 2280 5734 sitm»
2308 5678 2401 5736 eet
2424 5677 2500 5737 ab
2529 5680 2849 5754 Nerdelwe
2878 5681 3005 5740 tua
3031 5694 3116 5740 Mt
3145 5681 3329 5740 term.
