3920 6418
383 415 529 484 12³11

1039 416 1308 484 GESTA
1334 411 1690 480 TREVER.
1727 447 1800 460 -—
1833 405 2188 474 APPEND.
2227 407 2341 472 EX
2373 409 2581 474 HIST.
2618 412 2860 476 MART.
2895 412 3146 476 TREV.

3631 413 3791 480 i272

381 549 596 606 tionem
631 549 819 606 sancti
861 547 1086 604 Paulini
1125 547 1342 618 cripta.
1375 546 1494 612 Qua
1541 545 1611 602 de
1659 556 1742 613 re,
1773 553 2032 598 eommu-
2065 519 2113 578 Α
2145 544 2263 600 tum
2286 548 2524 616 propter
2543 544 2780 602 eosdem
2812 541 3176 602 inﬁdelitatis
3197 541 3492 603 ministros
3519 541 3590 602 ad
3607 543 3784 603 ﬁdem

379 639 571 695 nicato
603 654 732 694 cum
767 637 1134 708 principibus
1156 636 1418 693 civitatis
1437 634 1703 703 consilio,
1733 631 2025 688 licentiam

377 729 549 798 hujus
590 728 672 783 rei
703 743 733 782 a
775 727 984 782 domno
1034 725 1482 796 archiepiscopo
1523 724 1724 780 Udone
1770 721 2027 793 postula-

379 819 536 884 bant,
567 823 622 871 et
657 817 752 872 vix
787 816 1055 872 nimirum
1088 816 1502 886 impetrabant.
1539 815 1623 870 Ita
1665 826 1914 882 namque
1954 826 2025 866 ex

377 906 659 962 industria
693 906 893 962 eadem
928 906 1117 976 cripta
1166 905 1273 961 fu't
1320 903 1563 967 munita,
1600 906 1664 957 ut
1693 901 1803 958 nisi
1867 903 2025 956 moto

375 994 966 1067 principaliejusdem
1020 993 1354 1048 monasterii
1389 991 1559 1048 altari
1622 989 1819 1046 nullus
1859 988 2025 1045 locus

375 1083 617 1140 daretur
645 1099 768 1138 cam
811 1082 1233 1153 confringendi.
1263 1080 1424 1137 Unde
1453 1095 1560 1136 non
1592 1079 1850 1136 indebito
1896 1091 2026 1148 gra~

375 1173 541 1229 vitati
577 1173 966 1229 suarconsilio
1001 1190 1110 1229 non
1149 1171 1334 1229 facilis
1363 1175 1490 1228 erat
1542 1171 1791 1228 domnus
1840 1165 2026 1224 archi-

373 1263 706 1334 episcopus,
735 1263 880 1318 tanti
915 1262 1232 1318 sanctuarii
1271 1260 1532 1332 fragendi
1572 1259 1867 1316 licentiam
1919 1255 2026 1312 dif-

377 1352 642 1407 ferend).
674 1384 741 1391 —
765 1354 966 1408 Fracta
999 1351 1178 1421 igitur
1202 1351 1411 1422 eripta,
1441 1351 1671 1408 inventa
1698 1350 1830 1405 sunt
1868 1344 2022 1401 circa

375 1442 741 1509 sarco‘agum
793 1441 974 1497 sancti
1017 1440 1240 1498 Paulini
1273 1456 1369 1497 sex
1421 1440 1746 1508 sarcofaga,
1778 1451 2023 1508 quorum

373 1531 489 1587 duo
523 1531 806 1585 lateribus
836 1531 961 1597 ejus
992 1531 1254 1601 apposita
1289 1531 1544 1598 fuerunt,
1581 1533 1834 1598 quatuor
1884 1541 2024 1582 vero

374 1621 620 1692 pedibus
642 1623 768 1693 ejus
783 1623 860 1678 ita
882 1623 1230 1680 altrinsecus
1246 1622 1636 1688 adhaeserunt,
1655 1619 1805 1690 quod
1823 1618 2026 1674 utrim-

375 1724 486 1779 que
519 1711 633 1766 duo
665 1727 737 1766 ex
767 1713 850 1768 eis
883 1713 1188 1776 steterint;
1224 1713 1359 1768 item
1411 1712 1479 1768 ad
1533 1713 1712 1781 caput
1758 1707 2020 1776 ejusdem

377 1800 564 1857 sancti
599 1803 785 1871 patris
830 1803 1014 1864 nostri
1067 1807 1290 1874 septem
1341 1803 1639 1869 sareofaga
1686 1803 2022 1856 sanctorum

2142 636 2355 689 rectam
2388 639 2444 689 et
2479 635 2864 706 reverentiam
2887 635 3108 692 sanctis
3128 633 3228 691 Dei
3251 633 3503 690 debitam
3525 649 3786 692 commo-

2140 721 2387 792 nendos,
2421 724 2683 780 breviter
2710 728 3000 781 notamus.

2209 812 2466 879 Quorum
2515 815 2762 888 primum
2813 815 2958 872 adeo
3003 813 3277 885 notabile,
3309 815 3453 873 adeo
3500 828 3784 871 memora-

2139 899 2274 972 bile,
2317 902 2460 959 adeo
2509 904 2685 960 etiam
2739 905 2846 961 fuit
2894 905 3178 974 mirabile,
3215 910 3280 961 ut
3322 919 3434 962 non
3483 902 3694 974 solum,
3730 903 3778 960 si

2137 1005 2266 1059 quae
2303 991 2538 1049 fuerunt
2570 999 2796 1051 mentes
2825 994 3306 1066 infidelium,inde
3345 992 3610 1050 nimirum
3641 1007 3781 1050 con-

2139 1079 2488 1154 tabuissent,
2533 1083 2636 1139 sed
2667 1088 2724 1140 et
2757 1084 2882 1156 ipsa
2913 1084 3168 1141 fidelium
3201 1082 3411 1140 Christi
3452 1081 3628 1140 corda
3659 1095 3777 1136 non

2137 1167 2433 1228 minimum
2495 1171 2627 1229 inde
2684 1174 3209 1232 contremuissent.
3253 1175 3389 1230 Nam
3436 1187 3587 1242 cum,
3618 1169 3775 1228 sicut

2136 1259 2693 1332 praadiximusJacta
2725 1281 2831 1337 per
2859 1263 3318 1322 misericordiam
3347 1263 3445 1318 Dei
3490 1262 3600 1318 hac
3647 1273 3778 1317 san-

2133 1353 2360 1407 ctorum
2412 1355 2792 1422 revelatione,
2825 1353 3034 1412 domno
3079 1356 3284 1411 nostro
3332 1349 3773 1422 archiepiscopo

2135 1437 2320 1496 Udoni
2353 1441 2641 1516 hujusque
2681 1445 3042 1516 principibus
3073 1442 3445 1516 placuissent,
3480 1445 3542 1496 ut
3584 1438 3774 1507 cripta

2135 1539 2466 1591 sanctorum
2499 1551 2807 1608 corporum
2839 1533 3211 1593 collocationi
3243 1537 3638 1606 competenter
3658 1545 3775 1586 am-

2133 1623 2519 1695 plificaretur,
2563 1641 2806 1684 necesse
2855 1627 2982 1695 fuit,
3021 1632 3082 1683 ut
3126 1626 3432 1698 plurimum
3478 1627 3651 1679 terra:
3701 1635 3774 1676 ex

2136 1709 2339 1766 eodem
2366 1711 2494 1769 loco
2527 1715 2827 1785 purgando
2859 1719 3218 1787 portaretur,
3251 1716 3384 1770 Erat
3419 1717 3606 1770 autem
3638 1713 3773 1766 ante

2140 1796 2194 1852 id
2231 1799 2416 1870 iPsum
2447 1804 2750 1890 smpedigti
2785 1805 2972 1876 patris
3001 1803 3225 1860 Paulini
3259 1801 3668 1860 monasterium
3701 1813 3771 1854 ex

377 1897 716 1959 martyrum,
739 1891 978 1948 totidem
1013 1892 1362 1964 corporibus
1390 1888 1866 1957 aromatizantia,
1905 1887 2023 1943 fue-
2052 1877 2108 1940 B
2139 1877 2860 1964 parteoccidcntalipalus
2875 1893 3246 1966 quaedam,ita
3261 1892 3552 1948 viantibus
3567 1901 3771 1955 nocua,

379 1986 514 2035 runt
546 1980 896 2036 locataJla-e
932 1981 1271 2037 veroomnia
1305 1979 1388 2036 sic
1419 1979 1798 2048 colligaverat
1835 1975 2025 2032 locan-

378 2071 518 2127 tium
551 2071 858 2137 industria,
896 2076 957 2127 ut
994 2070 1161 2127 factis
1195 2069 1514 2126 fornicibus
1552 2065 1797 2136 singulis
1847 2078 2024 2136 super

371 2161 690 2230 sarcofagis
712 2159 1110 2229 binis,nullns,
1143 2163 1207 2215 ut
1261 2159 1478 2215 dictum
1516 2162 1627 2225 est,
1663 2157 1828 2213 locus
1861 2154 2028 2210 dare-

371 2250 568 2308 tureis
586 2249 1026 2318 movendis,nisi
1045 2254 1200 2304 moto
1218 2248 1380 2320 prius
1394 2247 1564 2303 altari
1587 2245 1881 2318 praecipuo
1910 2257 2027 2298 mo-

369 2339 890 2396 nasterii.Fecerat
921 2344 1207 2409 praeterea
1243 2353 1355 2393 non
1390 2337 1561 2407 hujus
1588 2334 1794 2405 criptaa
1827 2331 2024 2389 condi-

373 2433 470 2485 tor
535 2445 842 2498 operosus,
877 2429 980 2484 sed
1041 2428 1212 2498 hujus
1244 2427 1358 2484 loci
1408 2433 1699 2482 eteorum
1767 2437 1895 2494 quae
1945 2419 2022 2476 ibi

373 2523 505 2575 sunt
537 2525 870 2574 sanctorum
901 2533 1211 2588 corporum
1241 2516 1454 2587 aliquis
1483 2514 1807 2578 studiosus,
1837 2510 2022 2566 altare

373 2609 662 2678 quoddam
688 2623 796 2663 non
824 2623 1089 2674 magnum
1116 2605 1186 2661 ad
1208 2606 1386 2676 pedes
1407 2605 1594 2660 sancti
1629 2605 1814 2676 patris
1835 2603 2021 2661 nostri

369 2699 676 2766 sarcofago
717 2698 842 2766 ejus
863 2701 1260 2768 compactum.
1300 2695 1484 2765 Hujus
1539 2694 1731 2751 denuo
1773 2694 2020 2750 remotio

369 2790 428 2842 et
459 2786 650 2855 aliqua
687 2787 796 2839 sub
829 2785 956 2856 ipso
991 2790 1165 2841 terrze
1193 2785 1428 2842 efl‘ossio
1455 2784 1625 2855 plena
1663 2783 1771 2840 fuit
1802 2788 2020 2840 nostrae

370 2873 798 2942 eXpectationis
826 2874 1176 2930 consolatio.
1215 2873 1466 2928 Inventa
1488 2878 1580 2929 est
1613 2872 1898 2941 siquidem
1941 2871 2017 2927 ibi

373 2961 570 3018 tabula
622 2977 976 3028 marmorea;
1009 2977 1117 3029 qua
1169 2962 1418 3028 sublata,
1445 2962 1714 3032 apparuit
1761 2961 2018 3030 ejusdem

375 3049 706 3107 latitudinis
741 3051 934 3106 tabula
977 3050 1275 3122 plumbea.
1327 3051 1459 3106 Haec
1482 3051 1618 3106 item
1653 3049 1840 3106 levata
1878 3050 2016 3107 mul-

367 3142 545 3208 taque
607 3154 770 3209 aqua:
837 3140 1124 3196 infusione
1191 3140 1490 3209 multaque
1559 3144 1700 3194 setae
1767 3141 2018 3212 porcina;

2138 1985 2202 2035 ut
2231 1982 2646 2040 monasterium
2683 1983 2824 2040 illud
2875 1984 3210 2056 petentibus
3233 1989 3330 2042 aut
3349 1985 3481 2042 inde
3509 1985 3777 2057 perhanc

2137 2071 2287 2127 viam
2317 2072 2601 2144 repedare
2633 2073 2964 2131 volentibus
2994 2075 3093 2131 vix
3121 2074 3535 2144 angustissima
3568 2075 3772 2131 relicta

2138 2161 2346 2218 fuisset
2381 2176 2482 2232 per
2514 2161 2668 2217 illam
2701 2163 2924 2219 semita.
2959 2164 3077 2230 Qua
3111 2163 3182 2220 de
3213 2177 3274 2219 re
3321 2163 3611 2234 plerisque
3661 2162 3770 2219 loci

2137 2248 2296 2304 illius
2352 2250 2636 2306 fratribus
2686 2251 3063 2321 complacuit,
3097 2254 3162 2308 ut
3189 2250 3388 2306 eadem
3432 2255 3608 2318 terra,
3644 2265 3772 2320 quae

2135 2338 2211 2394 ob
2240 2339 2577 2409 praedictam
2612 2339 2884 2410 parandae
2906 2339 3112 2409 criptze
3143 2339 3548 2396 necessitatem
3564 2339 3635 2395 de
3656 2355 3772 2396 mo-

2135 2427 2396 2483 nasterio
2426 2431 2786 2498 portaretur,
2813 2427 2882 2483 ad
2908 2427 3356 2484 exsiccationem
3387 2427 3772 2499 paludisejus-

2135 2513 2264 2570 dem
2299 2517 2608 2573 locaretur.
2647 2515 2811 2582 Quod
2842 2531 2971 2572 eum
3021 2516 3186 2572 fieret
3215 2520 3271 2571 et
3320 2520 3474 2572 terra
3525 2531 3627 2588 per
3670 2532 3770 2573 sex

2129 2603 2243 2673 jam
2277 2603 2402 2660 dies
2435 2605 2510 2660 ibi
2545 2605 2810 2676 deposita
2844 2605 3071 2672 fuisset,
3105 2605 3336 2673 accidit,
3364 2609 3428 2661 ut
3459 2605 3512 2660 in
3543 2605 3637 2661 die
3684 2620 3770 2661 se-

2132 2693 2316 2764 ptimo
2345 2709 2495 2750 unus
2535 2693 2749 2764 aliquis
2799 2709 2868 2750 ex
2931 2694 3043 2750 loci
3103 2694 3260 2750 illius
3303 2694 3768 2754 canonicis.ante

2131 2782 2302 2852 cujus
2326 2788 2548 2853 portam
2582 2783 2750 2854 palus
2780 2784 2980 2840 eadem
3015 2783 3317 2840 maximam
3340 2782 3765 2840 inundationem

2133 2870 2612 2938 faciebat,studio
2634 2872 3073 2944 complanandze
3108 2877 3278 2928 terra:
3311 2871 3517 2928 ibidem
3541 2873 3761 2944 positae,

2132 2959 2202 3016 de
2232 2961 2402 3016 domo
2453 2975 2558 3016 sua
2606 2960 3020 3030 egrederetur;
3055 2975 3300 3030 cumque
3331 2965 3542 3016 terram
3581 2959 3765 3016 discu-

2132 3046 2332 3102 tiendo
2371 3048 2554 3103 frusta
2593 3047 2854 3118 quaedam
2888 3048 3108 3104 ossium
3144 3047 3282 3103 inibi
3309 3047 3503 3116 jacere
3522 3047 3758 3108 videret.

2133 3151 2304 3192 unum
2337 3152 2407 3191 ex
2443 3136 2560 3191 illis
2593 3136 2943 3207 suscipiens,
2975 3137 3031 3192 in
3073 3151 3241 3192 manu
3282 3151 3382 3192 sua
3431 3137 3486 3191 in
3536 3137 3759 3193 domum

367 3229 787 3284 confricatione
821 3229 1050 3284 tandem
1075 3233 1342 3300 purgata,
1379 3227 1580 3284 retulit
1603 3229 1774 3284 nobis
1797 3233 1851 3284 et
1880 3229 2019 3285 isto-
2051 3238 2100 3300 α
2132 3223 2274 3280 illud
2310 3223 2566 3296 portavit
2624 3227 2874 3295 Accepta
2909 3225 3082 3281 etiam
3117 3239 3260 3294 aqua
3295 3223 3602 3294 diligenter
3625 3224 3758 3281 illud

366 3332 488 3372 rum
521 3322 837 3387 martyrum
863 3318 1144 3374 vocabula
1169 3324 1227 3374 et
1251 3323 1569 3389 martyrum
1596 3321 2018 3388 tempora,per-

365 3411 696 3461 secutorum
715 3423 947 3477 quoque
982 3406 1468 3476 nomina,aliaquc
1484 3405 1757 3478 perplura
1793 3421 2015 3463 summa

367 3493 706 3550 festivitatis
739 3497 1028 3566 praeconia
1081 3495 1256 3566 hujus
1309 3495 1525 3565 plumbi
1579 3494 1795 3552 cecinit
1847 3495 2018 3551 nobis

364 3583 697 3653 scu'ptura.
740 3586 922 3655 Hujus
951 3600 1091 3652 ergo
1133 3589 1353 3640 textum
1411 3583 1731 3654 sculpturae
1779 3584 1872 3640 hic
1919 3599 2018 3639 vo-

364 3666 578 3725 luimus
621 3671 874 3741 plenitcr
906 3672 1196 3728 inserere.
1234 3673 1314 3729 In
1357 3683 1428 3727 ac
1482 3671 1680 3741 cripta
1733 3671 2011 3740 (568)....

435 3849 487 3899 3.
524 3846 692 3903 Lecta
722 3853 812 3906 cst
847 3849 1028 3919 igitur
1067 3850 1189 3907 haec
1229 3850 1476 3922 epistola
1537 3854 1595 3907 et
1629 3849 1682 3906 in
1733 3849 2013 3920 plurimas

365 3947 493 3988 mox
518 3939 715 3992 cartas
740 3953 868 3992 cum
905 3953 1108 4007 magno
1147 3939 1400 3996 omnium
1434 3939 1530 3995 Dei
1575 3939 1832 3996 fidelium
1865 3939 2012 3994 hanc

361 4021 718 4078 audientium
752 4026 1012 4096 tripudio
1036 4029 1424 4099 transcripta,
1457 4044 1561 4085 nec
1592 4032 1783 4084 tamen
1825 4026 2012 4082 defuit

359 4111 411 4167 in
445 4113 572 4182 ipso
608 4113 860 4171 fidelium
887 4115 984 4170 Dei
1029 4116 1281 4185 collegio
1328 4118 1596 4174 ecclesiae
1637 4117 2010 4178 maliunantis

325 4200 800 4285 .dissensio,qu:e
843 4205 964 4260 hzrc
1015 4204 1224 4263 divinae
1283 4207 1680 4264 miserationis
1728 4205 2005 4262 beneficia

357 4303 465 4345 non
517 4298 728 4358 quanta
775 4293 1023 4350 debebat
1079 4296 1406 4352 reverentia
1475 4295 1832 4366 suscipiebat
1895 4295 2002 4350 Sed

356 4378 567 4448 spiritu
602 4379 876 4449 instigala
909 4383 1460 4450 maligno,dentibu.c
1479 4399 1544 4441 ea
1571 4383 1764 4440 lividis
1784 4383 2004 4440 laniare

359 4469 774 4535 prmsumobat.
817 4471 1085 4527 Ceterum
1129 4473 1337 4530 dentes
1377 4487 1577 4529 eorum
1638 4475 1844 4542 utpote
1875 4485 2005 4536 pec-

2132 3314 2423 3383 purgrvil.
2459 3319 2518 3369 et
2548 3319 2856 3384 purgatum
2887 3314 3115 3369 cuidam
3164 3313 3387 3370 mulieri
3430 3313 3498 3369 ad
3535 3328 3761 3369 conser-

2128 3401 2593 3470 vandum,doncc
2628 3405 2682 3458 in
2713 3404 3130 3459 monasterium
3153 3402 3436 3458 referendi
3459 3402 3644 3458 locum
3671 3404 3762 3457 ha-

2131 3489 2317 3552 beret,
2362 3492 2810 3547 commendavit.
2847 3491 3008 3556 Quod
3059 3491 3155 3546 illa
3215 3490 3546 3562 despective
3585 3489 3761 3546 susci-

2131 3580 2380 3650 piens.et
2420 3595 2527 3636 cur
2549 3579 2688 3635 illud
2717 3580 3043 3634 reverentia
3069 3579 3304 3650 dignum
3330 3593 3456 3634 esse
3480 3577 3757 3647 judicaret

2127 3667 2429 3738 inquirens
2444 3669 2640 3738 posuit
2658 3676 2847 3724 tamen
2867 3668 3007 3725 illud
3032 3669 3084 3724 in
3111 3668 3326 3724 scrinio
3339 3683 3444 3725 suo
3465 3668 3617 3724 inter
3636 3682 3762 3738 pan-

2126 3755 2428 3813 niculosos
2443 3756 2708 3828 aliosque
2727 3755 3027 3814 muliebris
3041 3755 3423 3828 supellectilis
3440 3770 3572 3812 usus
3587 3755 3762 3811 diver-

2127 3859 2254 3906 sos;
2292 3845 2966 3916 pigmentorumquoque
2991 3844 3216 3916 species
3238 3843 3445 3916 aliquae
3477 3844 3530 3900 in
3561 3843 3752 3900 eodem

2126 3931 2359 3988 fuerunt
2397 3932 2614 3988 scrinio
2637 3933 2930 4005 repositae.
2967 3935 3102 3990 Cum
3149 3937 3342 3989 autem
3390 3931 3750 4002 vespertinali

2123 4020 2490 4088 offleio,sicut
2515 4021 3034 4091 quadragesimalis
3064 4021 3339 4094 temporis
3388 4021 3536 4076 ratio
3563 4035 3751 4092 posce-

2123 4109 2243 4179 bat,
2279 4111 2460 4168 frater
2487 4110 2584 4166 illc
2617 4126 2745 4166 cum
2780 4110 2904 4166 suis
2945 4111 3000 4166 in
3047 4109 3247 4166 eadem
3299 4109 3468 4166 domo
3519 4110 3746 4166 reticere

2119 4197 2509 4269 vellet,c<epit
2537 4198 2656 4268 illa,
2687 4199 2782 4256 cui
2810 4214 2877 4256 os
2915 4199 3283 4256 commissum
3335 4199 3538 4266 fuerat,
3567 4197 3744 4269 puella

2120 4285 2296 4342 nimio
2333 4287 2531 4343 cordis
2585 4287 2790 4343 dolore
2851 4287 3124 4356 cruciari,
3158 4287 3335 4359 coepit
3384 4285 3647 4357 corporis
3692 4291 3745 4341 et

2117 4374 2416 4445 sanguinis
2466 4375 2739 4432 dominici
2788 4375 3271 4445 communionem,
3307 4380 3366 4430 ut
3419 4372 3507 4407 ⁴⁰²¹
3563 4373 3745 4430 exitus

2114 4461 2288 4518 vicini
2322 4463 2825 4535 praeparationem.
2852 4463 3065 4534 quibus
3095 4467 3322 4534 poterat
3356 4463 3656 4520 verborum
3677 4463 3745 4519 si-

351 4559 639 4625 eatorum,
673 4558 946 4615 Dominus
1011 4567 1321 4619 conterere
1360 4561 1752 4627 curavit,dum
1809 4560 1995 4630 signa,
2028 4596 2084 4660 Β
2111 4550 2260 4620 guis,
2297 4552 2430 4622 quia
2463 4552 2603 4623 ipsis
2651 4551 2910 4622 nequivit
2937 4551 3526 4620 verbis,humiliterac
3548 4551 3744 4608 devote

349 4658 476 4714 quae
504 4643 669 4712 juxta
703 4646 865 4702 Pauli
898 4649 1075 4704 verba
1108 4665 1217 4705 non
1247 4648 2002 4714 fidelibus,sedinfldelibus

346 4731 402 4801 (Ι
437 4733 702 4802 Cor.xrv,
735 4739 824 4803 22)
859 4736 992 4792 data
1021 4743 1178 4808 sunt,
1215 4737 1270 4793 in
1293 4745 1610 4809 conspectu
1660 4751 1862 4794 eorum
1896 4749 2001 4806 per

343 4822 550 4878 merita
580 4829 895 4892 martyrum
925 4825 1348 4895 pretiosorum,
1384 4840 1628 4896 quorum
1675 4823 1996 4881 inventioni

342 4924 453 4966 non
485 4911 954 4980 congaudebant,
991 4912 1430 4986 multiplicavit.
1455 4915 1532 4968 Ex
1566 4914 1656 4970 his
1681 4912 1861 4982 igitur
1898 4911 2000 4967 ali-

341 5012 472 5070 qua,
500 5004 564 5056 ut
599 4999 774 5057 dictis
798 5000 1146 5072 apostolicis
1186 5001 1239 5058 in
1275 5003 1382 5060 hoc
1415 5001 1996 5068 consentiamus,non

338 5089 564 5142 tantum
615 5091 858 5160 propter
908 5087 1112 5146 fideles
1143 5089 1359 5145 Christi
1393 5087 1793 5158 instruendos,
1823 5103 1998 5159 quan-

2114 4640 2472 4713 precari.Cui
2508 4641 2690 4697 frater
2721 4641 2851 4698 ille:
2884 4641 3006 4700 Fac
3035 4641 3148 4699 tibi
3173 4641 3254 4697 ait
3282 4639 3569 4698 scrinium
3589 4640 3744 4696 tuum

2110 4729 2424 4799 deferri,”
2447 4731 2504 4788 si
2529 4745 2653 4802 qua
2681 4730 2870 4788 sitibi
2897 4732 3117 4802 species
3133 4729 3743 4802 piymntaria,dolori

2110 4819 2307 4878 cordis
2329 4821 2657 4892 profutura
2683 4821 2942 4890 require.
2981 4822 3096 4876 lloc
3143 4819 3334 4888 dixit,
3370 4824 3428 4875 et
3474 4819 3737 4875 scrinium

2110 4907 2216 4964 hac
2250 4908 2319 4963 de
2350 4923 2521 4964 causa
2581 4907 2995 4966 recludendum
3051 4907 3132 4964 illi
3165 4906 3601 4964 accomomdare
3637 4921 3738 4963 non

2111 4995 2359 5053 distulit.
2396 4997 2514 5053 Hoc
2543 4996 2740 5068 itaque
2770 4996 3005 5052 vixdum
3038 4997 3269 5054 recluso
3299 4999 3360 5052 et
3400 4995 3739 5068 cooperculo

2113 5083 2368 5142 tenuiter
2398 5083 2759 5154 levato,mira
2794 5089 3095 5142 resttanta
3139 5084 3435 5156 sanguinis
3460 5084 3741 5140 exundan-

1711 5211 1950 5270 νᾹΡιῐίΕ
1983 5209 2384 5268 LECTIONES.

406 5308 498 5343 ⁴⁰²¹
527 5315 626 5367 aut
661 5316 722 5368 ut
756 5311 852 5369 ed.

1935 5407 2158 5462 NOTE.

411 5527 558 5607 (568)
585 5531 739 5587 Hanc
769 5531 1032 5607 tabulam,
1055 5534 1192 5607 vide
1224 5550 1399 5607 supra
1428 5537 1541 5592 eol.
1590 5539 1746 5605 1161,
1773 5550 1834 5589 n.
1865 5536 1888 5559 ⁶
1921 5546 1996 5607 ex

343 5598 648 5657 Gestorum
681 5602 984 5660 codicibus
1009 5606 1056 5674 ,Β
1087 5598 1324 5676 editam",
1360 5610 1539 5671 Quam
1596 5598 1743 5676 post'
1791 5604 1996 5665 North-

344 5683 683 5727 mannorum
716 5676 978 5744 tempora
1013 5676 1206 5733 fictam
1249 5692 1398 5748 esse,
1432 5679 1736 5736 Hontheim
1785 5679 1996 5748 (Nolle-

2108 5529 2266 5599 rus?)
2298 5528 2353 5584 L.
2393 5528 2440 5585 1.
2479 5546 2532 5601 p.
2573 5534 2692 5599 100,
2743 5531 2993 5602 probare
3025 5528 3242 5598 voluit;
3289 5529 3344 5584 in
3397 5530 3738 5587 contrariam

2105 5630 2246 5674 vero
2280 5618 2644 5691 sententiam
2681 5617 2736 5675 1.
2776 5621 2966 5676 Bueus
3000 5621 3121 5674 Act.
3159 5619 3252 5674 SS.
3289 5618 3414 5675 Oet.
3451 5619 3520 5689 ll,
3553 5635 3612 5691 p.
3648 5617 3738 5674 336

2106 5702 2234 5760 sqq.
2268 5688 2612 5761 disputavit.
