3920 6428
198 393 365 459 12⁵78

195 527 281 585 tia
307 530 388 587 ab
415 547 573 591 osse
598 535 698 594 illo
720 534 886 592 valde
920 550 1096 604 parvo
1129 541 1217 589 est
1247 532 1449 598 effusa,
1476 536 1538 588 ut
1564 531 1738 587 facies
1766 546 1883 588 mu-
1912 512 1965 571 Α

196 619 374 675 lieris
400 623 685 691 ejusdem
713 631 829 682 tota
865 630 1038 694 atque
1075 624 1312 693 pellicea
1347 624 1472 691 ejus
1507 622 1722 676 manica
1753 621 1884 675 dex-

197 712 291 764 tra
349 711 729 768 mirabiliter
787 715 861 770 sit
898 714 1027 768 inde
1091 714 1338 782 perfusa.
1379 715 1500 782 ipsa
1565 726 1794 780 quoque
1829 710 1882 763 in

195 797 415 854 eadem
455 801 609 856 hora
647 819 674 857 a
733 803 930 858 cordis
963 802 1163 858 dolore
1194 806 1281 856 est
1342 800 1624 855 absoluta.
1662 800 1782 865 Qua
1815 797 1884 852 de

200 900 262 940 re
298 887 497 944 nimio
561 891 821 960 percussi
883 897 1130 954 terrore,
1169 889 1490 944 lacrimosis
1552 888 1822 959 precibus
1855 901 1882 939 a

198 974 408 1030 divina
443 978 856 1034 misericordia
883 978 1255 1049 postulabant
1276 977 1572 1044 continuo,
1599 981 1885 1045 quatenus

198 1068 321 1118 tam
363 1063 667 1122 immenso
725 1068 1047 1123 divinitatis
1101 1082 1219 1122 suze
1270 1066 1560 1135 przeconio
1596 1065 1752 1118 nullo
1784 1080 1884 1117 eos

196 1155 494 1220 corporis
532 1160 634 1209 aut
695 1155 896 1211 animae
928 1156 1224 1210 damnaret
1274 1155 1511 1222 judicio.
1552 1154 1674 1217 Quo
1709 1154 1880 1216 facto,

201 1239 398 1293 frater
434 1242 599 1295 idem
633 1258 877 1298 currens
904 1243 1203 1298 curriculo
1236 1243 1302 1296 ad
1344 1242 1590 1310 aliquem
1620 1243 1882 1307 fratrum,

200 1341 386 1395 quem
426 1330 553 1383 sibi
587 1338 866 1400 expertus
919 1336 1044 1386 erat
1078 1347 1205 1386 esse
1241 1331 1578 1397 ﬁdeliorem,
1615 1328 1682 1382 ad
1717 1327 1883 1395 hujus

200 1417 286 1469 rei
324 1433 471 1471 eum
518 1421 791 1486 perduxit
845 1420 1420 1475 demonstrationem.
1485 1419 1591 1483 Qui
1627 1417 1880 1480 veniens,

201 1505 346 1560 dum
367 1507 590 1561 SCt'itlll
616 1507 872 1575 ejusdem
889 1509 1225 1578 operculum
1246 1509 1712 1577 introspecturus
1738 1506 1885 1560 leva-

204 1597 322 1659 ret,
355 1594 573 1648 nullus
623 1595 773 1650 sicut
805 1597 924 1665 ipse
957 1598 1056 1657 ait,
1086 1598 1178 1666 qui
1216 1597 1318 1650 hoc
1357 1612 1463 1649 non
1492 1596 1735 1658 videret,
1763 1607 1885 1645 cre-

203 1680 352 1736 dere
383 1697 508 1736 non
542 1685 785 1752 valeret,
813 1686 1060 1753 qualiter
1107 1686 1293 1739 adhuc
1326 1684 1559 1751 sanguis
1583 1698 1650 1737 ex
1685 1681 1885 1736 eodem

202 1783 348 1823 osse
384 1769 592 1838 ipsum
629 1772 826 1825 scrinii
861 1772 1194 1840 cperculum
1230 1776 1531 1840 totumque
1566 1769 1719 1838 quod
1762 1769 1886 1836 ipso

206 1858 443 1912 scrinio
471 1866 604 1914 erat
633 1859 930 1914 mulieln-is
967 1861 1290 1930 disciplinae
1332 1861 1773 1913 instrumentum
1803 1870 1886 1908 re-
1917 1838 1968 1895 Β

206 1948 571 2016 spergeudo
607 1947 860 2002 bulliret.
909 1948 1067 2002 Unde
1125 1953 1183 2000 et
1219 1948 1339 2018 ipse
1376 1962 1480 2001 non
1535 1945 1767 1998 minimo
1800 1958 1886 1996 rc-

209 2034 423 2104 pletus
487 2040 754 2104 stupore,
787 2051 914 2092 cum
975 2036 1238 2092 omnibus
1269 2052 1396 2105 qua!
1432 2036 1481 2088 in
1540 2050 1664 2103 ipso
1697 2035 1884 2099 erant,

210 2138 327 2177 non
365 2124 496 2191 jam
535 2124 810 2194 deinceps
837 2125 1216 2181 muliebribus
1242 2123 1634 2184 armamentis,
1668 2122 1767 2175 sed
1790 2135 1886 2190 po-

206 2210 335 2264 tius
366 2211 679 2279 aliquibus
704 2217 816 2266 tam
853 2213 1086 2282 pretiosi
1123 2213 1420 2280 sanguinis
1444 2226 1778 2280 aspersione
1812 2211 1886 2261 fa-

209 2298 834 2367 ctissacramentis,in
873 2308 1282 2355 monasterium
1321 2301 1662 2354 festinanter
1699 2303 1888 2366 porta-

209 2386 319 2448 vit,
344 2387 975 2456 illudqueconvocatis
994 2389 1145 2443 illico
1165 2389 1455 2458 prioribrs
1475 2388 1579 2441 loci
1605 2386 1886 2441 illiusom-

213 2475 398 2529 nibus
426 2476 879 2531 demonstravit.
909 2478 1020 2546 lpsi
1046 2493 1205 2539 vero,
1234 2478 1566 2531 missismox
1587 2474 1882 2544 peremnia

211 2564 413 2617 totius
451 2565 714 2619 civitatis
745 2567 1094 2620 monasteria
1122 2565 1290 2635 hujus
1315 2566 1393 2618 rei
1425 2564 1659 2629 nuntiis,
1687 2578 1884 2616 omnes

212 2651 486 2706 abbates
538 2657 596 2705 et
642 2654 1014 2722 prmpositos,
1076 2653 1488 2722 corepiscopos
1521 2656 1576 2706 et
1636 2653 1884 2705 decanos

210 2744 596 2805 ceterosque
631 2739 760 2793 boni
816 2740 1130 2793 testimonii
1169 2741 1379 2794 fratres
1411 2755 1516 2793 non
1569 2754 1781 2808 paucos
1815 2740 1882 2791 ad

211 2841 276 2882 se
317 2828 377 2880 in
419 2827 626 2880 eadem
685 2829 823 2883 hora
877 2829 1090 2884 faciunt
1122 2830 1337 2883 venire.
1393 2830 1666 2884 Dominus
1696 2835 1884 2881 autem

214 2915 720 2984 archiepiswpus
753 2932 862 2972 non
921 2922 1045 2972 erat
1100 2923 1235 2973 tunc
1271 2919 1321 2972 in
1359 2917 1450 2971 illa
1483 2918 1739 2971 civitate.
1778 2915 1884 2970 Alii

217 3007 426 3056 autem
459 3017 662 3056 omnes
688 3002 794 3057 loci
822 3004 991 3072 hujus
1019 3005 1241 3074 priores
1277 3006 1326 3058 in
1359 3005 1675 3060 claustrum
1703 3003 1884 3058 sancti

218 3090 464 3146 Paulini
489 3090 762 3145 celeriter
783 3093 1139 3160 congregati,
1169 3094 1468 3157 magnifico
1505 3091 1762 3148 miraculi
1791 3093 1890 3145 hu-

214 3178 314 3246 jus
331 3183 577 3233 ostento
597 3194 703 3233 non
725 3181 948 3234 modico
966 3187 1094 3235 sunt
1116 3181 1390 3236 hetiticati
1409 3181 1625 3235 .Delato
1643 3195 1886 3246 namque
1921 3193 1966 3247 (τ

227 3267 279 3320 in
318 3267 700 3336 praesentiam
734 3283 932 3322 eorum
967 3269 1204 3336 scrinio,
1233 3285 1359 3323 cum
1395 3284 1527 3323 osse
1552 3269 1885 3337 sanguinem

223 3354 354 3408 sine
391 3354 726 3409 cessatione
784 3355 1076 3425 fundente,
1116 3356 1329 3425 accepit
1376 3356 1585 3425 aliquis
1642 3372 1710 3409 ex
1745 3357 1885 3424 ipsis

227 3443 524 3496 fratribus
546 3458 608 3497 os
631 3458 689 3497 sa
703 3443 1134 3510 nguinolcntum
1173 3445 1224 3497 in
1246 3460 1465 3511 manus,
1482 3460 1726 3512 cninqne
1745 3444 1883 3499 illud

221 3531 520 3598 sanguine
558 3531 609 3584 in
643 3532 917 3586 scrinium
948 3534 1238 3586 transfuso
1270 3531 1481 3601 sarpius
1515 3537 1879 3598 evacuasset,

221 3617 388 3674 dicto
423 3632 659 3687 semper
698 3618 873 3674 citius
927 3619 1123 3687 majori
1161 3620 1456 3687 sanguinis
1507 3620 1882 3675 inundatione

222 3706 594 3776 replebatur.
653 3708 820 3762 Pacta
875 3708 1052 3775 igitur
1083 3707 1234 3761 inter
1295 3709 1704 3778 prudentiores
1733 3724 1884 3777 qua:-

225 3794 445 3861 stione,
482 3810 550 3848 ex
584 3809 691 3863 qua
751 3794 1017 3850 videlicet
1077 3795 1382 3850 occasione
1414 3797 1559 3850 tanti
1598 3797 1879 3866 miraculi,

225 3882 323 3948 qui
358 3883 436 3935 ibi
466 3888 875 3942 convenerant.
904 3883 1072 3950 hujus
1098 3883 1359 3939 miraculi
1396 3884 1616 3954 spiculo
1639 3899 1664 3938 a
1688 3885 1882 3939 divino

231 3969 487 4024 fuissent
523 3971 784 4040 percussi
811 3971 1078 4040 consilio,
1108 3972 1226 4025 lure
1256 3988 1358 4026 una
1386 3974 1747 4027 omnibusex
1781 3973 1882 4027 hac

231 4072 290 4112 re
317 4058 582 4111 surrexit
617 4057 927 4124 sententia,
963 4059 1032 4112 de
1067 4059 1387 4114 adhibenda
1424 4059 1646 4114 scilicet
1682 4060 1880 4127 majori

233 4151 481 4214 prO-ptcr
514 4145 621 4200 hoc
677 4146 896 4214 signum
952 4148 1273 4202 reverentia
1309 4151 1367 4201 et
1421 4148 1558 4216 ipsis
1591 4148 1877 4201 Socioram

230 4234 474 4288 ossibus
505 4239 557 4286 et
594 4249 793 4288 eorum
846 4235 1160 4290 cineribus.
1201 4236 1279 4290 Ad
1315 4236 1480 4304 cujus
1511 4240 1877 4302 augmentum

233 4322 584 4376 reverentiae
615 4322 886 4377 dicebant
919 4324 1232 4392 pertinere,
1265 4329 1324 4378 ut
1351 4329 1524 4391 terra,
1565 4339 1689 4391 qiuc
1723 4324 1873 4376 circa

231 4411 537 4476 sarcofaga
589 4425 785 4465 eorum
841 4412 1028 4480 posita
1067 4411 1117 4465 in
1156 4413 1362 4480 locum,
1403 4417 1463 4465 ut
1519 4411 1732 4465 dictum
1767 4417 1874 4474 est,

229 4511 531 4551 etenosum
567 4504 732 4553 antea
786 4499 1201 4568 proiciebat—ur,
1238 4499 1510 4569 deinceps
1543 4499 1596 4552 in
1630 4498 1876 4567 aliquem
1910 4539 1962 4598 Ι)

233 4588 508 4641 mundum
545 4587 733 4641 locum
781 4589 1194 4643 venerabiliter
1251 4588 1682 4651 collocaretur;
1717 4587 1881 4654 cujus

234 4687 482 4729 acervus
515 4677 647 4730 dum
693 4675 954 4741 Galanth,
993 4676 1097 4731 hoc
1131 4681 1220 4730 cst
1256 4692 1500 4731 acervus
1534 4675 1874 4740 testimonii,

237 4776 344 4815 non
380 4763 670 4817 immerito
696 4769 1024 4829 vocaretur,
1078 4765 1288 4818 factum
1317 4765 1366 4816 in
1403 4780 1550 4829 esse,
1571 4764 1719 4832 quod
1748 4763 1878 4816 huic

234 4851 602 4921 suppositum
636 4853 823 4907 fuerat
858 4857 1048 4920 terrze,
1085 4852 1420 4907 miraculum
1451 4853 1598 4907 ()llll'll
1634 4852 1882 4921 posteri-

238 4940 339 4991 tati
377 4940 735 5007 loqueretur.
767 4941 881 4994 Hoc
916 4939 1108 5009 itaque
1139 4939 1383 4995 consilio
1414 4939 1548 4994 dato
1579 4945 1634 4993 et
1668 4940 1881 4994 collau-

235 5024 394 5092 dato,
425 5026 563 5081 illud
589 5026 761 5082 etiam
779 5027 962 5081 eidem
983 5029 1222 5082 fratrum
1241 5026 1488 5096 collegio
1503 5027 1874 5096 complacuit,

238 5121 297 5167 ut
332 5115 548 5170 scrinio
582 5115 635 5169 in
679 5115 1092 5171 monasterium
1154 5115 1340 5170 relato
1370 5122 1427 5170 et
1461 5131 1636 5186 super
1693 5116 1876 5170 altare

235 5198 442 5272 locato,
470 5203 757 5259 communi
782 5204 979 5258 c‘ordis
1012 5211 1069 5258 et
1093 5204 1210 5259 oris
1235 5219 1875 5273 necnoncampanarum

235 5292 609 5345 consonantia
655 5291 845 5346 divina
905 5294 975 5345 ab
1031 5293 1115 5346 eis
1149 5292 1488 5346 laudaretur
1547 5293 1872 5361 pt‘tli‘lt}:;iia9

237 5391 361 5446 quae
394 5379 532 5434 nihil
558 5380 694 5432 facit
722 5379 825 5434 nisi
876 5381 927 5432 in
955 5397 1176 5447 magna,
1213 5387 1269 5435 ut
1300 5398 1398 5450 par
1420 5386 1527 5438 est,
1556 5381 1864 5449 sapiei'itia.

239 5465 316 5518 Ad
350 5467 493 5521 hanc
525 5483 664 5535 ergo
725 5467 945 5521 laudern
983 5469 1075 5521 Dei
1136 5485 1203 5521 ex
1239 5477 1356 5522 tota
1418 5469 1656 5522 civitate
1688 5469 1876 5536 cujus-

311 5693 454 5764 (559)
492 5697 605 5750 Hoc
638 5695 713 5748 ita
749 5711 797 5750 a.
839 5701 969 5750 1072
1001 5696 1124 5751 fuit.

916 405 1178 469 GESTA
1210 404 1562 467 TREVER.
1602 441 1670 450 -
1705 402 2062 465 APPEND.
2103 404 2211 464 EX
2241 403 2442 466 HIST.
2478 404 2700 466 MART
2732 404 2972 466 TREV.

3477 389 3628 461 1:774

2000 531 2140 585 lihet
2173 531 2393 587 ordinis
2425 536 2482 588 et
2537 532 2729 586 :etatis
2761 531 2866 586 viri
2918 546 2981 586 ac
3018 528 3260 597 feminae,
3291 527 3534 600 juvenes
3575 528 3633 579 et

2000 620 2269 687 virgines.
2327 637 2493 677 senes
2537 638 2664 676 cum
2695 621 3046 692 junioribus,
3100 619 3366 674 hilariter
3423 629 3633 672 conve-

1997 711 2244 772 nientes,
2275 712 2427 764 finita
2457 710 2644 776 laude,
2675 711 2724 764 in
2752 725 2852 765 sua
2887 709 3202 776 redierunt,
3231 705 3529 762 Dominum
3562 705 3633 757 de

1995 800 2109 852 tam
2143 798 2383 853 inauditi
2421 799 2679 854 miraculi
2727 805 2969 868 stupore
3023 795 3454 852 henedicentes.
3494 793 3634 847 Con-

1997 887 2124 955 tigit
2159 893 2349 941 autem
2385 888 2534 942 istud
2583 887 2920 941 miraculum
2957 886 3154 954 quinta
3201 885 3389 938 Nonas
3423 880 3628 942 Martii,

1994 980 2048 1028 et
2077 976 2378 1030 sabbatum
2407 981 2530 1030 erat
2555 977 2881 1042 (560)."ora
2905 989 3042 1030 vero
3076 987 3218 1027 nona
3242 985 3417 1026 cruor
3451 968 3544 1023 ille
3562 983 3632 1021 ex

1997 1079 2128 1118 osse
2159 1066 2331 1133 cmpit
2370 1080 2616 1128 manare,
2653 1066 2744 1134 qui
2781 1080 2889 1118 non
2926 1070 3056 1117 ante
3091 1060 3321 1115 tertiam
3357 1056 3629 1112 secundm

1999 1154 2154 1207 ferize
2187 1155 2381 1207 horam
2445 1154 2602 1209 visus
2643 1159 2732 1209 est
2783 1167 3032 1208 cessare.
3088 1153 3251 1204 Fama
3287 1163 3426 1214 ergo
3461 1144 3632 1212 hujus

1997 1241 2254 1295 miraculi
2285 1242 2451 1307 longe
2484 1241 2713 1310 latwjuc
2749 1241 2992 1295 volando
3023 1238 3394 1309 plurimorum
3424 1232 3631 1287 salutis

2000 1329 2143 1382 facta
2179 1335 2269 1384 est
2301 1331 2547 1396 micasio,
2603 1332 2733 1385 dum
2799 1329 3077 1383 innuu‘ieri
3116 1325 3362 1380 diversis
3397 1323 3631 1386 languo-

1997 1431 2118 1470 rum
2149 1419 2340 1482 fatigat
2361 1419 2583 1472 ionihus
2605 1419 2889 1488 oppressi,
2919 1419 2986 1471 ad
3015 1417 3182 1483 hujus
3210 1416 3411 1467 famam
3463 1410 3629 1463 mira—

1995 1506 2109 1560 culi
2150 1507 2546 1576 undecumque
2606 1508 2802 1572 exciti,
2839 1507 3102 1561 venirent
3134 1505 3200 1558 ad
3260 1504 3407 1558 hunc
3441 1501 3626 1554 locum

1996 1594 2241 1648 humiles
2270 1602 2326 1648 ct
2360 1596 2571 1651 devoti.
2610 1599 2862 1665 Cuinqne
2895 1610 3084 1649 coram
3113 1594 3217 1647 hoc
3245 1590 3418 1662 positi
3445 1605 3633 1643 sacra-

1999 1688 2190 1735 mento
2221 1691 2454 1753 propter
2487 1690 2743 1753 peccata,
2773 1685 2981 1751 quibus
3007 1683 3375 1749 aliquatenus
3403 1676 3626 1732 multati

1998 1771 2600 1840 erant,planxissent,
2650 1787 2970 1840 aquaion
3027 1770 3177 1824 ossis
3237 1768 3406 1834 hujus
3467 1765 3633 1818 intin-

1998 1859 2188 1912 ctione
2209 1865 2493 1913 sacratam
2530 1861 2637 1914 sibi
2666 1861 2853 1913 datam
2891 1859 3256 1928 aliquatenus
3280 1858 3628 1923 gustassent,

1997 1961 2105 1999 non
2131 1952 2217 2001 est
2247 1948 2352 2002 nisi
2389 1949 2601 2002 Christi
2635 1949 2902 2003 lideliluis
2932 1947 3232 2007 credibile,
3259 1959 3428 2012 quam
3475 1941 3634 1996 citis-

1997 2034 2203 2103 sime,a
2223 2052 2583 2105 quacumque
2608 2043 2769 2106 peste
2806 2037 3217 2103 gravabantur,
3242 2032 3471 2087 liberati
3500 2032 3634 2086 fuis-

1997 2128 2144 2178 sent.
2192 2126 2244 2178 Si
2282 2127 2410 2194 quis
2443 2132 2633 2180 autem
2671 2140 2966 2180 numerum
3000 2129 3056 2178 et
3090 2123 3346 2178 ordinem
3382 2122 3628 2176 istorum

1997 2225 2023 2263 a
2061 2212 2226 2266 nobis
2256 2214 2483 2267 curiose
2510 2213 2827 2282 quzrsierit,
2855 2228 2956 2282 per
2979 2215 3100 2267 hzec
3126 2212 3297 2266 verba
3328 2208 3628 2278 Porphyrii

1997 2299 2103 2353 sibi
2135 2315 2222 2354 ero:
2237 2301 2303 2355 da
2320 2306 2334 2352 t
2367 2302 2636 2356 satisfieri
2667 2321 2675 2353 :
2739 2303 2808 2355 In
2844 2315 3079 2356 φιφιφηεγο
3104 2300 3259 2356 sunt.
3295 2299 3398 2356 sed
3423 2312 3537 2352 non
3569 2298 3632 2350 in

1983 2389 2178 2457 ﬁnito.

2067 2479 2115 2530 4.
2156 2478 2320 2532 Facta
2383 2483 2517 2532 sunt
2552 2484 2827 2547 prmtcrea
2889 2478 3162 2532 miracula
3197 2492 3302 2532 non
3367 2490 3542 2546 pauca
3577 2474 3627 2526 in

1999 2564 2091 2619 illa
2115 2566 2336 2620 Scilicet
2361 2568 2548 2636 cripta
2575 2568 2667 2622 ubi
2697 2572 3024 2621 sanctorum
3052 2566 3350 2620 martirum
3376 2564 3627 2633 reposita

1997 2660 2126 2707 sunt
2161 2671 2423 2724 corpora.
2466 2657 2503 2709 Ε
2537 2656 2744 2724 quibus
2771 2656 2956 2724 aliqua
2995 2661 3205 2708 nostra:
3239 2669 3388 2708 nunc
3424 2667 3632 2705 memo-

1999 2741 2096 2796 riae.
2123 2744 2523 2797 succurrentia
2560 2745 2813 2799 brtwiter
2857 2750 2986 2798 sunt
3024 2742 3394 2810 designanda.
3431 2742 3510 2794 Ex
3542 2740 3631 2793 his

1998 2835 2120 2882 erat
2150 2831 2251 2884 hoc
2279 2833 2541 2900 primum,
2562 2833 2712 2900 quod
2743 2833 2876 2886 licet
2900 2833 2967 2886 ad
3001 2832 3279 2902 plurimas
3300 2835 3629 2883 sanctorum

1997 2917 2292 2983 contingat
2340 2920 2664 2986 memorias,
2703 2920 2967 2974 nolumus
2997 2924 3184 2972 tamen
3212 2918 3263 2970 in
3288 2917 3375 2971 his
3408 2929 3634 2985 quoque

2001 3004 2295 3058 miraculis
2351 3007 2536 3061 locum
2573 3008 2622 3060 ei
2658 3023 2888 3075 negare,
2945 3022 3108 3075 quem
3161 3005 3368 3059 divinzc
3403 3002 3634 3074 pietatis

1999 3093 2290 3147 ordinatio
2323 3094 2370 3146 ei
2437 3094 2666 3160 dignata
2703 3101 2787 3149 cst.
2823 3094 3272 3149 aecimuimtlare.
3335 3094 3471 3146 Nam
3504 3105 3630 3145 cum

2001 3182 2731 3252 domnusarchicpisroaus
2761 3183 3158 3252 [lOSl‘dtltliiHDl
3187 3183 3254 3235 de
3283 3180 3437 3235 ossis
3469 3178 3635 3232 mira-

1997 3268 2110 3322 culi
2149 3271 2350 3324 famam
2400 3272 2644 3340 primum
2683 3273 2732 3324 in
2769 3272 2907 3325 illud
2942 3271 3123 3324 sancti
3185 3268 3406 3323 Paulini
3445 3281 3636 3319 mona-

1997 3358 2236 3412 sterium
2263 3359 2542 3413 orationis
2584 3377 2755 3414 musa
2782 3359 3056 3424 Venisset,
3099 3357 3396 3410 veniteum
3419 3370 3485 3408 eo
3511 3353 3630 3422 qui-

1997 3444 2121 3498 dam
2155 3447 2222 3500 de.
2259 3447 2521 3516 partibus
2581 3447 2898 3515 Aquitanim
2961 3446 3267 3516 pienitens,
3305 3443 3471 3511 cujus
3506 3442 3631 3494 bra-

1995 3535 2184 3590 chium
2232 3535 2497 3589 dextrum
2541 3537 2691 3589 ferro
2718 3535 3104 3601 fuitligatum.
3143 3533 3240 3587 llic
3278 3531 3470 3600 itaque
3501 3545 3627 3584 cum

1997 3623 2202 3677 domno
2236 3624 2496 3677 antistite
2560 3625 2763 3676 fossam
2812 3622 2984 3689 illam,
3020 3637 3087 3674 ne
3142 3622 3324 3676 dicam
3359 3619 3627 3688 criptam,

1996 3727 2120 3780 quze
2156 3711 2400 3764 nondum
2440 3711 2511 3764 ibi
2549 3713 2756 3779 fuerat,
2786 3711 3047 3764 intravit.
3097 3751 3108 3763 .
3159 3751 3169 3762 .
3221 3751 3232 3762 .
3279 3751 3289 3760 .
3341 3750 3351 3760 .
3399 3749 3411 3760 .

2067 3801 2200 3853 Post.
2233 3800 2352 3853 haec
2404 3800 2455 3852 iu
2492 3799 2580 3853 die
2637 3799 2972 3868 palmarum,
3012 3814 3138 3867 qua)
3174 3803 3309 3851 tunc
3343 3801 3470 3851 erat
3508 3811 3636 3865 pro-

1995 3886 2161 3953 xima,
2222 3888 2479 3956 qnzeilam
2541 3888 2740 3940 femina
2788 3930 2798 3939 .
2861 3929 2872 3940 .
2921 3929 2931 3939 .
2981 3928 2989 3938 .
3045 3888 3193 3939 .Est
3257 3890 3444 3938 autem
3501 3897 3634 3936 con-

1993 3975 2241 4030 suetudo
2274 3975 2382 4028 loci
2419 3975 2571 4030 illius
2629 3975 3167 4043 congregatioimm,
3205 3979 3267 4028 ut
3301 3972 3354 4025 in
3388 3971 3478 4026 die
3512 3970 3633 4024 Pal-

1995 4077 2211 4117 marum
2246 4063 2300 4114 in
2329 4064 2378 4115 id
2407 4064 2590 4130 ipsum
2627 4064 2811 4115 sancti
2849 4062 3066 4116 Paulini
3118 4061 3525 4115 monasterium
3563 4057 3630 4111 ad

1994 4150 2216 4203 lalltitllll
2244 4151 2338 4203 Dei
2360 4166 2555 4203 omnes
2601 4167 2612 4200 (
2640 4165 2728 4203 um
2763 4163 2959 4214 magna
3013 4151 3353 4218 piiipuloruin
3382 4146 3636 4201 multitu-

1992 4237 2123 4290 dine
2149 4237 2298 4289 (cunni
2343 4235 2877 4291 annomnveniaut.
2935 4239 3068 4289 Cum
3118 4250 3257 4302 ergo
3287 4235 3448 4303 ju\l.a
3481 4233 3631 4287 hunc

1994 4325 2061 4377 rit
2081 4340 2165 4376 nm
2188 4323 2383 4377 eadem
2419 4323 2508 4376 die
2536 4322 2816 4375 maximus
2840 4328 2894 4374 ct
2922 4323 3118 4377 clerus
3141 4328 3199 4377 et
3226 4322 3469 4392 populus
3496 4320 3630 4375 illuc

1994 4411 2399 4465 convenissent
2431 4415 2489 4463 et
2531 4408 3076 4464 consnctudinarias
3110 4410 3186 4464 ibi
3216 4411 3416 4465 laudes
3447 4409 3633 4462 Domi-

1996 4515 2065 4553 no
2101 4499 2411 4552 dixissent.
2464 4539 2474 4549 .
2527 4540 2534 4549 .
2587 4539 2596 4548 .
2649 4538 2659 4549 .
2712 4539 2721 4550 .
2771 4540 2781 4550 .
2831 4539 2841 4549 .

2064 4589 2269 4641 Postea
2305 4591 2334 4639 5
2370 4584 2652 4640 Kalendis
2685 4584 2830 4653 Maii,
2874 4599 2984 4653 qua
3016 4585 3108 4638 die
3134 4585 3296 4652 juxta
3337 4585 3629 4639 inductum

1994 4675 2224 4730 Ekberti
2263 4674 2604 4743 archicpiscx
2632 4674 2682 4742 pi
2712 4672 2972 4742 pluriinzjr
2996 4673 3506 4727 circamanentium
3535 4673 3631 4724 vil-

1993 4765 2174 4817 larum
2211 4764 2397 4816 turbae.
2427 4777 2555 4815 eum
2601 4760 2874 4815 crucibus
2905 4760 3172 4815 Treviros
3206 4761 3395 4814 silent
3431 4759 3626 4813 venire

1991 4857 2049 4905 et
2074 4849 2695 4905 monasteriacivitatis
2721 4849 2877 4903 illius
2902 4849 3085 4903 omnia
3112 4849 3380 4904 circuire.
3402 4849 3632 4903 delatus

1990 4945 2076 4994 est
2113 4955 2140 4993 a
2177 4939 2515 5009 parentibus
2569 4954 2708 5008 puer
2749 4939 2978 5007 quidam
3012 4952 3226 5007 parvus
3254 4937 3306 4990 in
3344 4942 3630 4991 monaste-

1991 5028 2135 5082 rium
2175 5042 2328 5097 saepe
2389 5026 2652 5096 pra‘dic‘i
2706 5026 2891 5096 patris
2928 5025 3171 5092 Paulini,
3235 5024 3386 5094 quod
3421 5024 3630 5080 amodo

1989 5121 2325 5171 sanctorum
2360 5129 2587 5184 quoque
2626 5119 2934 5182 martyrum
2970 5128 3076 5168 non
3114 5113 3399 5168 inunerito
3433 5116 3629 5182 potest

1989 5205 2181 5260 vocari
2224 5246 2234 5258 .
2285 5246 2297 5258 .
2343 5244 2356 5257 .
2399 5205 2535 5258 Erat
2590 5218 2728 5258 vero
2761 5203 2959 5258 eadem
2995 5203 3133 5256 hora
3166 5203 3412 5256 domnus
3446 5201 3629 5256 archi-

1989 5294 2298 5364 cpiscaiqms
2341 5308 2465 5347 cum
2520 5291 2785 5345 «mnibus
2835 5290 2937 5342 loci
3004 5289 3158 5344 illius
3216 5289 3622 5343 canonicorum

1985 5381 2534 5448 congregationibus
2587 5379 2636 5430 in
2687 5379 2885 5432 c-dei
2944 5384 3289 5430 nnni:t~:tcr.o
3345 5378 3623 5430 eraiionis

1989 5471 2222 5524 deditus
2255 5469 2439 5522 aliicio
2482 5509 2489 5519 .

1821 5595 1860 5645 Ν
1870 5593 2018 5646 0H3
2034 5633 2048 5649 .
