3948 6480
458 315 565 371 235

972 315 1029 371 S.
1064 314 1418 371 BRUNONIS
1474 316 2124 374 CARTHUSIANORUM
2180 317 2665 377 INSTITUTORIS
2718 320 2870 378 OPP.
2927 323 3106 381 PARS
3164 325 3234 382 ΙΙ.

3654 332 3762 386 236

465 461 487 486 α
523 438 708 509 glorise
752 439 965 510 pondus
1007 448 1268 510 operatur
1308 439 1362 494 in
1412 440 1567 496 nobis
1601 455 1613 495 :
1647 457 1754 497 non
1802 449 2048 497 contem-
2077 447 2432 506 Anostrum.
2472 446 2578 501 Nos
2617 451 2806 501 autem
2853 448 3215 518 praedicamus
3266 466 3467 513 servos,
3506 467 3621 508 non
3668 469 3765 507 so-

464 548 486 578 ι
521 527 795 598 plantibus
822 528 980 583 nobis
1010 545 1131 600 quae
1151 529 1423 597 videntur,
1449 530 1546 584 sed
1576 546 1696 601 quae
1726 546 1835 585 non
1865 531 2055 585 viden—
2148 530 2259 586 lum
2271 532 2417 597 Iesu,
2443 534 2539 589 sed
2557 534 2719 589 etiam
2742 540 2971 599 vestros.
2990 555 3092 609 per
3105 540 3313 605 Iesum,
3333 539 3389 595 id
3412 548 3494 595 est
3515 549 3571 595 ut
3586 541 3765 596 chari-

466 637 489 666 ι
525 624 626 673 tur.
670 615 805 685 Quae
855 617 997 671 enim
1042 617 1314 687 videntur,
1380 619 1699 690 temporalia
1747 627 1891 690 sunt,
1930 636 2052 691 quae

469 727 492 752 ε
526 712 705 761 autem
736 720 847 761 non
873 705 1146 774 videntur,
1181 715 1387 762 azterna
1417 715 1566 762 sunt.
1613 732 1636 757 ω

1071 914 1391 955 EXPOSITIO.

530 1067 599 1124 Et
628 1067 753 1125 ideo
799 1067 924 1141 quia
972 1068 1314 1139 speculamur
1342 1068 1574 1140 gloriam
1604 1069 1840 1136 Domini,
1873 1071 2053 1125 eundo

459 1172 493 1212 a
508 1156 753 1214 claritate
773 1156 826 1211 in
844 1156 1161 1213 claritatem.
1184 1158 1297 1212 Nos
1319 1166 1605 1228 prepterea
1629 1158 1894 1215 habentes
1915 1160 2054 1215 hanc

457 1247 948 1302 ministrationem
978 1247 1278 1317 Evangelii,
1315 1262 1424 1302 non
1444 1256 1664 1318 propter
1687 1248 1938 1303 meritum
1956 1264 2054 1304 no-

461 1341 631 1389 strum
659 1334 819 1390 nobis
851 1334 1121 1401 traditam,
1158 1334 1255 1389 sed
1276 1335 1457 1405 juxta
1476 1336 1617 1407 quod
1638 1339 1928 1393 consecuti
1959 1354 2053 1392 su-

462 1438 591 1478 mus
620 1423 1070 1478 misericorde
1099 1441 1132 1479 a
1152 1425 1281 1489 Deo,
1307 1440 1421 1478 non
1446 1424 1739 1493 deﬁcimus
1759 1425 1813 1478 in
1833 1425 1937 1481 hac
1952 1425 2053 1479 ad-

457 1510 873 1575 ministratione,
899 1527 1233 1583 quaecunque
1252 1512 1485 1567 adversa
1502 1529 1561 1567 se
1584 1514 1742 1567 nobis
1759 1512 2007 1587 ingerent
2036 1529 2049 1568 :

465 1600 561 1655 sed
589 1600 913 1656 abdicamus
944 1615 1051 1655 non
1083 1600 1260 1655 solum
1288 1608 1496 1670 aperta,
1519 1601 1616 1656 sed
1639 1601 1801 1657 etiam
1832 1604 2054 1658 occulta

461 1687 766 1755 dedecoris,
797 1687 851 1742 id
883 1695 965 1743 est
983 1688 1195 1758 peccati
1213 1688 1489 1743 hominem
1508 1689 1904 1745 dedecorantis.
1940 1691 2054 1745 Nos

463 1775 586 1832 dico
615 1792 732 1832 non
753 1777 1111 1832 ambulantes
1142 1778 1205 1831 in
1236 1780 1451 1833 astutia
1481 1778 1866 1849 extorquendae
1894 1795 2054 1849 pecu-

458 1863 582 1932 niae,
614 1872 672 1919 ut
698 1865 907 1935 pseudo
929 1878 962 1919 a
1002 1864 1232 1919 subditis
1268 1880 1280 1919 :
1312 1881 1490 1938 neque
1517 1867 1907 1922 adulterantes
1940 1884 2056 1922 ver-

465 1952 597 2009 bum
626 1955 745 2019 Dei,
796 1961 855 2007 ut
882 1954 1131 2023 pseudo;
1162 1954 1277 2019 sed,
1309 1955 1661 2024 praedicando
1689 1956 1751 2010 in
1781 1957 2056 2027 mani/es-

465 2042 682 2097 tatione
693 2057 841 2112 pum
857 2042 1116 2097 veritatis
1137 2061 1155 2097 :
1168 2057 1277 2096 non
1294 2043 1438 2097 enim
1456 2050 1513 2097 ut
1532 2042 1609 2097 illi
1628 2059 1883 2099 curamus
1894 2060 2057 2115 appo-

465 2130 567 2185 site
597 2129 745 2201 loqui
775 2129 844 2184 ad
871 2130 1333 2200 persuadendum,
1358 2131 1455 2186 sed
1476 2133 1934 2189 commendantes
1955 2149 2055 2203 pu-

460 2219 618 2274 ritate
647 2217 917 2273 sermonis
946 2226 998 2272 et
1025 2218 1148 2273 vitae
1176 2221 1567 2290 nosmetipsos,
1586 2236 1695 2275 non
1716 2220 1787 2275 ad
1810 2220 2048 2289 oculum,

463 2314 522 2362 ut
550 2306 646 2374 illi,
680 2306 777 2361 sed
798 2307 869 2361 ad
889 2322 1113 2361 omnem
1132 2309 1540 2363 conscientiam
1562 2309 1889 2365 hominum;
1907 2309 2054 2364 Licet

465 2394 609 2451 enim
634 2394 806 2451 verbo
845 2410 949 2449 nos
992 2394 1363 2466 insequantur,
1411 2404 1591 2452 tamen
1630 2397 1776 2468 apud
1823 2414 1881 2452 se
1928 2397 2053 2452 lau-

464 2485 592 2539 dant
618 2482 906 2555 puritatem
935 2491 1195 2537 nostram.
1231 2483 1683 2541 Commendantes
1713 2485 1834 2541 dico
1862 2502 2052 2541 coram

464 2574 592 2639 Deo,
626 2572 680 2627 id
705 2579 788 2626 est
814 2571 867 2625 in
913 2571 1256 2642 beneplacito
1303 2572 1402 2627 Dei
1437 2588 1450 2627 :
1483 2572 1568 2629 cui
1595 2574 1815 2645 placere
1842 2575 2051 2645 pseudo

457 2676 669 2732 parum,
704 2668 795 2715 aut
822 2660 953 2715 nihil
987 2668 1199 2716 curent.
1232 2660 1330 2716 Vel
1357 2660 1434 2715 ita
1458 2675 1472 2716 :
1496 2661 1634 2729 Quia
1662 2662 1736 2717 ita
1765 2663 1833 2717 sit
1862 2663 1931 2717 de
1960 2678 2053 2718 no-

459 2748 564 2815 bis,
594 2750 699 2804 hoc
727 2748 850 2804 dico
879 2763 1064 2804 coram
1094 2749 1230 2814 Deo,
1254 2756 1310 2803 ut
1338 2749 1456 2820 ipse
1477 2750 1634 2806 nobis
1655 2750 1808 2807 testis
1834 2751 1923 2819 sit,
1958 2750 2051 2823 qui

458 2838 607 2893 solus
636 2836 847 2893 occulta
875 2844 1067 2892 nostra
1103 2836 1273 2891 novit.

530 2924 669 2994 Quia
698 2924 829 2979 dixit
858 2924 934 2979 ibi
961 2924 1015 2978 in
1051 2924 1491 2981 manifestatione
1521 2926 1789 2994 veritatis,
1840 2926 2048 2995 objice-

380 3010 385 3015 ’
460 3021 546 3069 ret
566 3013 656 3067 ille
674 3012 998 3083 quibusdam
1015 3012 1341 3068 occultatum
1362 3030 1485 3068 esse
1499 3014 1876 3087 Evangelium.
1901 3015 2049 3070 Con-

463 3109 547 3156 tra
576 3100 721 3172 quod
750 3100 826 3155 ait
856 3114 869 3154 :
902 3099 1099 3171 Utique
1127 3116 1228 3156 nos
1258 3102 1701 3174 evangelizamus
1730 3102 1786 3157 in
1813 3102 2048 3159 manife-

458 3189 691 3244 statione
716 3203 729 3242 :
753 3188 894 3261 quod
910 3188 1092 3253 etiam,
1116 3189 1169 3243 si
1192 3194 1449 3260 apertum
1468 3194 1554 3246 est
1571 3193 1936 3263 Evangelium
1954 3208 2049 3248 no-

456 3281 661 3344 strum,
687 3276 878 3332 scitote
898 3277 1045 3348 quod
1065 3282 1322 3349 apertum
1351 3283 1433 3333 est
1454 3279 1517 3334 in
1540 3279 1647 3345 his,
1673 3279 1728 3334 id
1750 3288 1832 3334 est
1853 3280 1907 3334 in
1926 3296 2050 3351 pec-

456 3374 580 3422 cato
601 3381 807 3432 eorum,
832 3366 929 3437 qui
947 3381 1047 3436 per
1065 3364 1437 3421 infidelitatem
1456 3371 1702 3438 pereunt
1732 3382 1745 3421 :
1769 3370 1833 3423 in
1853 3370 2049 3440 quibus

454 3454 824 3526 pereuntibus,
857 3454 1163 3509 excwcavit
1192 3458 1411 3509 mentes
1440 3471 1634 3511 eorum
1665 3474 1683 3511 :
1714 3455 1840 3526 quia
1869 3457 2048 3513 adhuc

454 3542 776 3612 inﬁdelium
792 3549 935 3598 Deus
957 3542 1125 3614 hujus
1144 3543 1357 3609 saeculi,
1381 3542 1435 3597 id
1457 3552 1539 3598 est
1557 3543 1828 3612 diabolus,
1854 3544 1945 3615 qui
1963 3545 2047 3600 his

457 3631 549 3704 qui
578 3632 647 3686 de
687 3630 892 3685 mundo
922 3638 1045 3684 sunt
1073 3630 1416 3697 dominatur;
1443 3631 1596 3699 juxta
1632 3631 1765 3686 illud
1799 3646 1812 3685 :
1842 3653 1865 3683 ι
1891 3632 2045 3687 Prin-

453 3736 584 3790 ceps
613 3719 802 3774 mundi
829 3718 989 3786 hujus
1019 3717 1265 3787 eiicietur
1295 3720 1479 3786 (Joan.
1513 3734 1616 3783 xu,
1641 3722 1753 3789 31).
1793 3743 1815 3768 ι»
1836 3720 1935 3777 Vel
1955 3721 2044 3776 di-

455 3823 644 3864 camus
674 3825 688 3861 :
722 3808 867 3861 Deus
916 3806 1086 3877 hujus
1129 3808 1342 3872 saeculi,
1386 3807 1443 3861 id
1471 3815 1553 3863 est
1577 3807 1668 3879 qui
1696 3824 1805 3863 non
1835 3816 2043 3865 tantum

455 3895 719 3960 cmlestia,
743 3895 840 3949 sed
863 3894 1025 3949 etiam
1042 3901 1258 3950 terrena
1274 3895 1564 3967 gubernat.
1579 3896 1696 3951 Fuit
1716 3896 1860 3951 enim
1885 3914 2045 3961 error

454 3984 834 4056 quorumdam,
867 3983 1041 4037 Deum
1071 3982 1316 4038 coelestia
1345 3984 1650 4056 gubernare
1680 3993 1910 4052 tantum,
1943 3995 2046 4041 ter-

451 4088 585 4128 rena
615 4072 736 4128 solo
764 4086 895 4127 casu
925 4070 1156 4126 fortunae
1186 4071 1423 4127 volvere.
1444 4073 1542 4128 Vel
1560 4072 1633 4128 ita
1665 4090 1679 4127 :
1708 4075 1854 4130 Deus
1874 4074 2043 4147 hujus

451 4162 664 4218 saeculi.
708 4159 967 4215 Homines
995 4159 1140 4213 enim
1168 4160 1237 4214 de
1268 4160 1469 4216 mundo
1496 4161 1744 4217 diversos
1776 4163 1878 4216 sibi
1907 4163 2042 4219 deos

450 4250 673 4306 faciunt.
707 4248 806 4304 Hic
846 4246 1125 4302 avaritiam
1164 4248 1309 4313 colit,
1356 4249 1445 4303 ille
1493 4249 1845 4320 voluptatem,
1892 4259 1945 4307 et
1972 4251 2041 4305 ab

450 4336 757 4408 hujusmodi
787 4336 891 4391 deo
921 4344 1281 4391 excaecantur.
1311 4337 1620 4393 Excaecavit
1646 4339 1715 4392 ita
1734 4344 1800 4394 ut
1822 4340 2043 4396 illumi-

448 4430 609 4483 natio
640 4424 945 4496 Evangelii,
979 4424 1032 4478 id
1059 4432 1141 4478 est
1156 4424 1511 4480 illuminatum
1530 4427 1894 4497 Evangelium
1924 4443 2040 4481 non

2072 1820 2125 1880 B

2151 628 2314 675 tatem
2335 622 2464 676 Iesu
2484 622 2539 677 in
2560 624 2714 678 vobis
2735 624 3085 681 azdificemus.
3110 628 3179 682 Et
3198 628 3388 683 merito
3403 646 3506 700 per
3522 630 3717 685 Jesum
3737 645 3751 684 :

2150 711 2416 781 quoniam
2430 711 2572 767 Deus
2588 712 2792 768 illuxit
2808 716 2867 768 in
2880 713 3137 771 cordibus
3148 719 3380 785 nostris,
3394 717 3650 788 aperiens
3667 734 3765 774 no-

2154 797 2238 852 bis
2254 801 2513 869 mysteria
2528 815 2625 854 sua
2649 818 2663 854 :
2683 808 2741 854 ut
2754 801 2896 856 docti
2919 802 3088 857 simus
3105 805 3483 877 evangelizare
3496 806 3679 861 vobis.
3696 807 3763 861 ll-

2153 884 2290 940 luxit
2319 886 2465 942 Deus
2486 889 2581 960 qui
2603 887 2778 959 dixit,
2804 889 2859 945 id
2880 898 2962 945 est
2984 891 3075 963 qui
3096 891 3214 948 solo
3234 893 3379 949 dicto
3399 892 3544 961 fecit,
3568 897 3761 967 splen-

2153 973 2375 1031 descere
2402 974 2462 1032 1
2477 975 2638 1033 69
2663 978 2845 1034 lucem
2864 979 2931 1034 de
2944 981 3208 1036 tenebris.
3226 981 3360 1037 Cum
3373 982 3518 1038 enim
3533 983 3589 1037 in
3609 984 3763 1054 prin-

2151 1061 2295 1133 cipio
2346 1079 2529 1119 massa
2558 1065 2723 1121 totius
2756 1075 3021 1124 creatura:
3052 1069 3344 1125 tenebrosa
3393 1079 3559 1139 esset,
3607 1072 3762 1126 nulla

2154 1151 2452 1206 formarum
2475 1153 2736 1209 varietate
2754 1154 3028 1223 distincta,
3054 1156 3187 1211 dixit
3223 1172 3235 1211 :
3273 1179 3296 1208 ι
3332 1159 3444 1213 Fiat
3476 1159 3563 1214 lux
3586 1160 3757 1230 (Gen.

2152 1254 2191 1305 ι,
2224 1241 2279 1308 3)
2316 1260 2362 1305 ι,
2396 1248 2449 1295 et
2472 1239 2527 1294 in
2557 1241 2662 1297 hoc
2712 1242 2856 1299 dicto
2887 1245 3141 1300 tenebras
3173 1246 3394 1317 expulit,
3430 1254 3483 1301 et
3511 1246 3641 1304 fecit
3671 1248 3760 1303 lu-

2153 1341 2280 1382 cere
2309 1328 2456 1382 illam
2486 1345 2744 1397 massam,
2780 1349 2902 1403 quae
2931 1333 2984 1386 in
3014 1350 3181 1388 unum
3212 1334 3438 1390 confusa
3461 1344 3596 1406 erat,
3629 1336 3756 1391 dis-

2153 1416 2425 1472 cernendo
2462 1434 2563 1488 per
2610 1418 2790 1474 varias
2820 1419 3040 1475 formas.
3074 1422 3201 1491 Hic,
3235 1422 3476 1496 inquam,
3511 1425 3663 1480 Deus
3688 1425 3757 1479 il-

2151 1503 2352 1558 luxitin
2364 1506 2625 1561 cordibus
2637 1508 2856 1573 nostris,
2873 1510 2946 1565 ad
2965 1512 3751 1581 illuminationemscientiaz,

2151 1592 2205 1646 id
2239 1600 2320 1647 est
2347 1601 2402 1648 ut
2432 1610 2531 1649 nos
2562 1595 2891 1653 illuminaret
2938 1598 3005 1652 de
3037 1598 3262 1654 scientia
3308 1602 3596 1657 claritatis
3623 1602 3750 1669 Dei,

2150 1680 2206 1735 id
2234 1688 2318 1735 est
2359 1681 2557 1739 divinae
2595 1686 2847 1741 essentia:
2880 1701 2893 1739 :
2923 1686 2993 1742 de
3021 1704 3126 1759 qua
3172 1703 3273 1744 nos
3301 1688 3609 1745 illuminare
3637 1706 3754 1746 non

2151 1770 2342 1839 potuit,
2375 1770 2479 1825 nisi
2508 1772 2570 1826 in
2616 1774 2783 1843 facie,
2835 1774 2891 1828 id
2937 1783 3036 1841 est,
3087 1776 3143 1831 in
3192 1777 3508 1847 cognitione
3557 1785 3607 1833 et
3639 1777 3754 1835 fide

2158 1857 2367 1914 Christi
2394 1860 2546 1915 Iesu.
2580 1860 2699 1916 Nisi
2730 1862 2876 1917 enim
2904 1863 3154 1919 Christus
3193 1881 3253 1920 se
3283 1866 3442 1922 nobis
3473 1867 3753 1923 visibilem

2154 1947 2487 2011 ostenderet,
2519 1948 2574 2002 in
2617 1965 2724 2021 quo
2774 1958 2887 2005 tota
2930 1952 3138 2022 Deitas,
3187 1969 3530 2027 nequaquam
3560 1956 3751 2011 scien-

2154 2034 2279 2089 tiam
2326 2036 2586 2091 claritatis
2634 2038 2733 2092 Dei
2782 2038 3089 2111 intelligere
3135 2040 3526 2098 suﬂiceremus.
3577 2043 3752 2099 Com-

2152 2124 2427 2179 mendavit
2456 2141 2515 2180 se
2547 2125 2677 2179 satis
2708 2128 3006 2182 secundum
3037 2128 3305 2199 spiritum,
3336 2147 3481 2187 nunc
3510 2148 3571 2187 se
3601 2132 3752 2187 mul-

2153 2219 2265 2266 tum
2303 2212 2524 2269 vilificat
2555 2215 2853 2270 secundum
2882 2231 3101 2287 corpus,
3138 2226 3189 2273 et
3218 2235 3316 2289 per
3345 2220 3488 2275 hanc
3514 2219 3752 2277 vililica-

2152 2298 2354 2355 tionem
2385 2303 2775 2358 commendans
2803 2305 3159 2377 Evangelium
3181 2306 3281 2361 sibi
3314 2308 3594 2362 traditum.
3625 2309 3750 2364 Nisi

2152 2388 2295 2443 enim
2327 2389 2559 2461 gloriam
2591 2392 2875 2464 Evangelii
2922 2393 3007 2447 sui
3055 2394 3361 2451 mirabilem
3389 2396 3748 2468 intelligeret,

2152 2492 2495 2549 nequaquam
2523 2495 2625 2549 pro
2646 2496 2712 2535 eo
2743 2488 2819 2536 tot
2846 2488 2898 2536 et
2929 2489 3071 2537 tanta
3101 2483 3208 2554 pati
3238 2484 3422 2539 vellet.
3454 2485 3745 2541 Illumina-

2151 2565 2227 2621 vit
2257 2582 2357 2621 nos
2386 2566 2533 2622 Deus
2564 2568 2632 2623 de
2662 2568 2888 2625 scientia
2927 2570 3123 2626 divinae
3164 2571 3437 2643 claritatis,
3469 2591 3591 2646 qua:
3618 2574 3750 2631 licet

2150 2654 2288 2709 adeo
2318 2654 2482 2726 digna
2511 2655 2600 2723 sit,
2624 2664 2802 2713 tamen
2824 2660 3005 2714 istum
3022 2661 3353 2717 thesaurum
3370 2661 3628 2717 claritatis
3644 2663 3752 2719 Dei

2152 2745 2415 2801 habemus
2445 2761 2545 2800 nos
2574 2747 2637 2800 in
2668 2747 2815 2803 vasis
2844 2747 3133 2816 ﬁctilibus,
3158 2749 3214 2805 id
3241 2758 3324 2805 est
3344 2749 3398 2804 in
3418 2752 3749 2822 corporibus

2149 2832 2368 2888 nostris.
2418 2833 2754 2890 Thesaurum
2814 2835 2954 2892 bene
3009 2846 3183 2894 vocat.
3232 2840 3547 2895 Thesaurus
3594 2840 3747 2897 enim

2150 2928 2251 2985 est,
2283 2922 2427 2992 quod
2457 2922 2701 2993 diligitur
2748 2931 2802 2979 et
2848 2933 3124 2997 erogatur.
3156 2926 3302 2982 Vasa
3332 2927 3549 2998 spiritus
3579 2937 3748 2985 vocat

2150 3023 2382 3078 corpora
2416 3027 2429 3064 :
2461 3010 2593 3081 quia
2621 3011 2843 3082 spiritus
2872 3013 3005 3067 nihil
3020 3023 3363 3085 operaretur,
3384 3015 3488 3071 nisi
3508 3032 3609 3087 per
3636 3018 3747 3073 ad-

2151 3095 2602 3154 ministrationem
2663 3101 3054 3158 membrorum.
3094 3104 3259 3158 Manu
3301 3104 3447 3159 enim
3494 3106 3744 3179 porrigi-

2070 3173 2117 3233 Ο
2145 3200 2267 3239 mus
2312 3187 2559 3257 pauperi,
2611 3196 2664 3244 et
2707 3188 2785 3244 sic
2840 3189 2895 3244 in
2951 3191 3185 3247 caeteris.
3235 3192 3444 3248 Fictilia
3484 3173 3746 3251 dicuntur

2148 3282 2373 3344 propter
2410 3274 2782 3346 fragilitatem,
2833 3279 2978 3350 quod
3009 3280 3158 3335 omni
3187 3281 3521 3352 corruptioni
3551 3283 3745 3352 subja-

2147 3370 2307 3417 ceant
2336 3378 2571 3434 corpora
2615 3374 2822 3421 nostra.
2872 3367 3001 3423 Ideo
3025 3369 3340 3424 thesaurum
3369 3370 3531 3425 istum
3561 3371 3739 3427 habe-

2146 3467 2267 3505 mus
2297 3452 2352 3506 in
2370 3453 2515 3507 vasis
2534 3451 2805 3520 ﬁctilibus,
2832 3460 2900 3512 ut
2914 3458 2990 3512 sit
3011 3458 3331 3513 sublimitas
3355 3460 3588 3515 virtutis
3612 3460 3741 3527 Dei,

2145 3538 2202 3593 id
2230 3548 2311 3594 est
2357 3548 2415 3596 ut
2461 3540 2516 3595 in
2559 3542 2810 3598 omnibus
2857 3543 2948 3615 qui
2993 3544 3132 3600 bene
3179 3554 3474 3617 operantur
3518 3547 3742 3604 virtutis

2143 3628 2241 3685 Dei
2272 3628 2385 3684 sola
2417 3629 2755 3696 sublimetur,
2789 3640 2842 3687 et
2868 3633 3158 3689 extollatur
3190 3652 3203 3689 :
3234 3644 3286 3689 et
3314 3644 3569 3706 appareat
3596 3636 3738 3692 nihil

2145 3731 2268 3772 esse
2314 3734 2381 3772 ex
2445 3718 2604 3773 nobis
2650 3718 2903 3775 ﬁctilibus
2938 3739 2950 3777 :
2995 3721 3119 3778 ideo
3159 3732 3478 3794 competens
3521 3723 3623 3779 fuit
3670 3734 3734 3781 ut

2143 3805 2432 3861 thesaurus
2480 3807 2581 3862 Dei
2624 3806 2679 3861 in
2725 3806 2904 3880 fragili
2944 3826 3074 3866 vase
3118 3812 3521 3880 reconderetur,
3567 3830 3640 3869 ne
3691 3814 3742 3870 si

2142 3894 2325 3950 virtus
2352 3894 2587 3949 hominis
2616 3895 2800 3968 aliqua
2831 3906 2998 3967 esset,
3040 3898 3255 3955 incaute
3303 3901 3407 3954 sibi
3436 3911 3737 3973 usurparet

2144 3982 2288 4052 quod
2317 3982 2596 4053 pr0prium
2623 3986 2725 4040 Dei
2771 3992 2875 4041 est.
2908 3987 3050 4043 Vere
3082 3996 3135 4043 et
3163 4005 3264 4044 nos
3294 3987 3488 4045 fictiles
3517 4006 3735 4061 sumus,

2142 4078 2193 4124 et
2222 4070 2391 4125 virtus
2421 4071 2521 4126 Dei
2552 4080 2635 4127 est
2655 4072 2711 4127 in
2731 4075 2889 4128 nobis
2908 4074 3210 4148 fragilibus.
3235 4078 3372 4132 Nam
3390 4079 3452 4133 in
3474 4080 3744 4138 omnibus

2141 4165 2195 4213 et
2223 4158 2359 4214 locis
2388 4167 2441 4214 et
2470 4161 2637 4215 rebus
2673 4164 2934 4233 patimur
2977 4166 3408 4222 tribulationem
3439 4169 3687 4238 corporis
3723 4187 3739 4225 :

2139 4247 2235 4302 sed
2264 4255 2441 4303 tamen
2471 4265 2587 4305 non
2612 4253 3017 4321 angustiamur
3046 4253 3257 4324 spiritu,
3281 4254 3391 4310 imo
3419 4255 3736 4314 dilatamur.

2138 4336 2496 4407 Aporiamur,
2530 4337 2584 4391 id
2611 4346 2694 4393 est
2722 4356 3084 4410 pauperamur
3098 4341 3351 4409 exterius,
3378 4344 3474 4400 sed
3496 4361 3612 4400 non
3633 4346 3736 4402 de-

2138 4425 2438 4481 stituimur
2465 4441 2499 4481 a
2524 4426 2638 4482 Deo
2658 4426 2902 4484 interius.
2925 4432 3136 4501 Aporos
3158 4432 3370 4497 Graece,
3396 4449 3604 4504 pauper
3629 4435 3743 4491 La-

447 4518 686 4588 fulgeat,
725 4514 823 4569 sed
850 4520 1097 4584 opertum
1125 4514 1195 4567 sit
1224 4515 1362 4569 illis.
1388 4516 1678 4586 Evangelii
1705 4515 1828 4570 dico
1847 4517 2040 4587 gloria:
2059 4526 2110 4585 D
2138 4511 2267 4567 tine.
2299 4516 2752 4572 Persecutionem
2774 4520 3035 4589 patimur
3059 4519 3128 4574 de
3158 4519 3280 4576 loco
3307 4521 3375 4576 ad
3403 4520 3604 4592 locum,
3634 4524 3741 4580 sed

428 4604 683 4670 Christi,
716 4602 771 4657 id
801 4609 882 4657 est
897 4601 951 4655 in
975 4617 1082 4673 quo
1104 4602 1353 4656 Christus
1374 4602 1649 4674 gloriosus
1666 4603 1997 4673 approbatur
2020 4618 2034 4657 :

449 4694 545 4766 qui
573 4691 815 4747 Christus
839 4694 923 4745 est
952 4691 1134 4761 imago
1164 4692 1281 4757 Dei,
1314 4690 1371 4743 id
1400 4698 1483 4745 est
1513 4699 1914 4761 repraesentans
1941 4706 2041 4746 no-

450 4782 535 4835 bis
565 4782 759 4835 Deum.
790 4779 911 4834 Non
944 4778 1024 4834 sic
1059 4777 1262 4851 imago,
1294 4787 1354 4834 ut
1382 4777 1523 4833 filius
1552 4778 1690 4833 alius
1722 4778 1791 4833 sit
1821 4794 1855 4833 a
1883 4781 2039 4835 Patre

450 4869 507 4923 in
536 4866 875 4930 substantia;
908 4866 1005 4920 sed
1050 4866 1172 4922 ideo
1219 4866 1432 4938 imago;
1467 4865 1595 4937 quia
1637 4866 1731 4936 qui
1776 4865 1923 4921 videt
1952 4866 2039 4921 Fi-

450 4956 604 5022 lium,
650 4954 799 5009 videt
838 4962 889 5009 et
940 4954 1173 5022 Patrem,
1213 4954 1398 5026 imago
1439 4953 1540 5008 Dei
1585 4953 1872 5009 invisibilis
1920 4971 1934 5008 :
1984 4961 2040 5009 et

451 5044 577 5116 quia
606 5044 754 5097 Deus
782 5042 838 5096 in
866 5049 1063 5097 natura
1099 5042 1327 5098 Deitatis
1374 5041 1681 5107 invisibilis,
1713 5041 1839 5097 ideo
1869 5056 2039 5112 Opor-

448 5132 549 5187 tuit
576 5138 635 5185 ut
662 5147 762 5202 per
790 5130 1064 5185 Christum
1104 5129 1259 5186 fieret
1300 5128 1534 5195 visibile,
1567 5128 1712 5201 quod
1760 5129 1815 5184 in
1845 5139 2040 5186 natura

452 5236 548 5275 sua
595 5227 679 5275 est
739 5218 1027 5274 invisibile.
1100 5219 1242 5273 Vere
1303 5216 1743 5288 evangelizamus
1807 5218 2037 5289 gloriam

448 5308 664 5364 Christi.
697 5309 838 5363 Nam
867 5323 982 5362 non
1000 5306 1376 5377 praedicamus
1415 5305 1801 5377 nosmetipsos.
1838 5306 1934 5361 Vel
1963 5306 2039 5361 ibi

449 5412 614 5467 supra
631 5396 879 5467 jungitur
911 5409 924 5448 :
958 5394 1100 5448 Vere
1143 5408 1255 5447 non
1281 5391 1625 5446 ambulamus
1654 5392 1711 5446 in
1739 5393 1949 5459 astutia,
1980 5402 2040 5449 ut

448 5485 679 5557 pseudo.
713 5485 855 5539 Nam
885 5497 996 5536 non
1039 5480 1419 5551 praedicamus,
1469 5480 1526 5535 id
1563 5488 1646 5536 est
1693 5481 2038 5551 praedicando

446 5573 892 5630 commendamus
919 5568 1304 5639 nosmetipsos,
1323 5569 1379 5623 id
1395 5576 1479 5624 est
1493 5570 1599 5626 hoc
1618 5569 1766 5641 quod
1786 5585 1852 5625 ex
1878 5570 2038 5626 nobis

446 5661 582 5734 ipsis
597 5668 680 5717 est
698 5677 712 5715 :
735 5660 830 5719 sed
848 5656 1209 5733 praedicamus
1225 5658 1414 5715 Iesum
1439 5656 1723 5716 Christum
1735 5659 2039 5717 Dominum

2137 4617 2255 4656 non
2280 4600 2730 4675 dcrelinquimur
2757 4621 2791 4660 a
2820 4607 2955 4662 Deo.
2990 4608 3317 4678 Dejicimur,
3349 4609 3405 4664 id
3425 4618 3509 4665 est
3527 4611 3735 4668 verbe-

2138 4689 2290 4745 ribus
2317 4693 2732 4761 prosternimur,
2765 4694 2852 4749 vel
2880 4695 2949 4750 de
2978 4696 3088 4752 alto
3116 4698 3537 4768 praecipitamur,
3567 4704 3625 4755 et
3655 4710 3743 4756 ta-

2139 4794 2267 4832 men
2292 4795 2406 4835 non
2430 4782 2703 4852 perimus.
2747 4783 2817 4838 Ut
2856 4781 3020 4839 finem
3049 4784 3264 4853 faciam,
3296 4802 3516 4859 semper
3542 4804 3739 4846 sumus

2138 4867 2602 4938 circumferentes
2643 4870 2747 4926 hac
2775 4870 2901 4927 illac
2927 4872 2984 4926 in
3012 4888 3240 4944 corpore
3268 4882 3456 4931 nostro
3481 4878 3740 4945 mortiﬁ-

2138 4955 2442 5022 cationem,
2483 4956 2539 5011 id
2574 4966 2657 5013 est
2690 4957 2783 5014 illa
2816 4976 2938 5031 quae
2972 4960 3173 5017 faciunt
3212 4972 3442 5018 mortem
3492 4978 3506 5017 :
3556 4964 3739 5022 tribu-

2138 5040 2392 5109 lationes,
2438 5044 2646 5100 scilicet
2664 5064 2784 5118 qua:
2818 5056 2941 5102 sunt
2956 5064 3210 5106 accessus
3233 5051 3441 5107 mortis.
3464 5053 3533 5106 Et
3553 5053 3738 5111 debe-

2138 5146 2261 5185 mus
2277 5130 2508 5188 libenter
2516 5134 2629 5204 pati
2644 5152 2657 5188 :
2674 5135 2802 5206 quia
2812 5135 3156 5194 mortiﬁcatio
3169 5139 3286 5196 haec
3302 5146 3384 5195 est
3395 5141 3547 5212 Iesu,
3563 5156 3737 5212 quam

2137 5217 2256 5289 ipse
2284 5222 2503 5290 pertulit
2540 5239 2640 5293 pro
2688 5224 2848 5280 nobis
2882 5240 2894 5279 :
2926 5234 2979 5281 et
3007 5242 3108 5282 nos
3146 5228 3395 5299 exemplo
3424 5229 3542 5298 ejus
3585 5230 3737 5288 hanc

2139 5307 2583 5365 circumferentes
2617 5326 2629 5364 :
2660 5316 2727 5367 ut
2758 5315 2876 5368 vita
2918 5315 3048 5370 Iesu
3098 5315 3298 5370 Christi
3328 5332 3438 5371 non
3466 5317 3645 5373 solum
3675 5320 3736 5375 in

2139 5395 2425 5452 animabus
2447 5398 2543 5454 sed
2562 5398 2722 5455 etiam
2742 5402 2805 5456 in
2822 5404 3144 5474 corporibus
3160 5406 3371 5461 nostris
3390 5407 3736 5477 manifeste-

2141 5487 2256 5550 tur,
2281 5485 2490 5541 reddita
2510 5488 2669 5543 nobis
2690 5488 3093 5546 immortalitate
3115 5500 3170 5546 et
3187 5492 3646 5563 impassibilitate.
3672 5497 3735 5552 In

2138 5571 2495 5643 depressione
2525 5576 2772 5647 corporis
2815 5578 2901 5633 sui
2930 5579 3110 5636 adhuc
3135 5580 3457 5637 immoratur
3490 5597 3503 5637 :
3535 5592 3732 5642 osten-

2136 5659 2274 5716 dens
2303 5676 2363 5717 se
2390 5662 2508 5719 hac
2537 5665 2722 5722 omnia
2748 5666 2862 5738 pati
2890 5667 2962 5724 ad
2991 5668 3523 5728 commendationem
3549 5672 3737 5733 Evan-
