3920 6414
208 399 357 464 12⁵1⁵7

843 404 1109 468 GESTA
1140 403 1492 465 THEVER.
1529 438 1606 449 ——
1635 399 1966 463 APPEND
2000 399 2108 460 EX
2154 398 2427 462 MIRAC.
2465 402 2530 462 S.
2565 393 3010 463 MODOALDI.

3474 397 3494 458 ’1
3509 398 3626 460 2'78

205 526 259 584 in
293 527 634 601 planctum,
673 529 832 588 chori
871 531 1246 602 psallentium
1281 530 1335 585 in
1369 529 1610 597 luctum,
1644 529 1870 586 choreae
1902 506 1953 568 Α
1983 532 2348 588 Trevirorum
2383 531 2803 603 participarent
2843 527 3281 586 beneﬂcio.......
3320 529 3520 599 Itaque
3553 527 3627 584 si-

203 615 546 688 puellarum
574 620 625 676 in
651 619 1095 675 lamentationes
1119 618 1598 687 migrare.’l‘otius
1615 617 1872 673 civitatis

205 705 410 763 faciem
468 707 836 764 immutatam
887 708 1137 773 videres,
1190 707 1399 763 divinae
1449 707 1749 776 religionis
1779 708 1874 761 vix

203 793 433 864 aliquas
482 803 695 854 tenues
739 797 1015 867 reliquias
1048 811 1364 853 remanere.
1413 798 1594 851 Porro
1639 797 1752 850 Deo
1793 795 1876 850 di-

202 888 348 940 catae
381 885 674 955 virgines,
710 901 851 957 quas
884 887 937 942 in
971 887 1229 942 oratorio
1275 885 1426 942 beati
1471 879 1872 956 Symphoriani

203 975 488 1042 martyris
513 975 828 1032 cmnobiali
851 976 1295 1031 conversatione
1319 976 1431 1029 Deo
1453 975 1670 1030 servire
1697 989 1869 1044 supra

201 1063 597 1131 exposuimus
628 1064 800 1135 (574),
833 1065 984 1119 inter
1026 1070 1109 1119 tot
1155 1065 1356 1118 mortis
1399 1079 1607 1132 genera
1643 1063 1710 1118 ad
1743 1077 1873 1117 con-

201 1155 372 1206 sueta
408 1153 751 1208 orationum
796 1168 951 1208 arma
995 1153 1418 1222 confugientes,
1457 1169 1560 1223 pro
1599 1152 1871 1232 castitate

201 1241 526 1308 servanda,
563 1257 731 1312 quam
766 1243 1144 1310 devoverant,
1181 1257 1290 1298 non
1331 1259 1431 1313 pro
1457 1243 1570 1297 vita
1599 1239 1872 1312 praesentl

202 1330 447 1392 tuenda,
481 1345 655 1399 quam
683 1331 1092 1401 despexerunt,
1121 1347 1432 1401 supernum
1459 1346 1689 1401 erepere
1716 1329 1874 1384 auxi-

200 1417 342 1472 lium
378 1419 803 1475 ardentissima
829 1420 1072 1490 Spiritus
1097 1421 1449 1475 contritione
1478 1421 1776 1482 invocare;
1808 1430 1873 1472 ac

199 1505 358 1560 beati
401 1508 697 1563 Mudoaldi
747 1509 1017 1579 sepulcro
1057 1524 1256 1562 omnes
1302 1509 1610 1576 advolutze,
1655 1513 1715 1562 ut
1747 1506 1872 1574 ejus

197 1597 546 1666 patrocinio
573 1600 644 1652 ab
671 1597 988 1651 imminenti
1019 1598 1387 1667 eriperentur
1421 1597 1705 1667 periculo,
1743 1596 1874 1650 tali-

200 1685 312 1740 bus
353 1685 452 1739 vel
490 1686 694 1740 talium
736 1686 1023 1740 similibus
1053 1686 1260 1740 coelum
1299 1687 1568 1754 precibus
1603 1687 1870 1740 feruntur

195 1778 562 1842 penetrasse
601 1793 611 1827 :
647 1775 895 1830 Domine
933 1775 1079 1830 Jesu
1122 1774 1359 1829 Christe
1401 1817 1411 1827 .
1449 1815 1459 1826 .
1501 1817 1511 1827 .
1550 1815 1560 1826 .
1602 1817 1612 1827 .
1652 1816 1660 1826 .
1701 1817 1712 1828 .
1751 1815 1762 1826 .
1803 1815 1813 1827 .
1854 1815 1866 1827 .

1985 623 2198 679 mulata
2255 622 2562 678 devotione
2617 620 2920 678 ecclesiam
2983 618 3170 676 sancti
3225 617 3621 690 Symphoriani

1985 713 2384 769 subintrantes
2416 712 2659 781 ejusque
2689 710 2876 766 omnia
2910 725 3036 780 qure
3071 709 3182 764 sibi
3221 724 3351 763 mox
3385 707 3512 764 usui
3552 709 3627 762 fo-

1986 811 2111 856 rent
2145 801 2540 872 explorantes,
2581 801 2778 855 vident
2809 800 3037 854 domum
3069 797 3364 861 incultam,
3398 795 3624 865 injuriae

1983 894 2389 960 Opportunum,
2433 889 2712 944 ministris
2752 889 3094 957 civibusque
3128 886 3470 954 neglectam,
3507 901 3623 941 me-

1986 977 2097 1032 rito
2127 978 2358 1046 quidem
2389 979 2478 1033 sui
2510 977 2705 1032 Croesi
2745 976 2966 1032 divitiis
3007 976 3370 1041 nobiliorem,
3404 974 3504 1029 scd
3542 988 3603 1028 rc

1984 1066 2282 1122 familiaris
2307 1067 2497 1136 inopia
2522 1066 2687 1131 longe
2711 1065 2924 1122 ceteris
2951 1065 3459 1121 obscuriorem.....
3492 1077 3620 1118 cum

1985 1154 2264 1208 matutina
2298 1153 2461 1224 plebs
2484 1155 2550 1208 ad
2578 1152 2854 1207 orandum
2885 1151 3162 1220 cmpisset
3195 1165 3266 1205 ex
3300 1164 3456 1204 more
3488 1164 3624 1204 con-

1984 1255 2334 1296 currere.....
2394 1244 2539 1312 (575)
2590 1243 2856 1297 Ceterum
2908 1241 3078 1311 hujus
3130 1239 3401 1294 facinoris
3450 1238 3623 1293 casti-
3711 1264 3718 1269 υ

1983 1331 2156 1397 gandi
2203 1331 2410 1399 gratia,
2454 1346 2522 1384 ne
2564 1331 2698 1400 quid
2741 1329 2925 1385 simile
2973 1330 3248 1399 deinceps
3299 1327 3619 1398 perniciosa

1985 1425 2210 1474 crearet
2261 1420 2515 1486 licentia,
2565 1420 2886 1474 dceermmt
2932 1419 2984 1472 in
3033 1432 3350 1482 commune,
3404 1430 3622 1484 corpus

1986 1509 2165 1564 sancti
2193 1525 2246 1563 m
2276 1509 2580 1578 propatulo
2609 1509 2875 1576 positum,
2911 1506 2981 1562 ab
3005 1505 3248 1562 ecclesia
3280 1505 3619 1568 transferre,

1983 1597 2396 1665 caelestemque
2445 1597 2781 1651 thesaurum
2825 1595 3180 1650 firmioribus
3221 1593 3522 1662 apothecis
3562 1595 3617 1644 et

1971 1685 2186 1746 tutiori
2210 1686 2415 1739 :erario
2438 1684 2855 1740 con'uuendarc.
2893 1686 3092 1752 Itaque
3127 1697 3316 1737 arcam
3350 1681 3618 1749 ligneam,

1985 1772 2331 1827 firmissimis
2374 1772 2589 1827 tabulis
2629 1777 2989 1841 compactam
3026 1771 3343 1838 ferreisque
3379 1769 3622 1824 nexibus

196 1859 561 1930 Hujusmodi
614 1863 886 1933 precibus
935 1878 1060 1918 cum
1114 1876 1314 1931 magna
1367 1862 1607 1933 spiritus
1652 1861 1951 1923 contri-B
1983 1861 2728 1931 circumquaquemunitam
2749 1860 3317 1927 accelerant;coque
3343 1855 3621 1912 translata

199 1947 385 2010 tione,
426 1965 561 2004 cum
599 1966 801 2019 magno
835 1951 1201 2006 lacrimarum
1233 1952 1414 2006 imbre
1449 1951 1720 2019 profusis,
1757 1963 1866 2002 non

199 2037 394 2092 defuit
449 2039 720 2109 operatio
771 2054 1040 2108 superna:
1091 2039 1500 2103 exauditionis,
1540 2054 1648 2093 non
1684 2038 1869 2092 defuit

199 2125 501 2181 exhibitio
537 2127 946 2182 miraculorum
1000 2128 1151 2181 beati
1203 2127 1575 2183 confessoris.
1615 2127 1691 2180 Ne
1732 2141 1869 2192 ergo

200 2213 316 2269 Deo
352 2220 610 2270 sacratae
644 2216 900 2283 virgines
925 2215 1069 2270 mala
1096 2216 1382 2279 viderent,
1415 2230 1539 2283 quae
1567 2231 1670 2284 pro
1696 2228 1870 2268 sexus

201 2301 538 2370 fragilitate
573 2305 928 2371 metuebant,
973 2318 1113 2358 neve
1158 2304 1301 2357 bona
1349 2304 1707 2366 amitterent,
1745 2316 1870 2370 quae

203 2401 307 2458 pro
339 2391 651 2445 castitatis
693 2391 1064 2445 observantia
1103 2397 1566 2459 promeruerant,
1607 2389 1872 2442 mirabile

200 2478 440 2542 auditu,
486 2478 810 2534 mirabilius
839 2479 1003 2533 visu!
1043 2479 1093 2530 in
1129 2494 1266 2546 pace
1301 2478 1452 2531 lecto
1487 2478 1868 2532 decubantcs.

201 2565 358 2620 intra
424 2568 555 2621 dies
611 2567 847 2635 triginta
908 2579 1106 2619 omnes
1167 2566 1442 2634 praesenti
1493 2566 1874 2619 decesserunt

202 2653 357 2716 vita;
391 2659 678 2721 tantoque
709 2652 973 2715 feliciter,
1004 2657 1220 2721 quanto
1245 2653 1581 2721 perenniter
1607 2653 1869 2718 victuras,

198 2757 328 2795 cum
370 2741 605 2798 ornatis
638 2739 1001 2809 lampadibus
1045 2754 1257 2809 sponso
1301 2740 1526 2795 caelesti
1568 2754 1875 2795 oecurren-

203 2835 309 2890 tes.
363 2827 743 2897 sempiternae
785 2826 1176 2896 jucunditatis
1228 2827 1542 2884 thalamum
1593 2843 1721 2884 cum
1776 2828 1874 2882 illo

204 2917 499 2987 ingresszn
531 2920 682 2970 sunt.
718 2917 970 2982 Quarum
1003 2931 1248 2986 corpora
1275 2917 1329 2971 in
1353 2919 1552 2971 eodem
1585 2923 1719 2972 sunt
1748 2930 1876 2972 ora-

201 3008 366 3061 torio
409 3004 734 3072 recondita,
769 3004 822 3059 in
855 3020 967 3074 quo
999 3006 1150 3060 beati
1186 3005 1468 3059 Modoaldi
1503 3005 1739 3075 pignora
1763 3048 1776 3070 ,
1814 3013 1874 3060 ut

204 3093 384 3161 cujus
408 3091 919 3162 patrocinantibus
943 3093 1168 3147 meritis
1188 3093 1389 3147 anima:
1415 3091 1638 3147 illarum
1663 3093 1869 3147 coelum

203 3196 338 3236 cum
379 3195 488 3236 suo
523 3179 897 3250 possidebant
953 3185 1220 3251 patrono,
1275 3181 1454 3252 ipsius
1505 3181 1873 3250 exigentibus
1911 3214 1950 3252 α

211 3268 488 3339 reliquiis
543 3282 788 3338 corpora
825 3270 877 3321 in
914 3250 1115 3322 eodem
1168 3250 1544 3324 humarcntur
1587 3268 1741 3333 loco;
1777 3267 1870 3325 ubi
1911 3250 1952 3268 “’

213 3358 436 3412 ﬂorent
465 3356 760 3411 orationes
791 3370 1009 3425 earum,
1043 3362 1100 3410 ct
1129 3359 1450 3412 exuberant
1475 3357 1570 3411 Dei
1599 3357 1872 3411 beneficia

215 3445 284 3497 ad
336 3444 676 3500 memoriam
721 3444 1006 3512 virginum
1039 3458 1110 3498 ex
1143 3449 1280 3499 tunc
1313 3449 1367 3499 et
1404 3445 1570 3499 modo
1603 3449 1658 3498 et
1693 3459 1874 3512 usque

211 3533 266 3586 111
303 3533 593 3588 seculum.

279 3625 335 3676 2.
379 3621 516 3675 Cum
571 3619 749 3690 igitur
796 3621 1052 3690 ejusdem
1109 3621 1474 3691 tempestatis
1515 3621 1878 3676 0111111010δὶ-

211 3709 427 3765 derent
457 3709 704 3777 vestigia
739 3709 1022 3778 longaque
1052 3708 1308 3764 solitudo
1345 3709 1619 3779 pleraque
1652 3714 1878 3765 sancto-

216 3813 345 3853 rum
383 3797 685 3852 cohiberet
724 3797 869 3865 loca,
918 3798 1089 3852 fiebat
1127 3797 1415 3865 nimirum,
1450 3803 1510 3853 111
1548 3798 1662 3854 11110
1694 3796 1874 3854 sancti

219 3885 528 3940 familiaris
564 3885 809 3952 angulus
840 3901 945 3955 pro
971 3885 1057 3940 sui
1093 3885 1319 3956 quidem
1356 3887 1639 3955 dignitate
1673 3901 1874 3956 parum

219 3975 516 4030 obtineret
571 3973 935 4036 reverentiae,
992 3973 1260 4041 neglectu
1295 3988 1430 4028 vero
1461 3974 1672 4030 civium
1725 3977 1872 4030 omni

217 4063 483 4119 custodia
539 4061 862 4117 destitutus
893 4062 1066 4116 etiam
1101 4067 1329 4132 pateret
1371 4061 1614 4130 injurize.
1667 4063 1771 4116 Sed
1809 4077 1871 4115 ea

223 4149 554 4206 mortalium
585 4151 805 4206 incuria
841 4155 1041 4206 nostro
1077 4150 1328 4220 pontifici
1361 4149 1639 4204 auctioris
1670 4149 1871 4216 glorize

223 4242 370 4295 faeta
398 4246 487 4295 cst
510 4240 767 4294 materia.
806 4239 1045 4304 Quidam
1072 4239 1221 4292 enim
1247 4238 1375 4302 viri,
1408 4251 1620 4306 genere
1649 4236 1870 4305 Franci,

223 4345 342 4384 811το
375 4327 568 4396 gentis
604 4328 754 4383 haud
790 4327 1094 4396 ignobiles,
1133 4327 1320 4380 animo
1344 4331 1402 4380 ct
1425 4341 1670 4395 corpore
1705 4341 1872 4395 quam

224 4417 468 4471 maxime
512 4415 794 4484 valentes,
838 4420 1053 4470 sanch
1093 4414 1422 4469 devotionis
1452 4414 1636 4483 gratia
1677 4416 1871 4468 urbem

221 4505 482 4560 Treveris
508 4508 916 4566 accesserant;
948 4518 1116 4572 quam
1150 4518 1381 4559 suorum
1415 4507 1746 4557 sanctorum
1773 4518 1874 4556 1111-

1981 1949 2335 2006 confessoris
2383 1950 2644 2019 pignora,
2696 1950 2748 2004 in
2799 1949 3116 2004 oratorium
3165 1947 3348 2002 sancti
3399 1945 3620 2000 Paulini

1984 2053 2160 2107 super
2183 2038 2364 2092 altare
2391 2042 2606 2094 sancta:
2632 2038 2831 2093 Crucis
2856 2052 3072 2093 summa
3096 2051 3224 2090 cum
3250 2034 3622 2089 veneratione

1985 2125 2327 2194 deportant;
2359 2127 2628 2180 consulte
2661 2125 2904 2188 scilicet,
2945 2129 3000 2179 111
3039 2139 3138 2193 par
3168 2123 3313 2192 pari,
3346 2121 3622 2177 sacerdos

1985 2214 2274 2270 sacerdoti
2311 2215 2673 2283 jungeretur,
2722 2213 2935 2281 illoque
2979 2213 3358 2267 adventantes
3404 2208 3622 2280 duplici

1987 2301 2309 2372 patrocinio
2343 2302 2776 2357 solatiarentur.
2809 2302 2907 2357 llis
2936 2301 3171 2356 additur
3193 2315 3263 2353 ex
3287 2299 3452 2353 Pario
3479 2311 3622 2352 mar-

1987 2405 2143 2446 more
2186 2390 2400 2458 tahula,
2446 2391 2511 2444 ad
2556 2396 2870 2444 extremam
2924 2405 3147 2444 manum
3200 2387 3430 2443 decoris
3481 2382 3620 2440 mira

1987 2477 2302 2547 sculptoris
2345 2484 2468 2532 arte
2513 2478 2809 2547 perducta,
2856 2493 2980 2543 qua:
3024 2481 3262 2545 propter
3293 2474 3620 2544 sepulcrum

1987 2566 2110 2633 ejus
2135 2572 2384 2635 reperta.
2414 2566 2622 2635 sepulti
2651 2581 2850 2620 nomen
2877 2571 2933 2620 et
2960 2565 3224 2618 meritum
3252 2562 3619 2632 praeferebat,

1989 2654 2092 2708 hac
2119 2653 2266 2708 serie
2292 2659 2525 2707 exarata
2557 2675 2566 2707 :
2600 2657 2721 2710 Hoc
2741 2653 3259 2709 estsanctuarium
3283 2653 3398 2706 Deo
3422 2650 3625 2706 dilecti

1994 2743 2370 2798 Treverorum
2393 2741 2818 2812 arcbiepiscopi
2841 2741 3163 2804 blodoatrti,
3189 2740 3359 2810 cujus
3379 2753 3488 2795 rex
3513 2740 3625 2792 lfa-

1980 2830 2255 2900 gobc-rtus
2301 2831 2692 2898 sanctititem,
2741 2831 2923 2886 sicuti
2962 2832 3026 2886 in.
3057 2832 3184 2900 ejus
3224 2828 3511 2900 praecepto
3559 2825 3627 2882 de

1994 2919 2229 2974 Trereri
2261 2921 2605 2980 continetur,
2638 2919 2804 2975 intra
2836 2919 3097 2987 Ligerim.
3127 2919 3184 2973 et
3210 2918 3477 2972 Rhenum
3503 2929 3628 2970 ma-

1980 3009 2201 3077 gni/tce
2248 3009 2468 3064 extulit
2514 3009 2572 3063 et
2617 3009 2906 3064 dilatavit
2935 3007 3100 3076 (576).
3139 3006 3300 3072 Quod
3348 3005 3523 3060 etiam
3570 3003 3621 3056 in

1987 3095 2390 3164 superioribus
2422 3102 2797 3151 memoratum
2841 3101 2948 3152 cst.

2057 3188 2106 3239 3.
2144 3184 2326 3252 igitur
2368 3185 2549 3240 sancti
2593 3185 2812 3239 Paulini
2855 3185 3096 3240 ecclesia
3142 3198 3288 3239 novo
3332 3183 3622 3239 illustrata

1987 3271 2238 3340 hOSpite,
2273 3273 2324 3326 in
2352 3279 2626 3342 quantum
2656 3273 2811 3326 brevi
2837 3272 3242 3326 claritudinem
3270 3270 3621 3341 pervenerit,

1989 3363 2203 3426 quanto
2236 3358 2485 3413 fidelium
2514 3359 2709 3414 studio
2737 3359 2980 3427 priorem
3006 3358 3328 3426 neglectum
3361 3369 3626 3412 correxe-

1989 3446 2084 3514 rit,
2116 3447 2246 3500 dum
2280 3463 2496 3517 pauper
2530 3463 2654 3501 cum
2689 3430 2965 3501 divitceo
2998 3461 3132 3502 suas
3163 3444 3625 3501 necessitudines

1990 3540 2241 3589 maturat
2277 3535 2600 3604 deplorare,
2648 3542 2964 3590 memoratu
2997 3539 3081 3590 est
3117 3533 3477 3589 incredibile.
3515 3532 3620 3588 Sed

1991 3629 2295 3693 postquam
2328 3623 2600 3679 diuturna
2622 3624 2785 3693 quies
2807 3624 3006 3690 otium,
3038 3623 3140 3678 otii
3171 3638 3306 3677 vero
3337 3621 3625 3677 securitas

1989 3717 2300 3781 corruptos
2332 3727 2518 3767 mores
2555 3717 3201 3782 pepererat,totamque
3232 3712 3392 3768 urbis
3423 3711 3622 3767 faciem

1991 3800 2348 3856 immutatam
2379 3817 2478 3869 pro
2505 3801 2780 3868 religione
2807 3801 3129 3856 divinorum
3155 3805 3526 3871 contemptus
3549 3799 3626 3852 in-

1989 3895 2250 3944 cesserat
2279 3908 2289 3941 :
2315 3890 2654 3945 sustinenda
2690 3895 2815 3946 erat
2849 3891 3179 3946 necessario
3211 3902 3475 3960 superna:
3505 3904 3629 3944 cor-

1991 3977 2268 4032 rectionis
2292 3980 2600 4042 sententia,
2625 3995 2750 4048 quze
2782 3979 3058 4048 pollutam
3078 3979 3372 4033 licentiam
3392 3977 3629 4032 8111111³0-

1987 4079 2060 4120 no
2092 4065 2473 4119 districtionis
2503 4072 2821 4120 com-ceret.
2859 4068 3058 4136 itaque
3084 4067 3246 4134 juxta
3282 4064 3625 4119 sententiam

1989 4167 2090 4220 pro
2101 4152 2286 4221 phette
2314 4171 2324 4204 :
2349 4154 2396 4208 A
2420 4154 2764 4207 samtuario
2787 4168 2907 4208 meo
2929 4152 3175 4224 incipite
3197 4149 3424 4222 (Bacch.
3453 4166 3526 4218 ix,
3549 4153 3622 4218 6),

1988 4239 2351 4309 intempestae
2395 4239 2582 4294 noctis
2622 4240 2856 4295 silentio
2898 4241 3045 4296 idem
3079 4239 3396 4294 oratorium
3432 4238 3627 4294 subito

1986 4328 2361 4396 conﬂagravit
2391 4328 2656 4382 inccndio
2681 4329 2850 4398 (577),
2878 4329 2930 4383 id
2955 4328 3177 4383 scilicet
3205 4331 3411 4395 agente
3435 4326 3627 4380 divina

1988 4429 2254 4483 censura,
2275 4431 2385 4485 quo
2407 4430 2474 4469 ne
2498 4430 2597 4484 per
2617 4416 2764 4469 diem
2789 4431 3092 4471 accensum
3119 4416 3266 4471 facili
3289 4429 3629 4471 concurren-

1991 4503 2132 4558 tium
2161 4503 2622 4570 rcstiuguerctur
2647 4503 2953 4559 industria.
2990 4505 3344 4558 Ferebantur
3374 4501 3628 4570 undique

225 4608 381 4648 mero
426 4593 758 4663 superbam,
796 4596 915 4645 tum
948 4570 1264 4646 vetustatis
1296 4590 1584 4658 dignitate
1616 4590 1874 4645 celebra-
1906 4570 1957 4628 Ῑ)
1992 4591 2146 4660 globi
2173 4591 2385 4659 ignium
2408 4593 2596 4646 ventis
2623 4592 2982 4660 urgentibus,
3004 4592 3256 4660 totisque
3282 4589 3627 4646 babenisre-

225 4687 359 4749 tam,
395 4679 549 4734 omni
583 4679 762 4735 Gallia
805 4678 985 4747 magis
1015 4678 1241 4734 clarere
1277 4685 1705 4749 compererant.
1748 4677 1879 4745 Ejus

224 4767 575 4839 aliquamdiu
623 4766 844 4821 laribus
885 4766 1203 4827 obversati,
1254 4764 1534 4834 religione
1578 4766 1874 4834 delectati,

228 4871 391 4912 sacra
446 4856 714 4910 terebant
765 4854 981 4921 limina,
1017 4869 1087 4908 ex
1121 4853 1337 4922 ignotis
1379 4869 1526 4924 pene
1559 4853 1879 4921 notissimi;

224 4960 350 5000 cum
379 4945 598 4999 interea
623 4943 782 4997 viros
806 4947 1011 4998 natura
1036 4957 1275 5010 sagaces
1302 4943 1527 4996 flamma
1553 4942 1727 4998 subiit
1758 4943 1880 5012 pul-

222 5033 497 5088 cherrimi
541 5031 835 5099 facinoris,
875 5035 932 5085 ut
971 5045 1335 5101 quocumque
1389 5031 1557 5084 modo
1606 5030 1879 5099 precibus

225 5129 322 5177 aut
374 5120 564 5191 pretio
595 5124 682 5175 tot
714 5124 1044 5175 sanctorum
1096 5117 1438 5189 pignoribus
1471 5133 1599 5174 cum
1633 5117 1878 5172 maximo

1990 4681 2199 4749 gnabat
2226 4681 2293 4733 1111
2306 4693 2583 4735 minarum
2605 4680 2854 4750 impetus
2873 4696 2885 4743 ;
2905 4695 3030 4734 cum
3055 4679 3272 4734 interea
3295 4678 3628 4749 expergefa-

1991 4768 2068 4822 cti
2099 4767 2374 4823 custodes
2408 4766 2600 4822 vident
2635 4783 2728 4823 res
2762 4782 2897 4823 suas
2921 4767 2976 4822 in
2997 4771 3259 4822 extremo
3293 4767 3458 4833 sitas,
3492 4780 3631 4834 opes

1994 4856 2060 4910 ad
2097 4856 2552 4910 subveniendum
2585 4856 2772 4912 ubivis
2805 4856 3137 4926 imparatus.
3173 4857 3370 4924 Itaque
3395 4853 3546 4923 quod
3576 4853 3628 4907 in

1995 4948 2154 4998 tanto
2179 4943 2517 4999 constrictis
2543 4944 2750 4999 licebat
2773 4943 3039 5009 articulo,
3070 4941 3364 5009 festinare,
3390 4954 3632 4997 concur-

1991 5046 2141 5098 rere,
2191 5032 2405 5101 ingenti
2449 5038 2602 5088 metu
2642 5033 2958 5103 trepidare,
3003 5047 3108 5088 nec
3149 5037 3354 5087 contra
3388 5030 3489 5084 niti
3526 5045 3631 5086 nec

1993 5134 2165 5189 posse
2207 5119 2525 5188 quiescere,
2581 5129 2872 5190 postremo
2915 5125 3212 5176 manerent
3253 5133 3321 5173 an
3367 5119 3632 5187 fugerent

1817 5225 2034 5280 NOTAE.

294 5323 444 5392 (574)
490 5323 611 5376 Lib.
645 5337 682 5377 11
719 5342 729 5374 :
768 5325 1007 5378 Interea
1043 5363 1052 5374 .
1092 5363 1102 5374 .

219 5732 244 5786 ι

1147 5337 1360 5392 .supcr
1388 5322 1586 5390 ripam
1620 5321 1876 5376 diosa-2.71m

223 5394 552 5450 oratorium
584 5395 649 5449 ia
680 5392 894 5448 honore
927 5392 1082 5448 beati
1109 5393 1546 5463 Symp/coriam
1588 5393 1875 5460 mararis

222 5466 516 5530 extruxit,
543 5478 716 5534 opere
739 5465 976 5535 quidem
1001 5462 1279 5535 exigvum
1307 5464 1361 5517 et
1380 5462 1512 5534 arti
1514 5463 1606 5535 [tot
1615 5463 1700 5519 osi
1719 5463 1877 5519 sc/Le—

221 5536 403 5590 matis
456 5533 659 5591 a’ecorc
707 5533 906 5591 ruinas
957 5533 1380 5590 (mibitiosum.
1419 5577 1428 5587 .
1470 5533 1613 5588 {Ibi
1656 5535 1876 5604 quippe

223 5606 733 5733 congrege-tionem
756 5606 1101 5661 sanctarum
1121 5607 1424 5674 virginum
1457 5646 1468 5658 .
1505 5647 1516 5659 .
1557 5647 1568 5659 .
1607 5647 1617 5659 .
1658 5648 1668 5659 .
1701 5605 1877 5661 iusti-

234 5677 312 5733 ,m‘
350 5719 361 5731 .
401 5719 412 5731 .
450 5717 461 5729 .
501 5719 511 5730 .
552 5717 562 5729 .
602 5677 825 5733 Quibus
847 5676 1130 5733 etiamad
1149 5674 1455 5733 regularis
1480 5676 1877 5733 vigorem-dis-

249 5674 361 5733 uit.
501 5719 511 5730 .
552 5717 562 5729 .
602 5677 825 5740 Quibus
847 5676 1130 5733 etiamad
1149 5674 1455 5745 regularis
1480 5676 1735 5747 1119010111-
1757 5677 1877 5733 dis-

1984 5324 2222 5397 ciplimc
2250 5325 2606 5397 serra/iram
2636 5339 2886 5380 sororem
2914 5339 3085 5380 suam
3107 5324 3383 5397 prce/coit
3402 5323 3634 5380 uocatae

1983 5396 2280 5449 Scccram.
2319 5395 2398 5447 Cf.
2436 5396 2625 5452 Gesta.
2663 5413 2714 5449 c.
2746 5399 2830 5450 21.

2059 5466 2203 5532 (575)
2241 5465 2512 5534 Corporis
2547 5473 2768 5534 partem
2800 5464 3049 5520 ablaturi
3083 5464 3361 5533 sanguine
3389 5466 3512 5519 fuso
3539 5464 3635 5519 dc-

1989 5541 2284 5603 teguntur,
2325 5536 2469 5588 llist.
2509 5537 2546 5604 l,
2585 5552 2635 5605 p.
2673 5540 2759 5590 76.

2061 5609 2206 5676 (5711)
2243 5609 2365 5672 Quo
2400 5610 2659 5675 tempore
2695 5608 2905 5662 factum
2939 5622 3048 5662 non
3081 5611 3330 5661 constat.

2061 5679 2212 5747 (577)
2245 5680 2304 5733 V.
2345 5677 2550 5733 falsum
2583 5677 2688 5732 hoc
2722 5676 2971 5748 diploma
3007 5693 3097 5748 ap.
3133 5676 3455 5733 llontheim.
