3920 6410
321 383 475 450 12⁸79

834 384 1099 449 GESTA
1159 382 1515 448 TREVER.
1552 419 1626 430 -—
1655 380 2010 446 APPEN’D.
2051 381 2161 445 EX
2192 382 2356 449 INV.
2387 382 2492 450 ET
2520 385 2686 450 MIR.
2725 385 2790 454 S.
2827 387 3188 452 MATHI/E.

3575 374 3751 457 1280

321 514 553 586 incerti,
587 512 798 574 malum
831 512 1234 587 improvisum,
1260 528 1476 589 anceps
1508 515 1830 589 periculum
1857 517 1975 576 cla-
1998 493 2058 561 Α
2085 529 2473 574 arumnarum
2515 515 2931 590 querimoniam
2971 514 3286 592 detulerat,
3331 531 3535 580 rasura
3556 518 3750 593 'ejus-

323 621 480 662 more
505 604 728 661 testari.
757 605 1010 672 Quorum
1034 605 1276 664 vocibus
1299 607 1475 664 exciti
1501 606 1640 665 licet
1663 607 1971 666 admodum

324 694 513 767 pauci,
533 695 581 751 si
606 694 704 766 qui
729 698 920 750 tamen
945 695 1054 751 sub
1075 696 1330 754 obscura
1354 701 1524 754 nocte
1546 699 1972 767 conﬂuxerant,

324 798 521 840 aurum
555 789 614 839 et
645 787 972 853 argentum,
1005 799 1132 856 qua
1178 787 1364 857 prima
1413 787 1692 845 mortales
1741 793 1968 862 putant,

322 873 657 942 variamque
708 873 860 931 sacri
909 874 1222 932 ministerii
1271 876 1698 948 supellcctilem
1751 893 1972 935 summa

322 977 429 1033 ope
449 963 598 1018 tueri
619 965 996 1034 satagebant;
1023 963 1094 1020 de
1114 969 1447 1022 sanctorum
1471 981 1610 1024 vero
1630 967 1974 1040 pignoribus

323 1051 596 1107 ριύρηιιῑε
622 1052 1011 1123 immemores,
1048 1052 1189 1110 nulli
1215 1070 1408 1111 rerum
1437 1056 1712 1112 minorem
1736 1070 1972 1128 operam

325 1139 754 1209 impendebant.
791 1141 951 1198 Unde
976 1147 1031 1196 et
1059 1144 1328 1214 contigit,
1363 1150 1422 1199 ut
1454 1145 1604 1216 ignis
1633 1145 1801 1215 edax,
1839 1145 1972 1202 dum

325 1229 464 1284 nulli
500 1229 758 1286 locorum
793 1236 1084 1302 parceret,
1119 1247 1231 1289 non
1265 1233 1450 1290 solum
1493 1238 1750 1290 arentem
1792 1234 1975 1304 ligno-

327 1331 447 1371 rum
479 1319 775 1374 maieriam
803 1321 1034 1390 penitus
1057 1323 1414 1393 absumeret,
1449 1323 1551 1378 sed
1574 1323 1806 1380 tabulas
1835 1337 1975 1394 quo-

325 1419 434 1474 que
461 1421 834 1477 marmoreas,
861 1409 1059 1482 operis
1083 1410 1368 1481 dignitate
1395 1412 1708 1482 mirandas,
1731 1412 1976 1469 circum-

323 1508 553 1564 quaque
600 1503 1028 1568 corrumperet.
1071 1500 1129 1554 In
1176 1503 1339 1556 tanta
1393 1515 1585 1557 rerum
1631 1499 1976 1558 difficultate

323 1582 456 1652 quis
490 1589 643 1656 tuas,
681 1589 904 1658 sancte,
939 1587 1220 1658 reliquias
1253 1603 1363 1645 non
1394 1591 1714 1646 astimaret
1747 1589 1816 1645 iri
1850 1603 1979 1660 per-

323 1670 546 1726 dit-um?
566 1674 794 1730 Ruehat
819 1676 1076 1747 undique
1100 1677 1284 1732 moles
1307 1677 1708 1750 aedificiorum,
1731 1680 1983 1738 dissilie-

327 1760 414 1815 bal
439 1761 720 1818 viealoris
741 1765 1012 1821 soliditas
1030 1781 1399 1837 niarmorum,
1419 1772 1659 1839 totaque
1679 1785 1976 1826 sacrarum

2086 606 2214 664 dem
2247 607 2554 664 marmoris
2585 621 2748 679 aqua
2781 607 2957 665 mixta
2979 608 3118 666 etin
3142 614 3340 682 potum
3363 616 3618 684 sumpta,
3644 625 3749 668 ce-

2085 696 2382 754 lerrimum
2407 697 2705 768 languoris
2730 696 3047 755 remedium
3068 698 3396 758 certissima
3421 700 3746 758 curatione

2083 786 2407 844 obtinebat.
2434 787 2617 857 Hujus
2636 786 2767 860 opis
2789 787 3160 859 capessenda
3179 789 3364 859 gratia
3383 803 3512 847 cum
3531 789 3747 849 hodie-

2083 892 2194 950 que
2216 877 2551 935 innumeros
2568 891 2641 932 ex
2653 876 2906 934 diversis
2928 875 3124 935 mundi
3145 878 3410 950 partibus
3428 877 3745 936 videamus

2080 982 2433 1025 concurrere
2464 967 2802 1038 nullumque
2834 967 3050 1026 frustra
3076 967 3154 1040 pii
3176 968 3587 1028 intercessoris
3615 970 3743 1028 suf-

2084 1055 2330 1126 fragium
2361 1055 2754 1123 desiderasse,
2787 1070 2961 1114 unum
2989 1059 3178 1112 tamen
3213 1055 3324 1113 fide
3354 1061 3416 1114 et
3445 1055 3742 1128 religione

2085 1145 2635 1218 prastantissimum
2674 1144 2911 1202 silentio
2945 1143 3250 1216 praterire
3279 1159 3389 1201 non
3421 1151 3508 1204 est
3538 1146 3742 1202 consi-

2083 1231 2243 1289 lium.
2273 1235 2588 1302 Moguntia,
2621 1234 2830 1291 civitas
2858 1234 3042 1290 totius
3073 1233 3391 1291 Germania
3416 1233 3742 1292 celeberri-

2083 1336 2194 1394 ma,
2238 1323 2420 1379 Rheni
2462 1323 2720 1379 imminet
2761 1322 3084 1392 littoribus,
3127 1323 3491 1380 commerciis
3521 1330 3740 1395 patens

2083 1413 2369 1481 egestatis
2385 1412 2665 1481 insolens,
2685 1425 2956 1482 agrorum
2973 1415 3034 1468 et
3050 1410 3346 1470 vinearum
3367 1410 3595 1476 fertilis,
3616 1411 3740 1470 nul-

2086 1499 2318 1573 liusque
2343 1501 2691 1559 necessaria
2715 1500 2797 1557 rei
2821 1499 3106 1571 indigens,
3122 1499 3263 1556 viris
3284 1505 3340 1557 et
3363 1500 3626 1558 adificiis
3645 1515 3740 1558 sa-

2088 1589 2166 1646 tis
2197 1594 2495 1662 exornata,
2532 1589 2632 1648 sed
2667 1589 2850 1648 multo
2892 1589 3141 1658 beatius,
3187 1587 3338 1660 quod
3377 1589 3740 1660 pretiosissi-

2088 1693 2241 1736 mum
2273 1679 2576 1750 religionis
2607 1693 2788 1749 genus
2819 1683 2929 1750 est,
2964 1676 3284 1735 reverendo
3324 1679 3734 1734 monachorum

2089 1768 2280 1824 ordini
2326 1767 2642 1827 illustrata.
2689 1769 2900 1824 florum
2933 1767 2988 1824 in
3022 1781 3136 1824 uno
3168 1767 3539 1832 monasterio,
3574 1765 3735 1836 qucd

325 1847 532 1904 adium
564 1851 741 1907 facies
765 1867 876 1909 una
901 1854 1226 1911 favillarum
1252 1863 1379 1911 erat
1401 1858 1722 1925 congeries.
1753 1861 1820 1915 Et
1850 1860 1978 1930 quis
2003 1883 2060 1946 B
2093 1854 2261 1924 longe
2283 1856 2499 1912 ceteris
2529 1855 2782 1912 nobilius
2812 1855 3006 1911 Sancti
3035 1853 3240 1913 Albani
3271 1855 3503 1946 dicitur,
3529 1859 3734 1946 nostra

325 1938 577 1992 omnium
605 1940 942 2010 apothecam
969 1942 1155 2012 lignea
1168 1960 1238 2010 Ill,
1261 1949 1463 1999 contra
1484 1945 1596 2000 vim
1620 1945 1768 2015 ignis
1789 1951 1978 2004 tener-

327 2025 550 2092 rimam,
585 2043 713 2098 quac
746 2030 933 2086 media
965 2031 1168 2102 templi
1197 2033 1494 2089 testudine
1520 2035 1572 2088 in
1599 2035 1757 2112 edito
1784 2037 1974 2106 posita

325 2129 550 2171 omnem
579 2119 802 2176 ruentis
828 2120 1060 2177 fabrica
1083 2121 1414 2193 excipiebat
1442 2123 1742 2194 impetum,
1776 2125 1979 2182 crede-

327 2209 415 2258 ret
441 2206 762 2274 perieulum
787 2209 1082 2264 evasisse?
1105 2211 1212 2266 Sed
1239 2211 1390 2280 quod
1415 2217 1551 2268 actu
1574 2211 1974 2270 diflicillimum

326 2295 502 2362 agris
551 2294 860 2353 videbatur
906 2298 1274 2368 mortalibus,
1326 2314 1549 2355 summo
1598 2301 1973 2358 Procuratori

327 2381 661 2439 facillimum
697 2399 887 2441 rerum
922 2388 1191 2457 probavit
1223 2388 1578 2444 exitus.......

395 2473 451 2526 4.
483 2473 590 2527 Sed
626 2475 757 2544 quia
795 2490 1073 2542 majorum
1107 2477 1354 2546 ingressi
1395 2479 1678 2549 vestigiis,
1723 2479 1977 2550 qualiter

328 2559 534 2616 beatus
591 2564 892 2619 confessor
939 2578 1173 2620 suarum
1225 2565 1606 2635 reliquiarum
1659 2567 1974 2626 defensioni

328 2663 559 2718 semper
609 2651 862 2721 all‘uerit,
916 2653 1391 2724 monstravimus,
1430 2653 1570 2710 libet
1603 2661 1800 2711 cetera
1848 2657 1975 2728 ejus

324 2738 570 2806 carptim
605 2738 918 2809 attingere,
950 2746 1130 2811 utque
1154 2756 1387 2798 suorum
1415 2743 1740 2814 supplicum
1765 2748 1896 2816 post
1919 2743 1977 2800 id

328 2822 550 2879 dierum
583 2840 892 2896 numquam
918 2829 1092 2884 saluti
1117 2824 1365 2886 defuerit
1402 2831 1603 2900 paucis
1635 2832 1967 2888 absolvere.

328 2911 678 2968 Mausoleum
723 2915 866 2972 illud
909 2915 1224 2988 lapideum,
1267 2920 1418 2990 quod
1452 2936 1479 2976 a
1515 2920 1862 2990 quibusdam
1896 2927 1979 2978 te-

329 3002 594 3057 merariis
638 3003 960 3074 effractum,
1011 3005 1265 3063 latenter
1310 3007 1690 3079 expoliatum,
1723 3011 1976 3067 sicutex

331 3091 652 3160 pramissis
700 3093 932 3163 claruit,
982 3099 1246 3152 veterum
1295 3097 1569 3154 memoria
1624 3099 1974 3170 testabatur,

327 3184 631 3248 postquam
667 3181 902 3252 majoris
929 3184 1178 3241 cautela
1207 3185 1414 3254 gratia,
1453 3187 1722 3244 omnibus
1753 3188 1811 3243 id
1843 3203 1981 3245 con-

325 3267 678 3339 sulentibus,
703 3271 962 3342 pretioso
980 3273 1262 3330 thesauro
1283 3278 1590 3331 vacuatum
1611 3279 1722 3347 est,
1751 3277 1876 3350 pari
1897 3276 1979 3334 ni-
2011 3241 2060 3304 Ο

325 3355 638 3414 hilominus
657 3363 834 3430 atque
853 3359 1068 3418 dudum
1090 3363 1417 3420 reverentia
1438 3363 1490 3418 in
1511 3363 1711 3421 eadem
1725 3365 1974 3423 ecclesia

321 3447 727 3518 compositum,
763 3454 965 3507 sancte
989 3452 1297 3509 admodum
1325 3455 1758 3511 reservabatur.
1795 3455 1978 3527 Hujus

323 3537 694 3607 superficiem
735 3539 908 3596 docta
953 3555 1156 3598 manus
1187 3541 1435 3596 artificis
1470 3542 1686 3600 tabulis
1721 3544 1976 3616 undique

321 3627 665 3682 marmoreis
697 3641 726 3682 a
762 3629 952 3684 fronte
986 3630 1395 3700 pracinxerat,
1430 3631 1632 3702 eisque
1673 3632 1861 3689 solide
1902 3634 1970 3690 ad

320 3713 564 3770 invicem
616 3717 959 3790 compactis,
1005 3717 1275 3774 decorem
1327 3719 1512 3790 operi,
1558 3735 1723 3777 usum
1775 3722 1976 3778 decori

319 3801 645 3859 addiderat.
666 3805 766 3860 llis
781 3819 920 3861 vero
939 3820 1011 3860 ex
1029 3806 1334 3863 vicinitate
1355 3807 1544 3864 sancti
1563 3811 1834 3881 corporis
1853 3815 1979 3868 tan-

319 3891 440 3946 tum
474 3891 716 3950 virtutis
742 3896 1090 3966 tantumque
1127 3895 1332 3966 gratia
1374 3895 1653 3954 salutaris
1692 3897 1976 3957 divinitus

319 3984 675 4051 accesserat,
708 3986 770 4038 ut
803 3982 966 4039 credi
998 3983 1097 4039 vix
1129 3984 1340 4056 possit,
1375 3985 1612 4057 quantis
1641 3987 1974 4047 mortalium

320 4065 722 4140 incommodis,
778 4071 1184 4143 patrocinante
1236 4075 1422 4131 sancti
1476 4075 1780 4148 beneflcio,
1814 4077 1975 4136 salus

317 4155 527 4213 exinde
553 4163 866 4230 procurata
889 4161 984 4218 sit.
1019 4161 1380 4235 Quicumque
1411 4164 1562 4222 enim
1592 4164 1781 4236 longis
1803 4167 1976 4224 febri-

318 4240 426 4302 bus
459 4260 642 4318 usque
677 4249 744 4304 ad
781 4264 918 4307 ossa
947 4249 1246 4324 depastus,
1293 4252 1562 4326 quisquis
1601 4256 1806 4314 morbo
1848 4255 1976 4314 diu-

314 4335 488 4391 turno
517 4337 840 4409 confectus,
875 4340 988 4398 huc
1013 4356 1144 4398 cum
1179 4341 1314 4399 fidei
1347 4342 1691 4416 integritate
1735 4358 1973 4404 suarum

2091 1944 2366 2000 memoria
2402 1944 2634 2014 quidam
2667 1943 3042 2015 prapositus,
3087 1943 3448 1999 Severendus
3477 1942 3732 2012 nomine,

2089 2033 2319 2090 caelesti
2337 2032 2703 2106 phil050phia
2724 2033 3128 2103 exercebatur,
3150 2032 3239 2089 vir
3255 2032 3489 2104 Optimis
3507 2031 3738 2089 artibus

2089 2138 2118 2178 a
2161 2128 2364 2178 tenero
2406 2136 2598 2193 ungue
2639 2122 2899 2178 imbutus
2939 2123 3171 2194 Deoque
3202 2124 3257 2176 et
3291 2120 3617 2178 hominibus
3659 2121 3737 2177 ob

2092 2211 2272 2268 multa
2305 2211 2519 2281 ingenii
2555 2213 2698 2267 bona
2731 2225 2906 2268 carus
2937 2216 2998 2266 et
3028 2213 3326 2283 acceptus.
3361 2209 3466 2265 Sed
3491 2209 3594 2265 hos
3619 2214 3734 2266 tam

2088 2301 2260 2356 latos
2309 2315 2623 2358 successus
2657 2299 3055 2371 prapediebat
3103 2298 3390 2368 agritudo
3436 2299 3733 2367 continua,

2090 2388 2384 2460 lentisque
2415 2387 2660 2445 febrium
2689 2388 3010 2460 vaporibus
3036 2401 3148 2443 non
3178 2385 3334 2443 lente
3355 2386 3462 2442 viri
3484 2387 3738 2444 eminen-

2089 2479 2167 2534 tis
2197 2478 2577 2549 premebatur
2616 2475 2926 2534 industria.
2962 2475 3083 2543 Qua
3117 2480 3279 2548 peste
3309 2475 3587 2532 averrima
3617 2475 3736 2548 jam

2092 2581 2194 2638 per
2215 2565 2529 2623 triennium
2551 2565 2858 2622 exhaustis
2873 2564 3118 2635 viribus,
3136 2562 3280 2620 nihil
3303 2569 3594 2636 postremo
3613 2577 3739 2620 crc-

2088 2655 2234 2712 didit
2260 2655 2579 2725 salubrius,
2608 2669 2798 2726 quam,
2827 2653 3018 2712 inutili
3043 2653 3394 2711 medicorum
3417 2667 3592 2724 opera
3613 2667 3739 2709 ces-

2091 2749 2278 2815 sante,
2311 2743 2576 2801 caelestis
2602 2757 2806 2800 manus
2836 2741 3174 2812 suffragium
3204 2741 3564 2812 quaritasse.
3597 2743 3733 2797 Nam

2089 2834 2338 2891 edoctus
2369 2833 2778 2890 claritudinem
2808 2832 3184 2888 Treverensis
3207 2829 3490 2900 ecclesia,
3515 2845 3584 2887 eo
3608 2846 3737 2904 pro-

2091 2923 2280 2980 fectus
2306 2921 2588 2989 intendit;
2621 2935 2872 2994 parsque
2895 2921 3086 2977 factus
3109 2919 3494 2992 supplicantis
3517 2919 3731 2992 populi,

2090 3011 2328 3069 humilis
2377 3014 2668 3084 precator,
2713 3009 2818 3066 sed
2858 3008 3279 3066 celeberrimus
3329 3007 3732 3066 beneficiorum

2091 3101 2460 3174 impetrator,
2499 3097 2780 3157 tumulum
2806 3097 2994 3156 sancti
3017 3097 3285 3168 accessit,
3319 3101 3516 3170 potum
3545 3097 3732 3154 abrasi

2091 3189 2398 3246 marmoris
2429 3189 2656 3246 sincere
2687 3186 3088 3260 participavit;
3121 3200 3226 3244 nec
3260 3184 3414 3243 fideli
3443 3184 3732 3244 desiderio

2092 3279 2428 3348 frustratus,
2447 3277 2610 3334 brevi
2627 3291 2699 3334 ex
2718 3275 2946 3334 inflrmo
2970 3275 3330 3346 sanissimus,
3347 3274 3624 3348 pallorem
3648 3289 3732 3332 re-

2090 3367 2285 3425 divivo
2298 3365 2500 3425 colore
2513 3365 2778 3424 mutavit.
2796 3366 2850 3423 Is
2865 3380 2977 3423 non
2993 3365 3290 3423 immemor
3304 3363 3728 3435 beneflcii,cum

2090 3455 2310 3513 sanctis
2339 3454 2606 3512 omnibus
2641 3468 2784 3527 pure
2814 3453 3160 3525 deserviret,
3191 3457 3311 3511 tum
3342 3467 3448 3511 suo
3474 3452 3730 3510 curatori

2090 3544 2435 3601 familiarius
2458 3543 2802 3613 inharebat,
2833 3557 3018 3614 eoque
3041 3541 3372 3600 devotionis
3394 3540 3548 3598 circa
3571 3539 3726 3598 illum

2089 3634 2442 3706 profecerat,
2477 3636 2542 3688 ut
2576 3631 2769 3688 locum
2801 3635 3063 3688 nostrum
3097 3631 3266 3703 (578),
3300 3645 3416 3702 quo
3445 3629 3570 3700 ejus
3601 3627 3729 3686 reli-

2089 3721 2256 3793 quias
2270 3735 2454 3793 nuper
2469 3720 2786 3777 translatas
2801 3717 3357 3790 didicerat,speciali
3371 3717 3581 3776 affectu
3594 3716 3728 3776 mul-

2086 3816 2185 3867 tus
2201 3815 2258 3867 et
2281 3810 2556 3880 frequens
2575 3812 2902 3882 expeteret,
2919 3811 2976 3864 et
2991 3811 3126 3865 ante
3141 3806 3495 3865 fraternitati
3515 3809 3724 3867 nostra

2087 3903 2386 3971 acceptus.
2405 3903 2527 3955 tum
2547 3911 2688 3955 vero
2701 3911 2774 3954 ex
2786 3896 2945 3954 assid
2957 3895 3137 3954 nitate
3155 3895 3550 3954 commanendi
3571 3910 3724 3954 acce-

2085 3989 2206 4063 ptis
2220 3987 2402 4044 simus
2417 3985 2604 4044 fieret.
2622 3985 2806 4057 Hujus
2826 3985 3016 4044 relatu
3035 3985 3336 4057 virtutem,
3355 3999 3522 4058 quam
3535 3999 3724 4059 exper-

2091 4082 2184 4136 tus
2209 4077 2419 4148 fuerat,
2446 4075 2732 4134 fratribus
2755 4074 2846 4134 sui
2869 4074 3152 4134 studiosis
3172 4078 3546 4149 compertam,
3580 4073 3720 4133 haud

2085 4166 2296 4239 injuria
2317 4169 2536 4224 nostra
2555 4163 2880 4223 narrationi
2896 4163 3254 4223 credidimus
3271 4161 3629 4222 inserendam
3645 4163 3722 4220 ni-

2085 4255 2167 4314 hil
2192 4259 2466 4314 verentes
2497 4253 2676 4312 debili
2707 4253 2984 4312 falsitatis
3013 4253 3301 4312 calumnia
3333 4252 3572 4326 pulsari,
3600 4265 3718 4325 qua

2085 4350 2203 4404 tam
2227 4343 2455 4403 veracis
2474 4343 2584 4401 viri
2607 4342 2938 4418 patrocinio
2962 4341 3132 4400 facile
3154 4341 3375 4415 poterit
3395 4339 3718 4402 enervari...

331 4525 541 4659 EX
595 4529 1604 4666 INVENTIONE
1666 4537 1861 4668 ET
1931 4534 2834 4672 MIRACULIS
2883 4535 3010 4671 S.
3057 4533 3718 4667 MATHl/E

381 4699 760 4780 laeserat-ant
780 4716 818 4760 α
835 4703 1021 4780 Legio
1047 4704 1192 4780 (579)
1225 4705 1408 4765 libros
1427 4706 1499 4764 dc
1529 4707 1667 4767 Vita
1686 4709 1744 4765 et
1762 4709 2080 4768 miraculis
2103 4709 2172 4767 ις’.
2199 4707 2450 4767 Malitia
2469 4706 2727 4780 apostoli
2745 4708 3066 4780 scripsisse
3085 4707 3223 4780 jam
3257 4706 3612 4780 Titii/temtas
3630 4720 3716 4764 re-

313 4771 452 4828 tulit
469 4772 654 4845 (580);
673 4773 742 4830 id
753 4771 1112 4846 quodetiam
1123 4771 1444 4837 Dromo-us
1461 4780 1632 4852 (581),
1656 4779 2137 4908 Ηὶιιανίιῇςὸῗὲ)
2164 4780 2401 4854 aliique,
2423 4771 2632 4838 tes-tati
2651 4779 2810 4838 sunt.
2836 4771 2978 4838 Ideo
2995 4771 3408 4836 Home/lenius
3429 4793 3557 4836 cum
3577 4779 3715 4834 duas

382 4933 530 5011 (57S)
556 4935 612 4989 S.
628 4933 826 5011 Jacobi
851 4935 1266 5011 monasterium
1282 4937 1378 4993 vix
1395 4937 1723 5011 intelligere
1742 4944 1963 5011 potest.

310 5003 451 5059 Num
479 5003 600 5060 hac
626 5006 1174 5063 Ilelmwurdicensis
1194 5011 1512 5065 monachus
1529 5003 1790 5067 addidit?

381 5074 734 5152 (_5_79)__Que_ln
785 5091 930 5152 cave
976 5091 1044 5132 ne
1091 5080 1357 5152 eumdem
1409 5086 1580 5152 putes
1629 5081 1726 5152 qui
1777 5081 1966 5138 Vitam

309 5144 362 5229 ‘S_.
399 5144 691 5229 Heljberti
723 5148 960 5229 scripsit
988 5164 1136 5229 δεδι,
1164 5165 1228 5229 vi.
1249 5144 1792 5229 ll_ist.'lit_ter._'VIlI,
1824 5169 1878 5229 p_.
1911 5155 1963 5224 6,

310 5169 362 5199 ο.
399 5169 688 5202 nermeru
723 5169 960 5218 SUl'lpSII.
988 5169 1030 5204 S.
1059 5169 1136 5229 ru,
1164 5169 1215 5204 v.
1249 5169 1393 5206 lllSt.
1429 5169 1612 5207 uuer.
1654 5169 1792 5222 VIII,
1867 5195 1878 5207 .
1911 5169 1963 5224 ῠ,

310 5215 455 5296 Men.
623 5218 972 5296 lV._p_._739;
1011 5220 1158 5276 Hist.
1195 5221 1247 5275 S.
1285 5222 1450 5278 Laur.
1490 5222 1662 5280 Leod.
1698 5237 1791 5296 ap.
1824 5169 1968 5280 glar-

310 5290 444 5359 tcne
478 5287 567 5356 IV,
601 5304 654 5359 p.
689 5287 844 5344 1067.

381 5357 529 5432 (580)
565 5357 708 5414 A’nn.
745 5361 1012 5432 Hrlrsiaug.
1052 5376 1104 5432 p.
1133 5363 1252 5418 174.
1280 5363 1356 5418 De
1381 5362 1562 5420 illust.
1597 5365 1742 5420 viris
1774 5364 1962 5419 Germ.

309 5427 413 5500 Op.
440 5431 483 5499 I,
509 5427 566 5506 p.
596 5432 718 5499 133,
745 5431 948 5506 ubj‘ita
967 5427 1253 5506 loquitur.
1279 5435 1630 5506 Lampcrtus
1659 5436 1729 5491 de
1761 5435 1963 5506 Legio,

305 5500 630 5557 monachus
651 5501 897 5558 cauobii
926 5500 1268 5560 sanctorum
1293 5500 1594 5562 Eucherii
1615 5507 1674 5563 ct
1690 5500 1969 5563 Matt/lite

309 5571 654 5647 apostoli”,
696 5573 794 5630 air
832 5573 1240 5647 undecunque
1265 5576 1665 5645 doctissimus,
1710 5577 1969 5647 philoso-

305 5641 482 5726 phus,
505 5641 729 5713 rhetor,
751 5643 1019 5702 musicus
1039 5641 1280 5729 etjiocta
1301 5641 1968 5729 clarissimusfinycnio

310 5705 556 5770 subtilis
567 5713 895 5786 etcentptus
905 5716 1158 5788 cloqmo.
1174 5719 1318 5775 Sora
1359 5720 1444 5775 sit
1455 5720 1578 5775 tam
1589 5720 1773 5776 mel/r0
1785 5731 1971 5791 quam

306 5794 490 5847 prosa
498 5783 1078 5847 omdampmclara
1087 5732 1390 5847 armauit.
1409 5789 1480 5846 de
1490 5787 1712 5847 quibus
1722 5804 1826 5847 eoo
1840 5791 1970 5847 tan-

306 5794 490 5853 prosa
498 5783 1078 5858 quodanipmclai-a
1087 5783 1390 5862 opuscula,
1409 5789 1480 5846 de
1490 5787 1712 5862 quibus
1722 5783 1826 5862 ego
1840 5791 1970 5848 tan-

2079 4940 2459 5026 Μῖέρρσνί
2478 4938 2785 5026 ξυνεσιφε
2797 4939 2896 5026 1",
2903 4937 3236 5026 ,l’li???!‘{‘!,
3244 4936 3716 5026 ἔθ’ἒῗξξέαξξέίε

2079 5005 2344 5092 apostoli
2371 5005 2657 5092 τηαμηᾴηξ
2692 5022 2838 5092 eam
2878 5010 3122 5092 matrice
3155 5005 3713 5092 compositumnliblp

2082 5077 2246 5153 (Ann.
2273 5077 2544 5153 Hirsaug.
2571 5080 2608 5138 ι.
2637 5080 2673 5137 l.
2699 5077 2804 5138 fde
2822 5081 3142 5153 miracula
3161 5077 3498 5153 sanctorum
3521 5077 3617 5138 lib.
3635 5079 3715 5153 lt);

2080 5151 2386 5233 de_s_aucto
2415 5151 2648 5233 ᾳμὸῃιίᾳ
2676 5153 2926 5233 Acrisio
2951 5151 3053 5233 lily.
3090 5158 3112 5210 1
3151 5151 3247 5222 (cf.
3279 5164 3454 5233 supra
3481 5165 3536 5222 p.
3570 5151 3710 5233 HQ;

2079 5219 2565 5310 «eamme
2595 5219 2746 5310 fissa
2771 5241 2785 5310 ε
2808 5219 3199 5310 latissima;
3226 5219 3522 5310 Y°_,I,I."_l.a_'§;
3550 5219 3711 5310 Mli

2079 5289 2351 5366 albatan
2366 5308 2542 5354 suum
2555 5289 2744 5354 aita'm
2759 5295 2958 5366 sancti
2973 5293 3251 5366 Mettium
3269 5293 3524 5366 apostoli
3542 5289 3717 5366 edidit

2080 5365 2182 5446 lto.
2205 5371 2226 5446 ς
2243 5382 2269 5433 ,ο
2287 5379 2584 5446 scrutor“:
2600 5367 2786 5424 etiam
2799 5365 3002 5446 corio;
3017 5366 3086 5424 in
3103 5364 3380 5446 Ιεοῃονέυι
3393 5364 3713 5446 sanctam

2080 5436 2182 5510 ab.
2203 5442 2266 5506 1,·
2286 5437 2571 5510 epistolas
2581 5437 3048 5510 qwqwmultas
3059 5437 3142 5510 ad
3154 5436 3712 5510 disertam-comm

2080 5506 2560 5582 diversich
2577 5506 3038 5582 elegantissima
3053 5509 3113 5582 et
3123 5508 3318 5582 multo
3331 5507 3390 5566 at
3403 5506 3578 5564 saria
3590 5517 3712 5562 con-

2074 5579 2303 5706 ρο.ἶὲῗῖ3
2314 5579 2520 5706 éltlalga
2526 5592 2701 5706 ἔξω)
2707 5579 2846 5639 Iura
2863 5579 3034 5639 nobis
3053 5579 3374 5652 incognita.

2153 5647 2303 5793 (681)
2337 5651 2406 5720 Il,
2441 5665 2494 5721 p.
2526 5653 2618 5708 aa.

2153 5721 2280 5790 (sea
2335 5722 2397 5778 P.
2433 5723 2521 5778 ss.
