3936 6408
329 394 484 461 1283

1126 627 1287 717 EX
1398 627 2188 721 INVENTIONIS

863 400 1128 461 GESTA
1159 397 1513 464 TREVER.
1550 439 1618 448 -—
1652 400 2008 466 APPEND.
2044 402 2158 465 EX
2187 402 2350 467 INV.
2385 401 2490 467 ET
2520 405 2685 467 MIR.
2722 405 2788 468 S.
2847 400 3203 469 MATHl/E.

3583 400 3749 472 1284

2312 629 2925 722 HISTORIA.

401 786 641 854 Dignum
661 788 720 839 et
752 785 977 855 justum
1010 785 1242 855 quidem
1274 801 1495 843 necnon
1520 788 1816 845 credimus
1858 790 1972 847 dis-
1998 784 2055 844 A
2088 782 2213 838 radi
2238 782 2870 853 secundiimperateris
2890 781 3412 852 filio,quatenusad
3435 784 3583 842 illus
3606 803 3742 841 ran-

331 867 566 938 pliccre,
598 863 643 920 si
701 863 757 918 in
808 864 1052 933 gloriam
1103 870 1163 921 et
1214 866 1492 923 honorem
1537 869 1691 924 beati
1743 870 1969 926 Mathim

328 952 822 1026 apostoliDemini
856 960 1069 1023 prater
1096 954 1251 1009 illam
1296 957 1702 1027 reverentiam,
1740 973 1868 1028 quze
1917 959 1969 1014 ei

330 1044 380 1098 in
415 1048 543 1098 toto
575 1042 718 1097 orbe
740 1045 1028 1097 terrarum
1059 1044 1168 1099 sub
1204 1042 1294 1100 die
1350 1048 1382 1099 6
1414 1045 1799 1102 Kalendarum
1830 1048 1973 1102 Mar-

326 1133 403 1186 tia
416 1147 540 1187 rum
557 1145 586 1185 a
609 1130 824 1186 Christi
854 1130 1129 1188 ﬁdelibus
1153 1132 1973 1202 exhibetur,civitasTreviv-e-

329 1236 473 1291 rum,
501 1234 630 1291 quae
662 1218 852 1275 felicia
886 1235 1013 1289 ejus
1040 1236 1175 1278 ossa
1226 1224 1509 1294 continet,
1534 1223 1708 1279 alium
1740 1239 1971 1295 quoque

326 1310 479 1365 diem
501 1308 831 1364 solennizet
852 1308 1023 1381 (597),
1040 1310 1347 1366 Reetenim
1363 1326 1499 1367 vera
1520 1312 1777 1383 piumest
1796 1319 1968 1383 atque

324 1397 700 1468 conveniens,
724 1403 786 1453 ut
809 1398 1020 1468 quibus
1066 1401 1253 1469 gratia
1273 1400 1468 1457 datum
1500 1407 1590 1458 est
1637 1401 1849 1457 domini
1872 1403 1966 1457 Dei

319 1488 507 1543 nostri
561 1502 681 1558 prae
715 1487 936 1543 ceteris
968 1489 1248 1556 gentibus
1274 1489 1616 1547 familiarius
1637 1491 1763 1561 ejus
1804 1491 1967 1561 quasi

324 1576 543 1647 perfrui
575 1574 934 1631 allocutione
956 1581 1132 1645 atque
1156 1577 1450 1634 cotidiana
1474 1579 1772 1634 confevcri
1799 1580 1969 1635 bene-

316 1665 595 1734 dictione,
621 1664 783 1720 illum
812 1665 1177 1735 prepeusiori
1205 1681 1373 1736 quam
1399 1667 1611 1736 quibus
1636 1669 1757 1722 hazc
1778 1667 1966 1738 gratia

316 1769 427 1809 non
453 1753 1483 1822 contigitrevereanturhonore.Hec
1504 1761 1699 1811 autem
1719 1756 1966 1812 maxime

316 1841 1055 1911 congruumjudicavimus
1097 1842 1190 1898 die
1222 1843 1540 1900 salutiferae
1587 1844 1966 1900 revelationis

315 1930 457 2001 ejus.
494 1930 573 1985 De
606 1928 774 1998 cujus
793 1929 1128 1987 laetabunda
1164 1932 1551 1988 translatione
1585 1932 1756 1988 simul
1798 1938 1858 1988 et
1886 1934 1968 1988 in-

318 2035 593 2092 ventione
617 2051 843 2091 necnen
863 2041 920 2092 et
938 2036 1296 2093 revelatione
1320 2039 1417 2094 sed
1443 2043 1499 2093 et
1517 2038 1771 2109 quali-um
1789 2053 1968 2110 quan-

317 2132 630 2196 torumque
655 2126 1072 2182 miraculorum
1106 2126 1536 2198 glerificatiene
1578 2127 1856 2186 laetificati
1890 2128 1965 2184 si-
1996 2146 2049 2205 Β

319 2228 463 2284 mus,
498 2214 739 2269 Domine
762 2215 1099 2285 adjuvante,
1133 2220 1303 2285 prout
1353 2230 1669 2287 possumus
1702 2216 1965 2273 dicemus

317 2315 385 2357 ex
420 2302 646 2358 ordine.
674 2303 779 2358 Sed
816 2304 1001 2373 ipsum
1038 2306 1273 2360 beatum
1305 2306 1573 2361 Mathiam
1599 2306 1654 2360 in
1711 2305 1965 2361 omnium

316 2390 656 2461 primordiis
680 2405 916 2446 necesse
949 2396 1039 2446 est
1060 2408 1160 2463 per
1191 2392 1485 2449 dominum
1517 2396 1711 2450 Jesum
1761 2395 1966 2464 depre-

313 2477 845 2542 cemur,quatenus
875 2471 1442 2539 cjusinterccssienc
1491 2487 1603 2529 non
1638 2474 1748 2529 alia
1793 2489 1961 2545 quam

316 2575 445 2629 quae
470 2559 581 2614 sibi
614 2559 787 2628 digna
814 2574 878 2615 ac
924 2561 1039 2614 Deo
1081 2566 1215 2639 sunt
1250 2560 1487 2632 placita,
1541 2565 1742 2618 nostra
1799 2561 1959 2618 ducti

312 2647 666 2718 insipientia,
699 2648 1085 2718 proferamus.

384 2743 431 2791 1.
460 2736 645 2807 Igitur
677 2738 826 2809 (598)
855 2738 1307 2794 annoincarnati
1330 2732 1492 2794 verbi
1523 2740 1621 2794 Dei
1659 2742 1783 2810 368,
1816 2741 1961 2796 Cen-

312 2826 570 2882 stantino
604 2827 828 2898 Magne,
862 2835 1028 2899 patre
1058 2829 1956 2899 augustorum,christianissimo

313 2914 686 2986 imperatore,
724 2917 962 2971 Romani
1003 2917 1252 2973 nominis
1299 2921 1532 2988 sceptra
1577 2918 1826 2973 feliciter
1874 2933 1959 2974 re-

309 3007 508 3072 gente,
536 3002 703 3058 beata
720 3003 1151 3073 Helena,mater
1172 3005 1672 3075 ejus,imperatrix
1687 3012 1951 3075 augusta,

308 3091 509 3163 etipsa
527 3091 907 3149 nihilominus
930 3094 1251 3149 christiana
1268 3094 1321 3148 in
1343 3094 1711 3165 professione
1728 3094 1954 3151 firmata

309 3180 598 3238 dominica
633 3196 809 3238 cruce
868 3182 1121 3254 inventa,
1156 3183 1328 3252 hujus
1358 3184 1562 3254 patria:
1594 3200 1714 3239 suae
1748 3217 1799 3224 υ
1827 3189 1956 3240 erat

307 3269 458 3326 enim
492 3270 765 3340 indigena
789 3271 1050 3328 civitatis
1081 3272 1404 3329 Trevericaa
1433 3304 1502 3313 —-
1536 3273 1954 3344 pizememoriae

310 3358 542 3415 beatum
586 3359 855 3414 Mathiam
923 3361 1298 3430 apestoluma
1346 3362 1545 3417 Judaaa
1604 3362 1953 3417 translatum

307 3461 435 3503 cum
470 3446 600 3503 aliis
631 3448 1258 3520 magnificisreliquiis,
1289 3450 1361 3505 de
1393 3450 1605 3520 quibus
1639 3451 1810 3506 modo
1844 3464 1954 3505 non

307 3540 395 3593 est
420 3551 629 3607 sermo,
658 3552 759 3608 per
790 3511 1183 3608 patriarcham
1208 3511 1635 3595 Ahtiedhcnum
1659 3539 1954 3608 Agricium
1988 3511 2034 3571 Ο

304 3637 434 3680 cum
469 3624 877 3680 benedictione
894 3626 1048 3681 beati
1080 3627 1345 3681 Silvestri
1389 3632 1529 3682 tunc
1561 3627 1957 3696 Romanipon-

305 3711 481 3768 tiﬂcis
512 3713 625 3768 huc
643 3713 984 3769 destinavit.
1007 3713 1169 3778 Quod
1191 3714 1460 3769 nimirum
1476 3714 1742 3784 exempla
1767 3714 1954 3784 ipsius

305 3799 462 3855 beati
492 3800 761 3855 Silvestri
781 3801 970 3855 cidem
992 3800 1224 3870 Agricie
1258 3801 1391 3857 data
1428 3801 1957 3871 legendoceguovi-

306 3902 455 3943 mus.
492 3886 672 3953 Quem
704 3888 978 3944 videlicet
1010 3891 1242 3944 beatum
1300 3891 1568 3945 Mathiam
1628 3905 1739 3945 non
1785 3891 1954 3960 longe

308 3981 442 4048 post
467 3975 671 4032 fideles
701 3977 901 4048 pepuli
936 3978 1031 4047 qui
1068 3984 1203 4034 tunc
1228 3983 1390 4033 erant
1428 3978 1670 4049 Treviri,
1731 3980 1785 4034 in
1817 3993 1956 4049 gau-

307 4063 463 4122 dium
494 4071 550 4121 et
578 4065 843 4121 laetitiam
868 4067 1134 4123 venturis
1167 4073 1326 4124 retro
1378 4067 1533 4139 filiis,
1565 4074 1735 4124 cauta
1769 4068 1955 4125 cousi-

307 4153 611 4212 deratione
626 4160 870 4227 propter
902 4156 1245 4225 iugruentes
1271 4172 1416 4227 quas
1457 4158 1954 4229 Arianictpagani

308 4245 682 4301 concitabant
713 4245 1098 4302 ecclesiarum
1129 4247 1596 4318 persecutiones,
1627 4247 1794 4317 juxta
1829 4263 1958 4304 cor-

310 4348 452 4407 pora
475 4339 812 4390 sanctorum
861 4335 1130 4391 Eucharii
1163 4334 1378 4390 Valerii
1401 4339 1457 4391 et
1506 4335 1747 4392 Materni
1782 4341 1957 4393 terrae

314 4420 491 4480 altius
523 4422 803 4478 infossum
837 4413 1257 4480 venerabiliter
1276 4423 1715 4480 collocaverunt
1750 4424 1958 4494 ;cujus

315 4525 420 4569 nos
444 4525 598 4567 nunc
623 4510 865 4567 revelati
896 4511 1095 4581 gaudii
1155 4512 1607 4585 participatione
1635 4512 1736 4569 Dei
1767 4514 1952 4570 nostri

309 4600 498 4670 gratia
523 4600 897 4672 perfruimur.

378 4695 429 4748 2.
458 4689 707 4746 Perinde
742 4689 985 4746 multum
1017 4690 1300 4762 temporis
1338 4690 1611 4762 ﬂuxerat,
1676 4706 1953 4749 annorum

307 4778 429 4847 (an.
467 4781 764 4834 1047-1066
788 4778 1204 4850 propemodum
1228 4785 1659 4849 sexcentorum,
1695 4786 1755 4836 et
1784 4782 1959 4837 Eber-

2085 872 2219 927 dum
2242 871 2522 942 templum
2540 869 2895 941 suum,quod
2919 870 3200 928 Geslariaa
3225 871 3494 943 faciebat,
3520 873 3741 944 imper-

2086 961 2299 1017 tirctur
2320 961 2371 1015 ei
2395 960 2466 1017 de
2493 960 2756 1030 reliquiis
2781 960 2964 1016 sancti
2985 960 3472 1032 Mathizeaposteli
3506 976 3732 1018 necnon

2084 1054 2139 1104 et
2166 1049 2237 1105 de
2256 1049 2606 1120 corporibus
2623 1049 2865 1105 alierum
2895 1054 3254 1120 sanctorum,
3291 1064 3533 1121 quorum
3580 1052 3733 1107 fama

2083 1142 2243 1195 esset
2257 1137 2572 1194 ecclesiam
2598 1152 2761 1194 suam
2783 1137 3185 1194 Trevirensem
3206 1137 3334 1209 plus
3352 1139 3625 1197 omnibus
3641 1142 3733 1196 Ci-

2083 1225 2987 1299 salpinisabundare.Episcopus
3001 1230 3191 1283 autem
3210 1226 3488 1298 reliquias
3504 1231 3731 1299 petenti

2083 1314 2932 1385 denegabat,queniamanillic
2953 1318 3154 1370 essent
3194 1314 3515 1386 dubitabat,
3551 1318 3729 1373 immo

2079 1403 2188 1462 etsi
2217 1404 2329 1461 sibi
2358 1403 2890 1473 essent,ignorabat
2928 1404 3024 1460 ubi
3049 1404 3585 1462 essentJnterharc
3613 1420 3726 1475 qua

2081 1494 2208 1551 dam
2242 1494 2385 1563 vice,
2408 1508 2560 1562 cum,
2594 1497 2655 1548 ut
2681 1507 2837 1563 saepe
2861 1493 3133 1563 faciebat,
3171 1493 3427 1550 venisset
3463 1494 3726 1563 Romam,

2080 1584 2202 1639 sive
2233 1581 2517 1639 orationis
2552 1581 2764 1651 gratia,
2826 1581 2947 1638 sive
2991 1580 3102 1638 alia
3141 1582 3399 1652 qualibet
3453 1584 3727 1653 exigente

2080 1686 2275 1735 causa,
2296 1671 2442 1727 forte
2458 1671 2677 1742 reperit
2703 1670 2913 1726 librum
2932 1670 3069 1739 illic,
3098 1670 3489 1728 continentem
3510 1672 3726 1741 quibus

2081 1762 2135 1817 in
2168 1760 2316 1818 locis
2351 1760 2564 1830 singuli
2606 1758 3492 1831 apostolorumpradicaverint,
3531 1761 3629 1816 ubi
3661 1768 3725 1816 et

2080 1851 2371 1923 quomodo
2398 1849 2552 1920 passi
2584 1850 2698 1905 sint
2730 1854 2789 1904 et
2825 1847 3187 1918 quieverint;
3230 1848 3614 1920 cognovitque
3643 1850 3725 1905 le-

2079 1940 2291 2010 gendo,
2327 1944 2591 1995 sanctum
2619 1937 2885 1993 Mathiam
2947 1937 2999 1992 in
3025 1937 3221 1993 Iudaea
3291 1938 3632 2008 praedicasse
3659 1944 3722 1994 et

2080 2028 2394 2099 quievisse,
2422 2042 2488 2083 ac
2507 2026 2874 2097 postmodum
2907 2028 2977 2081 ab
2992 2025 3204 2081 Helena
3228 2025 3586 2081 Constantini
3606 2040 3724 2081 ma-

2081 2123 2170 2174 tre
2200 2133 2228 2173 a
2261 2117 2458 2173 Iudaea
2485 2117 2856 2184 translatum,
2882 2121 2939 2170 et
2973 2131 3077 2186 per
3116 2113 3489 2185 patriarcham
3524 2115 3722 2172 Antio-

2080 2206 2326 2263 chenum
2381 2204 2674 2274 Agricium
2734 2203 3013 2259 Trevirim
3060 2203 3239 2260 fuisse
3296 2203 3715 2267 transmissum,

2078 2295 2450 2364 ibiquejuxta
2479 2306 2726 2363 corpora
2746 2290 3175 2361 discipulorum
3210 2290 3423 2346 Christi
3457 2288 3559 2346 ﬁlii
3612 2290 3714 2348 Dei

2077 2386 2133 2441 in
2162 2383 2404 2440 sinistro
2420 2382 2604 2437 latere
2629 2381 2780 2436 inter
2812 2379 3142 2449 aquilonem
3160 2385 3218 2434 et
3242 2382 3502 2435 austrum
3535 2379 3715 2438 fuisse

2076 2472 2428 2543 depositum.
2466 2470 2631 2536 Quod
2661 2468 2864 2526 videns
2894 2467 3106 2538 gaudio
3134 2467 3368 2537 gavisus
3395 2470 3502 2538 est,
3534 2474 3594 2523 et
3624 2483 3715 2541 as-

2075 2560 2420 2618 sistentibus
2439 2558 2549 2614 sibi
2575 2557 2921 2629 quibusdam
2952 2556 3272 2612 Trevericze
3301 2555 3430 2612 huic
3452 2555 3712 2613 ecclesize

2072 2665 2184 2707 non
2219 2648 2364 2705 satis
2388 2647 2660 2704 fidelibus
2682 2662 2856 2703 causa
2873 2644 3392 2715 congratulationis
3429 2643 3706 2701 ostendit.

2071 2740 2179 2807 Qui
2212 2743 2346 2810 post
2378 2737 2502 2807 regi
2534 2736 2947 2808 propterquod
2973 2733 3402 2807 pralibavimus
3418 2748 3524 2790 non
3550 2734 3711 2806 quie-

2070 2828 2280 2895 scenti,
2311 2825 2415 2882 sed
2441 2825 2623 2893 magis
2654 2822 2949 2894 magisque
2982 2821 3053 2878 de
3085 2822 3177 2878 die
3200 2821 3256 2877 in
3288 2821 3435 2877 diem
3468 2827 3528 2878 ut
3558 2822 3707 2878 desi-

2070 2915 2294 2973 derium
2327 2915 2452 2985 ejus
2474 2912 2870 2982 cemplcretur
2900 2910 3159 2979 instanti,
3186 2910 3253 2966 ad
3277 2909 3519 2980 gratiam
3552 2910 3707 2981 regis

2069 3004 2399 3072 adulantes,
2436 3001 2727 3071 magnifici
2755 3004 2809 3056 et
2836 2998 3085 3071 pretiosi
3123 3004 3294 3069 atque
3348 2999 3706 3056 sacrosancti

2070 3093 2228 3149 illius
2251 3091 2519 3148 ecclesiae
2548 3089 2809 3145 thesauri
2842 3088 3135 3145 delatores
3172 3087 3382 3158 effecti,
3418 3088 3702 3159 aperiunt,

2069 3182 2207 3252 quid
2238 3180 2484 3251 legendo
2513 3178 3126 3249 cegneverintJtaque
3149 3191 3276 3233 cum
3302 3192 3402 3232 rex
3420 3176 3701 3245 audierat,

2068 3273 2221 3342 quod
2256 3271 2421 3341 juxta
2474 3281 2742 3340 corpora,
2834 3272 2891 3323 ut
2958 3266 3230 3336 diximus,
3291 3264 3704 3337 discipulorum

2068 3361 2285 3418 Christi
2312 3392 2381 3400 —
2406 3374 2510 3416 nec
2534 3358 2943 3426 dubitandum,
2976 3355 3110 3426 quin
3144 3354 3296 3411 beati
3348 3353 3611 3411 Eucherii
3640 3367 3702 3411 ac

2067 3449 2358 3504 sociorum
2391 3447 2604 3516 ejus—
2644 3444 2952 3502 essaillius
3002 3443 3214 3499 fuerint
3264 3442 3583 3513 antiquitus
3610 3440 3703 3499 do-

2069 3538 2459 3610 posita,petiit
2492 3551 2620 3593 cum
2648 3533 3124 3592 interminatione
3146 3533 3358 3602 gratiae
3386 3546 3453 3588 ac
3476 3530 3705 3587 dilectio

2067 3629 2156 3683 nis
2187 3642 2326 3696 suae,
2366 3626 2693 3683 simuleum
2756 3625 2917 3681 illius
2958 3622 3223 3693 reliquiis
3286 3619 3699 3694 quantumlibet

2067 3716 2313 3771 medicis
2346 3715 2470 3771 dari
2506 3716 2618 3770 sibi
2668 3727 2885 3785 corpus
2939 3711 3122 3769 sancti
3168 3709 3390 3766 Valerii
3453 3707 3701 3780 episcopi

2069 3804 2374 3875 pollicens,
2413 3804 2567 3874 quod
2602 3808 2660 3859 et
2708 3802 2843 3860 fecit
2874 3802 3019 3872 (600;
3067 3801 3138 3858 ad
3179 3801 3451 3857 honorem
3495 3798 3589 3855 Dei
3644 3802 3697 3852 et

2067 3894 2228 3964 quasi
2254 3893 2723 3949 conciliationem
2752 3891 3160 3964 patrifamilias
3181 3887 3518 3945 monasterii
3553 3885 3700 3943 illius

2068 3983 2238 4038 beato
2281 3982 2758 4054 supranominato
2781 3980 3089 4048 Eucharie,
3133 3984 3419 4050 quatenus
3442 3977 3619 4031 frater
3643 3980 3698 4029 et

2065 4070 2518 4128 commilitonem
2535 4086 2703 4127 suum
2729 4083 2758 4125 a
2790 4085 2853 4126 se
2887 4068 3145 4139 separari
3202 4066 3584 4139 permitteret,
3610 4062 3698 4119 da-

2066 4165 2262 4217 turum
2285 4175 2348 4217 se
2381 4159 2451 4216 de
2480 4159 2812 4215 redditibus
2861 4158 2984 4215 suis
3043 4154 3342 4227 magnifica
3394 4152 3689 4211 beneficia.

2067 4247 2255 4318 Igitur
2280 4261 2564 4318 persuasu
2579 4262 2646 4303 su
2658 4246 3079 4316 ffraganeorum
3108 4240 3698 4317 episcoporum,Adal~

2070 4335 2306 4393 heronis
2352 4337 2640 4411 vocabulo
2694 4334 2910 4406 Sancti,
2963 4334 3256 4402 Metensis,
3280 4340 3340 4388 et
3372 4330 3696 4388 Theoderici

2067 4431 2459 4495 cognomento
2482 4425 2687 4495 Magni,
2723 4422 3127 4493 Virduneusis,
3167 4421 3526 4492 aliorumque
3560 4431 3696 4491 quos

2068 4512 2168 4569 illo
2198 4518 2460 4586 tempore
2489 4514 2709 4570 Treviri
2732 4512 2977 4583 contigit
2999 4526 3150 4581 esse,
3172 4510 3346 4568 effodi
3375 4509 3445 4566 de
3477 4507 3696 4581 profun-

2069 4602 2506 4660 dissimaterraa
2560 4602 2896 4674 altitudine,
2932 4602 3070 4658 licet
3097 4600 3332 4669 invitus,
3362 4604 3551 4655 tamen
3580 4610 3699 4672 per.

2070 4693 2227 4750 misit
2262 4693 2759 4766 archiepiscopus.
2786 4692 3043 4762 Denique
3074 4705 3202 4749 cum
3229 4688 3489 4761 praedicti
3517 4687 3695 4759 ponti-

2069 4784 2207 4842 ﬁces
2226 4782 2441 4854 aliique
2472 4798 2503 4839 e
2534 4782 2695 4839 clero
2718 4781 3092 4854 sepulchrum
3125 4778 3512 4853 aperuissent,
3546 4780 3694 4834 tanta

309 4865 530 4923 bardus
545 4867 1029 4939 archiepiscopus
1042 4868 1130 4922 vir
1144 4867 1854 4926 industrius'l‘revirorum
1873 4885 1960 4926 ec—
1987 4872 2040 4931 D
2070 4886 2141 4930 ex
2162 4884 2231 4927 eo
2266 4876 2505 4941 repente
2528 4864 3482 4936 oderissuavitasemanavit,quod
3507 4876 3694 4920 omnes

311 4955 550 5013 clesiam
568 4957 934 5026 gubernabat
961 4956 1242 5027 (599).Hic
1266 4958 1619 5027 efﬂagitatas
1634 4965 1727 5014 est
1745 4973 1776 5014 a
1797 4973 1953 5028 rege,

314 5045 410 5118 qui
445 5045 787 5117 regnavitin
823 5045 1499 5118 illotempere,Heinrice
1530 5046 1779 5119 scilicet,
1818 5051 1960 5106 Cen-

2070 4957 2458 5014 admiratione
2488 4962 2547 5013 et
2565 4961 2721 5012 metu
2739 4955 2995 5028 perculsi
3010 4960 3071 5012 et
3102 4958 3163 5010 ut
3193 4952 3484 5011 credimus
3504 4949 3696 5007 divini-

2068 5054 2166 5105 tus
2183 5047 2472 5120 inspirati,
2522 5046 2981 5104 tantothesaure
3007 5043 3300 5115 regionem
3322 5042 3468 5100 hanc
3496 5051 3695 5111 neque

1895 5173 2125 5230 NOTAE.

374 5297 525 5369 (597)
560 5293 1234 5369 KalendisSeptembris
1268 5313 1282 5362 ;
1330 5311 1498 5365 quem
1533 5296 1705 5365 diem,
1770 5298 1959 5368 inquit

302 5366 639 5441 BrOwerus,
663 5368 861 5424 sancti
891 5366 1145 5441 apostoli
1166 5368 1497 5441 inventioni
1532 5369 1831 5427 ownobim
1853 5366 1961 5441 φο-

302 5442 451 5497 stari
481 5441 549 5497 in
580 5440 811 5497 divinis
837 5438 1049 5508 Oﬁciis
1085 5438 1619 5511 habent/arietum
1633 5438 1954 5498 Hssscniau.

377 5510 526 5584 (598)
567 5513 879 5581 Hoccaput
904 5524 976 5584 ei;
996 5511 1188 5584 Cestis
1220 5527 1270 5569 c.
1306 5510 1484 5582 719,18
1516 5518 1811 5584 sumptum
1840 5516 1948 5568 est.

378 5581 525 5654 (599')
560 5584 746 5639 Minus
774 5587 933 5638 recte
964 5581 1094 5654 base
1119 5582 1175 5638 in
1225 5581 1427 5654 altera
1449 5581 1734 5639 relatione
1768 5584 1956 5653 (Lam-

306 5652 458 5727 ἱραί
492 5652 829 5727 narrantur:
850 5656 1019 5711 Amw
1030 5652 1105 5727 ab
1123 5654 1244 5713 inc.
1258 5653 1537 5727 00min.“
1552 5660 1652 5711 127
1664 5652 1955 5727 regnante

304 5722 568 5784 Henrico
600 5727 1005 5783 Romam
1020 5725 1382 5797 imperatore
1390 5727 1644 5784 secundo
1661 5722 1846 5798 Iuijm
1855 5740 1954 5784 no-

2068 5300 2274 5369 minis,
2304 5297 3192 5369 ,Eberlzardusarcltiepiacopm
3206 5295 3399 5369 sedem
3445 5293 3694 5369 Hegea-i-

2071 5365 2584 5442 camyitbcrnavit.
2618 5371 2780 5426 Huic
2796 5365 3096 5443 Hert—rica:—
3130 5366 3447 5494 tangor-ater
3485 5365 3695 5494 tetigit:

2071 5442 2330 5494 ecclesia
2375 5442 2971 5494 Treceremisacrmn
3004 5453 3178 5494 suam
3256 5436 3420 5494 rm!
3464 5436 3596 5494 lena

2071 5436 2330 5499 occlésia
2375 5440 2971 5500 Trecercmisamm
3004 5453 3178 5499 suam
3192 5436 3420 5497 dith
3464 5436 3596 5507 luga

2067 5518 2671 5657 ὝϐὁοῗιοὸὶρΙ-οωειθ
2729 5598 2782 5641 a.
2836 5587 2992 5657 1153,
3027 5581 3165 5657 date
3186 5596 3295 5657 ap.
3331 5578 3691 5657 iHogtheiml,

2062 5670 2122 5783 ξ.
2138 5625 2311 5738 κέὄέῇ
2341 5625 2711 5727 ἔιὶᾝὲἔῖἆὶ,
2729 5625 3169 5712 ’έρίἱῖέεΐῖ
3186 5625 3696 5710 ’ἳίυἷίῑὲἦὲιῖᾱὲ

2103 5738 2297 5783 rever:
2337 5724 2469 5783 fuit.

2135 5726 2297 5785 avari
2337 5724 2469 5784 fuit.
