3936 6430
178 386 345 451 1289
734 388 1002 452 GESTA
1059 374 1415 455 TREVER.
1448 425 1528 439 --
1554 372 1909 453 APPEND.
1944 384 2060 447 EX
2091 382 2254 452 INV.
2286 384 2391 450 ET
2416 370 2586 452 MIR.
2625 386 2693 455 s.
2725 372 3090 453 MATHI/E.
3472 386 3628 454 1290

178 542 434 615 spiritu,
474 557 621 602 cum
649 544 765 617 jam
793 542 1059 600 coenandi
1082 543 1278 600 horam
1306 543 1710 617 praeteriisset,
1735 552 1871 612 ope-
1896 519 1953 580 Α
1981 537 2213 611 bantur,
2234 538 2341 597 hoc
2358 539 2649 608 evenisse;
2674 540 2829 613 quod
2853 540 3196 600 incredibile
3214 540 3467 613 videtur,
3491 542 3627 613 quia

178 632 367 688 rariis
402 634 488 689 ab
520 649 705 707 opere
739 649 845 690 suo
876 634 1107 689 domum
1140 633 1599 702 discedentibus,
1632 634 1869 702 arrepto
1980 633 2114 685 ante
2144 630 2401 689 triduum
2432 631 2581 701 ignis
2611 646 2681 687 ex
2713 636 2839 688 toto
2872 632 2950 688 ibi
2983 632 3308 698 defecerat;
3341 646 3403 687 re
3433 636 3626 689 autem

179 719 598 795 ferramento,
635 723 977 795 praedictum
1018 722 1202 777 altare
1242 723 1611 792 confringere
1640 734 1874 791 aggres-
1978 732 2115 773 vera
2137 718 2330 774 divina
2355 719 2651 777 voluntate
2675 720 2782 777 hoc
2806 721 3105 777 decretum
3131 721 3339 777 fuerat.
3374 722 3507 793 Igne
3533 735 3629 777 au-

179 823 286 866 sus
306 814 435 865 est.
468 812 700 869 Etcum
725 811 1084 881 aliquantum
1107 810 1159 865 in
1183 808 1498 880 frangendo
1520 809 1867 875 laborasset,
1980 809 2095 863 tem
2130 807 2388 864 ﬂammas
2413 808 2467 863 in
2492 808 2672 865 altum
2698 808 2970 879 jaciente,
3006 808 3105 864 ille
3137 808 3500 864 miserrimus
3531 822 3630 864 an-

180 898 423 954 invenit
466 900 758 957 scrinium
794 898 1239 967 diligentissime
1272 898 1463 968 sigillo
1496 896 1871 969 superposito
1978 894 2113 951 xius
2137 894 2206 952 de
2231 896 2514 968 reliquiis,
2542 897 2789 954 festinus
2812 912 3147 967 accurrens,
3172 897 3401 953 domum
3427 911 3629 953 ascen-

1981 983 2086 1055 dit,
2122 999 2370 1055 pannum
2400 1002 2529 1043 cum
2563 986 2827 1057 reliquiis
2854 987 2971 1057 jam
3004 985 3269 1042 incendio
3303 986 3625 1057 proximum

1980 1073 2382 1145 apprehendit,
2420 1089 2587 1146 quem
2618 1089 2815 1131 secum
2846 1074 3078 1130 trahere
3107 1075 3365 1145 cupiens,
3396 1075 3627 1130 omnino

1981 1175 2092 1217 non
2135 1162 2356 1233 potuit;
2406 1177 2512 1219 nec
2553 1163 2705 1219 ultra
2748 1163 2962 1234 iniquis
3004 1163 3269 1219 manibus
3316 1162 3623 1219 tractanda

1979 1250 2184 1320 cessit,
2206 1250 2306 1306 sed
2325 1252 2524 1323 potius
2547 1251 2758 1308 ibidem
2780 1252 3170 1309 comburenda
3190 1252 3489 1307 remansit.
3516 1251 3623 1317 Qui

1980 1353 2110 1395 cum
2143 1338 2196 1394 in
2232 1340 2515 1396 trahendo
2545 1341 2760 1397 frustra
2793 1340 2890 1397 diu
2921 1340 3270 1410 laborasset,
3306 1339 3627 1411 chperans

1981 1425 2259 1482 scrinium
2288 1427 2540 1499 aperuit,
2570 1436 2634 1484 ut
2660 1427 2867 1485 saltem
2892 1428 3125 1499 aliquod
3150 1430 3468 1484 membrum
3492 1428 3627 1485 inde

1983 1514 2295 1587 acciperet,
2323 1517 2476 1586 quod
2496 1531 2616 1573 suae
2635 1516 2921 1573 voluntati
2946 1516 3371 1573 incombustum
3390 1531 3626 1573 servare

1981 1607 2201 1674 posset.
2238 1606 2307 1661 At
2336 1620 2465 1662 cum
2499 1605 2967 1677 introspexisset,
3011 1605 3208 1662 subito
3250 1605 3420 1676 ignis,
3461 1606 3624 1677 quasi

180 987 624 1055 reconditum;
658 988 810 1060 quod
844 986 1119 1057 sigillum,
1152 987 1284 1058 quia
1308 988 1540 1043 litteras
1564 1001 1675 1041 non
1699 1001 1871 1042 nove-

179 1082 301 1148 rat,
329 1076 526 1147 cujus
552 1080 727 1147 esset,
755 1077 905 1132 scire
930 1091 1039 1131 non
1067 1081 1318 1146 poterat,
1355 1076 1457 1131 sed
1483 1076 1724 1147 primam
1749 1079 1873 1131 tan-

179 1171 310 1221 tum
340 1166 626 1222 litteram
653 1180 714 1221 se
737 1164 1085 1234 cognovisse
1110 1164 1275 1219 nobis
1298 1163 1519 1234 retulit,
1549 1178 1676 1233 qum
1700 1168 1788 1219 est
1815 1162 1870 1218 in

178 1255 391 1326 capite
449 1253 785 1326 supradicti
836 1253 1065 1309 abbatis
1113 1252 1376 1323 Bcrtulfi,
1417 1258 1475 1309 et
1509 1253 1637 1308 ideo
1688 1252 1871 1324 ipsius

178 1341 380 1397 fuisse
397 1341 738 1411 judicatur,
767 1340 862 1411 qui
882 1340 1167 1395 zedificata
1187 1340 1311 1411 ipsa
1334 1344 1499 1396 turre
1521 1339 1703 1395 altare
1723 1340 1873 1411 pari-

176 1434 275 1486 ter
296 1434 641 1487 statuerat.
660 1431 837 1486 Foras
856 1443 995 1498 ergo
1014 1427 1306 1499 prolatum
1329 1427 1630 1499 scrinium,
1650 1427 1870 1497 rejecto

177 1519 420 1589 sigillo,
444 1518 765 1575 temeraria
792 1533 901 1573 non
928 1519 1240 1573 verebatur
1263 1518 1491 1589 aperire
1516 1531 1716 1583 manu;
1742 1517 1870 1573 bre-

176 1622 451 1678 vemque
489 1606 729 1664 titulum
764 1606 1036 1661 marmori
1080 1606 1427 1678 inscriptum
1460 1605 1601 1677 ipsis
1634 1605 1871 1662 ossibus

180 1696 656 1769 superpositum
698 1695 985 1761 auferens,
1034 1694 1164 1765 quia
1198 1699 1400 1766 aperte
1429 1699 1554 1749 erat
1588 1694 1866 1765 scriptus,
1983 1691 2174 1762 fulgor
2204 1693 2276 1749 de
2308 1694 2493 1751 sacris
2522 1694 2757 1751 ossibus
2780 1694 3119 1765 jaculatum,
3153 1694 3235 1749 ita
3268 1694 3469 1749 faciem
3500 1694 3627 1764 ejus

186 1792 544 1856 utcumque
579 1784 773 1856 potuit
802 1783 1047 1852 legendo
1085 1784 1359 1853 cognovit
1397 1786 1565 1855 (610),
1606 1783 1872 1840 Sanctus
1983 1779 2379 1853 inflammavit,
2414 1786 2478 1838 ut
2511 1782 2823 1854 resupinus
2852 1797 3134 1839 corruens
3166 1796 3312 1852 pene
3340 1782 3629 1838 exanima-

180 1875 503 1943 Agricius
528 1873 1007 1944 archiepiscOpus
1029 1873 1312 1943 scriptum
1336 1886 1485 1928 esse.
1521 1873 1711 1929 Laetus
1733 1886 1870 1942 ergo
1899 1878 1953 1940 Β
1983 1872 2081 1925 tus
2103 1858 2281 1925 esset.
2315 1869 2424 1925 Sed
2447 1884 2552 1925 nec
2574 1875 2713 1926 tunc
2736 1870 2968 1941 quidem
2991 1885 3057 1927 os
3079 1870 3329 1942 aperuit,
3363 1874 3427 1927 ut
3456 1871 3626 1928 alicui

183 1966 482 2035 effectus,
500 1964 777 2021 scrinium
799 1963 1160 2019 descendens
1179 1978 1371 2019 secum
1392 1962 1636 2027 detulit;
1658 1966 1713 2017 et
1737 1962 1872 2032 quia
1982 1974 2056 2015 ex
2087 1958 2529 2016 accurrentibus
2557 1974 2686 2015 cum
2716 1960 2894 2016 armis
2916 1964 2975 2016 et
2998 1974 3145 2031 aqua
3170 1974 3290 2015 rem
3315 1960 3628 2031 panderet;

148 2074 155 2075 ’
182 2047 342 2111 illud
370 2068 594 2111 secure
620 2052 890 2109 servandi
915 2051 1102 2108 locum
1128 2067 1238 2108 non
1262 2051 1483 2123 habuit,
1508 2052 1562 2107 in
1583 2051 1875 2108 cimiterio
1985 2047 2138 2119 quod
2170 2049 2219 2103 si
2254 2048 2507 2119 fecisset,
2532 2048 2649 2118 jam
2682 2048 2881 2106 illaesa}
2911 2049 3176 2105 incendio
3207 2048 3470 2119 reliquiae
3501 2064 3629 2107 ere-

184 2144 352 2199 intcr
378 2158 522 2199 ossa
548 2146 911 2198 mortuorum
936 2141 990 2197 in
1014 2141 1203 2213 cripta
1229 2141 1513 2213 reposuit,
1539 2140 1727 2196 donec
1752 2146 1876 2196 tan-

187 2231 327 2289 dem
360 2236 575 2303 aptum
597 2230 703 2287 sibi
730 2228 919 2286 locum
954 2229 1306 2301 provideret,
1343 2244 1456 2299 quo
1479 2227 1623 2285 illud
1648 2229 1774 2284 sine
1801 2228 1874 2282 ti-

187 2335 383 2392 more,
405 2319 576 2378 nullo
595 2319 705 2375 sibi
723 2318 980 2387 conscio,
1004 2332 1239 2374 servare
1258 2321 1475 2388 posset.
1505 2316 1666 2382 Quod
1690 2319 1748 2372 et
1768 2316 1872 2371 tri-

1982 2140 2097 2208 ptze
2138 2137 2401 2194 fuissent.
2443 2140 2529 2192 Ita
2567 2137 2684 2193 Deo
2727 2138 3094 2209 disponente,
3136 2137 3352 2207 Agricii
3393 2152 3530 2194 ossa
3568 2145 3626 2195 et

1978 2224 2174 2296 pulvis
2204 2225 2261 2282 in
2291 2225 2421 2282 loco
2463 2231 2928 2298 permanserunt,
2975 2239 3103 2297 quae
3146 2226 3341 2297 inique
3384 2227 3627 2284 furanda

1978 2314 2049 2370 de
2090 2314 2219 2370 loco
2260 2314 2644 2385 requietionis
2680 2313 2910 2371 sublata
2952 2316 3200 2371 fuerant.
3247 2315 3384 2380 Quae
3424 2322 3626 2388 postea

190 2410 315 2468 duo
341 2409 434 2466 ibi
464 2407 871 2466 absconditum
892 2406 1082 2475 latuit,
1108 2406 1487 2476 quoadusque
1509 2406 1567 2459 in
1589 2405 1865 2476 sacrario,

192 2500 361 2571 quia,
402 2503 477 2557 ut
507 2497 776 2565 diximus,
812 2495 1076 2552 custodis
1105 2494 1339 2563 adjutor
1366 2499 1514 2565 erat,
1546 2493 1739 2551 locum
1772 2506 1871 2566 ap-

192 2592 324 2645 tum
361 2587 791 2645 servandarum
824 2583 1201 2653 reliquiarum
1233 2582 1575 2639 cautissime
1607 2582 1871 2654 provide-

191 2682 308 2733 ret.
340 2678 456 2733 Est
483 2682 674 2731 autem
699 2672 941 2729 sacrarii
967 2672 1175 2727 domus
1197 2671 1438 2727 inferior
1459 2670 1754 2741 lapidibus
1776 2686 1869 2728 ca-

193 2769 460 2834 merata,
483 2761 750 2834 superior
771 2764 964 2816 autem
989 2760 1160 2830 lignis
1184 2760 1484 2831 adoperta,
1508 2760 1578 2815 ad
1602 2773 1773 2830 quam
1796 2759 1867 2816 de

193 2851 479 2909 inferiori
514 2865 617 2922 per
649 2848 945 2905 cochleam
979 2848 1338 2904 ascenditur.
1374 2849 1436 2904 In
1466 2846 1573 2903 hac
1603 2862 1743 2917 ergo
1774 2862 1870 2905 su-

194 2940 433 3013 periori
478 2938 667 2995 locum
709 2938 862 2993 inter
904 2938 1101 2993 trabes
1142 2941 1199 2993 et
1241 2942 1460 2994 tectum
1494 2937 1864 3009 praeparavit,

195 3029 414 3101 ibique
449 3043 617 3085 sacra
649 3042 782 3083 ossa
816 3028 886 3082 de
913 3025 1102 3097 cripta
1136 3029 1437 3097 reportata
1471 3025 1708 3097 locavit,
1753 3040 1870 3082 ma-

193 3131 506 3189 gnamque
537 3123 758 3173 struem
789 3116 1077 3185 lignorum
1109 3115 1328 3172 veteris
1361 3114 1590 3171 aedificii
1623 3115 1870 3171 circum-

197 3207 433 3310 posuit,
481 3206 813 3310 saapiusque
854 3204 973 3260 illic
1010 3204 1221 3275 eundo,
1259 3203 1550 3310 interdum
1580 3204 1756 3260 etiam
1789 3204 1868 3260 ibi
1899 3246 1949 3310 α

200 3293 580 3366 dormiendo,
607 3293 799 3351 locum
824 3295 1196 3364 frequentare
1218 3308 1331 3349 non
1354 3293 1605 3349 destitit.
1642 3294 1870 3349 Interea

204 3381 326 3440 iter
347 3399 522 3441 suum
543 3383 775 3439 licentia
794 3383 1076 3453 acquisita
1100 3386 1287 3454 parat,
1304 3382 1693 3452 nunciumque
1712 3381 1869 3439 fideli

202 3486 316 3529 suo
347 3473 585 3530 cuidam
618 3472 805 3527 amico
843 3471 1079 3542 direxit,
1125 3485 1336 3541 rogans
1374 3485 1505 3527 eum
1544 3471 1756 3527 obnixe
1795 3471 1869 3528 ad

209 3575 273 3617 se
320 3562 550 3632 venire,
592 3560 852 3618 adiciens
891 3560 1042 3631 quod
1073 3560 1157 3615 rei
1190 3574 1360 3631 quam
1393 3559 1572 3616 vellet
1599 3574 1728 3616 cum
1768 3559 1868 3615 illo

200 3654 474 3706 tractare
506 3649 726 3707 nullum
758 3648 986 3706 omnino
1015 3648 1191 3705 alium
1218 3648 1396 3704 vellet
1425 3649 1732 3705 interesse.
1765 3650 1873 3705 Re-

208 3734 533 3810 liquiarum
566 3738 747 3809 igitur
778 3742 944 3810 parte
973 3739 1044 3794 de
1075 3738 1291 3795 scrinio
1322 3738 1527 3809 pannis
1554 3752 1700 3809 quos
1726 3753 1873 3809 prae-

213 3832 530 3898 paraverat
561 3827 850 3900 imposita,
879 3827 1309 3884 studiosissime
1341 3828 1642 3897 satagebat
1673 3832 1875 3899 quate-

208 3930 324 3973 nus
371 3917 450 3973 nil
495 3932 614 3974 sum
656 3918 919 3973 obstaret
963 3917 1332 3988 profectioni,
1367 3921 1431 3973 ut
1461 3916 1729 3973 omnibus
1761 3917 1872 3972 rite

1977 2401 2307 2459 minutatim
2340 2403 2494 2459 inter
2522 2405 2810 2460 carbones
2840 2402 3287 2473 diligentissime
3320 2404 3625 2477 requisita,

1978 2506 2180 2561 magna
2221 2506 2294 2547 ex
2334 2497 2499 2564 parte
2538 2492 2767 2550 inventa
2811 2497 2965 2557 sunt,
3009 2495 3074 2549 ut
3113 2492 3390 2562 majorem
3440 2493 3628 2564 ipsius

1976 2580 2244 2653 corporis
2274 2584 2497 2653 partem
2521 2596 2626 2638 nos
2650 2597 2760 2638 non
2792 2581 3127 2639 dubitemus
3159 2583 3396 2638 habere.
3430 2582 3630 2639 Pulvis

1975 2685 2116 2727 vero
2139 2685 2268 2728 cum
2291 2672 2590 2728 cineribus
2609 2673 2950 2729 cautissime
2972 2672 3169 2730 cribro
3195 2678 3500 2744 purgatus,
3522 2673 3631 2729 ibi-

1978 2758 2107 2815 dem
2139 2760 2197 2815 in
2230 2775 2404 2817 unum
2445 2759 2633 2816 locum
2674 2761 2995 2817 servandus
3033 2761 3330 2833 repositus
3361 2766 3474 2832 est,
3506 2761 3629 2832 qui-

1978 2847 2224 2904 busdam
2256 2847 2641 2905 suadentibus
2663 2854 2729 2905 ut
2756 2849 2812 2905 in
2836 2849 3113 2906 honorem
3143 2848 3405 2918 ejusdem
3439 2850 3628 2906 sancti

1978 2937 2194 3007 Agricii
2223 2937 2408 2994 altare
2431 2937 2509 2994 ibi
2534 2942 2916 3009 statueretur,
2948 2942 3007 2994 et
3037 2938 3413 2995 dedicaretur
3442 2939 3629 2996 eccle-

1978 3026 2084 3083 sia.
2115 3027 2228 3082 Per
2247 3026 2436 3083 omnia
2461 3026 2806 3084 benedictus
2829 3028 2997 3098 Deus,
3031 3027 3280 3100 quinos,
3316 3027 3453 3084 licet
3482 3028 3628 3085 indi-

1978 3130 2143 3187 gnos,
2178 3116 2365 3174 noluit
2389 3118 2621 3189 privare
2645 3121 2891 3189 patrono
2914 3116 3039 3188 tali,
3072 3117 3241 3188 cujus
3271 3133 3377 3174 nos
3411 3119 3627 3175 auxilio

1978 3205 2193 3277 ubique
2209 3206 2530 3276 gaudemus
2551 3206 2769 3279 perfrui
2788 3208 2800 3261 ι
2818 3208 3129 3277 Postquam
3146 3211 3339 3263 autem
3359 3207 3480 3263 haec
3500 3213 3627 3263 acta

1978 3298 2136 3366 sunt,
2172 3295 2378 3351 videns
2409 3301 2615 3372 auctor
2647 3294 2819 3364 hujus
2850 3294 3090 3351 sceleris
3113 3310 3223 3351 non
3249 3311 3422 3366 posse
3447 3296 3625 3352 celari

1980 3383 2135 3456 quod
2164 3387 2314 3440 Deus
2344 3384 2523 3441 voluit
2555 3384 2932 3454 manifestari,
2967 3389 3176 3440 cuncta
3207 3398 3336 3454 quae
3363 3390 3650 3453 gesserat'

1978 3473 2071 3531 vel
2091 3474 2455 3544 cogitaverat
2475 3471 2718 3544 protulit
2739 3472 2795 3528 in
2816 3472 3097 3539 medium;
3125 3474 3467 3529 monstravit
3491 3489 3634 3544 quo-

1982 3578 2093 3635 que
2117 3563 2307 3621 locum
2329 3563 2430 3620 ubi
2452 3562 2730 3632 reliquias
2753 3561 3166 3619 collocaverat.
3205 3562 3383 3629 Quem
3414 3563 3626 3619 fratres

1982 3652 2294 3723 diligenter
2326 3655 2788 3723 perscrutantes,
2822 3650 2969 3708 sicut
2998 3652 3114 3722 jam
3146 3651 3416 3722 diximus,
3452 3665 3630 3723 quan-

1981 3746 2105 3800 tum
2156 3745 2496 3815 potuerunt,
2548 3741 2840 3815 semiusta.
2867 3754 2998 3796 ossa
3038 3740 3527 3811 coadunaverunl,
3572 3746 3633 3797 et

1982 3831 2303 3888 honorifice
2322 3830 2379 3885 in
2398 3829 2685 3901 reliquum
2703 3830 2967 3886 habenda
2985 3835 3502 3886 conservaverunt.
3532 3830 3634 3887 llle

1985 3924 2178 3978 autem
2197 3919 2392 3991 miser,
2414 3919 2671 3975 dictante
2695 3919 2948 3975 omnium
2971 3918 3280 3989 sententia,
3303 3934 3430 3975 cum
3461 3918 3632 3974 licen-

220 4006 591 4078 praaparatis,
618 4020 981 4077 quacumque
1005 4006 1097 4061 die
1121 4005 1233 4062 sibi
1256 4005 1537 4077 placeret,
1565 4005 1714 4061 liber
1736 4020 1874 4077 pos-

220 4101 310 4151 set
345 4093 670 4153 discedere.
703 4094 856 4151 Talia
884 4095 1079 4165 miser,
1113 4094 1363 4150 divinam
1396 4108 1507 4149 non
1539 4094 1874 4163 recogitans

229 4183 813 4255 animadversionem,
862 4187 1253 4251 tractaverat;
1290 4181 1392 4238 sed
1430 4184 1582 4238 Deus
1616 4182 1876 4255 omnipo-

227 4278 387 4345 tens,
423 4273 519 4345 qui
551 4278 814 4331 sanctum
844 4273 1137 4342 Agricium
1169 4270 1353 4328 noluit
1382 4285 1658 4343 separare
1688 4286 1719 4327 a
1751 4286 1876 4328 san-

225 4363 495 4421 ctissimo
543 4378 648 4420 suo
695 4362 983 4434 apostolo,
1031 4362 1201 4432 cujus
1240 4360 1526 4432 quondam
1569 4374 1672 4431 per
1712 4364 1874 4417 tanta

222 4456 515 4510 terrarum
545 4452 734 4525 spatia
764 4457 969 4510 vector
988 4450 1321 4521 exstiterat,
1358 4449 1589 4521 impiam
1612 4450 1739 4520 ejus
1760 4450 1877 4507 dis-

218 4541 574 4614 positionem
596 4540 991 4598 manifestavit
1011 4544 1070 4596 et
1093 4539 1364 4597 cessavit.
1390 4540 1530 4597 Cum
1552 4539 1787 4611 etenim,
1808 4544 1871 4597 ut
1903 4611 1947 4620 _
1985 4539 2202 4620 currit:
2229 4557 2423 4616 nullus
2453 4555 2686 4613 omnino
2727 4558 2993 4611 nostrum
3030 4570 3226 4612 rerum
3267 4571 3504 4614 suarum
3537 4557 3640 4613 an.

222 4604 621 4725 praediximus,
656 4628 849 4688 locum
868 4629 1121 4725 eundem
1150 4604 1872 4725 aliquandiujugi‘sollici-
1903 4611 1956 4673 Ῑ)

225 4719 429 4776 tudine
450 4720 907 4791 frequentasset,
923 4718 1015 4774 die
1028 4722 1161 4774 ante
1181 4717 1462 4789 praedicta
1482 4717 1614 4774 inde
1634 4717 1874 4776 descen-

233 4806 380 4867 dens
416 4822 574 4865 more
605 4808 717 4864 sibi
748 4806 949 4878 solito,
982 4805 1127 4863 alias
1150 4806 1345 4863 nescio
1369 4821 1482 4878 quo
1504 4806 1590 4863 ire
1611 4808 1871 4879 paravit;

226 4911 360 4955 cum
380 4896 577 4954 subito
596 4896 721 4968 ipsa
741 4895 969 4967 domus,
986 4895 1272 4952 incertum
1291 4895 1442 4952 unde
1460 4901 1668 4953 exorto
1684 4897 1875 4955 incen-

228 4985 343 5059 dio,
377 5001 509 5044 cum
540 4985 807 5057 reliquiis
837 4989 894 5042 et
929 4985 1283 5043 monasterio
1318 4986 1624 5042 combusta
1655 4991 1777 5054 est;
1810 4987 1877 5044 li-

227 5081 323 5133 cet
356 5075 536 5148 aliqui
568 5073 642 5131 ad
669 5074 943 5132 honorem
975 5074 1354 5146 reliquiarum
1391 5089 1521 5131 eum
1559 5076 1754 5133 lumen
1795 5077 1876 5134 ibi

229 5164 501 5223 habuisse
546 5164 849 5238 afﬂrment,
885 5166 1041 5238 quod
1073 5165 1196 5238 ipse
1227 5180 1300 5222 ex
1331 5168 1456 5223 toto
1488 5166 1754 5238 negavit;
1783 5167 1877 5225 vel

230 5269 463 5315 rursum
493 5255 592 5314 alii
624 5255 841 5331 dicant,
875 5257 947 5314 ab
978 5256 1131 5331 igne,
1166 5272 1281 5330 quo
1311 5257 1568 5317 candelae
1601 5258 1682 5316 ibi
1713 5271 1881 5332 para-
2261 5254 2405 5314 Ηωσ
2430 5252 2731 5312 miracula
2754 5250 2825 5310 in
2851 5250 3111 5311 editione
3135 5247 3363 5310 desunt.

1818 5386 2041 5446 ΝΟΤιΕ.
2996 5414 3003 5419 -

303 5479 453 5557 (διο)
487 5482 623 5567 Hac
650 5481 995 5568 Pawbertrs
1020 5482 1314 5568 expiicmze
1576 5483 1657 5568 ita
1677 5486 1876 5568 ,ἀίείιε
2001 5473 3645 5568 meaemeaeeiecerismea

237 5545 535 5631 Cumaea
568 5555 936 5631 intelligeret
955 5545 1215 5631 genitus
1260 5558 1472 5631 ipsam
1487 5557 1883 5631 scripturam,
1996 5545 2287 5631 scripturi
2304 5549 2623 5631 inveniens,
2646 5546 2851 5631 atellam
2866 5545 3260 5625 inquisitione
3275 5545 3647 5607 adnotitiam

236 5625 505 5686 scrutari
546 5626 722 5698 capit
759 5618 817 5686 Ei
857 5618 1012 5699 quia
1056 5618 1302 5701 περὶαηῖ
1334 5628 1533 5690 simile
1574 5618 1883 5711 νὲρετένθιξ
2000 5618 2183 5704 Maii:
2208 5621 2467 5687 nominis
2492 5618 2756 5683 accessit.

556 5725 819 5793 Punon.
875 5724 1084 5792 CLIV.

3162 5716 3320 5785 ’41

1984 4010 2067 4066 tia
2087 4010 2381 4078 discessit,
2404 4008 2537 4078 quia
2560 4022 2765 4078 nempe
2788 4007 2898 4063 sibi
2924 4023 3029 4064 nec
3050 4008 3180 4063 loco
3206 4008 3337 4064 huic
3362 4008 3628 4064 habitare

1985 4096 2236 4154 ulterius
2268 4095 2633 4152 commodum
2665 4095 2833 4151 nobis
2865 4095 3054 4151 visum
3087 4096 3307 4151 fuit.....

2054 4208 2108 4259 7.
2154 4244 2168 4258 .
2214 4245 2227 4259 .
2272 4244 2286 4258 .
2331 4243 2346 4257 .
2393 4244 2408 4259 .
2451 4245 2465 4258 .
2513 4243 2524 4256 .
2573 4242 2585 4255 .
2632 4201 2767 4256 Mihi
2807 4201 2917 4256 hoc
2957 4201 3103 4256 satis
3148 4201 3354 4256 mirum
3399 4200 3635 4257 videtur

1987 4293 2142 4366 quod
2183 4292 2238 4348 in
2281 4294 2444 4347 tanto
2489 4288 2753 4360 periculo
2795 4276 2945 4357 ignis
2983 4294 3040 4344 et
3076 4288 3346 4360 incendii,
3381 4288 3438 4345 in
3469 4294 3636 4346 tanto

1981 4395 2271 4443 concursu
2320 4383 2380 4434 et
2424 4376 2799 4434 multitudine
2845 4376 3157 4448 utriusque
3208 4392 3383 4435 sexus
3433 4377 3635 4451 pepuli

1985 4487 2154 4530 nemo
2186 4482 2427 4543 prorsus
2458 4467 2591 4523 vitae
2623 4465 2715 4521 vel
2749 4464 2955 4522 salutis
2993 4481 3116 4523 suae
3156 4466 3520 4524 debilitatem
3554 4468 3636 4523 in-

2057 4761 2190 4816 Haec
2223 4761 2537 4825 utcumque
2578 4752 2734 4810 dicta
2772 4750 3102 4819 sufficiant;
3126 4766 3276 4809 nunc
3308 4751 3500 4825 aliqua
3533 4751 3636 4810 mi-

1988 4849 2318 4906 raculorum
2352 4844 2503 4901 beati
2538 4842 2765 4900 Mathite
2796 4840 3076 4912 dicamus,
3114 4856 3241 4912 quae
3273 4847 3406 4898 ante
3441 4843 3642 4899 inven-

1986 4938 2205 4994 tionem
2236 4936 2366 5007 ejus
2395 4932 2711 5003 contigisse
2742 4929 2907 4987 mnlti
2935 4930 3121 4988 adhuc
3154 4930 3208 4986 in
3238 4945 3486 5002 corpore
3520 4944 3639 4988 ma-

1988 5032 2196 5084 nentes
2228 5022 2487 5094 religiosi
2525 5019 2864 5093 praedicant,
2888 5033 2918 5075 a
2941 5019 3153 5092 quibus
3175 5034 3282 5078 nos
3308 5020 3432 5078 ilth
3454 5021 3640 5079 conti-

1987 5116 2075 5188 git
2107 5114 2363 5173 audisse.
2402 5154 2414 5168 .
2452 5154 2465 5169 .
2501 5153 2513 5167 .
2552 5152 2565 5166 .
2602 5152 2616 5167 .
2651 5152 2665 5166 .
2703 5152 2716 5168 .
2753 5151 2766 5166 .
