3936 6416
309 313 457 378 1291

844 312 1110 380 GESTA
1140 314 1498 380 TREVER.
1530 352 1611 365 —
1639 312 1996 379 APPEND.
2034 312 2150 378 EX
2180 312 2348 381 INV.
2385 310 2488 379 ET
2518 314 2684 379 MIR.
2720 316 2785 378 S.
2834 312 3194 380 MATHI/E.

3567 317 3739 383 1292

1495 496 1660 605 EX
1781 495 2031 605 MIR
2052 496 2522 649 ACULIS

1540 675 1587 731 1.
1621 678 1678 733 E
1705 675 1903 734 codice
1929 676 2298 747 Erlangensi
2332 674 2499 749 (611).

379 824 427 874 1.
468 820 688 873 Interea
723 818 870 889 (612)
903 816 1037 873 dum
1077 817 1274 889 opinio
1318 817 1473 874 beati
1519 818 1728 875 Mathie
1762 818 1963 875 multis
1993 801 2318 887 Ajuvenili
2367 821 2555 889 actus,
2603 818 2762 891 cepit
2801 818 2986 888 jocari
3039 822 3261 877 temere
3304 823 3363 876 et
3406 836 3511 893 pro
3559 822 3743 881 laude

306 908 487 977 signis
514 910 835 976 creseerct,
870 904 1103 977 plurimi
1125 921 1196 962 ex
1219 905 1470 962 diversis
1502 907 1664 964 orbis
1696 907 1964 979 partibus

308 997 452 1052 fama
478 996 759 1052 virtutum
791 994 919 1064 ejus
947 994 1126 1051 exciti
1147 993 1240 1027 ⁴⁰²⁰
1263 996 1571 1051 veniebant
1596 1001 1655 1052 et
1678 996 1968 1052 curaban-

310 1091 403 1142 tur
438 1086 509 1141 ab
541 1084 982 1139 infirmitatibus
1019 1083 1159 1140 suis.
1197 1083 1453 1151 Quadam
1498 1085 1678 1155 igitur
1710 1085 1803 1140 die
1836 1099 1966 1141 cum

308 1175 565 1245 religiosi
591 1174 700 1229 viri
726 1178 858 1229 vota
888 1174 1144 1229 ferentes
1168 1174 1238 1228 ad
1266 1173 1454 1245 ipsum
1479 1174 1667 1230 locum
1693 1188 1970 1245 propera-

306 1269 455 1331 rent,
475 1264 626 1320 alius
651 1278 873 1319 cuneus
896 1262 1025 1317 inde
1046 1262 1346 1333 digressus
1362 1263 1477 1319 illis
1497 1264 1776 1321 occurrit.
1807 1266 1971 1320 Cum-

306 1368 417 1426 que
447 1352 764 1421 curiosius,
799 1357 862 1408 ut
895 1351 1135 1420 assolet,
1162 1352 1233 1407 de
1258 1351 1555 1408 miraculis
1586 1352 1864 1423 apostoli,
1897 1366 1968 1407 an

305 1457 442 1500 vere
468 1443 549 1499 ita
574 1456 637 1497 se
661 1441 943 1497 haberent
972 1446 1034 1496 ut
1060 1440 1261 1497 auditu
1288 1447 1692 1513 perceperant,
1717 1440 1972 1512 inquire-

306 1537 459 1602 rent,
485 1531 718 1603 quidam
745 1529 993 1599 maligne
1019 1530 1248 1601 mentis,
1273 1530 1509 1585 diabolo
1536 1535 1598 1587 ut
1622 1533 1751 1602 post
1777 1530 1970 1602 patuit

306 1622 624 1691 instigante
651 1639 663 1674 :
695 1618 1014 1688 Quidnam,
1042 1618 1251 1689 inquit,
1277 1618 1547 1676 anilibus
1563 1619 1823 1692 fabubis
1851 1633 1972 1676 cre-

304 1712 487 1768 ditis?
516 1708 776 1767 Nescitis
805 1708 1053 1764 clericos
1080 1709 1515 1779 monachosque
1530 1708 1972 1781 ari/lugendum

307 1800 367 1857 ta
376 1800 463 1855 lia
475 1797 807 1869 plurimum
828 1796 1066 1865 callere,
1082 1798 1326 1866 questus
1334 1798 1568 1868 gratia,
1582 1798 1829 1870 suisque
1834 1810 1971 1868 pre-

303 1887 510 1959 stigiis
536 1885 869 1956 marsupiis
888 1884 1113 1941 nostris
1136 1885 1194 1940 et
1209 1886 1512 1955 apothecis
1537 1886 1780 1956 laqueos
1796 1899 1971 1957 pone-

304 1985 405 2034 re?
417 1975 725 2034 Nimirum
741 1974 810 2029 ut
825 1974 1017 2044 epulis
1033 1974 1789 2046 eaeentitli,jejunandum
1799 1974 1970 2032 nobis

305 2066 455 2132 erit;
472 2065 540 2119 ut
552 2062 654 2119 illi
668 2061 927 2133 super/ia
938 2061 1214 2132 bundent,
1232 2076 1337 2119 nos
1356 2063 1670 2133 egebimus.
1693 2064 1858 2128 Quod
1872 2078 1972 2119 no-

2080 904 2373 961 simillima
2416 905 2573 963 laudi
2613 905 2948 978 decantare,
2982 911 3046 964 ut
3086 908 3262 964 risum
3303 908 3391 965 sui
3434 909 3736 968 similibus

2083 994 2392 1051 excitaret.
2429 1037 2442 1051 .
2478 1038 2490 1052 .
2533 1038 2546 1051 .

2158 1083 2431 1153 Sequenti
2460 1098 2606 1141 anno
2630 1099 2760 1141 cum
2785 1083 3017 1156 quidam
3042 1085 3302 1143 rusticus
3322 1085 3616 1143 Mosellam
3640 1086 3741 1120 ⁶⁰³⁶

2084 1172 2141 1227 in
2180 1172 2379 1242 vigilia
2420 1173 2607 1229 sancti
2645 1174 2924 1231 Johannis
2967 1175 3240 1246 baptisma
3282 1175 3606 1232 naviculam
3652 1175 3743 1231 in-

2083 1274 2330 1330 gressus
2358 1276 2489 1319 cum
2520 1278 2701 1319 uxore
2732 1266 2792 1318 et
2825 1262 2942 1319 ﬁlio
2972 1263 3043 1318 ad
3074 1263 3267 1318 limina
3299 1264 3450 1321 beati
3481 1263 3740 1336 apostoli

2088 1364 2190 1421 per
2238 1350 2448 1406 flumen
2498 1350 2789 1407 Mosellam
2838 1351 3039 1408 venire
3088 1351 3462 1424 decrevisset,
3506 1352 3561 1409 in
3604 1353 3739 1425 ipso

2086 1438 2297 1495 itinere
2329 1455 2359 1495 a
2393 1440 2642 1510 quodam
2685 1441 2916 1497 tiranno
2954 1444 3180 1511 captus,
3213 1446 3273 1497 et
3300 1442 3645 1498 cathenatus
3676 1442 3735 1498 in

2085 1542 2387 1584 carcerem
2422 1529 2696 1601 mittitur,
2732 1529 2947 1586 ceteris
2972 1530 3103 1599 fuga
3126 1529 3357 1601 elapsis.
3394 1572 3407 1585 .
3440 1572 3453 1585 .
3488 1572 3501 1585 .
3539 1572 3553 1586 .

2158 1618 2217 1672 In
2249 1617 2488 1674 civitate
2521 1617 2836 1688 Argentina
2871 1618 3186 1690 provincias
3229 1617 3466 1676 Alsacim
3498 1618 3734 1690 quidam

2085 1704 2357 1762 clericus.
2396 1750 2408 1763 .
2446 1748 2459 1759 .
2496 1749 2509 1763 .

2159 1794 2322 1852 Alius
2364 1796 2474 1867 vir,
2523 1810 2654 1852 eum
2701 1800 2863 1852 esset
2913 1800 3114 1867 pastor
3159 1796 3369 1867 ovium,
3420 1797 3588 1853 beato
3636 1795 3737 1868 Sy-

2085 1884 2295 1955 meoni,
2341 1885 2440 1956 qui
2479 1885 2711 1941 Treveri
2754 1885 2809 1940 in
2853 1892 3022 1957 porta
3065 1885 3292 1956 Marcia,
3328 1900 3438 1957 que
3468 1890 3528 1942 et
3558 1886 3734 1958 Nigra

2084 1979 2349 2044 vocatur,
2408 1973 2748 2044 requiescit,
2808 1988 2973 2030 ovem
3022 1974 3094 2031 de
3145 1988 3399 2046 paupere
3446 1973 3580 2031 ovili
3632 1989 3735 2031 vo-

2083 2063 2381 2119 vit.....

307 2151 398 2209 bis
417 2152 506 2207 bis
520 2152 705 2222 ydola
710 2149 1537 2221 praponunt,nunclllartini,
1554 2151 1971 2209 nuneNicolai
1999 2168 2052 2227 Β
2154 2154 2277 2208 Duo
2326 2152 2436 2208 viri
2486 2152 2557 2208 de
2605 2152 2736 2209 vico
2786 2153 3094 2223 Logostein
3126 2152 3273 2224 (614)
3306 2152 3593 2210 nominato
3626 2153 3737 2209 Re-

302 2242 814 2313 reliquorumque,
847 2252 967 2295 non
996 2238 1188 2296 saluti
1216 2240 1435 2296 nostrae
1467 2240 1836 2298 consulentes
1867 2241 1973 2298 sed

302 2328 632 2387 substantie
670 2327 978 2384 inhiantes
998 2327 1269 2401 faciunt.
1323 2329 1509 2392 Quasi
1537 2343 1672 2385 vero
1704 2329 1825 2386 [me
1852 2344 1971 2386 non

309 2418 633 2490 suﬁciant,
656 2430 869 2472 novum
888 2416 978 2473 bis
994 2417 1421 2488 quodammodo
1441 2418 1512 2473 de
1528 2418 1770 2475 Mathia
1792 2419 1974 2475 deun-

305 2509 505 2565 cul-um
520 2506 794 2579 faciunt,
826 2506 896 2561 ut
916 2506 1191 2577 patrium
1205 2506 1479 2577 fundum
1504 2508 1746 2579 penitus
1774 2521 1972 2563 emun-

298 2598 469 2669 gant.
513 2595 723 2651 Redite
759 2596 970 2666 itaque
999 2594 1081 2651 ad
1109 2608 1206 2652 cor
1236 2596 1293 2651 et
1320 2595 1530 2666 videte,
1566 2598 1717 2667 quia
1748 2597 1973 2653 delira-

303 2687 503 2743 menta
524 2684 669 2742 sunt
685 2684 809 2741 [uec
830 2684 1031 2741 anilia
1053 2685 1248 2754 magis
1279 2698 1463 2755 quam
1479 2698 1622 2741 cera
1642 2686 1967 2742 miracula.

308 2777 424 2831 llec
455 2780 515 2829 et
547 2772 656 2829 alia
691 2772 895 2842 multa,
931 2786 1042 2843 que
1074 2772 1388 2828 brevitatis
1425 2786 1600 2829 causa
1632 2773 1861 2843 obmisi,
1898 2788 1969 2829 eo

306 2863 559 2931 dicente,
584 2876 730 2917 uxor
749 2860 875 2930 ejus
893 2875 958 2916 ac
978 2860 1077 2915 filii
1100 2861 1317 2931 aliique
1340 2861 1592 2917 sanioris
1609 2862 1838 2917 consilii
1861 2862 1970 2925 viri

311 2953 600 3021 rogabant
624 2965 754 3006 eum
780 2964 850 3005 ne
875 2954 1079 3005 sancto
1101 2950 1369 3021 apostolo
1392 2950 1753 3021 detraheret,
1778 2950 1972 3007 dicen-

304 3045 396 3096 tes
427 3041 549 3095 haec
581 3038 775 3093 divina
809 3051 987 3109 opera
1020 3051 1172 3107 esse,
1218 3052 1330 3093 non
1374 3046 1621 3094 humana
1659 3038 1960 3108 figmenta.

307 3128 413 3184 Sed
439 3143 567 3185 eum
597 3127 796 3182 infelix
822 3126 919 3181 ille
944 3141 1057 3182 non
1087 3125 1272 3182 solum
1309 3131 1503 3182 tacere
1536 3133 1831 3197 renueret,
1865 3127 1969 3182 sed

306 3217 489 3274 multo
520 3217 815 3272 deteriora
840 3216 1156 3286 proferret,
1191 3215 1387 3272 subito
1411 3216 1667 3272 traditus
1690 3215 1844 3273 hosti
1872 3230 1971 3271 an-

306 3307 491 3378 tijuo,
528 3305 698 3375 cujus
741 3304 862 3360 haec
903 3304 1183 3360 instinctu
1235 3304 1608 3375 loquvbatur,
1662 3304 1966 3360 clamidem

305 3411 467 3453 suam
502 3411 569 3451 ac
604 3395 859 3450 tunicam
893 3394 962 3449 ad
999 3394 1178 3465 pedes
1208 3408 1386 3464 usque
1419 3393 1615 3463 scidit,
1648 3399 1705 3449 et
1738 3392 1966 3449 caballo

305 3500 411 3541 suo
445 3484 711 3540 insiliens
747 3498 849 3555 per
882 3488 1107 3537 montes
1138 3488 1197 3538 et
1228 3482 1412 3538 valles
1445 3498 1511 3537 ac
1543 3482 1709 3538 devia
1735 3496 1964 3553 queque

305 3588 368 3630 se
386 3589 513 3629 cum
535 3574 790 3629 clamore
808 3570 1002 3629 valido
1022 3571 1332 3643 proripuit.
1363 3571 1641 3636 Quesitus
1661 3571 1842 3641 igitur
1865 3586 1966 3641 per

306 3663 542 3720 biduum
570 3676 675 3717 nec
700 3661 973 3716 inventus
996 3665 1120 3725 est;
1156 3663 1285 3731 post
1311 3660 1463 3714 diem
1486 3664 1681 3715 autem
1716 3659 1964 3716 tercium

304 3747 360 3806 in
397 3750 606 3823 palude
644 3750 891 3821 quadam
930 3748 1196 3804 caballus
1236 3748 1467 3818 quidem
1502 3747 1629 3816 ejus
1664 3749 1958 3819 apparuit,

304 3855 504 3895 verum
531 3838 627 3894 ille
654 3838 887 3908 penitus
910 3836 1157 3892 inveniri
1183 3851 1295 3891 non
1321 3836 1533 3907 potuit.
1572 3836 1748 3905 Cujus
1773 3852 1967 3892 exem-

307 3929 402 4000 plo
426 3927 590 3984 multi
615 3925 870 3982 correcti
895 3932 952 3980 et
980 3924 1324 3981 devoeiores
1346 3924 1539 3979 effecti
1564 3930 1716 3980 sunt.

376 4018 587 4073 Eodem
624 4015 772 4086 (613)
806 4018 1073 4084 tempore
1107 4013 1339 4084 quidam
1378 4013 1725 4084 paraliticus
1755 4014 1826 4070 de
1863 4014 1966 4070 Ar-

304 4108 530 4165 duenna
574 4105 719 4160 silva
763 4119 874 4174 que
916 4104 1162 4158 maxima
1201 4106 1291 4158 est
1330 4102 1523 4159 tocius
1553 4102 1754 4160 Gallic.
1792 4147 1805 4160 .
1842 4146 1855 4160 .
1894 4144 1907 4158 .
1945 4142 1959 4157 .

375 4198 472 4253 Est
498 4201 692 4252 autem
718 4196 929 4264 quarto
954 4191 1074 4248 Kal.
1095 4191 1231 4248 Julii
1258 4190 1575 4263 solempnis
1595 4193 1964 4250 consuetudo

302 4286 619 4354 Gallorum,
654 4289 738 4351 ut,
773 4283 828 4337 in
865 4296 1037 4337 unum
1072 4280 1292 4337 diocesi
1315 4280 1575 4351 qualibet
1597 4281 1947 4351 coadunata,

301 4388 432 4431 cum
466 4371 732 4443 reliquiis
752 4375 811 4427 et
835 4370 1068 4426 letaniis
1100 4370 1171 4426 ad
1207 4371 1407 4427 urbem
1438 4370 1802 4427 Trevericam
1839 4386 1969 4442 pro-

304 4468 532 4537 perent,
568 4467 628 4518 ut
663 4460 954 4517 communi
989 4460 1185 4515 leticia
1222 4460 1524 4516 beatorum
1567 4459 1966 4531 apostolorum

301 4553 456 4610 l’etri
482 4559 541 4608 et
567 4550 726 4607 Pauli
750 4549 1027 4605 natalicia
1048 4548 1371 4605 celebrent.
1408 4550 1492 4604 Ah
1517 4548 1857 4605 inventione
1884 4553 1968 4605 ta-

301 4657 428 4699 men
459 4642 643 4698 saneti
674 4640 899 4695 Mathias
933 4638 1179 4693 maxime
1213 4638 1305 4694 hic
1337 4652 1462 4694 mos
1494 4636 1769 4705 inolevit;
1804 4638 1956 4695 unde

303 4739 359 4789 et
387 4734 509 4804 ipse
535 4730 734 4802 sepius
759 4728 813 4784 in
837 4732 1013 4785 cantu
1046 4727 1273 4796 vulgari
1304 4725 1646 4798 replicatur.
1681 4725 1802 4792 Qua
1836 4742 1966 4797 spc-

299 4824 388 4879 cie
421 4824 557 4878 dum
599 4820 832 4891 quidam
876 4818 1083 4875 laudes
1119 4816 1309 4873 sancti
1348 4815 1580 4886 Mathie,
1614 4830 1758 4886 quas
1787 4814 1962 4886 vulgo

300 4912 493 4985 leysos
537 4914 768 4982 vocant,
812 4912 1113 4978 canerent,
1162 4921 1311 4964 unus
1348 4904 1441 4939 ⁴⁰²⁷
1480 4920 1683 4962 eorum
1720 4905 1960 4962 levitate

2082 2256 2216 2299 num
2286 2242 2593 2299 transituri
2653 2242 2981 2298 naviculam
3047 2241 3419 2313 piscatoriam
3482 2241 3731 2313 ingressi

2081 2335 2238 2459 Stin?
2262 2374 2290 2458 .’
2369 2373 2731 2459 ...Ιιιίιοουυηι
2773 2416 3004 2474 quoque
3042 2402 3258 2460 auxilia
3299 2418 3365 2459 ac
3402 2400 3729 2459 vetularum

2079 2492 2336 2548 carmina
2362 2490 2678 2549 consuluit.
2716 2533 2728 2546 .
2766 2534 2778 2547 .
2814 2534 2826 2547 .
2862 2535 2876 2548 .

2150 2582 2291 2637 Item
2333 2580 2613 2653 puerulus
2649 2585 2891 2637 matrem
2923 2586 3236 2638 secuturus
3269 2584 3621 2654 preeuntem,
3657 2580 3731 2638 de

2080 2676 2260 2742 ponte
2305 2670 2484 2727 Attile
2518 2670 2578 2725 in
2606 2685 2789 2741 aquas
2820 2670 3121 2740 subjectas
3154 2670 3384 2727 cecidit.
3422 2712 3435 2725 .
3472 2712 3484 2725 .
3519 2711 3533 2724 .
3569 2712 3581 2725 .

2149 2762 2319 2817 Juxta
2348 2759 2625 2815 fornicem
2651 2758 2830 2815 Attile
2856 2758 3265 2830 triumphalem
3289 2758 3455 2830 (615),
3490 2758 3585 2829 qui
3610 2757 3728 2817 duo

2082 2848 2260 2904 millia
2293 2863 2568 2920 passuum
2601 2862 2630 2903 a
2664 2847 3004 2903 Treverensi
3036 2846 3277 2903 civitate
3307 2846 3483 2903 distat
3514 2846 3585 2902 ad
3618 2861 3735 2903 me-

2081 2938 2307 3008 ridiem,
2344 2937 2577 3009 quidam
2611 2936 2978 3007 adolescens,
3014 2935 3148 2993 dum
3182 2935 3368 2992 media
3400 2939 3589 2993 estate
3618 2936 3734 2993 Mo-

2080 3027 2283 3083 sellam
2318 3024 2698 3083 transvadere
2729 3024 2927 3082 vellet.
2965 3067 2977 3080 .
3016 3067 3028 3080 .
3064 3066 3075 3079 .
3114 3066 3127 3079 .

2150 3116 2311 3172 Miles
2354 3115 2585 3186 quidam
2626 3114 2968 3170 Treverensi
3014 3113 3316 3170 territorio
3352 3114 3586 3184 genitus
3616 3128 3728 3171 non

2079 3206 2257 3262 infimi
2299 3204 2533 3276 generis
2575 3203 2679 3260 sed
2722 3203 2996 3276 pauperis
3035 3207 3163 3258 erat
3202 3203 3545 3260 substantie.
3581 3201 3728 3270 Qua-

2079 3300 2323 3368 propter
2362 3294 2587 3366 pudore
2620 3296 2789 3349 actus
2819 3289 3012 3349 natale
3043 3291 3230 3348 solum
3260 3291 3526 3364 reliquid,
3564 3305 3726 3365 pere-

2075 3384 2419 3456 grinaturus
2464 3382 2816 3453 ubicumque
2864 3395 2925 3437 se
2971 3381 3287 3438 obtulisset
3334 3381 3717 3453 Oportunitas.

2076 3472 2315 3529 Devenit
2368 3486 2509 3541 ergo
2560 3470 2858 3527 Coloniam
2899 3470 3296 3542 Agrippinam,
3339 3469 3456 3540 ubi,
3495 3484 3623 3527 cum
3664 3474 3725 3525 et

2076 3566 2269 3618 status
2301 3564 2357 3615 et
2392 3559 2550 3629 leges
2585 3557 2747 3615 urbis
2781 3557 3100 3631 placerent,
3136 3556 3457 3614 subsistere
3484 3555 3718 3627 delegit.

2076 3649 2340 3707 Adscivit
2363 3649 2560 3719 itaque
2583 3647 2694 3703 sibi
2721 3645 3165 3719 potentissimos
3188 3659 3448 3718 quosque
3471 3645 3525 3702 in
3548 3644 3724 3702 domi-

2073 3754 2203 3809 nos,
2242 3743 2324 3807 ut,
2356 3752 2489 3794 eum
2523 3735 2642 3793 illis
2673 3734 3015 3791 fidelitatem
3040 3748 3106 3791 ac
3132 3734 3441 3792 servicium
3466 3733 3718 3806 fecisset,

2072 3842 2276 3885 eorum
2308 3825 2527 3884 auxilio
2558 3829 2616 3880 et
2650 3824 2894 3882 consilio
2934 3823 3129 3880 tucior
3168 3823 3424 3894 degeret.
3468 3824 3719 3895 Cumque

2073 3916 2258 3973 multo
2282 3920 2547 3988 tempore
2571 3928 2851 3987 prospere
2875 3916 3078 3982 ageret
3099 3911 3373 3984 nullaque
3401 3912 3720 3983 agitaretur

2073 4005 2361 4077 molestia,
2393 4018 2573 4062 causa
2604 4003 2853 4075 quadam
2890 4001 3239 4059 obveniente
3281 4016 3429 4059 unus
3468 4000 3721 4059 domino-

2073 4111 2199 4154 rum
2233 4096 2359 4167 ejus
2390 4093 2762 4151 dissimulato
2793 4092 2929 4150 odio
2960 4091 3153 4149 domui
3187 4105 3292 4149 sue
3322 4089 3483 4149 illum
3515 4089 3719 4148 ascivit

2070 4189 2526 4258 correptumque
2558 4184 2615 4239 in
2652 4181 2881 4240 vincula
2916 4181 3187 4252 conjecit.
3231 4182 3441 4238 Novem
3474 4179 3718 4252 denique

2073 4275 2200 4332 dies
2229 4274 2285 4330 in
2315 4272 2562 4346 quadam
2593 4287 2726 4329 arce
2752 4271 2957 4343 jacuit.
2998 4314 3011 4329 .
3045 4314 3057 4328 .
3094 4312 3107 4325 .
3147 4314 3159 4327 .

2145 4362 2461 4432 Purgensis
2507 4360 2741 4432 quidam
2769 4358 3032 4431 ejusdem
3064 4358 3343 4415 civitatis.
3381 4399 3393 4413 .
3430 4399 3443 4413 .
3478 4398 3491 4412 .
3526 4399 3541 4413 .

2146 4454 2297 4510 Puer
2316 4450 2549 4522 quidam
2570 4449 2663 4507 vid
2675 4464 2743 4506 ue
2764 4449 2919 4505 filius
2940 4450 3141 4505 morbo
3164 4451 3355 4504 tactus
3373 4446 3442 4504 ad
3461 4450 3718 4503 extrema

2074 4542 2396 4615 perductus
2414 4544 2527 4597 est.
2555 4541 2811 4612 Cumque
2830 4538 2955 4595 dies
2972 4543 3036 4594 15
3055 4540 3404 4609 egrotasset,
3424 4535 3718 4595 extinctus

2072 4636 2184 4689 est.
2209 4630 2583 4704 Compositus
2608 4628 2785 4700 igitur
2809 4629 3053 4697 feretro,
3071 4626 3254 4683 media
3279 4625 3506 4683 locatur
3528 4624 3715 4695 domo,

2073 4721 2171 4779 ubi
2220 4735 2380 4777 more
2432 4718 2728 4775 Gallorum
2779 4717 2996 4787 vigiliis
3035 4731 3103 4774 ac
3140 4714 3294 4772 ludis
3343 4713 3720 4788 solempniter

2073 4813 2501 4884 frequentatur.
2538 4808 2835 4867 Ludebant
2867 4806 2987 4879 alii,
3021 4806 3125 4863 sed
3148 4810 3333 4863 mater
3356 4804 3534 4862 flebat
3554 4804 3721 4864 uber-

2072 4902 2237 4959 rime.
2271 4940 2286 4958 .
2326 4943 2341 4959 .
2379 4940 2393 4956 .
2426 4941 2439 4955 .

1650 5028 1887 5086 VARUS
1943 5024 2355 5086 LECTIONES.

346 5136 456 5172 "°’°
486 5136 661 5195 exciti
694 5150 852 5195 corr.
892 5131 1136 5191 excitati
1168 5144 1224 5189 e.
1306 5127 1398 5162 ⁴⁰²⁷
1443 5142 1583 5187 usus
1613 5141 1667 5187 c.
1753 5126 1847 5162 ’°"
1879 5125 2126 5184 moselli’
2157 5138 2211 5184 c.

701 5238 709 5245 '
1145 5264 1152 5270 ι
1899 5225 2111 5283 NOTAE

368 5354 518 5429 (6H)
569 5352 841 5421 Quaedam
893 5364 1038 5429 cum"
1071 5346 1565 5429 li_is_eonveniunt
1617 5360 1746 5429 qua}
1792 5343 1950 5429 apud
2055 5337 2872 5429 pertusci‘zlis‘l'rerﬂ'ensis,
2905 5340 3018 5429 etc:

296 5416 665 5485 Laiube’rtiim
702 5428 863 5497 (Acta
906 5426 960 5478 S.
1005 5421 1059 5477 S.
1102 5419 1139 5474 l.
1184 5419 1247 5497 l.)_
1276 5420 1576 5497 leguntur.
1633 5416 1743 5473 Sed
1792 5416 1951 5471 Lam-

297 5499 500 5555 bcrtus
533 5501 638 5554 hoc
672 5491 827 5552 lente
863 5506 1001 5550 usus
1031 5507 1164 5547 esse
1194 5491 1446 5547 videtur.

366 5570 514 5643 (612)
550 5569 793 5643 (ζῆ-Δίῃ.
828 5568 921 5643 _SS.
949 5565 1049 5621 1.1.
1080 5566 1257 5643 n_..15_._
1282 5566 1463 5643 {\‘ntea
1495 5559 1670 5643 etiam
1704 5558 1759 5643 i_n
1792 5557 1950 5643 cedi:

2133 5412 2282 5491 (eis)
2318 5409 2703 5491 (ξιξ-1101188.
2740 5408 2777 5464 l.
2814 5408 2875 5480 l.,
2911 5422 2966 5463 n.
3008 5410 3091 5463 19.

2134 5483 2284 5553 (614)
2326 5483 2656 5539 Lahnstein.

2133 5573 2281 5654 (615)
2302 5574 2389 5654 ‘De
2421 5574 2794 5627 monumento
2824 5568 2881 5626 iu
2908 5569 3040 5625 vico
3069 5563 3186 5637 lgel
3213 5565 3491 5620 exstante
3524 5577 3716 5623 sermo

294 5629 694 5697 ce‘hist’oriola
727 5638 961 5707 legitur,
998 5633 1385 5707 qualisibid.,
1410 5649 1464 5690 n.
1493 5635 1742 5707 chstat
1768 5629 1954 5707 :_Fuit
2059 5629 2478 5703 csgg‘videm,

295 5727 357 5770 eo
389 5720 641 5785 tenuere
684 5703 1479 5783 quidammolendinarius,
1499 5703 1735 5760 nomine
1778 5703 1948 5759 Lam-
