3936 6416
132 384 299 456 1293

727 390 995 455 GESTA
1023 384 1380 456 TREVER.
1416 425 1493 481 -έ
1522 387 1831 451 APPENI

2004 387 2213 453 L.INV.
2252 381 2357 447 ET
2382 385 2544 448 MlR.
2580 379 2648 448 Ξ.
2683 384 3045 448 MATHI/E.

3429 375 3582 448 1294

202 544 977 616 Quinquagenariushomo
992 544 1221 616 quidam
1236 541 1828 614 Pulcri-montis(616)
1856 526 1914 586 Α
1942 544 2123 598 retur.
2158 539 2280 597 Hoc
2307 542 2610 610 tyrannus,
2642 538 2791 597 sicut
2824 544 2948 595 erat
2983 537 3282 609 sanguinis
3314 539 3583 597 avidissi-

134 632 370 704 accola,
410 634 594 705 quod
628 639 716 690 est
747 634 1054 691 Arduenne
1087 634 1257 690 silve.
1300 675 1313 688 .
1360 674 1372 687 .
1419 674 1431 687 .
1478 675 1490 688 .
1540 675 1553 688 .
1603 674 1616 687 .
1662 673 1675 685 .
1709 631 1831 703 qui-

134 722 268 778 dam
303 722 630 791 ingenuus
660 723 747 779 vir
769 722 1031 792 ejusdem
1051 720 1281 779 castelli
1307 719 1628 792 municeps.
1674 761 1727 774 ..
1765 761 1777 775 .
1814 760 1827 775 .

207 812 603 870 Suburbano
652 827 787 869 rure
839 813 993 883 quod
1051 810 1283 868 Treveri
1343 810 1567 880 adjacet
1626 824 1834 867 versus

136 900 499 972 aquilonem
544 902 706 959 circa
745 904 971 973 portam
1003 899 1292 955 Marciam.
1326 941 1339 954 .
1376 940 1389 954 .
1429 941 1442 954 .
1478 939 1491 953 .

209 989 393 1061 Apud
430 989 713 1060 Fuldam,
737 1004 846 1060 que
871 993 959 1044 est
986 988 1222 1044 Francie
1252 986 1599 1057 Teutonicze,
1623 984 1831 1043 mulier

138 1077 408 1150 quedam
446 1084 704 1150 pontem
734 1076 988 1134 ﬂuminis
1017 1077 1360 1133 transitura.
1398 1119 1410 1131 .
1448 1119 1460 1132 .
1498 1118 1510 1131 .
1547 1116 1560 1130 .

208 1185 362 1240 Erat
399 1183 659 1257 quidam
720 1184 967 1254 maligne
999 1184 1231 1254 mentis,
1289 1183 1443 1239 sicut
1476 1181 1709 1238 diviciis
1749 1181 1829 1238 .ic

136 1272 523 1331 habundans
579 1273 754 1330 etiam
786 1272 986 1339 viciis;
1020 1273 1115 1343 qui
1149 1272 1394 1328 cedibus
1425 1276 1485 1327 et
1516 1270 1739 1341 rapinis
1770 1268 1826 1325 in

137 1361 382 1420 vicinos
397 1376 561 1419 suos
573 1366 902 1432 grassatus,
925 1361 1212 1418 violenter
1232 1359 1422 1416 omnia
1436 1357 1830 1430 depopulaba-

138 1455 258 1508 tur.
298 1450 579 1518 Quidam
612 1455 804 1507 autem
835 1449 1066 1505 illorum
1096 1463 1246 1520 quos
1274 1447 1490 1517 injuste
1519 1446 1824 1517 atllixerat,

139 1537 392 1596 domum
419 1538 598 1596 illius
627 1537 743 1608 igni
792 1537 1090 1594 succendit
1114 1541 1173 1592 et
1193 1536 1435 1607 aufugit.
1463 1537 1536 1589 At
1557 1533 1653 1589 ille
1674 1533 1828 1591 sicut

138 1627 533 1684 eratmentis
568 1626 935 1699 perverse,in
968 1624 1253 1696 quendam
1275 1636 1584 1696 pauperem
1604 1621 1826 1678 crimen

140 1715 355 1787 injecit
392 1720 463 1773 et
499 1729 610 1789 pro
660 1713 936 1771 tribunali
965 1713 1149 1785 judici
1196 1711 1359 1769 illum
1392 1710 1625 1767 detulit.
1660 1709 1825 1776 Quod

140 1818 277 1862 cum
297 1818 419 1876 per
435 1804 796 1861 advocatum
819 1816 986 1863 suum
1010 1816 1232 1873 pauper
1253 1815 1317 1857 se
1340 1800 1545 1857 fecisse
1560 1803 1821 1870 negaret,

143 1892 216 1949 ad
241 1892 365 1950 hoc
385 1892 637 1950 tandem
685 1904 864 1949 causa
886 1890 1137 1961 devenit,
1166 1893 1229 1947 ut
1252 1888 1447 1947 duello
1477 1886 1827 1944 determina-

1942 645 2091 700 mus,
2127 627 2244 685 leto
2271 627 2531 701 suscepit
2562 627 2784 695 animo;
2817 643 3039 701 pauper
3061 632 3253 685 autem
3278 643 3339 685 se
3364 644 3583 702 suaque

1943 716 2196 773 dominio
2221 716 2378 774 illius
2398 717 2747 773 submittere
2770 716 3000 773 volebat
3029 720 3087 772 ut
3105 717 3451 787 quiesceret.
3471 718 3583 776 Sed

1942 804 2040 862 ille
2063 804 2315 863 rennuit.
2334 805 2432 861 Die
2461 804 2642 875 igitur
2664 804 2821 861 dicta
2853 808 3135 861 venerunt
3168 806 3335 862 ambo
3368 804 3585 864 locum-

1943 909 2053 965 que
2083 893 2261 952 duelli
2296 894 2584 950 intrantes
2603 892 2904 963 congressi
2932 897 3088 964 sunl,
3116 894 3240 965 pari
3265 896 3584 954 certamine

1941 981 2166 1039 viribus
2196 982 2468 1053 impares.
2504 981 2861 1039 Attrivit‘m
2882 983 3030 1037 enim
3065 987 3348 1053 tyrannus
3373 998 3587 1056 paupe-

1940 1085 2061 1126 rem
2096 1084 2241 1143 pene
2287 1085 2471 1142 usque
2502 1070 2572 1127 ad
2618 1068 2999 1140 dedicionem,
3035 1069 3217 1127 donec
3249 1074 3585 1145 compulsus

1940 1173 1970 1215 a
2003 1159 2126 1216 suis
2152 1173 2359 1214 nomen
2382 1159 2569 1215 sancti
2599 1158 2808 1214 Mathie
2833 1158 3128 1215 invocaret
3162 1173 3404 1231 pauper,
3440 1160 3586 1218 divi-

1937 1250 2055 1303 tem
2086 1261 2202 1304 uno
2224 1247 2341 1304 ictu
2365 1246 2649 1318 deiceret,
2672 1247 3064 1304 etoccideret.
3096 1249 3164 1303 Et
3197 1247 3460 1307 salvatus
3490 1254 3582 1308 est

1938 1337 2176 1406 sanguis
2206 1336 2476 1393 innoxius
2509 1336 2734 1393 meritis
2762 1336 2918 1393 beati
2951 1337 3197 1395 Mathiaa.

2004 1532 2179 1588 Juxta
2210 1536 2443 1604 pontem
2477 1530 2712 1589 Moselle
2742 1532 2974 1604 quidam
3004 1534 3288 1606 puerulus
3317 1537 3583 1595 navicula

1936 1620 2216 1677 cxcidens
2240 1621 2581 1678 submersus
2600 1627 2708 1677 est.
2749 1621 2913 1687 Quod
2937 1620 3143 1679 videns
3162 1624 3394 1694 quidam
3420 1626 3585 1697 juve-

1937 1707 2029 1765 nis
2058 1709 2323 1766 vestibus
2355 1708 2603 1778 abjectis
2623 1723 2787 1780 aquas
2811 1709 3056 1782 insiluit,
3086 1716 3147 1768 et
3170 1713 3462 1771 inventum
3486 1729 3585 1771 ex-

1934 1796 2171 1854 trahere
2198 1797 2418 1869 volens,
2452 1797 2702 1869 maligno
2752 1798 2967 1871 spiritu
3026 1802 3383 1874 retrahente,
3416 1818 3584 1876 quem

1935 1886 2266 1958 Neptunum
2297 1889 2530 1957 vocant,
2565 1886 2747 1944 semel
2777 1892 2833 1944 et
2869 1888 3126 1946 secundo
3155 1890 3450 1962 perdidit.
3498 1935 3512 1948 .
3562 1935 3577 1950 .

1469 2015 1522 2068 2.
1566 2013 1667 2070 Ra:
1696 2010 1892 2070 codice
1924 2012 2287 2069 Treeerensi.

222 2146 273 2198 1.
298 2143 486 2199 Anno
513 2139 675 2198 verbi
698 2139 984 2197 incarnati
1008 2140 1166 2210 1226,
1207 2139 1395 2211 primo
1437 2153 1586 2195 anno
1610 2136 1823 2195 domini
1856 2140 1909 2201 B
1940 2135 2197 2212 Apstrie,
2231 2149 2336 2193 nec
2392 2140 2595 2207 posset
2626 2135 2679 2193 ei
2712 2135 3008 2209 resistere,
3042 2138 3174 2210 quia
3210 2155 3411 2213 magna
3441 2158 3583 2215 pars

154 2230 440 2301 Gregorii
476 2243 627 2302 pape
658 2227 812 2299 noni,
872 2232 1155 2299 regnante
1182 2227 1439 2298 glorioso
1471 2228 1826 2299 imperatore

151 2317 497 2389 Friderico,
524 2317 752 2375 favente
774 2318 912 2389 Deo,
946 2316 1042 2389 qui
1075 2315 1265 2373 omnia
1308 2331 1418 2387 que
1450 2315 1573 2373 vult
1601 2315 1738 2373 facit
1768 2314 1826 2371 in

150 2406 284 2465 celo
315 2411 385 2465 et
420 2407 488 2464 in
524 2412 708 2478 terra,
739 2406 794 2462 in
827 2405 971 2462 mari
1001 2410 1058 2462 et
1091 2404 1147 2460 in
1176 2404 1446 2462 omnibus
1463 2402 1823 2475 abyssis,qui

153 2493 448 2567 producit
470 2496 659 2553 nubes
687 2495 759 2551 ab
789 2493 1069 2550 extremis
1099 2496 1258 2549 terre
1282 2491 1716 2563 (Psal.cxxxrv,
1745 2490 1823 2564 7,)
1865 2536 1873 2544 .

153 2582 584 2656 predicatores
604 2580 877 2641 videlicet
893 2583 1094 2639 sancte
1118 2580 1341 2651 Crucis,
1359 2580 1454 2651 qui
1478 2580 1694 2652 ubique
1708 2584 1828 2637 ter-

156 2685 362 2731 rarum
378 2673 792 2730 discurrentes
804 2679 864 2726 et
883 2669 1077 2754 crucis
1098 2668 1341 2741 gloriam
1360 2668 1729 2742 predicantes
1751 2684 1825 2727 ex

155 2761 447 2819 omnibus
478 2760 753 2830 gentibus
784 2762 845 2815 et
889 2757 1123 2830 populis
1150 2762 1208 2814 et
1234 2758 1507 2816 tribubus
1528 2763 1585 2815 et
1610 2757 1824 2829 linguis

157 2848 555 2920 signaverunt
589 2861 789 2905 servos
819 2846 920 2903 Dei
948 2852 1006 2904 et
1037 2845 1252 2904 milites
1285 2847 1500 2904 Christi
1534 2847 1589 2903 in
1623 2846 1824 2904 fronti-

158 2935 269 2996 bus
282 2951 525 2996 eorum.
543 2936 761 2993 Sensus
789 2936 1012 2994 enimet
1045 2935 1334 3007 cogitacio
1348 2936 1582 2994 humani
1600 2935 1818 3008 cordis,

161 3039 275 3097 que
310 3026 388 3084 ad
424 3024 640 3082 malum
671 3040 852 3097 prona
884 3029 974 3082 est
1005 3025 1159 3081 omni
1195 3029 1475 3097 tempore,
1528 3026 1599 3083 ab
1631 3025 1825 3082 adole-

161 3115 398 3172 scentia
430 3129 536 3172 sua
595 3112 1030 3186 promptissima
1079 3113 1309 3169 reddita
1340 3117 1431 3170 est
1464 3114 1521 3170 in
1576 3114 1821 3185 gloriam

165 3202 390 3261 Christi
406 3206 468 3259 et
492 3201 564 3259 ad
596 3202 983 3259 reverentiam
1015 3207 1214 3259 sancte
1232 3202 1456 3274 Crucis,
1482 3202 1617 3259 dum
1645 3202 1703 3258 in
1734 3218 1823 3260 re-

164 3290 518 3348 missionem
547 3289 799 3347 omnium
839 3293 1215 3362 peccatorum
1249 3290 1594 3362 p0pulorum
1631 3292 1822 3349 multi-

167 3379 416 3439 tudines
471 3380 847 3450 signarentur
873 3384 933 3436 et
966 3380 1019 3435 in
1054 3379 1267 3436 milicia
1300 3378 1410 3437 celi
1437 3380 1571 3438 boni
1605 3381 1820 3439 milites

169 3467 1820 3562 Christiconscriberenturjindeetgloriosusimperator
1852 3499 1901 3562 Ο

167 3556 511 3615 Fridericus
552 3558 777 3628 signum
828 3557 1037 3615 salutis
1092 3557 1439 3631 suscipiens,
1500 3560 1731 3616 nonnisi
1763 3561 1820 3618 in

164 3659 344 3703 cruce
367 3646 588 3705 domini
620 3647 805 3705 nostri
832 3647 1009 3704 Jhesu
1040 3647 1254 3703 Christi
1303 3647 1543 3718 gloriari
1577 3648 1765 3705 voluit
1803 3666 1818 3717 ;

167 3746 272 3803 pro
286 3734 460 3805 cujus
491 3735 602 3791 fide
615 3739 673 3791 et
689 3735 1005 3792 devocione
1021 3734 1278 3792 universi
1297 3750 1471 3791 cruce
1487 3735 1701 3805 signati
1725 3751 1822 3807 ga-

168 3821 279 3878 visi
314 3828 456 3880 sunt
479 3821 691 3894 gaudio
713 3837 920 3893 magno
957 3822 1147 3880 valde.
1173 3824 1282 3880 Cor
1303 3838 1545 3890 pravum
1570 3824 1821 3883 hominis

167 3913 225 3965 et
247 3910 637 3970 incrustabile
672 3910 741 3968 de
760 3913 973 3983 abysso
1018 3910 1178 3967 dedit
1202 3927 1404 3969 vocem
1431 3927 1616 3984 suam,
1650 3918 1709 3969 et
1742 3914 1821 3970 al-

174 3998 366 4058 titudo
388 4007 621 4057 terrene
646 4000 949 4072 dignitatis
971 4016 1175 4057 manus
1202 4016 1340 4058 suas
1361 4002 1432 4058 ad
1461 4002 1650 4059 celum
1667 4002 1822 4060 leva-

170 4087 271 4143 vit.
300 4090 387 4146 Ex
410 4088 653 4147 istorum
687 4090 867 4160 igitur
899 4105 1140 4146 numero
1172 4089 1606 4162 predicatorum
1628 4092 1820 4163 predi-

173 4182 338 4236 cator
376 4194 523 4236 unus
562 4178 864 4236 Cunradus
896 4179 1124 4235 nomine
1152 4178 1397 4236 nacione
1428 4178 1721 4236 Ilallensis
1750 4211 1821 4222 —

172 4280 282 4338 que
319 4267 532 4327 civitas
579 4267 947 4340 imperatoris
976 4271 1065 4324 est
1110 4268 1166 4324 in
1224 4266 1432 4325 Suevia
1460 4299 1527 4309 -—
1556 4268 1717 4325 venit
1745 4269 1818 4326 ad

174 4357 447 4415 abbatem
472 4357 754 4428 Cystercii
773 4356 997 4414 ordinis
1012 4356 1067 4412 in
1084 4355 1430 4414 Walrebach
1460 4355 1816 4430 (617)—que

174 4446 416 4504 abbacia
441 4445 553 4503 sita
574 4452 664 4503 est
690 4446 746 4502 in
776 4445 1572 4519 episc0patuRadesbonensi
1595 4445 1653 4501 in
1683 4460 1819 4503 con-

175 4533 307 4594 ﬁnio
334 4536 498 4607 regni
522 4535 974 4607 Boemie;—qui
999 4534 1159 4592 vices
1183 4550 1321 4592 suas
1339 4542 1399 4592 et
1421 4535 1816 4593 auctenticum

176 4623 391 4683 domini
422 4640 571 4700 pape
605 4624 868 4698 predicto
908 4623 1188 4695 magistro
1242 4624 1505 4687 Cunrado
1537 4624 1595 4680 in
1626 4624 1817 4698 predi-

176 4716 358 4774 canda
380 4729 554 4772 cruce
579 4714 867 4771 commisit
887 4718 946 4771 et
968 4712 1188 4771 litteris
1209 4713 1330 4770 suis
1359 4717 1419 4769 et
1442 4713 1653 4785 sygillo
1682 4729 1817 4775 con-

176 4802 444 4863 ﬁrmavit.
478 4805 762 4862 Veniente
788 4809 983 4861 autem
1008 4801 1126 4873 jam
1158 4802 1317 4860 dicto
1348 4803 1616 4861 Cunrado
1655 4805 1712 4861 in
1738 4806 1817 4864 ci-

172 4892 413 4951 vitatem
436 4909 547 4967 que
571 4893 817 4950 Cubitus
842 4893 990 4966 (618)
1024 4890 1240 4949 dicitur
1259 4893 1570 4963 Progensis
1592 4893 1817 4966 episco-

179 4988 350 5056 patus
378 4987 743 5057 spectantem
775 4981 847 5039 ad
877 4996 1166 5041 cameram
1184 4982 1343 5053 regis
1375 4982 1607 5041 Boemie
1635 4982 1729 5017 ⁴⁰³⁰
1756 4989 1817 5043 et

178 5095 408 5141 crucem
432 5081 797 5155 predicante,
832 5083 921 5139 tot
952 5079 1108 5138 milia
1140 5080 1389 5138 militum
1411 5085 1472 5138 et
1493 5080 1818 5140 multitudi-

182 5185 278 5230 nes
312 5171 656 5246 populorum
689 5172 915 5243 signum
945 5172 1142 5229 crucis
1172 5176 1547 5244 acceperunt,
1573 5174 1635 5230 ut
1665 5172 1817 5230 idem

183 5275 282 5331 rex
296 5263 549 5339 Boemie,
574 5276 706 5326 cum
728 5267 1084 5341 preponeret
1108 5262 1326 5324 bellum
1349 5262 1496 5321 inire
1517 5277 1649 5321 cum
1671 5264 1818 5326 duce

1843 4857 1898 4921 D

1938 2223 2188 2283 militum
2216 2238 2456 2281 suorum
2487 2240 2517 2282 a
2549 2224 2815 2296 predicto
2846 2226 3155 2285 Cuonrado
3178 2229 3404 2299 signata
3429 2238 3577 2306 erat,

1936 2327 2044 2370 nec
2092 2312 2249 2371 vires
2296 2326 2432 2370 suas
2491 2310 2662 2370 bellis
2718 2313 2989 2371 inanibus
3047 2316 3202 2386 regis
3250 2321 3581 2391 expendere

1936 2400 2145 2470 vellet;
2196 2401 2394 2458 furore
2443 2400 2620 2457 nimio
2675 2392 3003 2460 commotus
3033 2410 3093 2460 et
3146 2406 3361 2477 spiritu
3419 2409 3582 2466 mali-

1935 2504 2049 2561 gno
2080 2490 2433 2561 exagitatus,
2461 2493 2645 2547 totam
2700 2490 2843 2547 iram
2874 2506 3037 2549 suam
3070 2492 3126 2549 in
3174 2495 3366 2566 ipsum
3399 2497 3583 2556 Cuon-

1934 2579 2140 2636 radum
2190 2578 2487 2637 eﬂ‘undere
2535 2577 2746 2651 voluit,
2800 2584 3002 2652 utpote
3044 2582 3141 2654 qui
3190 2598 3367 2641 causa
3398 2586 3579 2644 fuerit

1936 2672 2098 2724 tante
2122 2666 2500 2726 discessionis
2519 2667 2608 2725 sui
2631 2667 2950 2739 exercitus,
2974 2674 3031 2726 et
3061 2670 3343 2729 inminuta
3364 2674 3577 2733 milicia

1935 2757 2093 2827 regis
2124 2756 2426 2814 minuisset
2485 2757 2784 2813 honorem.
2820 2757 3005 2827 Igitur
3053 2762 3315 2819 accensis
3346 2764 3575 2836 animis,

1934 2846 2227 2902 notarium
2268 2861 2437 2903 suum
2488 2846 2698 2902 ascivit
2726 2860 2962 2903 munera
2990 2848 3252 2919 ingencia
3284 2852 3574 2926 promisit,

1932 2938 1990 2991 et
2010 2947 2141 2990 eum
2173 2934 2228 2991 in
2279 2948 2478 2991 necem
2508 2935 2800 2992 Cuonradi
2831 2937 3098 2995 armavit.
3146 2936 3289 3005 Quia
3312 2955 3452 3011 ergo
3485 2956 3581 3014 pe-

1932 3022 2105 3080 cuuie
2136 3021 2418 3080 obediunt
2468 3024 2660 3080 omnia
2707 3030 2764 3082 et
2795 3040 3031 3083 munera
3084 3031 3578 3090 excecanteciam

1931 3110 2135 3168 oculos
2183 3112 2512 3185 sapientum
2573 3112 2766 3184 (Deut.
2800 3129 2915 3185 xvr,
2952 3114 3060 3188 19),
3108 3105 3422 3176 excecatus
3450 3135 3579 3192 pro-

1933 3200 2150 3273 missis,
2182 3201 2396 3259 obtulit
2419 3218 2480 3259 se
2504 3202 2560 3258 in
2590 3202 3040 3261 decollacionem
3065 3205 3412 3265 innocentis.
3440 3210 3579 3266 Mul-

1930 3288 2184 3346 titudine
2208 3305 2347 3361 ergo
2369 3290 2553 3347 instar
2573 3306 2786 3348 corone
2808 3291 3246 3365 circumstante,
3273 3298 3462 3353 stabat
3480 3298 3577 3355 ille

1931 3378 2086 3448 regis
2105 3379 2368 3435 notarius
2385 3380 2692 3449 evaginato
2713 3380 2928 3452 gladio,
2947 3388 3006 3437 et
3024 3383 3359 3453 predicator
3378 3388 3573 3443 crucis

1932 3470 2172 3539 propter
2188 3466 2430 3523 verbum
2459 3468 2651 3524 crucis
2680 3467 2733 3523 in
2762 3469 2989 3525 modum
3012 3472 3207 3527 crucis
3239 3475 3576 3546 totusjace-

1932 3554 2029 3611 bat
2061 3560 2374 3627 porrectus
2422 3556 2478 3611 in
2528 3560 2707 3613 terra.
2741 3556 2784 3613 Ο
2815 3559 3214 3629 spectaculum
3247 3562 3528 3621 nefarium
3556 3568 3569 3621 l

1930 3643 2260 3715 oiniquitas
2280 3659 2391 3715 quc
2428 3644 2731 3714 egreditur
2761 3659 2791 3701 a
2814 3646 2960 3702 facie
2996 3650 3182 3704 terre!
3205 3650 3353 3706 Fons
3379 3653 3575 3709 turba-

1928 3734 2029 3789 tus
2048 3733 2215 3805 pede,
2235 3732 2433 3804 justus
2457 3732 2672 3790 cadens
2694 3740 2827 3790 ante
2850 3734 3052 3792 faciem
3072 3740 3419 3808 peccatoris.
3449 3743 3572 3799 Stat

1930 3820 2143 3894 inpius,
2163 3822 2564 3893 jacetjustus;
2588 3827 2647 3879 et
2672 3828 2734 3880 ut
2766 3825 3094 3897 caputjusti
3119 3832 3401 3900 amputet,
3420 3831 3577 3888 ferus

1928 3908 3051 3986 gladiatoradest.Prostratusitaquect
3066 3918 3234 3972 morti
3252 3919 3570 3989 proximus.

1929 4003 2056 4054 orat
2086 4004 2143 4055 et
2179 4006 2475 4072 precatur,
2511 4007 2574 4057 ut
2603 4002 2897 4058 tantillum
2931 4004 2983 4059 ei
3017 4005 3259 4062 daretur
3287 4010 3568 4080 spacium,

1931 4101 2044 4158 quo
2065 4089 2490 4145 confessionem
2523 4090 2714 4146 facere
2738 4097 2797 4146 et
2846 4107 3059 4164 corpus
3087 4095 3308 4150 Domini
3342 4110 3573 4154 sumere

1929 4181 2154 4247 posset.
2178 4178 2320 4232 Dum
2342 4177 2441 4232 ille
2474 4192 2682 4248 preces
2706 4179 2995 4249 funderet,
3021 4186 3080 4235 et
3103 4182 3311 4238 timore
3329 4185 3483 4254 regis
3502 4216 3572 4226 -—

1928 4280 2118 4323 sermo
2146 4265 2299 4323 enim
2343 4266 2501 4335 regis
2551 4267 2798 4336 urgebat
2826 4298 2895 4307 —
2925 4282 3094 4325 nemo
3121 4268 3205 4325 illi
3260 4273 3572 4332 subvenire

1926 4359 2295 4428 presumeret
2320 4374 2332 4409 :
2357 4368 2494 4411 ecce
2515 4354 2631 4410 filia
2656 4355 2840 4427 ipsius
2859 4357 3032 4428 regis,
3060 4358 3287 4431 irrupta
3317 4363 3572 4434 undique

1927 4444 2436 4502 circumstancium
2470 4444 2865 4516 multitudine,
2906 4446 3126 4504 nudato
3174 4451 3369 4521 capite
3399 4452 3573 4509 adve-

1926 4533 2035 4605 nit,
2069 4533 2270 4590 dolens
2297 4536 2356 4589 et
2387 4533 2531 4588 ﬂens
2562 4547 2737 4604 super
2763 4534 3043 4605 inpietate
3067 4538 3272 4608 patris.
3306 4540 3574 4598 Prostra-

1928 4624 2050 4677 tum
2066 4619 2300 4692 levavit,
2322 4620 2449 4676 etin
2461 4620 2765 4692 capellam,
2788 4635 2899 4693 que
2913 4624 3174 4693 proxima
3205 4631 3353 4697 erat,
3372 4642 3571 4685 secum

1928 4709 2193 4780 adduxit,
2228 4714 2287 4767 et
2316 4711 2687 4767 confessores
2717 4710 2769 4767 ei
2803 4711 2895 4782 pie
2925 4713 3212 4783 providit.
3251 4715 3571 4789 Rcspirans

1929 4798 2351 4872 aliquantulum
2375 4800 2737 4872 Cuonradus,
2754 4805 2887 4857 ante
2898 4802 3326 4861 confessionem
3342 4808 3569 4877 rogavit

1929 4887 2270 4946 sacerdotes
2294 4893 2582 4960 quatenus
2604 4890 2832 4946 nomina
2847 4889 3151 4948 duodecim
3167 4894 3567 4965 apostolorum

1929 4997 2277 5069 scriberent,
2327 5002 2385 5054 et
2409 4996 2655 5067 singulis
2676 4997 2865 5067 cereis
2888 4998 3111 5071 singula
3135 5002 3366 5058 nomina
3395 5003 3573 5077 adpo-

1928 5078 2155 5159 nerent,
2175 5090 2239 5143 ut
2252 5086 2419 5157 cujus
2437 5102 2644 5144 nomen
2656 5087 2889 5146 volente
2901 5090 3019 5147 Deo
3032 5095 3374 5163 assumeret,
3385 5092 3570 5165 ipsum
3595 5135 3609 5146 .

1927 5180 2238 5250 patronum
2268 5180 2327 5233 et
2357 5176 2705 5235 advocatum
2729 5178 2786 5237 in
2810 5185 2925 5237 tam
2954 5180 3241 5239 horrende
3263 5182 3471 5240 mortis
3490 5183 3574 5241 di-

1927 5266 2199 5326 scrimine
2212 5269 2271 5325 et
2286 5265 2343 5325 iu
2357 5266 2554 5327 futuro
2568 5270 2831 5331 examine
2854 5271 3177 5346 propicium
3190 5274 3453 5335 haberet.
3471 5277 3572 5334 Fa-

1514 5366 1752 5425 VARLE
1781 5368 2162 5428 LECTIONES
2174 5412 2189 5428 .

283 5462 492 5536 Atrivi,
525 5476 573 5521 ε.
613 5461 710 5499 ⁴⁰³⁰
738 5463 939 5523 boecie
971 5478 1019 5524 c.

152 5687 158 5693 -
269 5648 369 5703 616
422 5646 761 5703 Beaumont.

247 5644 392 5791 ἔϐης
420 5716 761 5778 Valderbacl

420 5716 805 5778 Valderbach.

1774 5526 1983 5619 Nm

2003 5655 2151 5729 (διε)
2183 5654 2460 5731 Elbogen.
