3936 6410
365 374 516 442 1295

892 368 1158 443 GESTA
1186 365 1543 441 TREVER.
1580 412 1655 425 --
1683 366 2040 441 APPEND.
2074 367 2192 438 EX
2217 362 2383 440 INV.
2419 366 2524 438 ET
2562 360 2728 440 MIR.
2783 375 2851 440 S.
2903 360 3264 443 MATHIE.

3620 369 3788 451 i296

362 543 456 594 cta
480 533 848 594 confessione
880 531 1162 603 surrexit,
1196 531 1470 602 accessit,
1502 529 1645 588 tulit
1671 536 1732 587 et
1763 529 1927 603 legit,
1952 533 2012 588 et
2043 511 2099 574 Α
2128 532 2302 602 aptus
2320 533 2378 586 et
2411 534 2729 588 strennuus
2748 535 2877 588 erat
2898 537 2956 589 et
2989 532 3060 590 ad
3082 532 3362 594 collectas
3385 536 3684 597 faciendas
3719 546 3780 599 et

362 642 566 684 nomen
602 624 812 681 Malliie
870 621 1121 696 apostoli
1152 621 1403 693 gloriosi
1436 621 1723 693 scriptum
1756 621 2005 678 invenit.

364 719 535 774 Stans
558 722 749 771 autem
770 713 1081 782 attonitus,
1107 715 1164 767 et
1191 716 1439 782 utraque
1466 726 1634 767 manu
1658 716 1863 769 tenens
1886 712 2016 767 bre-

361 805 634 875 viculam,
661 804 715 858 in
747 801 965 874 qua‘ou
987 816 1195 858 nomen
1241 805 1505 857 sanctum
1540 801 1727 858 sancti
1760 800 2014 873 apostoli

361 894 645 966 scriptum
677 897 826 963 erat,
853 896 981 948 toto
1012 891 1191 948 corde
1221 894 1278 946 et
1312 891 1503 947 animo
1527 906 1591 947 se
1622 894 1807 948 totum
1842 891 2017 948 devo-

360 999 503 1041 vens
523 982 808 1054 apostolo,
845 984 1009 1050 rogat
1035 985 1094 1036 et
1119 979 1386 1052 deposcit
1409 979 1521 1035 sibi
1541 979 1812 1036 auxiliari
1836 984 1894 1036 et
1918 980 2016 1037 ad-

355 1075 612 1145 jutorem
643 1070 894 1128 celerem
925 1071 980 1125 in
1029 1073 1192 1125 tanta
1221 1068 1611 1126 tribulacione
1644 1068 1798 1127 fieri.
1836 1070 2013 1126 Adest

362 1161 561 1219 subito
576 1159 980 1230 benignissnni
1002 1158 1332 1228 benignitas
1357 1157 1629 1229 apostoli,
1664 1163 1720 1214 et
1742 1159 1895 1216 facta
1922 1161 2016 1215 est

362 1253 607 1321 repente
627 1252 880 1305 mutacio
894 1247 1136 1303 dextere
1160 1245 1406 1302 Excelsi.
1427 1247 1513 1302 Ira
1537 1246 1688 1302 enim
1710 1247 1886 1317 regis,
1905 1260 2017 1317 que

362 1339 550 1396 fuerat
572 1337 822 1394 nuncius
838 1336 1061 1404 mortis,
1078 1333 1349 1407 apostolo
1363 1339 1569 1392 sancto
1588 1334 2015 1393 interveniente

362 1435 423 1484 et
452 1431 802 1499 protegente
834 1439 1112 1481 conversa
1142 1424 1310 1480 estin
1340 1423 1737 1493 clemenciam,
1772 1424 1934 1481 I‘uror
1956 1424 2014 1480 in

363 1514 847 1584 misericordiam,
869 1518 1191 1585 tempestas
1213 1527 1418 1582 magna
1444 1512 1499 1568 in
1523 1512 2014 1583 tranquillitatem

363 1604 691 1661 maximam.
728 1602 1045 1659 Confestim
1094 1616 1233 1672 ergo
1276 1601 1640 1658 immutatum
1673 1605 1761 1658 est
1793 1617 1895 1658 cor
1927 1616 2016 1659 re-

360 1694 470 1765 gis,
504 1697 562 1749 et
593 1706 725 1749 eum
755 1691 845 1749 sui
904 1690 1158 1762 penituit
1195 1689 1459 1747 sceleris.
1513 1690 1784 1748 Festinus
1815 1691 2013 1762 itaque

362 1789 567 1840 etcum
583 1780 802 1851 ingenti
817 1779 1072 1836 tumultu
1086 1780 1335 1836 militum
1351 1794 1413 1835 se
1435 1779 2011 1851 circumstipancium

2127 617 2465 676 oblaeiones
2492 619 2858 690 colligendas
2882 621 3131 693 diligens
3149 629 3210 682 et
3231 625 3545 700 sollicitus,
3570 629 3678 687 sed
3705 632 3782 688 ad

2127 706 2464 778 dirigendas
2493 712 2553 766 et
2577 711 3063 771 transmittendas
3078 712 3418 775 oblaciones
3444 718 3614 776 beato
3637 733 3783 792 apo-

2124 794 2277 853 stolo
2308 797 2610 868 negligens
2640 803 2700 854 et
2732 800 3039 858 remissus.
3088 844 3101 858 .
3151 844 3166 859 .
3212 847 3225 860 .
3274 847 3287 860 .

2196 907 2247 960 3.
2284 906 2489 961 Comes
2530 904 2823 978 palatinus
2878 909 3163 967 Henricus
3223 913 3453 971 nomine
3484 927 3517 970 a
3541 914 3777 974 duobus

2127 993 2253 1049 suis
2278 993 2511 1050 clericis
2543 996 2752 1067 spiritu
2777 997 3027 1068 maligno
3058 999 3298 1073 repletis
3316 1003 3774 1077 circumventus,

2126 1080 2197 1138 ad
2230 1081 2338 1141 hoc
2371 1084 2649 1142 inductus
2681 1091 2770 1143 est
2798 1090 2861 1142 ut
2900 1087 3094 1145 villam
3126 1091 3409 1161 quandam
3441 1091 3659 1151 Vilmar
3690 1094 3781 1151 di-

2125 1175 2279 1228 ctam
2309 1187 2488 1244 super
2520 1174 2806 1244 Logenam
2835 1176 3072 1235 ﬂuvium
3105 1178 3299 1248 sitam,
3334 1195 3502 1252 quam
3534 1183 3630 1255 pie
3658 1197 3777 1240 me-

2126 1261 2312 1317 morie
2336 1262 2952 1336 Henricusimperator
2969 1282 3100 1324 cum
3116 1269 3385 1327 omnibus
3407 1271 3775 1344 appendiciis

2126 1350 2250 1407 suis
2280 1365 2386 1422 pro
2416 1352 2676 1409 remedio
2707 1354 2897 1410 anime
2925 1371 3027 1413 sue
3060 1358 3230 1415 beato
3268 1358 3476 1416 Mathie
3502 1360 3776 1433 apostolo

2125 1444 2185 1497 et
2206 1444 2409 1497 sancto
2432 1441 2718 1500 Eucherio
2750 1442 3156 1517 sollempniter
3176 1449 3495 1506 donaverat
3518 1450 3687 1522 (620),
3716 1452 3776 1508 in

2125 1529 2551 1602 proprietatem
2582 1531 2670 1588 sui
2708 1532 2860 1603 juris
2902 1540 3220 1593 conaretur
3248 1537 3576 1596 adtrahere.
3612 1540 3775 1598 Idem

2124 1618 2277 1675 enim
2310 1618 2423 1676 duo
2456 1619 2679 1691 clerici,
2715 1625 2776 1678 ut
2812 1623 3066 1680 favorem
3100 1625 3284 1697 ipsius
3326 1627 3559 1685 comitis
3588 1630 3776 1700 magis

2126 1707 2425 1779 magisque
2449 1709 2556 1765 sibi
2586 1710 2990 1783 conciliarent,
3017 1714 3436 1784 promittebant
3454 1718 3505 1773 ei
3536 1718 3777 1790 privile-

2124 1795 2217 1867 gia
2249 1802 2305 1852 et
2336 1797 2529 1868 sigilla
2559 1798 2661 1855 tali
2695 1803 2821 1857 arte
2852 1800 3132 1873 facturos,
3178 1804 3388 1874 quibus
3417 1806 3771 1868 intuentium

364 1870 645 1940 accurrit,
690 1873 755 1926 ut
780 1868 931 1924 idem
962 1868 1304 1925 Cuonradus
1332 1873 1562 1925 terrore
1591 1868 1768 1926 nimio
1798 1868 2000 1927 tumul-

2127 1884 2280 1942 oculi
2313 1885 2736 1945 deluderentur
2776 1894 2837 1945 et
2891 1891 3053 1962 quasi
3086 1868 3219 1948 ante
3251 1893 3562 1952 multorum
3594 1910 3775 1956 anno-

364 1960 588 2018 tuantis
605 1963 663 2016 tu
675 1959 776 2015 rbe
793 1958 1065 2015 turbatus
1082 1958 1295 2014 iterum
1310 1972 1373 2013 se
1389 1958 1460 2013 ad
1479 1961 1724 2014 mortem
1749 1960 2011 2030 pertrahi

363 2053 680 2107 metueret.
717 2048 970 2104 Veniens
1021 2052 1215 2104 autem
1248 2061 1369 2118 rex,
1405 2047 1689 2127 advpedes
1747 2048 2012 2118 magistri

363 2136 652 2196 Cuonradi
687 2135 922 2206 cecidit,
956 2141 1014 2192 et
1048 2139 1177 2192 toto
1210 2150 1456 2208 corpore
1480 2136 1536 2191 in
1560 2137 1792 2194 modum
1814 2137 2012 2195 crucis

362 2228 419 2284 in
454 2232 670 2284 terram
695 2230 1052 2299 prostratus,
1070 2224 1496 2295 indulgenciam
1521 2226 1633 2283 sibi
1659 2225 1783 2283 dari
1808 2226 2015 2284 humil-

362 2316 497 2375 lime
527 2320 583 2373 et
620 2314 1000 2373 devotissime
1043 2314 1326 2385 expeciit.
1376 2314 1719 2373 Cuonradus
1748 2331 1887 2374 vero
1917 2315 2015 2372 ad-

363 2406 583 2461 mirans
601 2404 851 2476 gratiam
879 2403 975 2460 Dei
1000 2410 1058 2460 et
1080 2402 1359 2461 auxilium
1384 2404 1831 2462 celeberrimum
1858 2405 2012 2462 beati

360 2494 572 2551 Mathie
619 2493 894 2566 apostoli,
947 2494 1138 2550 factus
1168 2498 1262 2550 est
1299 2493 1466 2565 quasi
1502 2493 1557 2549 in
1590 2493 1820 2551 exthasi
1854 2495 1911 2552 in
1943 2510 2012 2553 eo

361 2584 515 2656 quod
531 2584 862 2653 contigerat
876 2582 1009 2639 sibi.
1042 2584 1255 2653 Regem
1271 2589 1633 2655 prostratum
1659 2583 1729 2639 de
1750 2589 1911 2642 terra
1936 2584 2014 2642 le-

360 2678 477 2744 vat,
511 2679 571 2729 ct
602 2670 913 2741 indulgens
945 2671 1059 2727 sibi
1088 2671 1287 2741 vitam,
1317 2676 1540 2728 reatum
1571 2671 1833 2730 criminis
1856 2673 2012 2731 letus

362 2761 606 2818 relaxat.
642 2761 813 2816 Venit
835 2764 892 2816 et
914 2759 1013 2816 ille
1040 2759 1354 2831 gladiator,
1380 2760 1648 2817 notarius
1672 2760 1898 2818 scilicet
1924 2777 2013 2819 re-

360 2850 469 2921 gis,
490 2849 714 2921 pallens
731 2855 789 2905 et
817 2854 1090 2920 tremens,
1111 2854 1168 2905 et
1197 2849 1334 2906 facti
1354 2849 1441 2906 sui
1473 2849 1760 2922 penitens,
1784 2851 2010 2908 veniam

356 2940 540 3012 peciit
566 2945 625 2995 et
661 2939 914 3010 accepit.
957 2938 1303 2996 Cuonradus
1330 2940 1608 2996 continuo
1630 2953 1660 2995 a
1694 2954 1831 3011 rege
1854 2955 2015 2999 assu-

357 3029 555 3098 mitur,
575 3032 849 3101 presente
864 3042 1002 3098 rege
1025 3028 1253 3085 etomni
1289 3028 1871 3086 multitudineinalto
1894 3035 2013 3087 sta-

355 3118 564 3187 tuitur,
587 3122 643 3173 et
671 3123 734 3173 ut
764 3117 1007 3173 verbum
1042 3116 1142 3173 Dei
1176 3117 1509 3190 predicaret
1530 3132 1561 3173 a
1581 3132 1716 3188 rege
1743 3120 2003 3188 jubetur.

2126 1989 2252 2032 rum
2277 1976 2572 2033 curricula
2598 1978 2748 2035 facta
2760 1983 2992 2036 vetusta
3011 1983 3065 2037 et
3088 1981 3773 2053 antiquissimavideren—

2123 2067 2242 2125 tur.
2278 2064 2380 2121 His
2411 2064 2563 2122 dolis
2593 2070 2651 2122 et
2704 2068 2989 2125 versuciis
3039 2068 3385 2128 clericorum
3416 2072 3642 2132 animus
3671 2089 3772 2133 co-

2126 2152 2285 2209 mitis
2315 2154 2648 2212 abstractus
2675 2161 2731 2212 et
2770 2155 3021 2228 illectus,
3058 2158 3191 2230 quia
3221 2158 3310 2217 vir
3340 2159 3551 2218 nobilis
3577 2167 3638 2219 et
3668 2179 3773 2236 po-

2127 2245 2256 2297 tens
2278 2247 2405 2298 erat
2429 2257 2531 2299 nec
2545 2243 2597 2300 ei
2613 2243 2863 2301 ecclesia
2884 2245 3160 2303 resistere
3175 2250 3426 2320 poterat,
3444 2249 3769 2321 predictam

2124 2329 2318 2387 villam
2353 2345 2515 2387 suam
2548 2346 2680 2390 esse
2727 2332 2987 2391 dicebat.
3025 2336 3193 2392 Fama
3240 2336 3347 2394 hee
3373 2338 3444 2395 ad
3478 2353 3647 2397 aures
3675 2354 3770 2398 ec-

2125 2418 2302 2476 clesie
2331 2422 2597 2492 pervenit
2628 2428 2688 2479 et
2734 2426 3027 2495 tamquam
3077 2425 3270 2483 sonitu
3301 2427 3487 2497 magni
3516 2428 3763 2487 tonitrui

2124 2523 2327 2566 omnes
2352 2509 2508 2573 illius
2529 2510 2781 2569 ecclesie
2804 2514 3018 2570 fratres
3044 2514 3218 2572 nimio
3241 2520 3468 2573 terrore
3490 2518 3762 2590 perculit.

2125 2597 2318 2655 Abbas
2362 2604 2713 2657 conventum
2765 2601 3063 2673 ingressus
3092 2609 3149 2660 et
3197 2605 3499 2663 universos
3528 2606 3765 2665 intuens

2124 2687 2315 2744 animo
2354 2687 2523 2745 valde
2573 2696 3000 2763 consternatos,
3059 2693 3400 2752 consolatus
3455 2700 3546 2752 est
3576 2710 3677 2754 eos
3704 2698 3762 2755 in

2122 2778 2364 2835 Domino
2387 2780 2614 2838 dicens:
2647 2782 3249 2857 Quiaprepositorum
3271 2785 3542 2845 dominus
3549 2787 3762 2859 potens

2122 2867 2551 2926 estetcomiiem
2571 2872 2905 2930 adtrectare
2916 2873 3145 2933 eteobis
3164 2876 3754 2947 propriarestituere.

2120 2955 2353 3015 Fidelis
2368 2958 2474 3029 est,
2501 2960 2708 3032 inquit,
2734 2963 2913 3034 Deus,
2943 2965 3052 3034 qui
3077 2977 3194 3021 non
3209 2964 3477 3035 patietur
3502 2979 3603 3024 eos
3625 2967 3761 3023 tem-

2110 3045 2284 3116 ptari
2311 3059 2496 3118 supra
2516 3047 2585 3104 id
2603 3050 2760 3122 quod
2757 3051 3032 3123 potestis,
3049 3052 3498 3125 sedfacietcum
3520 3055 3759 3127 tempta-

2122 3134 2280 3192 tione
2294 3138 2651 3208 proventum
2688 3140 2763 3196 ut
2770 3141 3026 3212 possitis
3063 3142 3374 3200 sustinere.
3411 3143 3527 3200 Hec
3557 3142 3757 3202 dicens

352 3208 533 3264 Erant
565 3206 664 3303 illo
703 3205 797 3303 die
839 3205 1095 3303 nun-dine
1134 3211 1190 3261 et
1225 3206 1410 3303 forum
1465 3221 1661 3303 rerum
1691 3207 2004 3303 venalium,
2039 3236 2088 3301 α
2118 3205 2386 3281 comitem
2414 3226 2578 3298 adiit,
2611 3235 2672 3284 et
2704 3205 2917 3286 accidit
2952 3235 3015 3287 ut
3048 3230 3513 3303 apprehenderet
3540 3246 3669 3290 eum
3699 3235 3755 3290 in

354 3311 468 3368 quo
501 3310 532 3352 e
565 3295 817 3351 diversis
850 3294 997 3351 locis
1030 3294 1325 3352 mercandi
1359 3296 1548 3366 gratia
1577 3296 1891 3354 convenire
1918 3312 2010 3356 so-

353 3385 470 3442 ient
507 3384 854 3457 populorum
901 3383 1194 3440 examina.
1231 3385 1361 3455 Ipsa
1394 3385 1486 3440 die
1534 3386 1650 3441 Deo
1685 3385 1915 3443 favente
1946 3390 2005 3444 et

352 3490 488 3545 rege
511 3474 802 3544 gaudente
822 3473 1069 3529 maxima
1093 3472 1422 3545 principum
1449 3478 1505 3529 et
1550 3473 1799 3532 militum
1831 3480 1889 3532 et
1923 3476 2007 3533 di-

348 3577 519 3619 verse
537 3562 713 3619 ctatis
727 3568 785 3617 et
799 3576 973 3619 sexus
998 3562 1294 3618 hominum
1314 3562 1544 3632 signata
1559 3566 1646 3619 est
1662 3562 2000 3636 multitudo,

348 3656 408 3708 et
442 3653 589 3707 facta
621 3655 714 3706 est
745 3650 943 3706 leticia
994 3664 1200 3721 magna
1234 3650 1290 3705 in
1326 3650 1545 3721 populo
1586 3693 1598 3706 .
1648 3694 1661 3707 .
1710 3693 1725 3707 .
1772 3693 1785 3708 .
1832 3695 1845 3709 .
1884 3654 2004 3710 Iste

348 3740 500 3796 idem
534 3737 875 3796 Cuonradus
925 3738 1262 3809 predicator
1298 3739 1593 3795 Treverim
1642 3741 1823 3812 venit,
1856 3746 1916 3799 et
1944 3742 2001 3798 in

346 3817 597 3876 ecclesia
623 3818 813 3873 sancti
834 3817 1102 3873 Eueharii
1131 3817 1259 3888 fuit,
1276 3820 1333 3874 et
1355 3818 1410 3873 in
1434 3818 1726 3876 cimiterio
1739 3819 1999 3890 ejusdem

345 3906 594 3963 ecclesie
613 3903 935 3977 predicavit
961 3919 1156 3961 coram
1172 3906 1374 3961 tumba
1391 3906 1545 3962 beati
1574 3908 1863 3979 apostoli;
1882 3910 2000 3968 Deo

344 4001 403 4052 et
435 3997 611 4052 beato
662 3992 933 4066 apostolo
975 3992 1280 4049 liberatori
1314 4009 1422 4052 suo
1456 3996 1747 4053 inmensas
1775 3998 1999 4067 gratias

342 4083 620 4155 reddidit,
656 4088 713 4139 et
763 4083 869 4139 hec
900 4083 1090 4139 omnia
1134 4098 1245 4154 que
1298 4084 1355 4139 in
1385 4098 1452 4141 eo
1487 4086 1639 4143 facta
1667 4092 1802 4144 sunt
1834 4103 1976 4145 enar

341 4189 499 4244 rans,
535 4174 604 4229 ad
637 4172 884 4243 gloriam
930 4172 1029 4230 Dei
1061 4175 1120 4229 et
1180 4173 1337 4229 beati
1371 4174 1623 4246 apostoli
1678 4189 1748 4232 ea
1780 4176 2000 4234 litteris
2040 4186 2043 4189 '

343 4263 603 4320 mandari
636 4261 883 4332 rogavit.
921 4264 1066 4319 Acta
1099 4264 1235 4319 sunt
1259 4261 1363 4319 hec
1392 4264 1448 4319 in
1483 4264 1726 4321 civitate
1749 4280 1863 4336 que
1895 4267 2001 4322 Cu-

297 4423 300 4427 ‘
342 4353 500 4409 bitus
523 4350 857 4422 appellatur
880 4350 995 4407 sita
1028 4350 1084 4406 in
1115 4350 1462 4423 episcopatu
1493 4354 1778 4424 Pragensi
1819 4353 2000 4412 adho-

338 4456 539 4499 norem
591 4438 833 4509 gloriosi
881 4438 1132 4513 apostoli
1164 4444 1225 4497 et
1252 4439 1500 4510 gloriam
1559 4440 1780 4498 domini
1811 4448 1997 4512 nostri

337 4531 514 4588 Jhesu
540 4529 779 4587 Christi.

406 4661 456 4713 2.
493 4657 549 4712 In
582 4655 925 4728 epis00patu
960 4653 1217 4726 Spirensi
1250 4657 1344 4711 est
1375 4653 1589 4712 civitas
1620 4655 1867 4726 quedam
1901 4657 2000 4715 do-

336 4746 475 4803 mini
509 4744 685 4816 regis,
721 4758 832 4816 que
866 4747 1117 4802 vocatur
1148 4743 1484 4814 Gruoninge
1518 4743 1687 4815 (619),
1721 4750 1998 4817 spectans

335 4835 407 4892 ad
454 4834 773 4907 inperium;
798 4833 853 4888 in
881 4848 992 4904 qua
1021 4832 1286 4890 civitatis
1317 4830 1855 4891 habitatores‘min
1885 4837 1999 4893 fra-

2116 3329 2269 3386 equo
2299 3314 2600 3373 sedentem
2632 3322 2693 3374 et
2731 3332 2863 3375 cum
2897 3333 3102 3390 magno
3133 3320 3416 3378 comitatu
3445 3321 3559 3379 iter
3587 3336 3757 3394 agen-

2115 3407 2255 3461 tem.
2306 3405 2501 3462 Abbas
2531 3405 2728 3463 comiti
2762 3407 3255 3480 appropinquans,
3315 3421 3545 3467 causam
3573 3415 3630 3468 et
3662 3425 3756 3468 ne-

2115 3493 2449 3552 cessitatem
2480 3495 2727 3553 ecclesie
2777 3497 3068 3571 apperuit,
3099 3513 3207 3571 pro
3250 3499 3499 3557 ecclesia
3553 3514 3754 3572 preces

2115 3583 2692 3657 supplicationesque
2725 3585 2963 3657 obtulit,
2997 3602 3171 3644 orans
3199 3592 3259 3645 et
3274 3590 3587 3646 obsecrans
3619 3605 3754 3663 qua-

2114 3672 2271 3730 tinus
2300 3673 2515 3731 intuitu
2547 3673 2647 3730 Dei
2680 3678 2740 3731 et
2772 3674 2926 3732 beati
2958 3676 3167 3734 Mathie
3190 3676 3445 3749 apostoli
3476 3682 3534 3734 et
3566 3679 3748 3736 sancti

2111 3762 2402 3833 Eueharii,
2439 3778 2685 3835 quorum
2720 3763 2989 3836 reliquiis
3016 3769 3076 3822 et
3108 3766 3405 3825 miraculis
3435 3766 3631 3824 eadem
3659 3766 3750 3802 ⁸⁸⁸³

2111 3851 2361 3909 ecclesia
2378 3852 2978 3926 insignishaberetur,
2998 3869 3096 3913 res
3107 3854 3749 3931 ecclesie‘°“usurpare

2114 3957 2227 3999 non
2261 3946 2649 4014 presumeret,
2687 3944 2822 4015 quia
2851 3943 2994 4000 iram
3022 3945 3123 4003 Dei
3154 3951 3211 4003 et
3244 3949 3575 4004 sanctorum
3603 3948 3745 4019 ejus,

2112 4031 2210 4103 qui
2235 4029 2393 4089 illius
2414 4030 2530 4088 loci
2552 4036 2688 4090 sunt
2712 4032 2925 4089 domini
2949 4036 3009 4089 et
3022 4038 3389 4123 protectores
3405 4034 3746 4123 ﬁdelissimi,

2110 4120 2368 4192 eﬂ‘ugere
2388 4120 2725 4179 nullatenus
2747 4125 2966 4195 posset.
2995 4123 3199 4181 Comes
3224 4122 3422 4197 itaque
3437 4125 3588 4183 fastu
3609 4120 3751 4183 tem-

2113 4210 2332 4283 poralis
2362 4209 2548 4282 glorie
2578 4210 2788 4282 elatus,
2824 4226 3029 4285 preces
3062 4212 3294 4270 abbatis
3314 4215 3531 4288 sprevit
3564 4219 3623 4271 et
3651 4215 3745 4272 ab-

2111 4299 2259 4371 nuit,
2282 4300 2602 4358 secundum
2627 4298 2771 4357 illud
2788 4300 3198 4375 :Simplicitas
3221 4303 3570 4377 jusiignasi
3602 4304 3739 4363 lant-

2095 4403 2219 4462 ,νας
2231 4389 2558 4461 contempta
2571 4390 2710 4447 ante
2706 4390 2936 4463 faiiem
2935 4391 3261 4465 peccatoris
3267 4393 3498 4464 parata
3509 4393 3596 4451 est
3606 4394 3739 4450 tem-

2098 4478 2524 4550 pusstatutum
2537 4478 2665 4548 (Job
2681 4494 2778 4551 ιη,
2796 4480 2872 4552 4).
2905 4481 2972 4537 Et
2988 4481 3168 4537 abbas
3184 4481 3413 4552 quidem
3445 4496 3549 4553 pro
3563 4480 3740 4539 eccle-

2112 4566 2503 4638 sialegatione
2517 4567 2869 4639 fungebatur
2891 4572 2949 4625 et
2982 4570 3532 4642 contempnebatur;
3563 4570 3744 4629 oratio

2111 4655 2411 4714 autem‘m
2424 4657 2601 4714 fiebat
2615 4672 2719 4730 pro
2732 4671 2800 4715 eo
2814 4657 2939 4715 sine
2971 4657 3399 4716 intermissione
3416 4659 3487 4716 ab
3499 4657 3741 4718 ecclesia

2112 4745 2182 4803 ad
2213 4748 2412 4804 Deum.
2446 4748 2513 4803 Et
2543 4747 2714 4819 Deus,
2746 4747 2843 4820 qui
2875 4746 3148 4821 superbis
3168 4749 3412 4820 resistit,
3436 4748 3741 4807 humilibus

2109 4840 2300 4892 autem
2332 4834 2430 4892 dat
2462 4835 2732 4908 gratiam,
2767 4836 2839 4893 de
2868 4835 3104 4903 excelso
3134 4841 3340 4895 saneto
3362 4852 3466 4896 suo
3488 4837 3739 4911 respexit

336 4923 614 4981 ternitate
647 4922 802 4978 beati
846 4920 1081 4977 Mathie-
1108 4919 1358 4992 apostoli
1391 4935 1464 4978 ex
1512 4920 1754 4994 antiquo
1782 4923 1996 4984 fratres
2108 4924 2163 4980 in
2196 4924 2518 4982 orationem
2549 4924 2874 4999 humilium,
2936 4931 2996 4983 et
3026 4940 3140 4984 non
3171 4926 3390 5001 sprevit
3422 4940 3625 5001 preces
3650 4924 3739 4960 ‘°"

330 5011 652 5085 conscripti
678 5015 733 5068 et
767 5010 1039 5068 associati
1084 5014 1223 5066 sunt
1260 5050 1275 5066 .
1321 5051 1336 5066 .
1380 5052 1395 5068 .
1444 5052 1457 5066 .
1508 5053 1521 5067 .
1553 5010 1819 5070 Universi
1850 5027 1993 5092 ergg
2104 5028 2334 5071 eorum.
2373 5014 2511 5069 Nam
2556 5029 2687 5072 cum
2719 5016 2790 5072 ad
2844 5015 3061 5087 primas
3090 5030 3294 5088 preces
3348 5029 3543 5074 comes
3571 5015 3740 5073 abha-

330 5102 637 5173 elegerunt
671 5100 1017 5171 magistrum
1044 5098 1437 5157 fraternitatis
1464 5098 1780 5159 scultetum
1807 5102 1994 5176 ipsius
2103 5107 2220 5160 tem
2253 5108 2581 5176 sperneret,
2615 5118 2845 5163 manum
2892 5106 2992 5164 Dei
3020 5119 3199 5179 super
3229 5119 3294 5163 se
3321 5103 3615 5179 paululum
3645 5104 3737 5162 ad-

328 5191 610 5261 civitatis,
638 5188 1018 5247 Godefridum
1043 5188 1297 5258 nomine,
1338 5188 1525 5246 virum
1550 5194 1894 5249 strennuum
1929 5200 1987 5251 et
2099 5199 2401 5265 gravatam
2431 5209 2630 5252 eomes
2660 5194 2878 5263 sensit;
2909 5210 3097 5268 equus
3124 5194 3219 5231 ⁸⁰³⁷
3247 5195 3399 5253 enim
3426 5195 3554 5267 ejus
3579 5199 3734 5253 totus

328 5279 713 5350 industrium,
747 5277 848 5351 qui
879 5275 1114 5352 quidem
1143 5275 1217 5334 ad
1248 5291 1428 5351 opera
1459 5281 1516 5335 et
1562 5280 1803 5351 negocia
1834 5282 1990 5353 regis
2099 5283 2451 5342 contremuit
2474 5288 2536 5342 et
2556 5297 2758 5343 essum
2782 5284 3039 5345 minatus
3059 5284 3484 5371 aliquantulum
3511 5283 3733 5345 timoris

1720 5379 1957 5438 VARI/8
2006 5381 2301 5440 LECTlON
2305 5382 2404 5439 ES.

396 5501 634 5581 ωεξηυο
658 5516 713 5581 νο,
746 5507 774 5581 τ
824 5499 917 5581 ιξξξ
970 5499 1339 5581 habitatores
1368 5501 1491 5560 cod.
1566 5499 1658 5537 ⁴⁰³³
1685 5500 1777 5563 bis
1804 5506 2000 5580 script

2124 5521 2176 5566 c.
2234 5506 2327 5542 ⁴⁰³⁸
2356 5506 2445 5568 bis
2475 5507 2767 5581 scriptum
2795 5522 2841 5568 ο.
2923 5507 3016 5545 ⁴⁰³⁶
3044 5510 3184 5568 aﬁzzz
3219 5522 3269 5567 c.
3357 5506 3450 5545 ⁸⁸³⁸
3480 5507 3642 5571 deest

324 5585 373 5631 ο.
410 5574 514 5634 ubi
536 5571 709 5651 'spete
740 5574 807 5633 in
836 5573 1047 5633 litura.
1089 5571 1183 5609 ⁴⁰³⁷
1207 5586 1353 5648 equs
1381 5587 1426 5633 ο.

1928 5666 2151 5727 ΝΟΤιΕ.

398 5752 543 5825 (619)
584 5751 946 5822 Gruningen.
2175 5759 2327 5833 (620)
2357 5758 2422 5820 V.
2458 5774 2635 5836 supra
2670 5761 2862 5820 Gesta.
2894 5777 2946 5821 c.
2982 5764 3070 5819 32.
