3948 6462
137 347 227 402 237
730 338 1112 397 EXPOSITIO
1151 340 1224 396 IN
1281 337 1662 396 EPISTOLAS
1716 337 1948 395 PAULI.
1985 366 2055 378 —
2086 337 2158 392 IN
2188 336 2407 393 EPIST.
2443 336 2490 392 Il
2529 335 2623 392 AD
2652 333 2813 392 COR.

3324 335 3431 389 238

143 467 260 542 gelii
290 466 376 522 sui
407 474 464 524 et
492 466 682 540 gloria:
713 466 930 533 Christi,
955 465 1167 522 dicens.
1191 465 1462 522 Benedico
1491 466 1735 520 circum-
1755 467 1812 525 A
1839 461 1978 532 Quia
2023 461 2300 536 loquimur
2335 461 2606 516 humiliati
2664 476 2854 516 sumus
2909 457 3249 523 verberibus,
3285 455 3436 528 quod

139 561 380 629 ferentes
411 557 914 625 mortiﬁcationem
947 571 959 610 :
993 571 1095 610 nos
1153 556 1308 610 enim
1355 570 1577 628 semper
1609 558 1736 610 tra-

146 647 343 702 dimur.
378 646 503 700 Non
531 646 603 699 ait
626 660 858 716 semper,
885 659 950 699 eo
976 643 1124 714 quod
1145 643 1280 698 mori
1302 651 1490 714 posset
1512 642 1734 713 saepius,

147 751 298 808 quam
329 734 505 790 semel
539 734 674 789 :sed
722 733 850 805 quia
897 733 1138 804 quotidie
1195 739 1340 787 tanta
1413 732 1735 803 patiebatur,

147 835 254 892 qua:
284 818 457 874 virtus
485 817 721 873 hominis
753 817 883 889 (nisi
933 817 1235 886 moriendo)
1267 832 1378 871 non
1434 815 1688 872 evaderet
1723 828 1734 866 :

147 908 235 964 sed
274 923 376 979 per
416 907 665 962 virtutem
699 907 948 978 spiritus,
981 905 1180 961 Paulus
1207 905 1262 960 in
1292 904 1490 960 melius
1520 912 1739 959 restau-

147 996 373 1052 rabatur.
408 994 876 1051 Mortificationem
913 1002 1072 1050 vocat
1101 993 1508 1062 tribulationes,
1542 992 1739 1064 quibus

145 1084 394 1157 paulatim
424 1084 751 1155 propinquat
781 1083 853 1139 ad
884 1083 1180 1139 interitum.
1213 1084 1443 1137 Mortem
1492 1096 1622 1137 vero
1653 1080 1741 1135 di-

149 1174 232 1240 cit,
263 1173 516 1228 ultimum
545 1173 708 1228 ictum
754 1172 810 1226 in
840 1187 947 1244 quo
977 1171 1308 1226 dissolvitur.
1347 1173 1474 1237 Nos,
1498 1170 1739 1242 inquam,

153 1263 430 1318 tradimur
459 1264 522 1317 in
545 1266 784 1318 mortem
820 1277 832 1317 :
867 1261 1120 1332 superius
1151 1260 1284 1315 dixit
1305 1259 1555 1330 exemplo
1573 1260 1703 1314 Jesu
1729 1275 1742 1314 :

148 1351 228 1406 hic
252 1351 351 1418 ait,
383 1355 617 1424 prapter
644 1352 855 1417 Iesum,
881 1349 934 1405 id
965 1357 1047 1405 est
1078 1365 1267 1404 amore
1287 1349 1436 1404 Jesu.
1468 1350 1574 1404 Nos
1596 1348 1740 1415 dico,

155 1440 240 1512 qui
269 1439 398 1495 licet
428 1439 502 1494 ita
532 1439 851 1506 moriamur,
882 1445 1065 1495 tamen
1090 1437 1338 1506 vivimus,
1364 1437 1420 1491 id
1450 1445 1531 1492 est
1560 1436 1743 1492 vivere

150 1545 431 1600 possemus
489 1528 544 1582 in
602 1527 777 1601 gloria
828 1527 1061 1583 mundi:
1095 1528 1259 1600 longe
1325 1525 1522 1582 melius
1580 1541 1743 1598 quam

150 1617 353 1688 pseudo
385 1617 554 1673 vestri
586 1616 631 1671 si
657 1616 1011 1672 reticeremus
1057 1633 1178 1688 qua
1215 1615 1464 1670 Christus
1495 1614 1742 1684 injunxit.

152 1707 242 1761 Vel
270 1706 348 1761 ita
384 1721 396 1759 :
429 1706 544 1761 Nos
577 1705 797 1777 quidem
830 1706 1130 1761 secundum
1155 1720 1354 1775 corpus
1396 1704 1664 1758 tradimur
1691 1703 1747 1757 in

1839 559 2019 607 tamen
2051 551 2179 606 inde
2210 551 2479 622 sequitur.
2514 550 2802 605 Credimus
2854 557 2907 604 et
2960 549 3085 603 ideo
3143 546 3435 618 loquimur,

1839 651 2066 714 agentes
2090 640 2228 696 sicut
2260 640 2521 710 scriptum
2543 638 2706 694 estin
2739 637 2914 693 David
2948 653 2960 692 :
2999 661 3020 685 α
3058 635 3278 692 Credidi
3302 649 3437 706 pro-

1839 737 1963 800 pter
2002 729 2168 802 quod,
2201 751 2222 779 ι
2259 729 2314 783 id
2361 737 2444 783 est
2475 728 2604 800 quia
2658 726 2883 794 credidi,
2929 727 3149 782 locutus
3187 741 3334 780 sum.
3369 724 3437 778 Et

1839 818 2116 874 credendo
2147 826 2199 873 et
2227 817 2503 889 loquendo
2532 816 2795 888 optimam
2834 814 3085 870 fiduciam
3119 814 3388 868 habemus
3421 829 3435 866 :

1839 910 2084 964 scientes
2115 909 2383 980 quoniam
2413 907 2560 962 Deus
2589 907 2687 978 qui
2716 905 3018 961 suscitavit
3045 905 3237 960 Iesum
3254 901 3440 958 susci-

1845 997 1990 1052 tabit
2022 997 2199 1053 etiam
2230 1012 2350 1062 nos,
2386 1012 2518 1053 cum
2537 997 2670 1052 Jesu
2691 994 2814 1050 loco
2843 1000 2896 1048 et
2915 991 3314 1047 immortalitate
3333 1005 3441 1061 po-

1837 1069 2049 1141 nendos
2085 1100 2096 1139 :
2129 1090 2187 1141 et
2215 1085 2290 1140 ibi
2321 1084 2633 1152 constituet,
2678 1083 2734 1138 id
2767 1091 2849 1138 est
2877 1082 2933 1136 in
2987 1089 3254 1137 mternum
3285 1095 3440 1134 man-

1843 1189 2002 1229 suros
2022 1173 2241 1229 locabit.
2279 1172 2596 1230 Constituet
2624 1171 2746 1227 dico
2777 1171 3077 1237 vobiscum,
3110 1185 3249 1242 quos
3279 1183 3438 1240 para-

1843 1271 1930 1318 tus
1952 1271 2052 1329 est,
2078 1263 2126 1317 si
2145 1262 2328 1328 vultis,
2355 1262 2618 1318 suscitare
2637 1277 2759 1316 cum
2782 1261 2932 1316 Jesu.
2957 1259 3088 1314 Ideo
3108 1258 3198 1325 ait,
3223 1274 3324 1314 nos
3352 1274 3445 1312 vo-

1845 1352 2060 1408 biscum
2081 1352 2413 1417 constituet,
2439 1366 2508 1405 ne
2530 1356 2784 1421 putarent
2812 1347 2890 1402 illi
2913 1364 2973 1403 se
3001 1347 3151 1402 nulla
3173 1345 3297 1402 vita:
3320 1346 3443 1415 jus—

1841 1440 1958 1495 titia
1989 1440 2250 1511 Apostolo
2281 1455 2445 1510 posse
2473 1437 2749 1510 pacificari
2784 1453 2796 1491 :
2832 1453 3001 1509 quare
3031 1435 3267 1492 ostendit
3297 1434 3446 1506 quod

1843 1545 1952 1586 non
1975 1529 2274 1585 secundum
2294 1528 2585 1601 dignitates
2600 1526 2996 1599 praelationum,
3023 1525 3120 1580 sed
3140 1523 3442 1580 secundum

1845 1617 2053 1674 fructus
2107 1634 2335 1689 operum
2377 1616 2579 1689 singuli
2637 1615 3156 1672 remunerabuntur.
3201 1615 3304 1668 Per
3338 1613 3446 1668 hoc

1847 1708 2011 1763 etiam
2029 1707 2177 1779 quod
2197 1706 2289 1772 ait,
2310 1721 2412 1762 nos
2443 1705 2746 1772 vobiscum,
2779 1704 3009 1759 multum
3052 1719 3148 1759 eos
3177 1701 3346 1758 allicit
3374 1699 3446 1756 ad

147 1804 371 1850 mortem
396 1812 409 1848 :
437 1793 566 1866 quia
594 1803 775 1850 tamen
804 1810 906 1865 per
935 1803 1170 1850 mortem
1225 1793 1403 1850 carnis
1446 1792 1641 1848 melius
1670 1791 1744 1848 vi—
1768 1823 1820 1884 Β
1851 1797 2145 1868 appetitum
2166 1794 2410 1864 justitiaz.
2463 1795 2594 1849 Ideo
2625 1794 2749 1850 dico
2780 1794 3057 1850 vobiscum
3081 1792 3394 1848 constituet
3429 1803 3442 1842 :

149 1885 352 1952 vimus,
388 1883 689 1939 secundum
731 1881 1173 1952 justiﬁcationem
1221 1882 1431 1938 anima».
1491 1881 1590 1936 Vel
1616 1881 1738 1936 ita:

157 1974 264 2028 Nos
294 1972 517 2045 quidem
554 1972 825 2027 tradimur
868 1972 924 2026 in
978 1980 1228 2037 mortem,
1281 1969 1578 2027 secundum
1609 1969 1747 2040 inju-

153 2062 282 2117 riam
312 2061 516 2116 illatam
537 2061 749 2132 corpori
783 2076 796 2116 :
831 2061 923 2132 qui
954 2069 1135 2116 tamen
1178 2060 1431 2125 vivimus,
1466 2074 1576 2114 non
1606 2057 1746 2114 defi-

152 2150 354 2206 cientes
385 2167 486 2222 per
514 2150 768 2205 virtutem
801 2149 919 2204 Dei.
971 2149 1235 2205 Morimur
1271 2156 1494 2220 propter
1521 2149 1703 2202 Jesum
1732 2162 1744 2200 :

161 2243 222 2294 ut
251 2243 370 2296 vita
399 2241 532 2295 Iesu
566 2241 980 2310 mani/'estetur
1008 2238 1147 2294 sicut
1188 2238 1244 2292 in
1274 2238 1471 2303 anima,
1504 2237 1576 2292 ita
1603 2245 1654 2291 et
1684 2237 1747 2291 in

150 2344 314 2385 carne
364 2332 580 2384 nostra.
618 2328 768 2382 Idem
798 2327 853 2381 in
914 2327 1242 2398 praecedenti
1300 2343 1460 2382 versu
1509 2323 1746 2382 1'70

152 2416 355 2472 dixerat
390 2434 403 2470 :
438 2417 537 2471 sed
570 2416 768 2486 repetit
799 2423 856 2470 ut
876 2416 1047 2470 solvat
1071 2415 1217 2487 quod
1239 2415 1326 2470 hic
1347 2421 1534 2485 posset
1563 2413 1744 2491 objici.

153 2506 265 2560 Vita
284 2506 409 2563 Jesu
439 2505 542 2560 erit
571 2504 625 2558 in
647 2520 808 2560 carne
829 2513 1034 2560 nostra.
1055 2503 1189 2572 Quia
1214 2503 1260 2558 si
1290 2503 1502 2572 objicis,
1529 2491 1748 2559 carnem

153 2603 387 2650 nostram
420 2593 710 2650 mortalem
740 2609 848 2648 non
871 2609 1034 2664 posse
1063 2591 1176 2648 fieri
1200 2592 1582 2658 immortalem,
1604 2591 1750 2663 quod

153 2691 201 2737 et
229 2698 354 2738 caro
384 2683 536 2750 Jesu,
568 2683 756 2754 utique
787 2681 910 2737 dico
943 2681 1068 2753 quia
1098 2681 1153 2735 in
1189 2698 1352 2737 carne
1382 2689 1572 2736 nostra
1602 2697 1750 2737 mor-

156 2772 256 2826 tali
286 2770 377 2827 fiet
406 2771 521 2827 vita
540 2772 669 2826 Jesu
692 2779 746 2827 et
773 2787 874 2842 per
902 2771 1087 2825 Jesum
1143 2786 1274 2826 caro
1323 2787 1444 2842 quae
1502 2768 1750 2824 mortalis

156 2867 254 2927 est,
281 2876 379 2931 pro
409 2868 564 2916 certo
622 2856 714 2914 fiet
785 2859 1129 2914 immortalis.
1190 2857 1648 2930 Quandoquidem
1697 2858 1751 2913 in

155 2957 381 3004 mortem
404 2948 700 3004 tradimur:
717 2965 845 3020 ergo
869 2965 1017 3004 mors
1039 2953 1306 3020 operatur
1327 2949 1389 3003 in
1411 2948 1586 3012 nobis,
1604 2947 1752 3018 quod

154 3054 303 3092 suum
332 3046 415 3094 est
464 3035 842 3093 mortificando
885 3052 1117 3108 corpora
1163 3045 1382 3103 nostra;
1417 3036 1513 3092 sed
1543 3037 1606 3092 in
1656 3052 1751 3092 vo-

158 3127 233 3181 bis
261 3127 350 3201 qui
381 3135 568 3198 spreta
616 3126 910 3181 imitatione
943 3133 1133 3181 nostra
1179 3125 1472 3181 adhaeretis
1518 3123 1748 3196 pseudo.

155 3215 210 3268 In
257 3188 426 3270 vobis.
446 3215 630 3287 utique
659 3217 908 3283 estvita,
943 3214 998 3269 id
1054 3222 1136 3270 est
1163 3230 1262 3270 vos
1311 3213 1446 3269 nihil
1483 3188 1748 3284 patimini,
1776 3188 1822 3248 Ο

155 3303 246 3358 sed
273 3304 419 3360 malo
449 3312 656 3359 vestro.
692 3302 792 3358 Vel
825 3303 900 3358 ita
934 3320 947 3358 :
985 3303 1126 3372 Quia
1155 3303 1262 3358 vita
1284 3302 1413 3358 Jesu
1445 3301 1753 3357 manifesta-

153 3391 288 3447 bitur
317 3393 371 3448 in
399 3392 563 3449 vobis
593 3391 943 3457 mortificatis,
977 3407 1111 3465 ergo
1140 3407 1291 3447 mors
1322 3391 1426 3446 ista
1473 3399 1749 3462 Operatur,

156 3480 208 3536 id
235 3490 316 3537 est
343 3482 479 3538 utile
510 3497 651 3552 Opus
680 3481 806 3537 facit
836 3481 892 3535 in
921 3480 1096 3547 vobis,
1131 3480 1372 3550 scilicet,
1404 3481 1570 3535 vitam
1601 3481 1750 3536 Jesu.

160 3568 289 3637 Quia
317 3571 364 3626 si
420 3587 574 3626 mors
630 3570 794 3625 vitam
855 3570 985 3624 Jesu
1014 3569 1069 3624 in
1104 3569 1260 3624 vobis
1291 3578 1548 3641 Operatur
1582 3585 1594 3622 :
1629 3576 1754 3624 tunc

157 3659 261 3713 vita
289 3675 539 3730 praesens
574 3674 734 3731 quam
767 3658 993 3732 diligitis
1022 3667 1282 3729 operatur
1328 3659 1384 3712 in
1429 3657 1586 3714 vobis
1615 3672 1752 3713 cou-

157 3748 373 3803 trarium
406 3749 536 3805 vitae
565 3749 727 3812 Jesu,
762 3747 1005 3807 scilicet.
1037 3747 1465 3802 damnationem.
1500 3746 1598 3802 Vel
1629 3746 1703 3801 ita
1737 3761 1749 3799 :

159 3834 288 3903 Quia
318 3853 420 3909 per
454 3844 709 3901 mortem,
745 3836 912 3892 vitam
941 3838 1073 3892 Jesu
1106 3835 1340 3891 habituri
1370 3851 1588 3924 sumus,
1622 3850 1755 3906 ergo
1781 3877 1804 3894 ς.

157 3940 300 3979 mors
337 3934 602 3997 Operatur
635 3924 690 3979 in
735 3924 893 3979 nobis
951 3923 1096 3996 quod
1141 3924 1344 3979 bonum
1393 3932 1496 3988 est,
1555 3931 1609 3978 et
1656 3939 1759 3993 per

159 4024 380 4070 mortem
410 4023 661 4071 nostram
683 4013 790 4068 vita
808 4021 1070 4084 cperatur
1098 4013 1153 4066 in
1182 4013 1337 4068 vobis
1371 4027 1384 4066 :
1415 4011 1545 4084 quia
1566 4012 1756 4067 merito

157 4103 336 4158 mortis
364 4112 574 4159 nostra:
603 4103 659 4156 in
681 4101 787 4157 fide
818 4110 871 4158 et
893 4102 1102 4172 justitia
1132 4102 1335 4157 vivitis.
1397 4102 1619 4156 Diceret
1667 4100 1758 4155 ali-

160 4191 272 4261 quis
304 4210 316 4246 :
346 4193 473 4248 Non
505 4199 786 4263 oporteret
817 4199 867 4246 te
899 4206 931 4246 a
960 4192 1078 4246 Deo
1119 4189 1457 4256 mortificari,
1493 4189 1540 4243 si
1592 4189 1758 4258 justi-

159 4279 280 4334 tiam
309 4289 462 4336 tuam
495 4281 740 4353 quietam
777 4280 1028 4346 haberes,
1082 4295 1186 4339 nec
1232 4279 1397 4335 fidem
1443 4278 1644 4334 Christi
1701 4277 1760 4332 in

161 4378 510 4441 conspectum
543 4369 825 4424 hominum
853 4384 1156 4424 assereres.
1189 4368 1385 4423 Contra
1415 4368 1518 4423 hoc
1558 4368 1758 4422 Paulus

163 4457 229 4511 ait
257 4474 314 4514 se
347 4475 460 4516 non
501 4475 666 4531 posse
695 4457 926 4515 reticere
957 4457 1122 4512 fidem
1154 4456 1377 4525 Christi,
1411 4458 1534 4528 quia
1593 4456 1760 4512 habet

1849 1902 1986 1941 nam
2014 1885 2318 1940 noso-mnia
2344 1882 2602 1955 patimur,
2635 1890 2690 1938 et
2731 1897 3028 1953 operamur
3054 1884 3286 1954 propter
3352 1893 3446 1934 vos

1847 1974 2194 2029 instruendos
2229 1991 2242 2027 :
2274 1977 2341 2027 ut
2368 1973 2557 2044 gratia
2586 1972 2882 2027 abundans
2912 1971 2966 2024 in
2983 1986 3092 2037 me,
3125 1967 3365 2024 abundet
3391 1967 3449 2022 in

1848 2063 2022 2119 vobis.
2045 2061 2332 2132 Quomodo
2355 2061 2412 2115 in
2432 2061 2597 2117 Paulo
2627 2060 2932 2115 abundaret
2961 2058 3094 2114 satis
3123 2066 3310 2114 notum
3342 2064 3445 2113 est.

1851 2153 1919 2208 Ut
1940 2152 2132 2223 gratia,
2163 2151 2409 2222 inquam,
2431 2149 2719 2205 abundans
2747 2149 2802 2204 in
2831 2164 2921 2204 me
2959 2146 3206 2205 abundet
3236 2147 3337 2202 hac
3364 2161 3444 2213 re,

1849 2241 2076 2309 scilicet,
2108 2242 2432 2312 gratiarum
2464 2240 2690 2294 actione
2720 2253 2855 2309 :per
2882 2252 2980 2293 vos
3009 2237 3178 2292 multa
3207 2235 3354 2292 facta
3381 2235 3446 2290 in

1847 2331 2086 2402 gloriam
2117 2330 2236 2384 Dei.
2270 2327 2378 2396 Qui
2423 2327 2622 2383 merito
2662 2327 2826 2382 debet
2873 2325 3168 2398 glorificari
3199 2341 3232 2380 a
3259 2323 3439 2391 nobis,

1851 2419 1944 2491 qui
1972 2418 2131 2473 nobis
2159 2416 2525 2472 abundantem
2555 2415 2786 2487 gratiam
2834 2415 2983 2471 dedit
3017 2431 3030 2470 :
3065 2415 3182 2486 ipse
3219 2413 3443 2486 quidem

1849 2523 1959 2562 non
1989 2507 2080 2572 ait,
2117 2506 2358 2561 abundet
2387 2505 2563 2576 gratia
2594 2505 2647 2560 in
2678 2504 2834 2560 vobis
2867 2520 2880 2560 :
2914 2504 3011 2560 sed
3039 2519 3137 2574 per
3164 2503 3270 2558 hoc
3300 2501 3449 2574 quod

1850 2597 1921 2651 ad
1950 2595 2224 2668 agendum
2254 2594 2460 2666 gratias
2491 2593 2684 2665 gloriae
2712 2593 2812 2649 Dei
2859 2593 3135 2658 admonet,
3178 2591 3312 2647 satis
3341 2590 3448 2646 hoc

1848 2683 2044 2738 innuit.
2077 2684 2303 2738 Frustra
2343 2683 2484 2739 enim
2529 2691 2756 2756 agerent
2811 2682 3017 2754 gratias
3046 2682 3182 2750 Deo,
3215 2679 3320 2734 nisi
3348 2679 3450 2734 ab-

1850 2773 2122 2828 undarent
2152 2771 2332 2846 gratia
2363 2771 2482 2827 Dei.
2517 2772 2668 2828 Sicut
2696 2773 2814 2827 hac
2844 2769 3029 2826 omnia
3059 2786 3120 2826 se
3147 2768 3260 2840 pati
3316 2767 3451 2823 dixit

1850 2862 1920 2918 ad
1950 2861 2178 2933 gloriam
2210 2861 2330 2930 Dei,
2363 2860 2444 2916 sic
2473 2860 2637 2916 modo
2667 2868 2840 2915 totum
2860 2866 3135 2930 retorquet
3155 2857 3227 2913 ad
3256 2856 3454 2912 utilita-

1850 2959 1961 3006 tem
2019 2949 2424 3006 Corinthiorum
2448 2991 2462 3018 ,
2515 2949 2710 3005 dicens
2747 2964 2758 3002 :
2793 2950 3030 3019 Propter
3060 2946 3222 3020 quod,
3282 2945 3338 3000 id
3370 2952 3453 3000 est

1852 3039 1975 3112 quia
2004 3039 2185 3095 omnia
2213 3039 2452 3111 patimur
2481 3045 2702 3110 propter
2723 3053 2841 3104 vos,
2874 3045 2930 3091 ut
2959 3035 3125 3091 modo
3169 3036 3238 3090 de
3276 3033 3452 3108 gloria

1852 3129 1953 3184 Dei
1984 3128 2173 3183 sileam
2209 3144 2221 3184 :
2256 3128 2421 3183 etiam
2450 3143 2549 3198 pro
2581 3127 2696 3182 sola
2727 3126 2958 3182 utilitate
2987 3133 3166 3180 vestra
3205 3141 3320 3181 non
3351 3124 3452 3179 de-

1853 3219 2078 3288 ﬁcimus
2109 3233 2447 3290 quaecunque
2477 3215 2784 3272 inferantur
2805 3214 3204 3270 tribulationes.
3238 3212 3456 3268 Diceret

1855 3307 2051 3378 aliquis
2086 3321 2098 3360 :
2134 3306 2330 3361 Mirum
2361 3314 2441 3361 est
2463 3306 2609 3377 quod
2640 3313 2692 3362 te
2722 3305 2858 3361 dicis
2880 3319 2991 3360 non
3017 3301 3268 3368 deﬁcere,
3294 3317 3456 3374 quem

1855 3395 2181 3468 quotidianis
2236 3395 2674 3450 tribulationibus
2730 3394 2979 3449 videmus
3038 3390 3330 3462 corrumpi.
3371 3390 3457 3445 Ad

1853 3485 1960 3541 hoc
2017 3483 2090 3539 ait
2124 3499 2134 3537 :
2167 3483 2366 3554 Utique
2423 3499 2533 3538 non
2591 3481 2894 3548 deﬁcimus,
2957 3481 3055 3536 sed
3103 3495 3453 3535 renovamur.

1861 3575 2036 3639 Licet,
2070 3574 2118 3628 is
2147 3572 2200 3626 id
2228 3580 2310 3626 est
2335 3579 2445 3626 tam
2489 3571 2610 3627 vilis
2658 3575 2856 3628 noster
2887 3570 3068 3635 homo,
3103 3568 3158 3624 id
3209 3575 3294 3622 est
3324 3583 3457 3624 caro

1857 3678 1978 3734 qua:
1998 3669 2184 3717 nostro
2204 3660 2454 3731 imperio,
2479 3659 2534 3714 id
2557 3668 2639 3715 est
2656 3658 2866 3731 spiritui
2887 3674 3107 3729 semper
3127 3655 3353 3712 obedire
3369 3672 3460 3713 co-

1858 3751 2004 3823 gitur
2038 3765 2050 3804 :
2084 3751 2180 3823 qui
2207 3751 2371 3805 homo
2393 3750 2532 3820 foris
2564 3752 2648 3804 est
2681 3769 2699 3804 :
2729 3756 2785 3804 ut
2813 3747 3047 3820 pluvias,
3099 3753 3282 3811 aestus,
3317 3761 3463 3817 qum-

1858 3854 2074 3910 cunque
2101 3839 2334 3894 adversa
2378 3837 2619 3909 patiatur
2655 3852 2666 3890 :
2697 3836 2842 3903 licet,
2903 3836 3126 3908 inquam
3147 3878 3162 3902 ,
3197 3834 3245 3888 is
3274 3841 3464 3889 noster

1868 3927 1930 3984 1
1950 3928 2016 3984 ’τ
2035 3927 2096 3984 1
2127 3927 2291 3982 homo
2309 3931 2742 3999 corrumpatur:
2761 3930 2954 3981 tamen
2971 3925 3019 3980 is
3037 3925 3202 3979 homo
3224 3921 3466 3977 laudabi-

1859 4017 1926 4072 lis
1947 4019 2042 4089 qui
2070 4019 2232 4072 intus
2263 4020 2367 4086 est,
2400 4015 2493 4071 ubi
2523 4015 2686 4072 debet
2715 4015 3002 4072 vexatione
3034 4011 3320 4069 exterioris
3349 4011 3457 4067 ho-

1858 4106 2022 4160 minis
2050 4105 2281 4172 muniri;
2316 4105 2382 4174 is,
2414 4104 2660 4177 inquam,
2683 4104 2775 4176 qui
2805 4105 2948 4159 intus
2971 4111 3056 4159 est
3080 4117 3092 4157 :
3119 4108 3322 4174 quanto
3342 4117 3465 4156 ma-

1861 4196 1947 4268 gis
1977 4194 2024 4248 is
2054 4194 2143 4265 qui
2175 4193 2309 4249 ioris
2335 4201 2419 4248 est
2449 4193 2821 4264 corrumpitur
2854 4207 2866 4246 :
2898 4199 3046 4247 tanto
3062 4189 3239 4263 magis
3268 4189 3358 4246 hic
3379 4207 3464 4247 re-

1862 4287 2109 4339 novatur
2135 4283 2202 4338 de
2231 4283 2322 4338 die
2354 4284 2418 4338 in
2447 4281 2618 4349 diem,
2658 4282 2714 4337 id
2744 4289 2826 4338 est
2857 4281 3134 4338 continue.
3168 4278 3267 4334 Vel
3286 4278 3354 4334 de
3380 4279 3471 4336 die

1863 4375 1934 4445 in
1948 4371 2116 4438 diem,
2142 4371 2197 4425 id
2219 4379 2301 4425 est
2320 4371 2389 4425 de
2412 4370 2606 4426 virtute
2629 4371 2810 4426 eundo
2828 4371 2882 4424 in
2904 4370 3174 4426 virtutem.
3194 4370 3332 4426 Dico
3346 4385 3462 4425 non

1865 4461 2158 4530 deﬁcimus
2191 4474 2203 4513 :
2239 4468 2291 4515 et
2318 4459 2534 4515 merito.
2584 4461 2727 4515 Nam
2755 4460 2814 4515 id
2843 4459 3206 4515 tribulationis
3265 4466 3469 4514 nostras

161 4545 398 4616 spiritum
433 4565 444 4602 :
480 4556 534 4604 et
556 4564 658 4620 per
687 4547 935 4618 spiritum
966 4545 1130 4600 ﬁdem
1163 4562 1175 4601 :
1209 4553 1262 4601 et
1291 4545 1417 4618 quia
1447 4545 1610 4600 fidem
1660 4547 1757 4599 ba-
1777 4549 1830 4609 D
1869 4565 2205 4622 quaecunque
2239 4549 2305 4603 sit
2331 4564 2528 4620 magna
2559 4548 2647 4604 vel
2675 4564 2842 4620 parva
2868 4565 2880 4602 :
2905 4547 3068 4621 quod,
3103 4549 3328 4614 scilicet,
3365 4549 3469 4603 tri-

162 4633 264 4703 bet,
299 4637 422 4693 ideo
470 4635 715 4708 loquitur
746 4652 759 4689 :
797 4643 852 4691 et
880 4635 1006 4707 quia
1057 4634 1315 4706 loquitur,
1377 4633 1755 4690 mortificatur.

163 4723 224 4778 Et
253 4725 396 4796 quod
427 4725 509 4780 sic
540 4733 784 4796 oporteat
822 4740 946 4779 eum
975 4723 1178 4790 facere,
1210 4723 1403 4794 probat
1441 4724 1761 4780 auctoritate

164 4811 330 4868 David
378 4814 434 4868 in
463 4829 710 4885 persona
754 4821 1052 4884 martyrum
1092 4812 1304 4884 agentis
1357 4813 1548 4868 dicens
1583 4830 1597 4867 :
1629 4813 1760 4868 Ideo

166 4901 490 4970 aporiamur,
525 4902 836 4973 dejicimur,
866 4900 1258 4956 mortificamur
1286 4918 1299 4955 :
1325 4901 1451 4972 quia
1482 4917 1584 4956 nos
1650 4902 1758 4955 ha-

168 4987 347 5045 bentes
377 4991 633 5062 spiritum
659 4990 907 5046 datorem
938 4989 1086 5060 fidei,
1119 4990 1373 5046 eumdem
1397 5006 1558 5062 quem
1588 4990 1763 5046 David

169 5084 216 5130 et
243 5079 330 5134 alii
365 5080 543 5136 sancti
576 5079 921 5134 habuerunt:
946 5079 1035 5136 vel
1066 5079 1318 5135 eumdem
1350 5095 1510 5151 quem
1535 5095 1634 5135 vos
1665 5080 1762 5134 ha-

169 5165 314 5237 betis,
347 5169 392 5223 si
425 5185 529 5240 pro
559 5168 780 5223 Christo
809 5168 916 5239 pati
946 5168 1145 5224 velitis.
1178 5169 1362 5223 Virtus
1395 5167 1540 5223 enim
1596 5167 1762 5239 spiri-

170 5260 247 5308 tus
274 5256 401 5312 nulli
430 5256 618 5314 deﬁcit
651 5273 664 5312 :
700 5257 805 5312 nisi
833 5257 882 5311 ei
929 5257 1022 5329 qui
1071 5257 1174 5312 sibi
1205 5257 1308 5328 ipsi
1337 5256 1573 5327 primum
1605 5255 1764 5313 defe-

172 5344 312 5400 cerit.
335 5347 471 5413 Nos,
499 5347 746 5418 inquam,
781 5346 1046 5402 habemus
1076 5347 1223 5402 hunc
1253 5345 1523 5417 spiritum,
1558 5353 1610 5401 et
1640 5345 1764 5401 ideo

173 5447 264 5486 nos
291 5436 567 5491 credimus
617 5443 842 5506 propter
894 5435 1060 5507 quod,
1108 5435 1163 5489 id
1195 5443 1278 5490 est
1309 5434 1436 5506 quia
1463 5435 1761 5490 credimus.

173 5519 448 5594 Loquimur
476 5525 648 5580 etiam
679 5524 735 5578 in
765 5533 1057 5596 conspectu
1088 5523 1370 5579 hominum
1402 5523 1546 5596 quod
1579 5523 1766 5580 credi-

172 5623 300 5666 mus.
351 5612 489 5683 Quia
527 5611 911 5672 tribulationes
961 5613 1310 5686 praemiserat
1337 5627 1448 5670 non
1481 5612 1762 5669 subdidit:

1865 4639 2176 4695 bulationis
2206 4638 2268 4693 in
2296 4639 2571 4709 praesenti
2591 4641 2677 4693 est
2696 4641 3180 4705 momentaneum,
3202 4637 3258 4692 id
3282 4643 3365 4692 est
3386 4644 3470 4691 est

1865 4727 2125 4784 citissime
2154 4727 2444 4792 transiens,
2478 4743 2582 4783 nec
2613 4725 2976 4794 intolerabile,
2997 4727 3096 4782 sed
3130 4728 3244 4783 leve
3277 4741 3290 4780 :
3325 4727 3463 4794 haec,

1864 4817 2108 4888 inquam,
2139 4815 2260 4871 talis
2290 4815 2570 4871 tribulatio
2621 4819 2894 4888 operatur
2921 4817 2982 4871 in
3039 4815 3198 4872 nobis
3240 4814 3466 4887 pondus

1865 4907 2058 4978 gloriae
2087 4910 2369 4961 aeternum
2399 4919 2411 4959 :
2444 4905 2660 4976 pondus
2707 4912 2898 4961 contra
2935 4904 3075 4975 leve,
3110 4904 3299 4978 glorise
3327 4919 3467 4960 con-

1866 5002 1948 5048 tra
1979 4993 2362 5060 tribulationis,
2395 5002 2661 5049 aeternum
2679 5002 2869 5049 contra
2890 5002 3335 5050 momentaneum
3367 5009 3380 5048 :
3415 5001 3469 5048 et

1866 5083 1922 5136 in
1953 5082 2303 5151 sublimitate,
2335 5082 2392 5138 id
2415 5091 2497 5137 est
2527 5083 2582 5136 in
2613 5083 2752 5138 caelo
2786 5091 2978 5140 contra
3005 5085 3110 5139 hoc
3138 5083 3286 5155 quod
3314 5082 3387 5138 ait
3413 5082 3468 5136 in

1866 5171 2141 5242 praesenti.
2204 5171 2421 5226 Pondus
2478 5171 2682 5228 dictum
2743 5180 2825 5227 est
2876 5172 2946 5226 ab
2972 5188 3036 5228 ea
3093 5171 3466 5239 similitudine,

1867 5261 1994 5332 quia
2027 5259 2172 5332 quod
2202 5259 2258 5314 in
2287 5260 2488 5314 trutina
2515 5261 2731 5331 pondus
2753 5260 2937 5327 habet,
2971 5261 3150 5316 carius
3197 5268 3300 5328 est,
3334 5259 3466 5315 illud

1867 5357 2047 5404 autem
2077 5348 2224 5420 quod
2254 5349 2395 5414 leve,
2428 5349 2689 5404 deterius.
2725 5349 2852 5404 Ideo
2882 5349 2998 5404 hac
3055 5365 3178 5420 quae
3234 5349 3471 5419 patimur

1867 5437 2011 5494 levia
2040 5446 2092 5493 et
2120 5437 2274 5508 quasi
2305 5437 2457 5492 nulla
2473 5437 2786 5507 judicamus
2820 5452 2832 5492 :
2867 5437 2995 5509 quia
3024 5438 3180 5494 nobis
3200 5453 3316 5493 non
3341 5454 3474 5494 con-

1871 5526 2301 5597 templantibus,
2326 5525 2381 5580 id
2402 5534 2482 5580 est
2506 5542 2616 5582 non
2632 5524 3032 5594 affectantibus,
3057 5541 3122 5581 ea
3139 5542 3261 5598 qua
3281 5527 3472 5582 viden-

1870 5614 2087 5683 tur,sed
2107 5631 2174 5671 ea
2193 5630 2315 5688 qua:
2334 5631 2450 5672 non
2467 5616 2752 5673 videntur.
2767 5615 2896 5672 Ideo
2906 5631 3030 5688 qua:
3044 5614 3316 5672 videntur
3326 5629 3470 5685 sper-
