3936 6406
162 412 314 482 129⁸⁷

712 413 977 482 GESTA
1017 414 1370 480 TREVER.
1405 446 1483 463 —-
1510 411 1863 478 APPEND.
1899 406 2166 477 GESTA
2204 404 2680 475 ALBERONIS
2721 402 2969 472 ARCH.

3425 400 3583 468 1298

160 570 362 634 comiti
385 571 645 635 incussit
664 572 787 643 ;sed
805 572 989 647 ipsam
1006 572 1194 631 lenem
1216 573 1820 649 castigationem,quia
1846 545 1905 612 Α
1933 579 2067 625 num
2095 568 2197 623 aut
2236 563 2464 635 mitigat
2482 567 2582 621 aut
2608 566 2937 636 exasperat.
2963 561 3165 634 Itaque
3190 572 3389 619 comes
3408 554 3586 620 casti-

162 682 189 725 a
219 667 340 724 Deo
380 665 605 737 ﬁeret,
654 680 821 723 nemo
849 680 1050 723 eorum
1075 664 1172 737 qui
1219 666 1461 723 aderant
1514 668 1821 727 advertere

161 755 375 829 potuit.
427 756 661 813 Comite
694 756 891 827 itaque
930 756 1366 829 progrediente,
1402 757 1611 815 iterum
1641 759 1823 817 abbas

159 845 359 904 comiti
390 844 780 917 adjungitur,
810 850 870 903 et
896 860 1106 918 preces
1150 847 1423 918 precibus
1462 848 1706 918 addens,
1759 853 1819 905 ut

159 940 295 994 ante
324 936 785 1008 contempnitur
808 978 821 991 .
855 938 923 992 Et
962 951 1148 1007 equus
1175 935 1269 970 ⁸⁰³⁷
1300 938 1532 995 comitis
1565 938 1820 995 secunda

159 1023 285 1082 vice
316 1024 542 1096 majori
573 1029 802 1081 terrore
838 1039 1162 1082 concussus
1191 1025 1261 1081 ad
1290 1040 1476 1095 genua
1508 1027 1736 1084 corruit
1764 1031 1821 1082 et

163 1126 469 1172 sessorem
495 1129 667 1173 suum
689 1114 850 1185 gravi
876 1114 1083 1170 timore
1107 1115 1452 1172 conterruit.
1477 1117 1632 1173 Tunc
1655 1116 1820 1173 amici

159 1203 419 1260 comitis.
459 1244 474 1259 .
516 1246 531 1259 .
565 1243 580 1259 .
617 1245 631 1258 .
668 1245 681 1259 .
718 1244 731 1259 .
766 1208 853 1261 tes
871 1201 964 1237 ⁴⁰³⁸
1005 1207 1064 1260 et
1114 1203 1387 1261 timentes
1432 1219 1503 1261 ne
1536 1204 1686 1262 forte
1715 1204 1824 1264 hec

160 1291 430 1350 visitatio
479 1292 587 1349 Dei
615 1296 673 1349 et
724 1297 1054 1350 sanctorum
1103 1292 1230 1363 ejus
1275 1297 1429 1350 esset
1477 1293 1818 1364 indignatio,

160 1384 452 1453 ceperunt
488 1381 846 1439 unanimiter
871 1380 1142 1439 comitem
1183 1396 1447 1447 exorare,
1482 1388 1545 1439 ut
1578 1384 1648 1439 ab
1679 1383 1819 1453 inju-

157 1467 333 1527 sticia
356 1484 468 1527 sua
504 1469 849 1540 dignaretur
871 1470 1180 1555 desistere,
1209 1470 1340 1541 quia
1364 1471 1446 1527 ire
1477 1472 1575 1528 Dei
1606 1476 1667 1529 et
1695 1485 1825 1529 san-

156 1568 394 1616 ctorum
415 1559 554 1631 ejus
576 1574 689 1616 non
714 1566 916 1631 posset
938 1560 1233 1617 resistere.
1258 1561 1461 1617 Comes
1482 1576 1622 1631 ergo
1645 1560 1823 1620 corde

162 1647 470 1707 obdurato
506 1662 714 1721 preces
738 1648 991 1705 omnium
1015 1653 1072 1704 et
1120 1649 1362 1705 consilia
1394 1650 1638 1720 sprevit,
1673 1655 1731 1705 et
1764 1649 1822 1706 id

162 1734 323 1792 circo
348 1736 560 1793 acrius
584 1737 861 1807 castigari
896 1737 1126 1796 meruit.
1161 1737 1583 1793 correctionem
1603 1737 1823 1794 habens

160 1835 262 1880 suc
296 1824 573 1895 vesanie,
611 1826 743 1895 quia
786 1825 1191 1882 tantummodo
1232 1825 1353 1884 sola
1394 1824 1628 1882 vexatio
1658 1825 1824 1881 intel-

1931 660 2103 726 gatus
2130 659 2189 711 et
2218 652 2580 722 humiliatus,
2602 667 2771 709 versa
2790 652 2918 709 vice
2941 651 3210 709 abbatem
3237 650 3384 723 petit
3404 654 3462 708 et
3485 652 3585 711 ob-

1933 747 2125 802 secrat
2144 748 2203 800 ut
2229 742 2416 800 errori
2441 757 2547 799 suo
2566 742 2885 799 clementer
2908 741 3227 812 indulgeat,
3250 739 3581 797 libertatem

1932 831 2071 888 villo
2103 845 2273 902 quam
2303 830 2524 902 injuste
2560 846 2767 902 rapere
2812 831 3281 902 adtemptaverat
3308 828 3491 887 libere
3522 834 3580 887 et

1932 919 2202 977 absolute
2235 934 2365 977 cum
2396 920 2665 976 omnibus
2699 919 3059 991 appendiciis
3105 918 3196 952 ⁴⁰⁴²
3237 918 3361 975 suis
3401 918 3582 990 possi-

1931 1007 2090 1078 deat,
2120 1012 2178 1065 et
2203 1022 2334 1066 cum
2369 1008 2653 1065 fratribus
2687 1007 2933 1065 ecclesie
2961 1011 3024 1066 ut
3049 1022 3152 1079 pro
3193 1021 3262 1063 eo
3288 1011 3455 1063 orent
3476 1006 3581 1065 hu-

1934 1095 2150 1152 militer
2186 1100 2409 1154 exorat.
2443 1097 2648 1153 Grates
2681 1110 2909 1167 quoque
2936 1100 2995 1151 et
3035 1095 3256 1166 gratias
3302 1094 3581 1167 plurimas

1931 1184 2048 1239 Deo
2080 1187 2139 1240 et
2167 1183 2387 1242 sanctis
2408 1184 2533 1256 ejus
2566 1183 2706 1255 egit,
2732 1183 2886 1255 quod
2909 1184 2992 1241 sic
3031 1183 3125 1255 pie
3150 1182 3425 1253 castigari
3464 1197 3579 1240 me-

1932 1280 2072 1351 ruit,
2098 1295 2204 1338 nec
2227 1294 2358 1338 eum
2392 1286 2727 1340 sanctorum
2760 1282 2946 1355 pietas
2967 1280 3138 1338 morti
3162 1280 3419 1351 presenti
3461 1284 3578 1337 tra-

1933 1367 2168 1425 diderit.
2204 1371 2482 1428 Preterea
2515 1370 2629 1427 duo
2656 1369 2739 1427 illi
2770 1369 3236 1439 necnominandi
3270 1369 3471 1426 clerici
3501 1368 3578 1426 ia-

1934 1465 2256 1524 bricatores
2270 1467 2677 1540 mendatii,qui
2702 1468 2986 1525 adversus
3005 1466 3372 1524 innocentem
3394 1466 3579 1525 eccle-

1933 1554 2077 1612 siam
2097 1555 2263 1614 dolos
2279 1560 2394 1612 tam
2413 1556 2696 1613 nefandos
2720 1557 3204 1613 continuaverant
3228 1559 3288 1611 et
3303 1555 3575 1612 comitem

1932 1645 2001 1699 ad
2033 1645 2181 1702 hanc
2211 1644 2578 1717 iniquitatem
2613 1645 2979 1702 adduxerant
3007 1644 3120 1713 ⁴⁰⁴³,
3155 1646 3575 1701 tesaurizantes

1934 1731 2099 1803 iram,
2144 1732 2197 1789 in
2247 1733 2339 1789 die
2372 1733 2455 1789 ire
2486 1734 2629 1789 iram
2670 1733 2771 1789 Dei
2818 1736 2875 1789 et
2906 1736 3238 1789 sanctorum
3285 1731 3576 1788 horrende

1933 1820 2162 1893 experti
2185 1821 2343 1893 su'bt,
2366 1826 2426 1879 et
2447 1822 2614 1879 ambo
2636 1820 2805 1879 simul
2826 1820 3129 1878 subitanea
3154 1825 3339 1877 morte
3364 1819 3574 1876 mortui

162 1909 381 1968 lectum
425 1912 575 1970 dare
614 1913 769 1970 solet
819 1913 1060 1970 auditui.
1094 1913 1286 1970 Tertia
1320 1914 1447 1970 vice
1495 1929 1627 1972 cum
1672 1913 1822 1971 idem
1850 1914 1908 1977 B
1937 1913 2075 1967 sunt
2106 1951 2118 1965 .
2152 1952 2165 1966 .
2204 1952 2217 1966 .
2254 1953 2266 1967 .
2296 1953 2308 1966 .
2343 1951 2356 1967 .

158 2002 365 2072 abbas,
395 2016 577 2073 quem
602 2001 940 2059 sollicitudo
961 2002 1143 2073 major
1164 2002 1505 2060 stimulabat
1526 2008 1582 2059 et
1608 2002 1830 2061 sollici-

2004 1998 2057 2054 4.
2092 1999 2368 2057 Dominus
2392 1999 2574 2058 castri
2606 1999 2677 2056 de
2699 1997 3091 2067 Merenberch,
3118 1995 3453 2054 Hardradus
3478 2010 3578 2053 no-

159 2089 636 2157 tabat,comitem
654 2090 1057 2162 interpellaret
1072 2096 1129 2147 et
1145 2091 1383 2148 multam
1401 2092 1627 2164 patiens
1641 2091 1838 2165 repula
1938 2086 2107 2157 mine,
2127 2086 2373 2159 Quodam
2395 2090 2660 2159 tempore
2674 2088 2745 2143 ab
2761 2086 3114 2143 adversariis
3134 2084 3257 2142 suis
3278 2085 3577 2156 impugna-

154 2192 273 2235 sam
296 2177 397 2212 ‘°"
420 2178 608 2236 nichil
634 2179 975 2252 proliceret:
1000 2195 1137 2238 ecce
1162 2186 1404 2253 repente
1426 2181 1481 2235 in
1501 2187 1825 2253 conspectu

154 2267 415 2324 omnium
442 2267 751 2324 manifeste
794 2267 1026 2339 dignam
1057 2284 1163 2341 pro
1208 2269 1433 2326 meritis
1474 2268 1617 2325 iram
1641 2270 1742 2327 Dei
1766 2276 1827 2327 et

155 2360 504 2413 sanctorum
527 2357 653 2428 ejus
672 2372 868 2414 comes
890 2360 1170 2428 expertus
1195 2363 1302 2427 est,
1331 2361 1392 2413 et
1412 2357 1565 2413 sicut
1600 2357 1825 2416 locusta

158 2442 460 2501 violenter
509 2459 582 2502 ex
622 2460 772 2517 equo
799 2459 1102 2515 excussus,
1154 2459 1286 2502 cum
1316 2459 1465 2515 equo
1495 2446 1729 2515 cecidit,
1765 2450 1822 2503 et

156 2533 319 2601 gravi
353 2533 633 2591 allisione
662 2533 928 2605 corporis
971 2532 1242 2602 adtritus,
1271 2537 1644 2605 premortuus
1669 2538 1727 2591 et
1751 2549 1824 2591 ex

160 2634 333 2679 sensu
363 2622 567 2679 factus
600 2622 764 2693 quasi
788 2635 985 2678 amens
1010 2621 1065 2676 in
1092 2625 1252 2676 terra
1288 2622 1817 2693 porrectusjacuit.

158 2709 412 2766 Tandem
451 2725 485 2767 a
538 2715 692 2765 terra
728 2709 952 2765 levatus
981 2713 1041 2765 et
1088 2707 1234 2765 alias
1266 2707 1518 2775 delatus,
1570 2723 1699 2766 cum
1748 2711 1820 2767 ad

163 2811 223 2853 se
254 2798 545 2867 redisset,
579 2797 912 2867 intelligens
934 2796 1139 2869 plagas
1164 2811 1307 2867 quas
1330 2796 1483 2854 circa
1512 2811 1642 2853 eum
1672 2798 1822 2854 Deus

160 2889 214 2942 et
248 2885 448 2943 sancti
480 2885 606 2955 ejus
644 2900 780 2942 ecce
815 2886 932 2955 jam
965 2885 1149 2942 tercio
1186 2887 1463 2956 fecerant,
1506 2885 1717 2943 timens
1750 2902 1819 2945 ne

166 2975 365 3046 pejora
418 2974 723 3047 prioribus
770 2978 1095 3046 pateretur,
1145 2974 1459 3030 amicorum
1501 2988 1733 3047 quoque
1761 2981 1821 3033 et

166 3062 461 3120 nobilium
486 3061 694 3119 blanda
714 3062 1123 3119 ammonitione
1147 3062 1515 3133 ammonitus,
1536 3068 1822 3135 protesta-

164 3155 262 3206 tus
283 3155 380 3208 est
413 3149 654 3222 publize
704 3163 897 3207 coram
928 3151 1139 3206 abbate
1188 3154 1245 3206 et
1279 3148 1410 3207 aliis
1440 3164 1609 3220 quam
1643 3149 1821 3223 pluri-

1938 2175 2195 2245 batur,et
2218 2174 2537 2231 adversarii
2561 2176 2687 2246 ejus
2701 2175 3156 2245 circumquaque
3172 2173 3573 2229 discurrentes

1932 2267 2146 2321 cuncta
2177 2277 2287 2334 que
2320 2262 2576 2332 suijuris
2597 2266 2762 2319 erant
2788 2265 2959 2334 prout
2984 2260 3492 2333 poterantcapinis
3512 2265 3575 2317 et

1935 2359 2219 2416 incendiis
2246 2359 2650 2416 devastabant.
2684 2358 2982 2415 Venerunt
3010 2371 3149 2427 ergo
3183 2356 3249 2412 ad
3284 2354 3569 2427 quandam

1932 2455 2128 2515 villam
2161 2470 2272 2528 que
2292 2454 2538 2513 Duorlar
2561 2454 2777 2511 dicitur
2807 2468 2918 2511 non
2941 2452 3109 2522 longe
3133 2467 3163 2508 a
3192 2451 3455 2524 predicto
3480 2466 3572 2509 ca-

1932 2547 2058 2601 stro
2110 2544 2379 2616 positam,
2414 2548 2474 2600 et
2494 2544 2561 2601 ad
2596 2542 2842 2600 eundem
2890 2541 3252 2598 Hardradum
3276 2539 3569 2597 dominum

1931 2632 2109 2689 castri
2139 2631 2543 2705 pertinentem,
2579 2630 2779 2688 eadem
2805 2628 3014 2686 facturi
3054 2643 3164 2700 que
3187 2628 3243 2684 in
3262 2628 3391 2685 aliis
3423 2628 3569 2685 locis

1932 2720 2239 2778 faciebant.
2266 2721 2402 2778 Erat
2430 2724 2621 2778 autem
2648 2721 2703 2776 in
2726 2719 2928 2775 eadem
2951 2718 3087 2774 villa
3110 2718 3294 2775 curtis
3325 2717 3568 2789 quedam

1929 2817 1988 2865 et
2005 2809 2274 2866 horreum
2301 2810 2587 2867 frumento
2610 2809 2863 2881 plenum,
2880 2806 3193 2864 collectum
3219 2812 3276 2862 et
3298 2820 3573 2876 aggrega-

1928 2909 2051 2962 tum
2079 2906 2150 2963 de
2172 2908 2418 2979 quadam
2459 2906 2663 2965 arabili
2693 2910 2874 2976 terra,
2912 2920 3080 2977 quam
3113 2904 3309 2961 senior
3333 2903 3571 2959 llardra-

1930 2995 2059 3066 dus,
2091 3011 2236 3054 avus
2265 2997 2540 3055 videlicet
2572 2995 3012 3066 istiusjunioris
3067 2993 3371 3064 Hardradi,
3400 2994 3570 3050 beato

1928 3083 2137 3142 Mathie
2169 3086 2439 3157 apostolo
2472 3086 2526 3141 in
2563 3086 2937 3141 elemosinam
2963 3099 3067 3155 pro
3102 3082 3358 3138 remedio
3383 3082 3570 3136 anime

1930 3186 2035 3229 sue
2065 3172 2382 3243 legaverat,
2411 3188 2580 3245 quam
2604 3173 2659 3229 in
2691 3172 2894 3249 eadem
2916 3171 3053 3227 villa
3077 3170 3317 3227 colonus
3338 3167 3568 3249 quidam

167 3238 396 3295 mis‘°‘°
409 3237 654 3310 ,iujuste
670 3253 764 3295 res
778 3237 1027 3295 ecclesie
1052 3252 1337 3310 usurpare
1356 3236 1465 3294 sibi
1480 3238 1721 3295 voluisse

2013 3260 2275 3319 dowicus
2307 3236 2535 3317 nomine
2566 3236 2844 3318 strennue
2892 3258 3200 3316 excolebat
3231 3261 3286 3312 et
3332 3247 3567 3313 censum

167 3326 346 3383 nichil
370 3326 529 3398 juris
558 3326 614 3381 in
653 3327 830 3383 rebus
861 3326 1110 3384 ecclesie
1140 3340 1202 3383 se
1247 3325 1463 3383 habere
1491 3327 1813 3397 confessus,

168 3413 235 3469 ad
266 3414 645 3487 iniquitatem
671 3416 1134 3487 prosequendam
1157 3414 1489 3486 periculose
1516 3414 1817 3473 inductum

169 3501 374 3560 fuisse.
402 3503 524 3560 Hec
547 3503 797 3559 mutacio
820 3501 1061 3557 dextere
1089 3501 1339 3572 Excelsi,
1365 3501 1463 3573 qui
1487 3501 1819 3558 dominatur

1928 3364 2178 3409 annuum
2212 3350 2282 3407 de
2303 3348 2502 3406 eadem
2536 3348 2853 3405 elemosina
2884 3346 3134 3404 ecclesie
3171 3345 3325 3402 beati
3358 3342 3568 3401 Mathie

1926 3447 2210 3504 solvebat.
2242 3447 2425 3518 Igitur
2453 3446 2653 3504 hostes
2681 3449 2741 3502 et
2761 3443 3082 3501 adversarii
3110 3443 3349 3500 eandem
3373 3440 3567 3499 villam

1929 3545 2201 3616 ingressi,
2235 3548 2517 3617 ceperunt
2547 3543 2758 3615 predas
2788 3555 2980 3612 agere,
3024 3540 3213 3610 ignem
3251 3540 3464 3598 inicere
3509 3542 3567 3595 et

169 3591 454 3659 potestati
476 3590 781 3663 ‘°“maris,
801 3595 1014 3648 motum
1029 3595 1221 3647 autem
1241 3590 1520 3647 ﬂuctuum
1541 3589 1666 3659 ejus
1690 3589 1815 3661 (Ps.

168 3689 445 3752 LXXXVIII,
502 3682 589 3753 10)
618 3694 723 3754 pro
756 3680 1058 3738 voluntate
1089 3692 1194 3737 sua
1243 3683 1301 3736 et
1327 3678 1609 3752 qualitate
1637 3677 1821 3735 homi-

1532 3777 1770 3833 num:
1807 3774 2208 3851 LECTIONES.

908 3875 1001 3909 ⁴⁰³⁹
1026 3874 1205 3932 multa
1248 3890 1282 3947 p
1338 3887 1606 3947 repusam
1638 3886 1692 3929 c.
1802 3872 1895 3906 ⁶⁰⁴⁰
1919 3872 2142 3946 pluris:
2171 3888 2184 3928 :
2211 3891 2222 3926 :
2252 3886 2370 3929 ::c.
2454 3870 2542 3903 ‘0“
2579 3868 2888 3941 potestatis
2916 3882 2963 3927 ο.

1932 3632 2123 3690 villam
2154 3646 2420 3691 exurere.
2459 3671 2512 3686 ..
2551 3672 2563 3685 .
2596 3672 2608 3686 .

237 3872 332 3945 ξοδδ
357 3893 370 3929 :
397 3894 410 3929 :
442 3893 455 3929 :
484 3894 497 3929 :
522 3894 534 3931 :
558 3878 726 3945 gntes
755 3890 803 3933 c.
908 3875 1001 3909 ⁴⁰³⁹
1026 3874 1205 3932 multa
1248 3890 1282 3945 p
1338 3887 1606 3945 repusam
1638 3886 1692 3929 c.
1802 3872 1895 3906 ⁴⁰⁶⁰
1919 3872 2103 3945 pluris
2131 3891 2142 3926 :
2171 3888 2184 3928 :
2211 3891 2222 3926 :
2252 3888 2263 3924 :
2289 3891 2302 3928 :
2324 3886 2370 3929 c.
2454 3870 2542 3903 ‘0“
2579 3868 2888 3941 potestatis
2916 3882 2963 3927 c.
3078 3867 3171 3902 ‘0“
3195 3867 3490 3941 appenciis
3521 3882 3569 3925 c.

167 3940 257 3976 “’“
278 3940 609 4003 aduxerant
637 3961 686 4006 c.

775 4141 1148 4234 GESTA
1266 4136 1821 4273 ALBERON
1832 4137 1936 4227 IS
2067 4133 3011 4259 ARCHIEPISCOPI

241 4299 390 4358 Cum
426 4301 1003 4373 archiepiscoporum
1039 4299 1484 4373 Trecereusimn
1505 4296 1777 4373 bistoria
1814 4295 2123 4373 Gestorum
2151 4292 2597 4373 aestimatione
2624 4306 2813 4373 usque
2839 4292 2922 4373 ad
2946 4289 3321 4373 Megiultera'i
3350 4289 3573 4348 obitum

241 4315 390 4358 vim
426 4315 600 4359 arca:
685 4315 1003 4373 scaporum
1039 4315 1484 4358 nevereusimn
1519 4315 1777 4355 mswrta
1814 4315 2123 4355 uenarum
2151 4315 2597 4350 continuatione
2624 4315 2813 4366 usque
2839 4315 2921 4349 ιιιι
2946 4315 3321 4373 magia/seras
3350 4315 3573 4348 austum

174 4368 473 4450 dgscripta
493 4315 1001 4450 esse?Alberouis
1015 4374 1142 4450 piri
1162 4372 1452 4450 illustris,
1466 4369 1662 4450 fortis
1693 4369 1872 4439 atque
1902 4365 2195 4450 ἧφθθηίοεί
2227 4364 2711 4450 temporasecuta
2728 4363 2887 4450 suat,
2900 4377 3046 4450 aure
3068 4364 3379 4450 ecclesiam,
3392 4376 3574 4450 pesta:

168 4441 271 4498 ria
311 4434 658 4515 dépressam’
683 4459 837 4501 uoca
865 4444 1069 4515 gloria
1090 4434 1485 4516 rewtuleruat;
1502 4441 1562 4496 et
1589 4434 2038 4516 Trece’rensibus
2070 4434 2420 4516 utagaasiu
2446 4436 2621 4516 rebus
2649 4434 2914 4516 publicis
2945 4435 3190 4516 imperii
3220 4434 3574 4516 ﬁemtanici

165 4503 448 4580 gerendis
475 4516 683 4586 partes
719 4503 1111 4572 contulerunt.
1153 4503 1555 4586 Ideamirum'
1579 4524 1702 4586 esse
1732 4503 2382 4586 aequiltguodplures
2409 4522 2477 4586 in
2507 4508 2637 4576 ejus
2650 4503 3154 4586 ’laudelcaue'nga
3174 4505 3233 4560 et
3257 4503 3574 4586 scribenda

172 4575 395 4668 senati
416 4575 578 4668 sunt,
603 4586 760 4668 alter
778 4586 1193 4668 episcOpoﬂuist
1208 4583 1411 4656 fallor
1428 4582 1578 4668 vico,
1605 4582 1762 4668 alter
1781 4575 2154 4668 s—ubuHillmo
2167 4575 2479 4668 Alberonis
2499 4575 2827 4668 successore
2845 4575 3013 4647 (621).
3042 4577 3288 4668 erimus
3305 4576 3573 4668 carmiae

175 4652 520 4729 becametro
557 4644 1016 4729 archiepiscopi,
1038 4644 1232 4729 Vitae;
1270 4653 1567 4729 usquead
1598 4655 1660 4707 A.
1696 4654 1751 4707 C.
1790 4654 1924 4706 1145
1965 4649 2301 4729 descripsit,
2335 4662 2473 4729 mpm
2503 4648 2805 4729 strictius,
2843 4644 2984 4703 mea?
3015 4645 3257 4729 uberius
3297 4645 3365 4728 de
3396 4644 3572 4727 rebus

173 4724 433 4795 publicis
462 4727 522 4783 et
541 4718 963 4785 ecclesiasticis
992 4727 1241 4795 locutus,
1272 4718 1379 4782 secl
1406 4723 1624 4795 ubique
1650 4736 1845 4795 eorum
1864 4735 2000 4795 quae
2023 4718 2340 4795 narranda
2364 4720 2541 4795 dua/fit
2572 4719 2708 4795 bene
2731 4731 2985 4795 galerus,
3011 4718 3230 4795 quippe
3254 4718 3362 4787 qui
3384 4718 3572 4795 ἐπι-τιν-

179 4785 614 4869 "bcj‘recerensi
653 4800 872 4856 uicisse
899 4799 956 4854 et
992 4785 1283 4869 pleraque
1310 4797 1440 4854 suis
1454 4785 1655 4869 oculis
1704 4785 2025 4869 aurib‘usce
2064 4792 2398 4869 percepisse
2426 4785 2749 4869 videatur;
2772 4785 3574 4869 Etiaptc‘ltaijtasjquasdam

177 4864 461 4925 adhibuit
490 4871 638 4939 (622)
672 4870 970 4939 totamque
992 4858 1405 4939 harrcitionem
1434 4865 1928 4939 Gestisantiquis
1949 4858 2129 4939 quasi
2160 4858 2329 4939 breue
2356 4861 2821 4939 supplementum
2849 4858 3094 4939 addidit
3122 4860 3270 4928 (623)

247 4938 450 4998 Allius
467 4926 560 4998 Ba
568 4926 825 4998 la‘ericus
839 4926 963 4996 iam
985 4952 1299 5010 aggressus
1318 4937 1421 5010 est,
1447 4950 1576 5010 cum
1597 4926 1835 5010 aliquot
1845 4926 2041 5010 posta
2050 4926 2563 5010 lberouismgoz‘lfeug
2584 4932 2761 4988 anuis
2773 4932 2957 5002 hujus
2992 4926 3183 5010 Vitam
3201 4926 3575 5010 narrandam

178 5012 517 5082 susciperet.
543 5013 678 5082 Ipse
699 4997 838 5069 tunc
855 4997 1143 5082 magister
1165 5010 1299 5065 erat
1307 4997 1664 5082 scholarum,
1681 4997 1754 5082 ab
1773 4997 2200 5082 ipsoAlbeijoue
2215 5016 2271 5060 a.
2294 5009 2317 5058 1
2334 5006 2433 5082 14]
2454 5004 2520 5061 in
2531 5005 2643 5082 hoc.
2669 4997 2885 5082 inuitus
2901 5002 3189 5058 evocatus.
3210 4997 3573 5082 Natus'euim

180 5076 244 5133 in
255 5068 491 5140 diiecesi
508 5068 835 5153 Le‘odieusi,
850 5068 1004 5139 villa
1015 5068 1374 5147 Flm'ueusi,
1391 5068 1661 5153 adpapce
1670 5068 1930 5153 Eujeuii
1951 5077 2185 5153 curiam.
2195 5088 2257 5131 se
2267 5088 2381 5144 app
2389 5074 2658 5153 licule'at.
2682 5074 2861 5153 Quem
2872 5086 3021 5142 cum,
3050 5069 3290 5153 pagaiu
3304 5068 3573 5153 Galliam
3608 5124 3611 5125 ν

175 5138 457 5223 profecto,
480 5138 547 5211 in
574 5138 725 5210 urbe
744 5138 1090 5211 Parisieusi
1115 5172 1138 5204 ο
1157 5138 1372 5223 causas
1392 5138 1682 5223 {licentem
1704 5138 1917 5223 etscepe
1929 5146 2203 5223 apposite
2218 5138 2591 5223 mibi-agitem
2603 5166 2655 5223 ιζ,
2678 5138 2750 5223 ut
2766 5147 2893 5223 ipse
2910 5138 3153 5223 uariat,
3170 5140 3381 5198 Albero
3395 5138 3572 5223 audi-

178 5162 457 5223 Profecto,
480 5162 547 5211 in
574 5162 720 5210 turba
746 5162 1090 5211 ParisienSi
1115 5172 1138 5204 ο
1157 5163 1372 5208 causas
1394 5162 1682 5205 (licentem
1704 5162 1917 5230 elswpc
1935 5162 2203 5273 apivosue
2218 5162 2655 5228 perorantem»,
2678 5162 2750 5201 ut
2766 5162 2893 5215 ipse
2910 5162 3145 5211 narrat,
3170 5162 3381 5198 Αιυσγυ
3399 5162 3572 5222 auai-

178 5221 594 5300 vissel,_secu_2_n
620 5224 919 5300 Ireper‘im
937 5222 1229 5300 adduajit,
1245 5221 1304 5300 et
1317 5220 1528 5300 soboles
1548 5220 1804 5276 ecclesiae
1820 5222 1887 5276 ιδ’.
1914 5220 1999 5274 Pe
2024 5219 2084 5275 ri
2100 5217 2374 5300 praefecit
2396 5218 2578 5300 {6.251.
2595 5215 2746 5300 little
2765 5215 2839 5300 ab
2862 5215 2984 5300 hoc,
2997 5215 3258 5300 tempore
3268 5209 3573 5300 ρθίσζιξςῃς

180 5281 486 5369 ξοορογαηι
494 5295 840 5369 iliarisfuit
856 5309 1103 5369 eumque
1120 5297 1189 5354 iu
1206 5281 2303 5369 [itineribus-uquuunquaui‘coniitatus
2322 5287 2410 5343 est
2431 5281 2602 5369 (6‘25),
2616 5287 2709 5342 ita
2724 5287 2903 5369 utres
2919 5284 2993 5342 ab
3022 5281 3130 5341 illo
3154 5281 3571 5369 posteagestas
3590 5354 3595 5357 _

183 5357 314 5438 beas
325 5357 668 5438 perspectas
689 5357 950 5438 labaret,
967 5357 1028 5424 et
1038 5368 1161 5424 tam
1190 5364 1468 5438 ueritatis
1482 5362 1680 5438 studio
1694 5357 1875 5438 me;
1884 5358 2205 5438 Albcrouis.
2215 5371 2414 5438 amore
2422 5359 2494 5415 ut
2503 5373 2602 5438 eas
2619 5357 2983 5438 posterorum
2993 5357 3286 5438 memoria
3296 5364 3570 5438 commea-

184 5421 353 5495 (ἰατά
370 5421 798 5509 ἰηξὶτὶοίῥὸεέὲίξ
816 5421 1297 5512 eleuatum:
1316 5434 1495 5495 anuis
1508 5433 1645 5507 post
1655 5421 1762 5492 sub
1783 5431 2022 5489 Hilliuo
2035 5428 2493 5503 archiepiscopo,
2519 5431 2591 5500 et,
2608 5421 2700 5486 uel
2714 5429 2909 5500 ipsius
2921 5426 3016 5483 vel
3034 5427 3295 5484 aliorum
3314 5421 3565 5490 chartis,

1749 5518 1950 5577 NOTE
1964 5560 1978 5575 .

249 5623 398 5763 $621)
433 5629 497 5685 V.
531 5624 694 5685 Bald.
724 5638 776 5683 c.
811 5628 875 5684 11
1927 5618 1983 5675 in
2012 5615 2203 5674 Gestis
2224 5616 2605 5689 continuatis,
2630 5629 2742 5673 non
2766 5614 2823 5672 in
2844 5612 2970 5686 ipso
2993 5615 3249 5670 carmine
3271 5608 3547 5680 leguntur

278 5697 401 5763 622)
433 5714 487 5755 v.
529 5695 648 5763 126,
683 5699 805 5763 136,
840 5699 963 5755 168.
1999 5687 2148 5763 (626)
2174 5702 2228 5747 c.

185 5739 188 5742 .
252 5687 1027 5769 (_622')v.126,136,168._g
1482 5766 1489 5769 Α
1636 5765 1686 5769 η
1744 5765 1797 5769 __
1999 5687 2361 5769 (egenas.

258 5690 389 5763 [622'
433 5714 487 5755 v.
529 5695 648 5769 126,
683 5699 805 5767 136,
840 5699 963 5755 168.
1999 5690 2126 5757 (62b
2174 5702 2228 5747 c.
2259 5690 2352 5747 22.

258 5704 405 5839 (623g
435 5769 575 5837 Qua
597 5768 749 5827 enim
772 5781 948 5841 supra
973 5764 1128 5837 dicta
1151 5777 1284 5823 esse
1305 5766 1497 5821 monrt
1533 5777 1585 5818 v.
1628 5765 1713 5831 19,
1736 5765 1823 5830 82,
2001 5690 2149 5831 (62:3
2181 5772 2231 5816 c.
2264 5761 2352 5816 26.
