3936 6414
320 386 475 454 1308

316 550 387 605 At
421 546 532 606 sibi
561 543 849 619 subjectis
876 544 1021 605 vicis
1050 546 1175 619 ejus
1201 544 1331 617 jura
1361 543 1579 602 licebat

319 638 495 697 Ocius
516 636 778 711 implere,
813 635 923 695 sibi
953 636 1050 694 lex
1081 636 1131 694 si
1165 638 1359 709 prisca
1394 636 1654 706 favisset,

317 729 498 796 Quam
531 727 701 786 modo
732 726 955 784 divitiis
983 725 1212 784 calcant
1243 727 1513 797 fastuque
1537 722 1822 796 moderni,

316 820 407 887 Ut,
442 817 574 890 quia
602 816 917 890 pauperior
942 820 1036 873 est
1060 816 1168 874 hec
1200 817 1372 873 sedes
1392 814 1795 885 Treberensis,

315 910 633 981 Propterea
665 907 738 965 sit
771 912 831 964 et
860 906 1102 966 inferior
1135 904 1531 977 locupletibus
1560 903 1698 962 illis.

315 1001 428 1055 Hec
457 997 629 1055 modo
660 995 1191 1055 suﬁiciant.Albero
1221 997 1415 1050 tamen
1448 995 1751 1063 satagebat

313 1087 489 1157 Regis
519 1086 591 1143 ad
621 1084 967 1158 obsequium
1000 1099 1103 1157 pre
1137 1083 1368 1142 cunctis
1399 1097 1534 1139 esse
1569 1087 1812 1156 paratus

315 1177 439 1235 Rex
466 1190 700 1249 quoque
731 1189 834 1249 pre
877 1173 1125 1247 reliquis
1153 1174 1308 1230 hunc
1349 1186 1584 1244 semper
1632 1172 1853 1228 honore
1874 1185 1970 1227 co-

1712 1259 1915 1334 [lcbat,

316 1356 452 1428 Ejus
482 1352 747 1412 consiliis
778 1352 988 1410 crebro
1013 1350 1265 1410 feliciter
1295 1366 1457 1421 usus,

314 1446 601 1519 Precipue
634 1444 865 1517 quando
896 1445 1154 1500 Saxones
1184 1455 1343 1497 arma
1373 1439 1657 1497 movendo

314 1535 552 1594 Viribus
578 1534 859 1591 inmensis
889 1533 1044 1591 hunc
1075 1532 1351 1589 infestare
1374 1530 1680 1602 parabant.

316 1625 441 1693 Quo
466 1630 702 1697 sumptu
730 1637 936 1693 magno
967 1622 1210 1681 veniens
1240 1627 1295 1677 et
1329 1621 1514 1677 milite
1550 1617 1753 1689 multo,

318 1714 587 1773 Obtinuit
617 1712 809 1771 laudis
841 1711 1206 1785 palmamque
1231 1726 1352 1769 suae
1380 1708 1718 1781 probitatis.

317 1805 436 1860 Hoc
470 1802 762 1860 mediante
792 1805 987 1858 tamen
1021 1816 1123 1873 per
1152 1799 1313 1874 pacis
1345 1798 1751 1856 condicionem

317 1892 604 1950 Omissum
636 1891 876 1961 bellum,
913 1888 1281 1962 populusque
1314 1888 1547 1945 domum
1594 1885 1901 1943 remeavit.

389 1983 501 2039 Pro
531 1981 743 2054 quibus
771 1995 835 2036 ac
872 1979 1001 2037 aliis
1046 1979 1118 2035 ab
1150 1978 1353 2036 eodem
1395 1983 1513 2033 tam
1572 1978 1718 2034 bene
1768 1976 1977 2046 gestis,

318 2072 384 2128 Et
412 2071 544 2142 quia
576 2085 689 2126 non
720 2070 877 2141 justo
899 2068 1202 2127 subtracta
1229 2067 1337 2123 fuit
1359 2065 1706 2122 Treberensi

321 2160 621 2231 Ecclesiae,
657 2157 945 2231 quondam
978 2156 1050 2215 de
1079 2158 1249 2229 cujus
1285 2156 1650 2228 preprietate

321 2252 390 2306 Et
432 2249 610 2306 fundo
639 2263 775 2305 vere
809 2247 1026 2317 legitur
1053 2251 1395 2304 constructa
1432 2246 1636 2315 fuisse,

320 2339 391 2394 Ut
427 2342 779 2396 testamenta
815 2338 961 2408 (649)
994 2337 1254 2393 referunt
1288 2337 1395 2393 sub
1429 2336 1658 2392 nomine
1704 2350 1905 2406 regum

322 2426 428 2494 Qui
463 2428 829 2498 Dagobertus
853 2426 1094 2498 Pipinus
1127 2425 1488 2496 Karolusque
1523 2426 1783 2491 fuerunt,

322 2518 479 2573 llanc
510 2514 801 2571 abbatiam
834 2513 1121 2570 Maximini
1156 2512 1383 2569 nomine
1405 2513 1619 2570 dictam

322 2606 445 2662 Rex
470 2604 580 2662 sibi
612 2603 899 2671 restituit,
925 2604 1100 2658 Petro
1129 2617 1235 2674 per
1256 2616 1505 2673 eumque
1530 2603 1702 2658 beato
1726 2603 1901 2672 (650).

323 2695 433 2752 Sed
466 2692 749 2763 monachi,
783 2690 952 2764 pulso
980 2691 1184 2763 paucis
1227 2690 1437 2746 abbate
1472 2691 1770 2747 Gerhardo

323 2787 471 2839 Ante
503 2782 733 2851 diebus,
765 2781 817 2837 ei
866 2796 998 2837 mox
1032 2780 1316 2851 quendam
1353 2779 1813 2850 substituerunt,

322 2874 587 2943 Ignotum
621 2886 865 2944 prorsus
900 2883 1170 2942 persona,
1207 2868 1520 2938 religione:

325 2963 487 3019 Ilunc
520 2965 580 3017 et
607 2960 895 3016 distracto
928 2958 1130 3029 templi
1163 2958 1384 3014 duxere
1418 2956 1651 3013 metallo

325 3050 602 3107 Vestibus
634 3056 809 3119 atque
842 3047 1028 3104 sacris
1059 3045 1333 3103 Romanis
1364 3046 1573 3116 hisque
1597 3047 1903 3119 coemptis,

326 3141 487 3196 llunc
518 3141 591 3195 ab
620 3137 946 3210 apostolico
970 3137 1339 3193 mercedibus
1366 3136 1752 3193 obtinuerunt

327 3229 613 3285 Abbatem
650 3227 772 3284 fieri
806 3227 876 3283 de
906 3240 1063 3282 more
1095 3225 1324 3296 sibique
1356 3225 1602 3281 sacrari.

326 3320 397 3375 Et
426 3317 834 3375 confirmatum
869 3316 1059 3372 hanno
1084 3314 1525 3386 metropolitani

324 3409 675 3479 Exumptum
704 3405 820 3477 juri
843 3404 1296 3476 libertatemque
1328 3404 1503 3475 tueri,

328 3496 560 3553 Acriter
591 3498 921 3568 exposcunt
953 3493 1125 3566 (651),
1158 3493 1609 3565 exultantesque
1666 3493 1977 3567 reducunt,

329 3585 610 3655 Iluncque
642 3599 763 3641 suae
787 3583 909 3640 sedi
940 3582 1452 3654 superimposuere
1497 3583 1770 3639 latenter.

330 3674 433 3729 llis
465 3672 891 3730 certaminibus
924 3671 1271 3743 pertransiit
1301 3671 1531 3741 integer
1560 3686 1776 3727 anuus.

401 3762 525 3828 Quo
556 3760 796 3832 grandis
832 3760 985 3816 facto
1014 3759 1200 3815 crevit
1232 3758 1688 3830 metropolitano

331 3852 501 3920 Cura,
538 3850 695 3920 quod
726 3850 832 3905 hec
860 3853 1023 3903 tanta
1056 3848 1168 3903 sibi
1202 3848 1292 3903 vis
1316 3847 1480 3903 illata
1514 3848 1722 3905 fuisset

330 3940 833 4009 Contemptusque
865 3936 1063 4006 gravis
1094 3936 1167 3991 ab
1198 3937 1285 3992 eis
1317 3951 1465 4007 quos
1496 3951 1725 4008 semper
1765 3938 1978 3995 amavit

327 4027 623 4095 Romanis,
653 4041 896 4097 quorum
930 4038 1058 4081 sese
1090 4024 1310 4081 virtute
1346 4024 1570 4096 putavit

329 4118 542 4174 Omnes
571 4117 668 4188 qui
702 4114 923 4173 vellent
955 4130 1016 4172 se
1046 4114 1243 4172 ledere
1274 4115 1508 4171 vincere
1532 4130 1728 4189 posse.

327 4206 438 4262 Sed
470 4205 567 4277 qui
600 4202 811 4262 ad‘hec
846 4205 1447 4274 ageret?Necastrum
1489 4208 1787 4277 rumperet
1812 4204 1978 4279 illud,

327 4294 465 4362 Qua:
492 4295 605 4351 sibi
640 4294 980 4352 detulerant
1012 4309 1176 4367 papze
1202 4294 1471 4351 mandata
1522 4294 1835 4361 vetabant;

325 4383 1004 4455 lntroitusque‘suisque
1036 4382 1146 4440 sibi
1178 4382 1439 4453 nonjure
1463 4389 1739 4452 negatus.

324 4464 464 4536 Ipse
498 4469 693 4521 tamen
728 4464 887 4522 cives
910 4464 980 4520 ad
1016 4463 1156 4520 talia
1196 4463 1345 4519 bella
1381 4464 1644 4519 furentes

325 4555 545 4611 Crebro
575 4553 747 4609 minis
780 4553 1174 4626 precibusque
1207 4552 1327 4609 suis
1359 4553 1428 4607 ab
1460 4552 1547 4609 eis
1584 4553 1901 4610 revocavit.

326 4643 515 4699 Motus
545 4648 817 4714 preterea
849 4657 953 4699 sua
987 4641 1141 4714 quod
1179 4640 1395 4711 legatio
1422 4646 1618 4713 spreta

324 4733 494 4787 Esset
528 4733 599 4789 ab
630 4730 904 4789 ecclesiis
933 4731 1027 4788 hic
1050 4730 1502 4804 presulibusque
1531 4730 1902 4802 quibusdam,

329 4820 613 4878 Omnibus
645 4820 926 4893 impensis
948 4821 1187 4877 Romam
1218 4819 1465 4876 festinus
1486 4819 1689 4891 adivit,

322 4910 740 4982 Expositisque
762 4910 872 4968 viae
902 4910 1117 4975 causis,
1145 4923 1408 4981 papaque
1440 4909 1689 4979 favente,

327 4997 592 5055 Obtinuit
628 5012 755 5069 qua;
789 5001 930 5055 tunc
959 4996 1166 5069 voluit,
1196 4996 1500 5068 victorque
1531 4996 1774 5054 redivit.

390 5089 564 5146 Vers.
608 5092 733 5146 153.

879 386 1145 456 GESTA
1176 387 1532 456 TREVER.
1565 420 1645 439 ε·-
1690 384 1872 454 ΑΡΡ]

2099 384 2373 454 GESTA
2403 387 2874 457 ALBERONIS
2910 387 3156 457 ARCH.

2009 3269 2059 3333 C

3568 390 3737 461 1304

1997 535 2051 597 Α
2084 545 2274 617 Atque
2304 542 2394 603 sui
2427 545 2546 603 voti
2577 560 2814 619 compos
2844 545 3108 618 effectus,
3139 550 3207 605 ut
3233 543 3375 606 illud

2085 632 2399 689 Cenobium
2434 648 2666 705 semper
2697 635 2809 691 sibi
2842 635 3287 694 successoribus
3315 642 3491 709 atque

2082 724 2252 779 Esset
2284 723 2634 795 subjectum,
2666 739 2769 797 per
2796 725 3301 798 apostolicumque
3332 726 3585 799 sigillum

2082 813 2199 869 llac
2232 829 2293 869 re
2326 814 2611 870 firmatam
2636 816 2897 872 referens
2920 831 3024 887 pro
3050 831 3287 874 munere
3308 822 3527 874 cartam
3554 819 3736 891 (652).

2154 903 2261 959 Sed
2292 904 2565 973 graviora
2598 904 2763 961 malis
2789 909 2925 961 sunt
2955 910 3083 961 orta
3116 905 3409 977 prioribus
3429 907 3583 964 exin.

2081 992 2218 1048 Nam
2251 993 2553 1051 monachis
2587 995 2803 1051 factum
2837 995 3028 1052 fuerat
3057 998 3429 1067 presentibus
3471 998 3663 1054 istud.

2082 1081 2181 1138 llis
2206 1086 2262 1138 et
2297 1083 2659 1155 apostolicus
2683 1083 2867 1155 jussit
2908 1082 3339 1158 metropolitani

2082 1172 2266 1229 Dictis
2298 1187 2524 1244 parere,
2561 1173 2736 1231 simul
2765 1175 2962 1231 abbati
3006 1188 3112 1247 per
3140 1175 3374 1232 eosdem

2082 1262 2361 1321 Ecclesia:
2393 1265 2627 1322 domum
2659 1265 3018 1323 demandans
3044 1266 3477 1338 suscipiendum

2084 1353 2237 1410 Nutu
2268 1354 2563 1426 pontificis
2595 1353 2874 1425 sedisque
2904 1369 3077 1412 manu
3103 1355 3498 1414 Treberensis.

2085 1441 2193 1498 Sed
2237 1458 2366 1499 cum
2397 1443 2635 1499 decreto
2676 1444 2932 1499 Romano
2973 1443 3205 1516 presule
3254 1448 3473 1516 spreto,

2084 1532 2336 1589 Rursum
2365 1532 2704 1603 conspirant
2742 1532 2877 1589 huic
2923 1533 3341 1605 introitumque
3397 1534 3741 1606 negabant;

2088 1620 2174 1676 Ob
2203 1622 2371 1692 cujus
2402 1623 2594 1686 meriti
2620 1636 2739 1679 rem
2770 1627 2908 1679 sunt
2938 1622 3436 1680 anathematizati.

2091 1708 2202 1766 Sed
2233 1724 2484 1780 querens
2514 1712 2739 1769 veniam
2774 1713 2846 1770 de
2876 1712 3067 1769 hanno
3098 1712 3345 1771 solvitur
3377 1714 3585 1771 abbas.

2095 1799 2164 1854 At
2200 1801 2461 1857 monachi
2493 1815 2759 1871 magnum
2783 1815 2961 1874 super
2998 1802 3103 1859 hoc
3152 1803 3341 1859 fecere
3390 1802 3741 1875 tumultum,

2007 1907 2063 1968 Β
2096 1888 2163 1943 Et
2197 1890 2467 1946 comitem
2501 1891 2679 1948 castri
2712 1891 3148 1949 Lucelenburhc
3178 1898 3345 1949 antea
3377 1892 3535 1964 dicti,

2098 1975 2206 2042 Qui
2238 1976 2566 2036 defensoris
2598 1994 2803 2036 nomen
2836 1986 3178 2052 susceperat
3212 1982 3414 2039 horum

2093 2066 2479 2136 Pontificique
2510 2066 2678 2125 fidem
2705 2070 3007 2140 juraverat
3040 2069 3454 2142 auxiliumque,

2094 2154 2231 2210 Cum
2264 2155 2654 2226 septingentis
2678 2161 3019 2228 corruptum
3052 2172 3196 2228 pene
3226 2157 3499 2231 talentis,’

2091 2243 2317 2300 Fraude
2346 2243 2597 2315 doloque
2632 2245 2743 2301 fide
2777 2247 2960 2318 prima
2990 2247 3082 2303 vel
3116 2247 3308 2305 federe
3334 2252 3526 2321 rupto,

2090 2333 2360 2389 Eﬂiciuut
2395 2339 2724 2405 promptum
2758 2351 2873 2406 quo
2905 2336 3056 2392 bella
3088 2342 3343 2393 moveret
3376 2343 3439 2395 et
3467 2353 3627 2396 arma

2093 2421 2200 2487 Qui
2228 2421 2410 2479 veluti
2444 2424 2633 2481 nostis
2664 2429 2723 2481 ut
2748 2425 3196 2483 crudelissimus
3227 2426 3430 2498 hostis,

1984 2582 1987 2585 _
2090 2511 2344 2568 Cedibus
2375 2526 2443 2568 ac
2476 2514 2673 2583 predis
2701 2515 2966 2585 capturis
2998 2515 3263 2587 pluribus
3294 2517 3458 2584 actis,

2090 2601 2262 2657 Sacra
2298 2602 2648 2672 profanavit,
2682 2603 2856 2660 villas
2879 2618 2945 2661 ac
2975 2604 3191 2677 templa
3214 2606 3511 2662 cremavit.

2091 2691 2210 2747 Heu
2246 2691 2420 2762 pudet
2456 2697 2710 2749 armatas
2742 2693 2895 2750 acies
2925 2693 3269 2766 hostemque
3298 2696 3613 2767 superbum

2091 2779 2171 2835 Ad
2206 2785 2432 2851 portam
2458 2782 2657 2836 Martis
2689 2782 2995 2854 sanctique
3023 2784 3177 2841 fores
3210 2784 3504 2856 Symeonis

2092 2868 2396 2939 Clavigero
2430 2870 2538 2925 celi
2572 2871 2868 2928 contraria
2903 2873 3065 2943 signa
3097 2874 3341 2930 tulisse!

2088 2958 2211 3013 Non
2245 2957 2410 3015 locus
2444 2959 2535 3016 hic
2569 2975 2734 3017 muro
2768 2960 2871 3016 sed
2901 2961 3001 3016 vili
3036 2962 3215 3034 prelia
3241 2962 3412 3033 vallo,

2090 3046 2487 3118 Hostilemque
2520 3064 2747 3105 manum
2784 3052 3056 3122 perpauci
3091 3051 3453 3109 sustinuere.

2090 3135 2210 3191 Non
2240 3141 2434 3192 tamen
2482 3137 2735 3194 inmunis
2766 3139 2836 3195 de
2864 3138 3031 3197 clade
3071 3140 3361 3213 superfuit
3392 3141 3598 3213 hostis,

2091 3224 2199 3281 Sed
2232 3240 2449 3296 majore
2482 3227 2572 3284 sui
2605 3227 2854 3301 dampno
2885 3229 3167 3288 multatus
3189 3230 3386 3287 adivit.

2090 3313 2355 3372 Vidimus
2386 3316 2458 3372 ad
2488 3321 2722 3386 pontem
2751 3319 2949 3375 vesani
2984 3319 3236 3392 presulis
3286 3333 3487 3389 agmen

2091 3404 2227 3473 Igne
2264 3406 2482 3477 furens,
2510 3406 2564 3462 in
2598 3412 2751 3464 tecta
2777 3423 2971 3479 ruens,
3004 3413 3059 3465 et
3095 3410 3222 3466 fana
3249 3409 3585 3481 profanans.

2092 3494 2235 3552 Aula
2264 3496 2362 3551 Dei
2395 3496 2617 3566 matris,
2656 3513 2827 3568 quam
2870 3498 3158 3569 quondam
3215 3514 3317 3555 rex
3370 3499 3731 3570 Dagobertus

2093 3584 2385 3655 Condidit,
2421 3586 2650 3657 irrupta
2677 3587 3037 3659 ﬂammisque
3068 3588 3381 3644 voracibus
3408 3593 3553 3658 usta,

2093 3673 2435 3730 Sanctorum
2456 3674 2833 3747 thecas,quas
2856 3677 3074 3749 reperit
3099 3676 3191 3734 hic
3213 3690 3391 3748 super
3422 3674 3515 3709 ‘°“
3570 3689 3724 3747 aras,

2091 3762 2375 3819 Districto
2404 3763 2601 3833 gladio
2635 3764 2802 3823 miles
2832 3766 3049 3824 occidit
3080 3781 3305 3835 avarus,

2090 3852 2203 3907 Par
2235 3853 2553 3924 habuitque
2577 3855 2763 3911 solum
2799 3856 3078 3912 factorem
3118 3855 3528 3927 reliquiasque.

2092 3940 2355 3999 Vidimus
2384 3942 2612 4014 impleri
2645 3945 2799 4016 quod
2832 3946 2904 4002 ab
2932 3945 3232 4003 Ezechiele
3261 3945 3530 4015 refertur,

2092 4029 2258 4098 Quod
2288 4030 2615 4089 violaturus
2645 4033 2756 4090 hoc
2782 4035 3124 4092 emissarius
3156 4038 3312 4093 esset

2092 4119 2421 4177 Archanum
2476 4123 2701 4179 Domini
2761 4123 2977 4193 (Εποή
3029 4139 3126 4196 vn,
3159 4125 3279 4195 22).
3317 4120 3426 4179 Sed
3469 4135 3580 4179 non
3629 4119 3726 4177 im-

3236 4210 3408 4283 [pune
3440 4214 3725 4281 patratum

2091 4291 2210 4347 Hoc
2243 4288 2465 4347 scelus.
2505 4288 2577 4343 Ut
2611 4284 2783 4342 villas
2813 4283 3143 4356 aliquantus
3172 4282 3565 4354 ecclesiasque

2090 4380 2288 4437 Hostis
2315 4376 2639 4436 combussit
2670 4381 2730 4431 et
2763 4374 2963 4446 plures
2996 4387 3163 4431 urere
3189 4372 3387 4443 jussit,

2089 4468 2298 4525 Prcsul
2329 4482 2460 4524 eum
2493 4479 2623 4523 cum
2656 4462 2868 4519 milicia
2903 4466 3032 4534 post
3066 4466 3228 4532 terga
3252 4463 3491 4518 secutus

2091 4558 2373 4628 Occupat,
2408 4557 2465 4611 ot
2500 4551 2699 4610 multis
2729 4566 2800 4608 ex
2823 4550 2950 4621 ejus
2981 4549 3206 4621 agmine
3241 4547 3451 4621 captis,

2004 4632 2059 4694 D
2090 4646 2365 4703 Pluribus
2396 4642 2625 4712 occisis,
2658 4641 2974 4712 aliquantis
3004 4638 3347 4708 debilitatis,

2091 4734 2437 4791 Accelerare
2470 4732 2660 4800 fugam
2689 4728 2929 4784 Domino
2958 4727 3273 4784 miserante
3320 4723 3507 4794 coegit
3558 4722 3723 4796 (653).

2085 4826 2210 4879 Jam
2244 4823 2432 4878 fuerat
2465 4820 2705 4891 quintus
2737 4817 2910 4887 hujus
2941 4815 3280 4873 certaminis
3308 4828 3515 4883 annus,

2087 4912 2446 4985 Expulsique
2474 4909 2605 4966 loco
2637 4911 2770 4965 sunt
2796 4906 2878 4963 illi
2913 4905 3144 4963 maximi
3168 4906 3349 4977 juste,

2087 5000 2443 5071 Sull‘eetique
2475 4998 2589 5056 sibi
2621 4996 2885 5055 monachi
2917 5000 3052 5054 sunt
3092 4992 3352 5066 religiosi
3379 5009 3394 5059 ;

2160 5092 2329 5147 Vers.
2365 5094 2469 5146 203
2483 5131 2496 5146 .

1695 5212 1931 5271 VARUE
1962 5216 2363 5275 LECTIONES.

388 5314 483 5349 ⁴⁰⁴⁶
513 5328 689 5389 supra
719 5315 799 5373 0.?

1916 5413 2139 5471 ΝΟΤᾸΞ.

389 5544 536 5619 (649)
567 5548 640 5605 V.
676 5545 915 5604 chartas
955 5557 1158 5619 regum
1219 5556 1317 5619 ap,
1366 5543 1683 5619 llontheim
1732 5545 1884 5603 Hist.
1926 5547 1969 5618 1,

318 5630 373 5687 p.
404 5615 753 5689 76,190,132,
788 5630 990 5689 omnes
1023 5616 1213 5689 dubiae
1244 5615 1376 5672 fidei

389 5688 537 5761 (650)
569 5687 639 5747 ν.
677 5687 834 5759 regis
862 5687 1117 5761 diploma
1151 5688 1252 5753 ib.,
1279 5690 1487 5761 p15“.

390 5754 536 5833 (651)
562 5762 631 5818 V.
671 5754 993 5818 Innocentii
1025 5754 1294 5817 chartam
1322 5757 1422 5830 ib.,
1457 5773 1513 5831 p.
1542 5754 1672 5815 543.

2159 5546 2307 5615 (652)
2364 5549 2428 5604 ν.
2484 5543 2802 5603 lnnocentii
2859 5538 3074 5601 bullam
3133 5537 3375 5597 alteram
3426 5552 3531 5612 ap.
3580 5538 3721 5595 [lon-

2085 5616 2263 5692 theim
2290 5619 2330 5692 I,
2359 5636 2411 5692 p.
2440 5618 2560 5692 5&7.

2156 5686 2419 5762 (653)'Cf.
2462 5686 2825 5749 Balderieum
2860 5701 2911 5746 c.
2944 5690 3039 5745 20.
