3936 6442
329 417 482 484 130⁵7
898 417 1163 484 GESTA
1202 418 1558 484 TREVER.
1592 454 1671 466 —
1699 418 2062 485 APPEND.
2108 421 2377 487 GESTA
2416 422 2887 488 ALBERONIS
2934 423 3186 488 ARCH.
3599 428 3779 493 1308

329 572 564 633 Exultat
596 570 817 646 presul,
848 572 1028 644 gemit
1058 573 1266 644 hostis,
1301 574 1541 646 fumigat
1575 573 1764 633 omnis
2012 560 2066 618 Α
2100 576 2301 636 Hostis
2333 582 2451 637 tum
2482 577 2637 637 letus
2666 578 2735 634 de
2766 576 3156 650 prosperitate
3188 577 3386 652 priori,

329 665 505 736 Mons,
541 678 767 737 unaque
801 663 893 720 die
924 663 1081 737 capit
1113 663 1220 722 hec
1249 665 1548 722 contentio
1580 664 1770 722 finem.
2099 666 2368 739 Advolat,
2403 674 2462 725 et
2498 668 2685 741 portis
2721 669 2917 724 urbem
2953 668 3206 739 cepisset
3242 669 3483 742 apertis,

400 754 637 811 Octobri
672 767 871 810 mense
911 753 1100 810 medio
1136 753 1255 811 fere
1287 757 1664 826 pretereunte
1696 754 1866 828 (689).
2094 755 2161 812 Ni
2192 757 2261 813 de
2289 757 2585 813 canonicis
2621 756 2852 828 quidam
2888 757 3039 813 foret
3071 757 3278 814 obvius
3310 758 3423 825 illi;

327 843 600 900 Autumni
630 857 805 900 causa
840 842 1067 900 diﬂ‘usis
1098 842 1326 901 civibus
1354 848 1542 915 extra,
2034 856 2039 863 '
2096 844 2202 911 Qui
2232 845 2487 903 clamore.
2522 861 2629 902 suo
2663 846 2866 918 paucis
2900 845 3009 902 sibi
3044 846 3411 918 consociatis,

325 933 391 989 Hi
421 930 726 989 castellani
762 932 915 1003 pulsi
951 932 1265 989 munimine
1300 932 1422 1003 tali,
2092 935 2254 990 Hunc
2285 934 2461 991 celeri
2493 950 2676 991 cursu
2707 935 2929 991 le‘lbllS
2951 934 3169 992 clausis
3191 937 3529 1008 repulisset.

327 1023 464 1078 Cum
498 1021 643 1079 duce
678 1020 904 1094 prelato
936 1025 1216 1093 spargunt
1250 1022 1414 1093 ignes
1447 1022 1680 1093 iterato,
2094 1021 2204 1078 Sed
2233 1036 2515 1095 spargens
2545 1023 2725 1093 ignes,
2759 1029 3005 1080 cunctas
3037 1023 3115 1080 ibi
3153 1025 3380 1082 subruit
3407 1026 3568 1101 edes,

326 1111 440 1167 Nec
474 1110 631 1182 piget
664 1110 892 1168 infestis
924 1111 994 1167 ad
1027 1117 1263 1183 pontem
1295 1126 1535 1169 currere
1570 1110 1770 1182 signis.
2093 1112 2352 1183 llincque
2384 1120 2626 1169 secutus
2657 1128 2760 1169 eos
2792 1128 2940 1184 quos
2973 1113 3225 1169 diximus
3260 1119 3425 1170 antea
3457 1115 3644 1186 cives,

327 1200 606 1257 Protinus
637 1199 863 1256 intenta
897 1199 1068 1256 bellis
1102 1201 1322 1257 urbana
1347 1201 1623 1271 juventa;
2093 1202 2209 1258 Hos
2239 1201 2579 1260 conﬁscavit
2613 1201 2927 1272 villamque
2960 1200 3255 1259 solotenus
3287 1203 3451 1260 ussit.

332 1288 439 1345 Sed
475 1304 583 1345 non
616 1288 888 1345 consulte
919 1288 1044 1345 sine
1075 1289 1322 1346 consilio
1362 1290 1625 1361 sapiente
2094 1289 2468 1347 Presulenim
2493 1306 2686 1361 regem
2712 1290 2991 1348 conduxit
3013 1292 3066 1346 in
3092 1292 3235 1348 hanc
3259 1292 3551 1363 regionem
3572 1292 3757 1364 (660).

332 1377 514 1435 Obvia
548 1378 783 1435 ferratis
818 1378 876 1433 fit
912 1377 1062 1435 nuda
1098 1380 1395 1450 pedesque
1431 1378 1713 1450 tyrannis.
2093 1380 2164 1437 Et
2192 1382 2389 1437 turres
2421 1385 2477 1436 et
2511 1384 2707 1437 castra
2744 1380 2910 1451 petit,
2946 1380 3334 1452 comitemque
3365 1386 3620 1453 coartat,

327 1466 606 1538 Precipiti
637 1481 816 1523 cursu
850 1468 1047 1523 vesani
1081 1467 1332 1539 presidis
1365 1482 1566 1537 agmen
2095 1468 2161 1525 Et
2196 1467 2303 1525 sibi
2335 1469 2642 1526 commissa
2679 1468 2929 1540 privavit
2964 1484 3094 1526 eum
3126 1469 3425 1536 eomitiva;

330 1557 391 1612 In
424 1570 586 1613 raros
618 1556 812 1626 agitur
843 1571 1061 1613 cuneos
1095 1557 1422 1627 sternitque
1456 1558 1751 1627 fugatque.
2096 1556 2275 1623 Quam
2310 1557 2380 1614 (le
2416 1557 2780 1629 principibus
2819 1557 3103 1628 regnique
3134 1556 3402 1615 fidelibus
3436 1559 3531 1616 uni

331 1645 436 1701 Hic
467 1646 699 1716 equites
733 1645 897 1716 pauci
935 1645 1163 1702 fuerant
1198 1646 1502 1716 primoque
1537 1646 1740 1715 fugati,
2096 1644 2386 1718 Subdidit,
2441 1646 2580 1702 haut
2630 1646 2721 1679 ⁴⁰⁴⁸
2768 1647 2900 1718 quia
2940 1662 3044 1703 nec
3087 1646 3184 1703 diu
3223 1646 3403 1704 multo
3440 1653 3581 1719 post
3625 1649 3759 1706 obit

334 1734 404 1789 Et
437 1732 665 1805 pedites
696 1733 893 1789 miseri
924 1738 1143 1790 mortes
1177 1740 1232 1789 et
1269 1734 1510 1791 vulnera
1544 1735 1697 1805 passi
3596 1736 3755 1808 [ille,

336 1823 501 1891 Sunt,
538 1821 749 1892 reliqui
783 1823 971 1893 portis
1004 1824 1203 1892 fugere
1241 1822 1500 1894 pericula
1532 1822 1766 1881 clausis.
2098 1826 2167 1880 Et
2200 1816 2447 1881 redeunt
2483 1838 2716 1881 rursum
2753 1823 3029 1881 beneficia
3061 1829 3227 1895 grata
3261 1824 3459 1896 priori.

337 1911 497 1967 Mane
530 1925 782 1981 sequens
814 1916 1001 1967 totum
1030 1911 1315 1982 valdeque
1352 1911 1458 1967 fuit
1489 1912 1865 1985 nebulosum;
1921 1915 1925 1919 ’
2015 1922 2066 1981 13
2100 1913 2209 1969 Sed
2240 1916 2434 1968 tamen
2469 1910 2571 1969 hec
2607 1912 2801 1985 presul
2836 1914 3125 1970 concessit
3159 1922 3335 1969 corde
3369 1914 3641 1985 benigno,

337 2000 545 2056 Custos
575 2014 687 2056 non
717 1999 916 2056 aderat
949 2000 1168 2072 pontis,
1200 2006 1505 2072 portzeque
1540 1983 1836 2073 patebant.
2100 2002 2273 2058 Letus
2305 2000 2358 2056 in
2390 2001 2499 2058 hoc
2530 1983 2743 2060 bellum
2771 2002 2885 2073 jam
2916 2002 3171 2058 finivisse
3200 1983 3528 2059 cruentum.

407 2090 571 2145 Vers.
614 2092 737 2145 319.

2171 2091 2336 2147 Vers.
2380 2094 2505 2146 386.

528 2170 531 2181 ’
1803 2178 2185 2240 EXPLICIT
2201 2178 2270 2215 ‘°‘

1701 2287 1937 2342 νΑΡιιιίΕ
1978 2285 2273 2341 LECTION
2279 2285 2377 2341 ES.

400 2382 495 2418 ⁴⁰⁸⁸
520 2385 658 2442 haut
685 2385 816 2457 quia
848 2385 999 2458 quid
1024 2383 1142 2443 sibi
1172 2384 1363 2442 cel-ini
1390 2385 1602 2442 nescio.
1645 2383 1738 2463 ‘°‘?
1768 2382 1858 2442 bis
1886 2383 2177 2456 scriptum
2199 2383 2303 2440 est.

1921 2499 2123 2556 ΝΟΤιΕ
2136 2540 2149 2555 .

410 2614 560 2689 (659)
593 2618 699 2676 An.
744 2618 921 2675 1144⁸9
2093 2610 2417 2760 “(630)33"5
2449 2612 2676 2673 Contin.
2722 2612 2996 2686 Sigiberti
3028 2616 3317 2675 Gemblac.
3352 2631 3405 2675 a.
3438 2620 3600 2693 ius,
3636 2620 3742 2679 SS.

2171 2728 2187 2759 ,
2266 2727 2278 2742 .
2422 2727 2435 2741 .

2171 2728 2187 2759 ν
2222 2727 2278 2759 γ’
2312 2727 2435 2743 ww

966 2966 1342 3061 GESTA
1451 2963 2126 3059 ALBERONIS
2217 2908 3128 3063 ARCHIEPISCOPI

1457 3127 1959 3218 AUCTOBE
2031 3125 2636 3221 BALDERICO

413 3322 721 3391 Alberonis
741 3323 1109 3384 Trevirorum
1132 3324 1558 3399 archiepiscOpi
1579 3323 1731 3382 facta
1753 3327 1811 3382 et
1835 3322 1990 3381 dicta
2023 3292 2073 3357 δ
2102 3322 2181 3382 nii
2212 3328 2389 3398 atque
2418 3324 2649 3385 consilii
2688 3324 2782 3386 sui
2822 3326 3000 3386 armis
3037 3338 3171 3385 esse
3211 3324 3493 3385 aecclesize
3530 3329 3743 3387 sancta

343 3413 739 3471 memorabilia
783 3421 1148 3485 narraturus,
1185 3430 1304 3472 rem
1338 3413 1648 3485 aggredior
1677 3413 1830 3486 apud
1866 3427 1993 3484 pos—
2103 3414 2393 3473 defensor.
2435 3417 2506 3472 Ut
2533 3420 2725 3473 autem
2759 3416 2988 3489 plenius
3011 3420 3187 3488 atque
3210 3414 3438 3489 planius
3461 3414 3746 3485 intelligas

341 3507 496 3559 teres
529 3503 722 3561 minus
756 3503 888 3561 fidei
921 3504 1250 3561 habituram
1277 3518 1445 3575 quam
1470 3502 1757 3561 miraculi.
1793 3503 1851 3558 lu
1879 3516 1991 3572 qua
2105 3519 2233 3575 quae
2254 3509 2315 3562 et
2337 3504 2529 3575 qualia
2553 3510 2613 3562 et
2635 3504 2891 3577 qualiter
2918 3510 2977 3562 et
3011 3505 3082 3561 ad
3113 3504 3249 3578 quid
3280 3504 3449 3561 homo
3482 3505 3591 3561 iste
3622 3519 3746 3577 per-

339 3606 420 3661 re,
466 3593 638 3663 scias,
682 3593 890 3662 lector,
934 3608 1041 3650 nec
1083 3593 1239 3650 laudi
1284 3609 1389 3649 nec
1431 3591 1850 3664 vituperationi
1904 3606 1992 3646 me
2106 3593 2306 3651 fecerit
2342 3594 2397 3649 in
2432 3594 2772 3652 defensione
2813 3592 3095 3652 ecclesias
3137 3599 3339 3650 contra
3380 3593 3745 3665 imperatoris

336 3681 595 3751 studere,
633 3681 735 3737 sed
768 3681 1026 3737 veritati.
2104 3682 2391 3753 injuriam.
2417 3682 2834 3754 predicendum
2860 3682 3032 3739 michi
3055 3680 3308 3752 videtur,
3331 3696 3458 3754 quae
3482 3686 3539 3739 et
3565 3680 3743 3753 qualis

412 3774 457 3825 1.
524 3769 911 3826 Ammiramur
969 3769 1255 3841 quosdam
1316 3783 1520 3840 magna
1582 3769 1825 3839 fecisse,
1889 3768 1993 3825 sed
2105 3772 2490 3829 fueritcausa
2522 3771 2694 3842 hujus
2729 3770 3043 3829 scismatis.
3079 3773 3416 3842 Atempore
3439 3769 3743 3830 Karoliim-

343 3856 659 3914 multorum
715 3859 909 3914 favore
949 3864 1008 3916 et
1049 3858 1269 3916 auxilio
1316 3863 1492 3929 atque
1540 3857 1992 3930 cooperatioue;
2106 3859 2397 3933 peratoris
2445 3875 2629 3932 usque
2669 3860 2740 3918 ad
2783 3865 3048 3932 tempora
3091 3858 3343 3916 Heinrici
3387 3858 3741 3930 imperatoris

345 3945 829 4016 quemadmodum
874 3946 1163 4018 principes
1201 3947 1483 4017 gentium,
1531 3946 1629 4017 qui
1671 3947 1995 4003 existentes
2107 3948 2271 4006 tercii
2305 3963 2472 4018 reges
2503 3950 2578 4005 ob
2611 3964 2715 4006 sua
2747 3949 2973 4018 merita,
3011 3947 3144 4019 quia
3170 3947 3292 4004 suis
3316 3946 3609 4004 beneﬂciis
3635 3960 3741 4001 am-

348 4039 720 4106 paternorum
748 4050 1058 4104 regnorum
1084 4035 1331 4093 heredes
1351 4040 1406 4091 et
1434 4050 1827 4105 successores,
1862 4036 1996 4093 sub-
2108 4038 2365 4109 pliabant
2407 4043 2465 4093 et
2508 4036 2890 4095 defensabant
2924 4036 3243 4108 mcclesias,
3279 4051 3347 4092 ex
3381 4035 3739 4093 concessione

346 4122 597 4180 ditarum
643 4124 903 4195 gentium
947 4124 1123 4180 armis
1163 4140 1329 4183 suum
1378 4124 1773 4181 dilataverunt
1820 4124 1996 4195 impe-
2105 4129 2496 4183 Romanorum
2534 4127 2872 4199 pontificum
2906 4124 3286 4182 investituras
3317 4123 3737 4196 episcopatuum

346 4212 514 4283 rium,
554 4218 615 4269 ut
650 4212 997 4276 Alexander.
1040 4213 1248 4284 Julius,
1290 4216 1613 4284 Augustus,
1656 4212 1904 4270 Karolus
1936 4217 1992 4269 et
2106 4202 2797 4274 dabantetecclesiarum
2821 4214 3242 4288 providentiam
3264 4212 3741 4284 gerebant;llein-

344 4299 609 4373 plerique
638 4302 756 4371 alii,
790 4302 887 4374 qui
913 4302 1211 4359 materiam
1238 4316 1500 4373 magnam
1525 4302 1649 4359 suis
1674 4302 1843 4359 factis
1871 4316 1998 4373 pre-
2107 4305 2266 4362 ricus
2305 4308 2499 4362 autem
2543 4305 2784 4375 tercius,
2829 4304 3015 4373 cujus,
3061 4306 3126 4360 ut
3153 4316 3473 4375 speramus,
3516 4306 3738 4374 propter

346 4390 598 4447 buerunt
620 4391 877 4462 antiquis
902 4390 1293 4463 hysteriarum
1318 4391 1733 4463 scriptoribus.
1766 4390 1867 4447 llic
1898 4406 1995 4450 au-
2106 4393 2386 4466 pleraque
2422 4393 2570 4449 bona
2604 4406 2782 4465 opera
2815 4391 2984 4449 valde
3015 4404 3239 4462 magna,
3272 4392 3430 4448 tecta
3464 4392 3595 4447 sunt
3622 4402 3739 4461 pec-

344 4484 460 4534 tem
491 4478 870 4550 singulariter
909 4480 963 4535 in
1009 4480 1118 4535 hoc
1158 4484 1350 4536 exstat
1388 4480 1801 4549 ammiraudus,
1840 4480 1990 4550 quod
2107 4488 2257 4553 cata,
2297 4482 2467 4539 nimis
2501 4481 2608 4539 fuit
2653 4481 2967 4538 infamatus
2999 4480 3069 4537 de
3101 4478 3429 4537 venditione
3458 4477 3737 4551 episcopa-

346 4567 507 4625 solus
528 4567 698 4626 homo
721 4574 896 4641 atque
922 4568 1202 4640 privatus,
1230 4569 1404 4624 immo
1431 4572 1605 4626 etiam
1639 4568 1828 4627 adhuc
1857 4583 1995 4641 pau-
2107 4576 2292 4628 tuum.
2326 4569 2487 4627 Unde
2515 4570 2838 4643 pradictus
2863 4583 3009 4642 papa
3034 4568 3319 4642 septimus
3344 4565 3645 4638 Gregorius
3667 4564 3737 4620 in-

344 4671 469 4730 per,
504 4658 782 4716 maximas
806 4674 900 4715 res
926 4658 1190 4730 perfecit.
1229 4660 1367 4715 Cum
1400 4659 1553 4715 enim
1586 4657 1776 4715 adhuc
1800 4658 1855 4714 in
1883 4658 1996 4730 pri-
2025 4656 2077 4717 D
2110 4659 2428 4717 vestituras
2459 4659 2901 4732 episcopatuum
2934 4657 3122 4715 eidem
3159 4656 3278 4729 regi
3312 4654 3628 4713 conabatur
3652 4668 3739 4711 au-

346 4762 432 4804 ma
457 4746 767 4818 juventute
788 4746 945 4804 nulla
972 4745 1220 4817 fulgeret
1255 4746 1540 4816 dignitate
1571 4745 1994 4804 mcelesiastiea
2111 4749 2261 4805 ferre
2284 4745 2453 4821 (661).
2492 4746 2657 4815 Quod
2688 4738 2819 4804 cum
2852 4746 3136 4819 perficere
3167 4758 3279 4801 non
3314 4745 3531 4817 posset,
3565 4742 3733 4812 coegit

341 4836 432 4894 vel
481 4836 755 4907 seculari,
794 4850 899 4909 pro
939 4835 1219 4892 libertate
1268 4834 1574 4905 moclesize,
1628 4835 1791 4892 solus
1842 4835 1997 4893 inter
2105 4841 2301 4894 tamen
2326 4851 2457 4893 eum
2484 4833 2731 4892 firmiter
2754 4835 3100 4909 promittere
3130 4832 3284 4907 quod
3311 4846 3411 4889 eos
3435 4843 3629 4888 omnes
3651 4843 3737 4884 cx-

342 4941 545 4985 omnes
585 4927 894 4996 Metenses,
940 4924 1264 4997 imperialis
1306 4925 1631 4996 majestatis
1660 4925 1896 4985 culmini
1931 4941 1994 4984 se
2110 4925 2357 5000 pelleret
2380 4940 2410 4982 a
2434 4924 2558 4982 suis
2579 4925 2821 4982 sedibus
2850 4924 3158 4997 episcopos
3187 4938 3333 4995 quos
3358 4920 3554 4994 precio
3576 4918 3733 4976 sciret

343 5015 641 5089 opposuit.
678 5017 753 5073 Ea
790 5019 1164 5087 tempestate,
1211 5029 1321 5086 qua
1368 5029 1607 5086 regnum
1639 5019 1695 5071 et
1731 5015 1997 5075 sacerdo-
2109 5013 2548 5086 intrasse,etde
2567 5018 2769 5070 cetero
2792 5015 2989 5086 precio
3013 5012 3571 5084 nulliepiscopatum
3593 5007 3731 5064 dare.

341 5104 487 5161 tium
528 5104 871 5175 gravissimo
914 5102 1278 5161 dissidebant
1319 5102 1598 5162 scismate
1638 5136 1709 5145 —
1749 5105 1905 5177 quod
1939 5106 1994 5162 in
2109 5102 2290 5171 Quam
2316 5118 2435 5161 rem
2465 5117 2595 5161 cum
2632 5103 2936 5176 predictus
2968 5102 3291 5174 imperator
3318 5096 3731 5170 aggrederetur,

343 5190 556 5250 diebus
595 5192 860 5264 Gregorii
902 5206 1067 5264 papa:
1105 5191 1360 5263 septimi,
1403 5191 1498 5264 qui
1541 5192 1719 5265 priori
1765 5193 1996 5251 nomine
2108 5195 2336 5249 tantum
2379 5191 2628 5249 incurrit
2664 5193 2782 5248 fere
2814 5189 3067 5247 omnium
3101 5189 3299 5247 odium
3331 5186 3730 5259 episcoporum,

342 5280 773 5340 Hildebrandus
797 5279 1127 5351 dicebatur,
1151 5286 1327 5353 atque
1347 5280 1599 5339 lleinrici
1621 5282 1794 5340 tercii
1821 5283 1998 5356 impe-
2110 5280 2263 5353 quod
2282 5286 2482 5338 contra
2506 5281 2693 5353 ipsum
2714 5295 2908 5351 regem
2925 5278 3205 5350 Gregorio
3223 5291 3289 5350 pa
3300 5292 3384 5349 pa:
3405 5274 3730 5332 adheserunt

341 5370 558 5427 ratoris
578 5374 835 5442 ceptum,
870 5383 975 5441 per
1007 5374 1267 5441 tempora
1296 5369 1511 5426 Urbani
1535 5370 1832 5428 Paschalis
1863 5385 1999 5444 apo-
2109 5375 2316 5430 etcum
2335 5385 2465 5428 cum
2486 5370 2721 5426 domino
2741 5384 2885 5442 papa
2905 5366 3570 5426 exeommunicaverunt.
3597 5359 3730 5420 Multi

340 5458 685 5516 stolicorum
709 5472 900 5529 usque
919 5457 990 5514 ad
1010 5460 1275 5529 tempora
1301 5457 1509 5514 Calixti
1535 5474 1697 5531 papa:
1718 5459 2000 5532 perdura-
2111 5463 2304 5518 autem
2333 5473 2402 5515 ex
2431 5457 2831 5515 cardinalibus
2864 5456 2986 5528 regi
3020 5456 3399 5524 adheserunt,
3431 5457 3491 5508 et
3514 5450 3580 5509 de
3600 5448 3731 5507 clero

337 5543 498 5600 vit—
534 5547 648 5603 iste
671 5545 841 5604 homo
863 5560 1049 5605 novus
1069 5546 1229 5618 cepit
1251 5546 1418 5605 miles
1440 5547 1806 5605 mirabilibus
1842 5549 1999 5619 inge-
2111 5551 2496 5606 Romanorum
2540 5552 2715 5618 atque
2748 5546 2817 5602 de
2851 5544 3086 5618 populo.
3134 5545 3389 5611 Quorum
3431 5545 3628 5597 contra
3655 5550 3733 5610 pa-

1952 5666 2175 5721 NOTAE.

419 5754 564 5830 (661)
598 5758 917 5828 Scriptoris
945 5771 1150 5815 errore
1183 5758 1396 5829 cuique
1429 5760 1603 5817 facile
1635 5763 1940 5832 patebunt.
1977 5765 2146 5819 Certe
2176 5758 2506 5818 Heinricum
2534 5759 2608 5814 IlI
2631 5764 2684 5815 et
2716 5759 2782 5816 IV
2820 5774 2929 5815 non
2965 5757 3109 5815 satis
3141 5754 3434 5813 distinxit.
