3936 6416
318 379 469 453 1311

888 388 1161 459 GESTA
1202 390 1561 463 TREVER.
1588 426 1670 444 --
1696 390 2055 461 APPEND.
2100 390 2370 463 GESTA
2409 392 2881 466 ALBERONIS
2922 394 3169 469 ARCH.

3577 398 3740 470 l8l2

313 543 652 604 cramenta:
688 567 714 596 α
747 546 873 620 Ego
888 545 1114 607 Petrus
1148 548 1360 608 Leonis
1396 550 1544 623 jura
1589 548 1775 621 vobis,
1813 548 1966 622 quia
1994 524 2051 584 Α
2081 548 2175 609 tia
2194 548 2595 612 Romanorum
2618 553 2968 628 imperator,
2997 555 3055 615 et
3071 570 3251 632 regno
3264 555 3503 631 regalia
3529 558 3735 622 diruit-

232 693 241 702 .
310 634 559 693 domnus
574 648 745 709 papa
755 637 1037 709 proximo
1059 638 1157 697 die
1185 638 1476 700 dominico
1496 638 1858 715 adimplebit
1879 654 1968 700 re-

302 723 393 798 gi,
417 725 577 796 quod
598 725 665 782 in
693 726 865 785 carta
884 729 1284 788 conventionis
1306 730 1603 803 scriptum
1632 731 1736 790 est.
1766 755 1791 780 ι
1820 732 1966 789 Hac

306 813 451 871 sunt
466 816 848 874 sacramenta
876 831 952 874 ex
969 818 1179 877 nostra
1200 820 1375 891 parte
1391 842 1411 878 :
1437 842 1463 870 «
1482 822 1610 893 Ego
1627 834 1814 879 comes
1843 820 1964 878 He-

287 898 638 962 'rimannus.
662 905 793 976 Ego
809 919 994 965 comes
1007 906 1394 980 Godefridus.
1412 911 1539 982 Ego
1554 924 1741 968 comes
1755 908 1962 967 Fride-

300 992 620 1062 ricusEgo
640 992 969 1053 Folmarus.
995 996 1127 1067 Ego
1166 996 1527 1055 Adalbertus
1557 998 1962 1057 cancellarius

296 1079 631 1151 jurovobis,
672 1085 821 1154 quia
855 1083 1104 1142 domnus
1131 1099 1245 1142 rex
1279 1088 1564 1158 proxima
1601 1088 1829 1158 quarta
1864 1088 1966 1145 vel

303 1160 522 1233 quinta
547 1161 725 1238 feria
741 1164 835 1222 ita
840 1165 1150 1237 principes
1180 1167 1608 1239 jurarefaciet
1635 1167 1695 1225 et
1725 1167 1959 1227 obsides

302 1248 491 1319 dabit,
524 1251 689 1309 sicut
720 1252 790 1309 in
825 1253 998 1311 sarta
1043 1255 1446 1315 conventionis
1476 1257 1765 1328 scriptum
1794 1258 1897 1314 est.
1926 1279 1951 1305 ι

303 1338 453 1396 C'um
480 1354 618 1411 ergo
637 1343 1002 1413 supradicta
1015 1344 1416 1415 postulationi
1453 1346 1813 1417 insisterem,
1844 1348 1957 1405 sci-

302 1418 444 1476 licet
468 1420 541 1477 ut
555 1435 689 1480 cum
704 1423 965 1495 justicia
987 1425 1046 1481 et
1062 1425 1425 1485 auctoritate
1457 1427 1817 1499 promissam
1845 1428 1956 1485 mi-

300 1507 400 1567 chi
449 1512 885 1569 conventionem
908 1514 1213 1585 firmaret,
1262 1517 1563 1575 universis
1614 1518 1682 1576 in
1720 1517 1957 1589 faciem

298 1597 430 1667 ejus
468 1600 891 1659 resistentibus
913 1602 973 1657 et
1007 1603 1236 1661 decreto
1258 1618 1364 1662 suo
1399 1605 1657 1676 planam
1699 1605 1957 1665 heresim

294 1685 794 1757 inclamantibus,
829 1689 1067 1748 scilicet
1099 1693 1406 1763 episcOpis,
1456 1694 1793 1766 abbatibus,
1834 1696 1956 1752 tam

298 1775 430 1831 suis
459 1788 644 1845 quam
663 1779 906 1849 nostris,
938 1780 993 1835 et
1014 1780 1283 1838 omnibus
1319 1783 1578 1841 ecclesia
1621 1784 1794 1855 filiis,
1824 1784 1950 1853 hoc,

299 1861 355 1918 si
379 1864 554 1920 salva
565 1879 713 1936 pace
731 1866 990 1925 ecclesia
1018 1869 1136 1927 dici
1151 1870 1369 1941 potest,
1407 1872 1809 1944 privilegium
1817 1886 1954 1945 pro-

283 1951 469 2022 ferre
487 1953 683 2012 voluit
712 1974 724 2009 :
753 1975 782 2009 «
801 1956 1127 2015 Paschalis
1148 1960 1471 2030 episcopus,
1509 1975 1718 2019 servus
1760 1976 1951 2020 servo-

295 2046 431 2089 rum
461 2035 595 2106 Dei,
620 2035 978 2109 dilectoﬂlio
1001 2040 1289 2096 Heinrico
1305 2043 1435 2110 regi
1459 2043 1708 2112 ejusque
1727 2056 1950 2099 succes-

298 2121 551 2181 soribus.
587 2124 668 2181 Et
689 2125 909 2184 divina
941 2127 1089 2199 legis
1114 2128 1494 2186 institutione
1508 2130 1833 2188 sanctitum
1863 2130 1953 2189 est

300 2212 360 2268 et
375 2214 571 2272 sacris
601 2215 927 2274 canonibus
964 2216 1373 2289 interdictum,
1402 2232 1474 2275 ne
1501 2221 1833 2279 sacerdotes
1853 2235 1949 2280 cu-

294 2302 386 2360 ris
414 2303 788 2362 secularibus
807 2313 1181 2379 occupentur.
1214 2321 1357 2365 neve
1368 2309 1451 2366 ad
1468 2310 1831 2381 comitatum,
1856 2312 1949 2370 ni-

292 2391 349 2447 si
380 2390 727 2463 dampnatis
748 2393 842 2427 ⁴⁰⁶⁰
873 2396 1153 2454 eruendis
1197 2398 1307 2454 aut
1323 2412 1439 2469 pro
1468 2398 1616 2455 aliis
1651 2401 1758 2470 qui
1784 2401 1948 2472 inju-

291 2478 454 2536 riam
462 2480 812 2553 patiuntur,
839 2484 1141 2541 accedant.
1173 2486 1339 2542 Unde
1369 2487 1427 2543 ct
1462 2486 1764 2558 apostolus
1785 2489 1947 2546 Pau-

297 2567 424 2626 lus:
475 2592 500 2618 κ
539 2570 886 2643 Secularia,
943 2574 1168 2647 inquit,
1194 2574 1447 2646 judicia
1483 2578 1540 2633 si
1582 2575 1943 2650 habueritis,

293 2656 767 2730 contemptibiles
786 2663 897 2732 qui
915 2663 1136 2731 sunt-in
1156 2664 1424 2722 acclesia
1440 2666 1580 2722 illos
1600 2666 1947 2725 constituite

294 2746 810 2817 adjudicandum.
836 2774 861 2799 ιι
884 2752 962 2809 In
1005 2754 1181 2823 regni
1225 2754 1427 2810 autem
1459 2753 1647 2812 vestri
1669 2756 1945 2825 partibus

297 2835 557 2907 episcopi
586 2838 683 2893 vel
712 2838 955 2898 abbates
983 2842 1128 2898 adeo
1159 2842 1322 2900 curis
1369 2842 1745 2902 secularibus
1783 2859 1947 2903 occu-

289 2924 537 2995 pantur,
572 2927 641 2983 ut
671 2928 1016 2986 comitatum
1032 2931 1277 2988 assidue
1288 2932 1692 3004 frequentare
1711 2945 1764 2990 et
1784 2936 1947 2993 mili-

295 3013 454 3070 ciam
475 3029 742 3073 exercere
755 3019 1047 3089 cogantur
1071 3036 1085 3084 ;
1109 3034 1239 3091 qua
1259 3022 1550 3078 nimirum
1579 3024 1689 3079 aut
1705 3025 1811 3082 vix
1839 3027 1948 3083 aut

292 3101 457 3159 nullo
478 3103 643 3161 modo
667 3106 1068 3178 sinerapinis,
1094 3109 1458 3180 sacrilegiis,
1490 3111 1807 3181 incendiis,
1838 3116 1951 3172 aut

290 3189 650 3264 homicidiis,
684 3196 1054 3253 exhibentur.
1088 3197 1368 3257 Ministri
1395 3200 1554 3255 enim
1583 3200 1807 3261 altaris
1835 3207 1945 3263 mi-

286 3280 474 3340 nistri
516 3284 701 3342 curia
743 3286 1089 3358 sunt/acti,
1142 3290 1291 3361 quia
1337 3288 1631 3358 civitates,
1667 3290 1939 3365 ducatus,
1975 3309 2024 3373 α

285 3370 615 3442 marchias,
633 3376 920 3447 monet/1s,
959 3377 1522 3448 theloneum,curtes
1558 3379 1619 3434 et
1642 3380 1834 3438 cetera
1863 3385 1946 3441 ad

285 3461 459 3530 regni
480 3463 799 3521 servicium
812 3466 1187 3537 pertinentia
1214 3481 1253 3525 a
1279 3467 1523 3539 regibus
1566 3475 1937 3541 acceperunt.

292 3548 458 3605 Unde
484 3550 668 3608 etiam
695 3568 820 3611 mos
841 3557 1121 3613 acclesia
1140 3554 1548 3617 intolerabilis
1582 3559 1851 3633 inolevit,
1878 3570 1944 3620 ut

285 3635 454 3695 electi
478 3641 733 3713 episcopi
764 3644 933 3701 nullo
972 3646 1141 3702 modo
1180 3652 1681 3711 consecrationem
1717 3656 1942 3725 accipe-

279 3727 434 3798 rent,
460 3729 583 3787 nisi
592 3729 777 3802 prius
801 3747 908 3803 per
937 3748 1185 3809 manum
1212 3739 1445 3809 regiam
1481 3740 1934 3801 investirentur.

287 3814 417 3880 Qua
436 3830 516 3874 ex
533 3832 721 3877 causa
744 3822 804 3878 et
820 3825 1176 3894 sgmoniaca
1197 3826 1425 3885 heresis
1434 3832 1720 3900 pravitas
1747 3833 1804 3889 et
1817 3848 1940 3890 am-

283 3902 430 3962 bitio
450 3921 899 3982 nonnumquam
942 3912 1117 3970 tanta
1138 3918 1474 3989 prevaluit,
1517 3921 1589 3977 ut
1612 3921 1789 3980 nulla
1828 3925 1940 3981 ele-

279 3992 473 4052 ctione
488 4000 785 4067 premissa
799 4002 1154 4072 episcopales
1175 4006 1479 4065 cathedra
1507 4008 1942 4070 invaderentur

277 4082 611 4154 aliquando
634 4088 818 4145 etiam
835 4091 999 4149 vivis
1022 4093 1307 4165 episcopis
1328 4096 1604 4156 investiti
1625 4101 1782 4158 sunt.
1822 4104 1943 4161 His

276 4172 500 4231 etaliis
533 4177 821 4246 plurimis
846 4181 1049 4251 malis,
1075 4197 1208 4254 qua
1223 4198 1331 4254 per
1358 4186 1785 4246 investituram
1812 4193 1942 4264 ple-

272 4274 525 4333 rumque
546 4266 970 4338 contingerent,
985 4271 1430 4341 predecessores
1473 4278 1686 4349 nostri,
1718 4280 1942 4351 Grego.

270 4348 406 4408 rius
442 4352 612 4409 VII“
632 4355 692 4410 et
720 4356 998 4416 Urbanus
1015 4360 1163 4429 ῙῙυε,
1175 4361 1395 4433 felicis
1426 4368 1725 4425 memoria
1742 4348 1941 4440 ponti-

270 4440 430 4529 ﬁcos,
456 4443 729 4514 excitati,
755 4447 1016 4505 collectis
1032 4450 1397 4520 frequenter
1418 4455 1696 4513 conciliis
1717 4460 1936 4529 episeo-

267 4527 532 4600 palibus,
553 4532 950 4593 investituras
972 4536 1112 4596 illas
1129 4552 1346 4597 manus
1381 4540 1552 4600 laica
1573 4527 1933 4616 dampnave-

272 4618 450 4687 runt;
491 4620 552 4677 et
575 4622 633 4679 si
670 4624 780 4693 qui
819 4624 1171 4684 clericorum
1200 4643 1309 4699 per
1354 4644 1486 4687 eam
1523 4631 1937 4695 obtinuissent

271 4706 573 4780 ecclesias,
593 4710 981 4786 deponendos,
1008 4715 1245 4775 datores
1264 4733 1495 4790 quoque
1510 4734 1719 4779 earum
1737 4737 1928 4784 comu-

269 4794 446 4884 nione
457 4797 793 4870 privandos
806 4807 1297 4876 percensuerunt,
1308 4808 1502 4879 juxta
1522 4809 1683 4868 illud
1701 4815 1931 4884 aposto-

273 4883 525 4943 ticoru/m
565 4888 867 4947 hanonum
906 4892 1257 4964 capitulum,
1303 4896 1465 4967 quod
1482 4897 1577 4955 ita
1607 4913 1671 4957 se
1708 4883 1925 4961 habet:

274 4993 302 5024 α
327 4975 406 5033 Si
429 4976 572 5047 quis
591 4975 914 5051 episcopus,
944 4980 1130 5038 seculi
1151 4982 1548 5053 potestatibus
1568 5000 1732 5061 usus,
1758 4992 1927 5050 eccle-

268 5062 427 5120 siam
433 5078 541 5136 per
551 5065 712 5138 ipsos
722 5067 813 5101 ‘°“
825 5069 1113 5141 optineat,
1140 5071 1471 5144 deponatur
1486 5076 1544 5133 et
1558 5082 1919 5153 segregetur,

271 5164 587 5241 omnesque
598 5157 707 5225 qui
719 5157 821 5215 illi
833 5160 1289 5218 communicant.
1325 5180 1354 5214 ››
1380 5163 1641 5229 Quorum
1658 5169 1924 5241 vestigia

2077 641 2652 716 tendaprecipimus,
2676 660 2809 717 qua
2830 646 2913 704 ad
2927 661 3180 719 regnum
3207 648 3588 721 pertinebant
3604 665 3735 709 ma-

2073 729 2237 803 nifes
2249 732 2563 805 tetempore
2574 735 2745 791 Κανο
2752 736 2819 805 li,
2844 736 3099 809 Lodoyci
3116 738 3177 794 et
3189 738 3509 796 ceterorum
3523 740 3732 812 prede-

2073 832 2363 878 cessorum
2375 822 2627 880 tuorum.
2644 823 3075 884 Interdicimus
3087 826 3271 908 etiam
3283 827 3341 884 et
3350 828 3458 886 sub
3480 830 3732 888 anathe-

2069 909 2356 967 matis‘m
2381 911 2762 970 districtione
2761 914 3169 986 prohibemus,
3194 930 3263 972 ne
3283 917 3421 988 quis
3435 918 3727 993 episeOpo-

2067 1011 2206 1056 rum
2223 999 2322 1057 vel
2326 999 2626 1070 abbatum,
2634 1004 3009 1073 presentium
3021 1006 3503 1077 velfuturorum,
3518 1009 3727 1066 eadem

2067 1088 2309 1158 regalia
2336 1089 2426 1123 ⁶⁰⁶³
2438 1091 2663 1148 iurata
2674 1092 2711 1161 t,
2738 1092 2809 1149 id
2822 1093 2911 1151 est
2921 1093 3220 1165 civitates,
3261 1094 3532 1168 ducatus,
3560 1112 3723 1155 mar-

2068 1176 2260 1248 chias,
2285 1180 2621 1250 comitatus,
2644 1182 2931 1253 monetas,
2978 1182 3329 1247 thetoneum.
3371 1187 3716 1255 mercatum,

2067 1266 2441 1339 advocatias,
2456 1270 2613 1341 jura
2634 1270 3067 1341 centurionum,
3097 1272 3157 1329 et
3172 1274 3366 1332 curtes
3394 1289 3524 1346 qua
3539 1277 3718 1348 regni

2067 1355 2262 1426 erant,
2287 1357 2816 1429 cumpertinentiis
2826 1359 2977 1430 suis,
2990 1361 3289 1420 miliciam
3299 1362 3356 1419 et
3374 1362 3592 1435 castra,
3610 1379 3719 1423 nec

2064 1456 2129 1500 se
2139 1444 2431 1518 deinceps,
2448 1449 2575 1505 nisi
2584 1461 2692 1519 per
2696 1450 2970 1521 gratiam
2980 1452 3162 1521 regis,
3180 1451 3250 1508 de
3283 1453 3475 1523 ipsius
3493 1454 3716 1526 regali-

2068 1531 2174 1591 bus
2188 1534 2575 1593 intromittat.
2600 1539 2840 1596 Sednec
2872 1540 3128 1611 posteris
3140 1540 3361 1600 nostris
3393 1543 3589 1610 liceat,
3603 1545 3715 1616 qui

2056 1623 2308 1694 postnos
2320 1625 2387 1682 in
2398 1625 2725 1696 apostolica
2735 1628 2872 1685 sede
2886 1629 3398 1701 successerintw“,
3414 1632 3522 1688 aut
3535 1633 3588 1688 te
3600 1632 3718 1689 aut

2062 1726 2499 1786 regnumsuper
2535 1716 2642 1773 hoc
2664 1716 3008 1788 inquietare
3037 1719 3287 1790 negotio.
3313 1720 3497 1777 Porro
3525 1722 3712 1779 accie-

2063 1802 2192 1860 sias
2209 1816 2341 1859 cum
2352 1802 2753 1863 oblationibus
2770 1806 2903 1877 Dei,
2926 1806 3314 1866 heriditariis
3330 1811 3709 1878 possessioni-

2066 1889 2189 1961 bus,
2206 1905 2339 1963 qua
2357 1893 2438 1950 ad
2445 1906 2696 1964 regnum
2709 1895 2877 1951 mani
2868 1895 3035 1967 feste
3054 1910 3169 1953 non
3186 1895 3279 1930 ⁴⁰⁶⁵
3299 1899 3702 1970 pertinebant,

2066 1979 2282 2039 liberas
2291 1996 2532 2039 manere
2544 1983 2937 2053 decernimus,
2953 1986 3113 2042 sicut
3123 1987 3186 2042 in
3200 1986 3296 2043 die
3310 1989 3706 2048 coronationis

2063 2068 2178 2126 tua
2187 2071 2575 2141 omnipotenti
2586 2073 2837 2129 Domino
2848 2072 2917 2131 in
2930 2075 3239 2144 conspectu
3251 2076 3423 2135 totius
3433 2077 3706 2136 acclesia

2054 2159 2406 2230 promisisti.
2438 2161 2985 2234 Oportetepiscopos
3020 2165 3185 2222 curis
3208 2165 3576 2225 secularibus
3611 2180 3702 2225 ex-

2044 2248 2284 2319 peditos
2300 2262 2509 2305 curam
2541 2263 2785 2307 suorum
2813 2265 2991 2322 agere
3011 2252 3381 2324 populorum,
3404 2269 3508 2313 nec
3535 2255 3702 2313 eccle-

2056 2335 2171 2395 siis
2180 2339 2311 2395 suis
2324 2337 2527 2396 abesse
2546 2340 2795 2398 diutius.
2812 2342 2943 2413 Ipsi
2957 2344 3115 2399 enim
3134 2343 3505 2414 pervigilant
3508 2346 3698 2416 juxta

2056 2427 2382 2499 apostolum
2412 2429 2699 2501 Paulum,
2722 2432 2905 2503 quasi
2923 2431 3227 2490 racionem
3244 2448 3359 2507 pro
3390 2434 3699 2494 animabus

2055 2517 2592 2577 eoru/mreddituri.
2622 2542 2647 2568 υ

2127 2629 2187 2682 3.
2223 2626 2296 2682 Ut
2323 2629 2516 2683 autem
2539 2640 2612 2682 ex
2630 2627 2832 2683 tenore
2845 2626 3112 2699 epistolae
3127 2631 3488 2701 perpendere
3504 2638 3690 2704 potes,

2054 2729 2088 2771 ο
2111 2713 2314 2785 lector,
2348 2729 2444 2772 res
2473 2714 2581 2772 ista
2610 2715 2685 2772 ad
2714 2715 2884 2773 ﬁnem
2917 2731 3028 2773 non
3058 2727 3145 2775 est
3184 2719 3480 2790 perducta,
3500 2722 3594 2778 sed
3615 2722 3694 2778 ef-

2057 2802 2391 2860 ﬁcientibus
2424 2802 2514 2860 bis
2537 2803 2636 2876 qui
2667 2818 2799 2860 cum
2824 2819 2961 2875 rege
2994 2810 3164 2862 erant
3193 2811 3354 2865 tanta
3402 2824 3472 2865 ex
3505 2810 3610 2867 hac
3635 2824 3695 2867 re
3774 2823 3783 2829 ‘

2056 2892 2338 2950 discrevit
2370 2892 2687 2963 discordia,
2722 2894 2879 2965 quod
2916 2895 3246 2966 interregis
3275 2899 3593 2956 exercitum
3636 2904 3697 2956 et

2054 2984 2349 3041 Romanos
2382 2984 2603 3041 acriter
2631 2983 2703 3040 ad
2734 2984 2954 3054 gradus
2978 2986 3173 3043 Sancti
3198 2989 3353 3044 Petri
3378 2993 3689 3061 pugnatum

2055 3068 2167 3135 est,
2183 3068 2244 3120 et
2264 3078 2367 3120 rex
2383 3078 2588 3136 papam
2611 3064 2907 3136 captivum
2936 3080 3120 3137 usque
3144 3068 3440 3126 Viterbum
3456 3070 3695 3128 adduxit

2055 3158 2116 3210 et
2147 3152 2425 3224 quosdam
2459 3153 2808 3211 cardinales.
2844 3155 2951 3211 Ubi
2976 3170 3098 3227 rex,
3125 3160 3187 3212 ut
3219 3157 3456 3227 dicitur,
3491 3160 3691 3216 cumin

2054 3241 2327 3300 aacclesia
2361 3242 2685 3315 respiceret
2713 3242 2990 3315 picturas,
3017 3245 3222 3303 videns
3249 3248 3427 3304 Jacob
3469 3247 3688 3305 luctan-

2053 3336 2172 3389 tem
2202 3345 2334 3389 cum
2355 3331 2580 3401 angelo,
2612 3331 2845 3389 domino
2875 3348 3039 3405 papae
3070 3335 3308 3391 eandem
3344 3352 3568 3409 quoque
3587 3339 3683 3395 de-

2053 3420 2398 3478 monstravit
2429 3421 2742 3493 picturam,
2777 3420 2978 3479 dit-ens
3000 3424 3267 3497 exemplo
3309 3426 3482 3484 Iacob
3512 3446 3531 3482 .-
3555 3428 3687 3485 Non

2051 3511 2359 3572 dimittam
2388 3512 2459 3583 te,
2483 3510 2610 3571 nisi
2642 3509 3020 3572 benedixeris
3039 3513 3194 3574 mihi
3216 3515 3380 3588 (Gen.
3398 3533 3573 3588 xxxn,
3596 3521 3686 3590 26)

2052 3600 2222 3673 (665).
2255 3601 2623 3673 Tandemque
2655 3615 2686 3658 a
2724 3606 2929 3660 coacto
2963 3601 3198 3661 domino
3259 3620 3402 3678 papa
3434 3621 3545 3663 non
3600 3622 3689 3664 so-

2052 3688 2167 3747 lum
2201 3690 2533 3748 unctionem
2562 3689 2925 3763 imperialem
2947 3692 3200 3750 extorsit
3222 3692 3385 3767 (Apr.
3432 3696 3542 3769 13),
3594 3696 3693 3752 im-

2050 3794 2143 3835 mo
2168 3778 2703 3851 etiamjuramenta,
2724 3780 2878 3852 quod
2894 3795 3205 3853 numquam
3223 3782 3279 3839 in
3306 3797 3436 3841 eum
3466 3799 3686 3841 excom-

2052 3867 2464 3924 municationis
2534 3869 2887 3943 sententiam
2952 3870 3263 3942 proferret.
3325 3872 3487 3940 Quod
3557 3888 3681 3931 cum

2051 3956 2177 4028 ipse
2208 3957 2477 4016 dominus
2511 3972 2680 4031 papa,
2714 3964 2778 4014 ut
2815 3958 2906 4016 vir
2962 3959 3062 4016 Dei
3122 3959 3389 4036 timorem
3445 3962 3679 4033 habens,

2051 4045 2298 4102 ﬁrmiter
2320 4048 2689 4117 observaret,
2728 4045 2936 4119 prelati
2968 4042 3577 4121 tamen'ecclesiarum,
3605 4051 3683 4107 vi-

2050 4130 2175 4192 cem
2206 4134 2285 4207 pii
2323 4135 2508 4207 patris
2539 4134 2829 4218 doleqtes,
2851 4150 2881 4193 a
2927 4138 3330 4196 communione
3383 4138 3682 4212 imperato-

2052 4223 2133 4278 ris
2165 4223 2596 4281 abstinuerunt.
2631 4224 2773 4281 Hinc
2797 4224 3115 4297 imperator
3144 4230 3346 4284 contra
3367 4227 3678 4295 ecclesias,

2050 4312 2183 4370 hinc
2220 4311 2500 4371 mcclesia
2530 4317 2735 4371 contra
2767 4312 3199 4386 imperatorem.
3224 4347 3295 4358 —
3342 4316 3451 4376 Sed
3481 4318 3683 4376 fortas-

2048 4401 2131 4458 sis
2159 4417 2193 4457 ο
2224 4401 2438 4458 lector!
2474 4403 2672 4461 verbis
2703 4417 2794 4461 me
2813 4402 3109 4477 deridebis
3131 4404 3375 4477 Horatii,
3397 4405 3674 4465 dicendo:

2828 4476 3127 4549 Amphora
3150 4476 3306 4549 cepit

2113 4561 2369 4621 Institui
2394 4581 2420 4635 ,-
2437 4564 2713 4637 vergente
2734 4564 2892 4636 rota,
2927 4578 3036 4624 cur
3058 4578 3272 4624 urceus
3298 4564 3465 4623 exit?

3042 4655 3155 4727 (De
3165 4655 3283 4713 art.
3302 4655 3451 4728 poet.
3478 4669 3530 4712 v.
3564 4658 3675 4724 21.)

2040 4741 2151 4800 hoc
2172 4741 2530 4815 signiﬁcans,
2564 4742 2721 4816 quod
2762 4759 2894 4803 cum
2952 4744 3262 4803 Alberonis
3316 4745 3673 4819 promiserim

2037 4835 2204 4902 gesta
2235 4845 2498 4903 narrare,
2529 4832 2600 4890 ad
2623 4833 3014 4894 Romanorum
3048 4834 3382 4908 pontiﬁcum
3405 4840 3577 4906 atque
3593 4850 3674 4891 re-

2035 4934 2169 4991 gum
2206 4920 2354 4977 facta
2384 4936 2474 4978 me
2508 4922 2935 4981 transtulerim.
2972 4923 3084 4981 Sed
3128 4940 3237 4996 ego
3268 4923 3371 4981 tibi
3420 4923 3670 4995 ejusdem

2034 5010 2232 5067 verbis
2258 5010 2485 5067 Horatii
2521 5011 2689 5069 facile
2720 5013 3082 5085 respondeo:

2102 5100 2226 5159 Nec
2238 5098 2511 5171 primum
2531 5100 2744 5173 medio,
2767 5101 3030 5161 medium
3062 5115 3169 5161 nec
3213 5100 3514 5243 digerant

269 5236 710 5333 subsequentes,
746 5245 803 5302 et
838 5259 944 5333 nos
978 5259 1180 5305 eorum
1206 5250 1566 5309 sententiam
1595 5236 1923 5329 episcopali
2030 5260 2187 5318 Tunc
2204 5260 2356 5318 enim
2382 5259 2653 5318 dominus
2670 5259 2905 5333 Albero,
2931 5261 3206 5320 Metensis
3219 5260 3486 5332 clericus,
3512 5259 3668 5319 solus

270 5327 523 5422 concilio
538 5332 1043 5404 conﬁrmavimus.
1065 5335 1199 5395 Tibi
1210 5338 1551 5412 itaque,jili
1572 5327 1916 5418 harissime,
2031 5348 2186 5406 inter
2208 5364 2431 5420 omnes,
2463 5350 2636 5408 immo
2656 5354 2865 5408 contra
2890 5327 3099 5411 omnes
3119 5352 3424 5422 Metenses,
3443 5327 3668 5407 domino

271 5415 700 5487 Heinricerex,
717 5422 1341 5501 etnuncperqtj/iciuon
1375 5431 1647 5489 nostrum
1661 5415 1921 5506 DeigraQ
2031 5452 2195 5510 papas
2226 5415 2441 5510 astitit,
2474 5438 2782 5512 vivacique
2802 5444 2931 5496 arte
2944 5444 3004 5498 et
3021 5438 3271 5499 consilio
3295 5415 3473 5498 multa
3489 5438 3559 5495 ad
3578 5440 3668 5495 ho—

1636 5530 1875 5588 VARIE
1912 5535 2314 5592 LECTIONES.

329 5584 426 5621 ιοσο

262 5666 295 5712 c
350 5655 636 5720 ‘°“'deest
664 5663 752 5720 ed.
785 5665 959 5738 Legg.
993 5666 1083 5739 ΙΙ,
1106 5655 1165 5740 pf
1198 5655 1287 5726 69.

456 5589 658 5681 93949.
684 5590 888 5681 651.?“
918 5592 1371 5681 illo_s'super_scr.
1415 5598 1511 5656 vel
1537 5598 1699 5673 ipsos
1729 5617 1776 5660 c.
1811 5603 1903 5638 ‘0"
1956 5589 2331 5664 anathemate
2361 5621 2408 5665 c.
2444 5606 2537 5640 ⁴⁰⁶³
2570 5606 2660 5666 bis
2691 5608 2987 5681 scriptum
3038 5622 3088 5665 c.
3142 5608 3235 5643 ⁶⁰⁶⁶
3282 5608 3665 5665 successerint

1853 5747 2072 5805 NOT/E.

345 5798 474 5867 (666
513 5845 526 5860 .
562 5802 625 5859 ν.
661 5805 1063 5865 Ekkehardum
1093 5825 1143 5865 a.
1178 5815 1331 5868 1111.
