3948 6418
455 339 560 395 239

956 333 1010 387 S.
1071 327 1424 387 BRUNONIS
1480 324 2121 384 CARTHUSIANORUM
2182 318 2664 378 INSTITUTORIS
2722 316 2872 375 OPP.
2932 315 3107 372 PARS
3163 316 3231 369 ll.

3643 309 3752 369 2‘0

458 461 635 516 nimus
667 479 685 517 :
717 458 844 533 quia
876 458 1213 531 temporalia
1254 460 1391 512 sunt
1438 472 1560 527 quae
1607 454 1880 510 videntur.
1918 451 2046 505 Ideo
2066 451 2118 511 Α
2148 447 2471 504 mortalitate
2500 446 2676 503 adhuc
2701 452 2969 511 tenemur,
2996 448 3049 497 et
3076 448 3290 511 tempus
3321 445 3488 533 notat,
3523 435 3746 533 quando

460 567 582 624 (μιαν
604 566 716 605 non
740 548 1008 605 videntur
1035 545 1431 613 desideramus,
1484 543 1612 617 quia
1643 547 1859 599 (eterna
1911 542 2049 597 sunt

462 655 585 712 qua:
614 653 721 693 non
754 636 1018 693 videntur.

1088 775 1311 831 CAPUT
1341 774 1405 830 V.

538 913 560 943 ι
597 891 811 947 Scimus
858 888 1004 946 enim
1059 888 1313 961 quoniam
1343 887 1389 943 si
1419 885 1690 942 terrestris
1727 883 1919 941 domus
1948 898 2051 939 no-

469 1004 491 1029 ιι
527 989 637 1036 stra
663 979 825 1049 hujus
854 977 1205 1034 habitationis
1234 975 1581 1041 dissolvatur,
1617 974 1762 1046 quod
1812 971 2052 1028 aedifica-

468 1093 490 1117 «ι
526 1069 728 1124 tionem
760 1083 827 1123 ex
847 1067 963 1122 Deo
982 1066 1267 1134 habemus,
1284 1064 1508 1120 domum
1540 1079 1647 1118 non
1668 1061 2053 1127 manufactam,

468 1180 491 1205 ε
533 1157 631 1212 sed
660 1164 918 1212 aeternam
949 1155 1004 1209 in
1033 1155 1205 1210 cmlis.
1248 1153 1386 1207 Nam
1424 1159 1478 1207 et
1505 1152 1560 1206 in
1589 1152 1692 1207 hoc
1739 1149 2056 1223 ingemisci-

474 1265 498 1297 ι
531 1261 672 1309 mus,
697 1243 1082 1298 habitationem
1110 1249 1350 1297 nostram
1383 1256 1501 1311 quae
1558 1240 1626 1294 de
1657 1239 1796 1295 cmlo
1843 1246 1926 1293 est
1956 1255 2054 1292 su-

472 1355 496 1385 ι
540 1332 793 1405 perindui
839 1331 1120 1403 cupientes
1152 1348 1166 1384 :
1200 1330 1245 1384 si
1271 1338 1451 1384 tamen
1483 1328 1680 1394 vestiti,
1705 1336 1758 1383 et
1790 1344 1899 1383 non
1926 1326 2057 1382 nudi

475 1446 498 1473 ι
533 1422 897 1477 inveniamur.
938 1421 1076 1475 Nam
1133 1427 1185 1473 et
1228 1419 1320 1490 qui
1370 1435 1557 1473 sumus
1606 1417 1661 1471 in
1702 1416 2057 1472 tabernaculo

473 1533 497 1563 ι
532 1512 655 1575 isto,
691 1508 1101 1581 ingemiscimus
1132 1508 1374 1580 gravati,
1408 1523 1475 1562 eo
1505 1507 1651 1579 quod
1680 1506 1933 1561 nolumus
1961 1521 2059 1559 ex-

475 1622 497 1647 :
535 1598 776 1670 spoliari,
830 1597 927 1653 sed
959 1595 1330 1667 supervestiri,
1392 1602 1451 1649 ut
1504 1595 1862 1649 absorbeatur
1916 1594 2063 1666 quod

476 1712 498 1736 α
536 1687 764 1743 mortale
796 1694 897 1753 est,
930 1701 961 1739 a
990 1685 1120 1740 vita.
1154 1683 1258 1753 Qui
1285 1691 1465 1738 autem
1514 1682 1673 1738 eﬁicit
1706 1698 1807 1737 nos
1866 1682 1920 1736 in
1959 1683 2063 1738 hoc

478 1801 499 1823 ιι
534 1776 936 1868 ipsum-Deus,
970 1773 1061 1845 qui
1091 1773 1242 1827 dedit
1268 1772 1426 1868 nobis
1455 1772 1655 1844 pignus
1685 1771 1931 1868 spiritus.
1961 1773 2065 1825 Au-
2085 1808 2137 1868 Β

479 1886 502 1915 ι
533 1864 725 1920 dentes
744 1862 911 1935 igitur
931 1877 1170 1931 semper,
1195 1867 1249 1915 et
1278 1861 1511 1915 scientes
1534 1860 1790 1932 quoniam
1822 1859 1951 1913 dum
1983 1875 2066 1913 su-

481 1976 503 2001 αι
538 1968 662 2008 mus
691 1952 745 2005 in
775 1952 880 2006 hoc
899 1965 1150 2021 corpore,
1183 1948 1599 2021 peregrinamur
1624 1964 1653 2002 a
1685 1949 1937 2003 Domino.
1957 1949 2067 2002 Per

483 2065 506 2089 α
539 2040 703 2095 fidem
730 2038 873 2094 enim
922 2037 1288 2103 ambulamus,
1320 2045 1373 2092 et
1401 2053 1509 2092 non
1538 2052 1639 2108 per
1669 2037 1927 2108 speciem.
1948 2038 2064 2091 Au-

481 2152 504 2177 ιι
539 2128 732 2184 demus
760 2134 959 2194 autem,
994 2134 1046 2181 et
1076 2126 1274 2181 bonam
1305 2125 1634 2181 voluntatem
1664 2125 1923 2180 habemus
1944 2140 2065 2180 ma-

483 2238 506 2269 ι
542 2217 628 2289 gis
656 2214 994 2287 peregrinari
1050 2229 1083 2269 a
1137 2229 1385 2285 corpore,
1418 2222 1469 2269 et
1497 2222 1797 2285 praesentes
1827 2230 1949 2269 esse
1998 2213 2068 2268 ad

490 2323 512 2359 ι
547 2304 836 2361 Dominum
866 2302 1104 2376 [Deum],
1139 2311 1191 2358 et
1220 2303 1345 2358 ideo
1383 2302 1761 2358 contendimus
1818 2304 1933 2357 sive
1963 2302 2067 2357 ab-

488 2415 511 2446 ι
545 2401 728 2448 sentes
758 2392 873 2447 sive
919 2399 1218 2463 praesentes
1272 2391 1492 2463 placere
1534 2391 1629 2445 illi.
1663 2390 1869 2446 Omnes
1924 2391 2069 2446 enim

487 2503 512 2534 α
549 2498 651 2537 nos
682 2479 1018 2536 manifestari
1047 2488 1257 2551 oportet
1304 2488 1428 2535 ante
1482 2479 1718 2534 tribunal
1749 2480 1979 2546 Christi,
2013 2487 2071 2534 ut

490 2592 513 2622 ι
549 2568 750 2625 referat
776 2568 1145 2641 unusquisque
1168 2570 1393 2640 propria
1421 2569 1668 2640 corporis
1689 2577 1848 2640 prout
1879 2568 2068 2641 gessit,

491 2681 513 2710 ι
549 2659 664 2714 sive
694 2659 894 2713 bonum
917 2658 1033 2711 sive
1080 2657 1299 2712 malum.
1351 2657 1596 2713 Scientes
1644 2673 1780 2729 ergo
1821 2657 2073 2711 timorem

493 2770 514 2798 ε
550 2746 767 2802 Domini
788 2746 1097 2802 hominibus
1146 2746 1457 2812 suademus,
1487 2747 1604 2801 Deo
1633 2755 1813 2801 autem
1843 2745 2072 2800 manife-

495 2859 517 2884 α
552 2836 619 2891 sti
642 2851 849 2890 sumus.
910 2835 1084 2905 Spero
1131 2842 1311 2890 autem
1333 2842 1386 2890 et
1415 2834 1469 2889 in
1500 2834 1847 2891 conscientiis
1878 2834 2074 2889 vestris

493 2946 516 2975 ι
550 2923 869 2979 manifestos
898 2939 997 2978 nos
1026 2940 1167 2978 esse.
1226 2925 1348 2979 Non
1392 2924 1586 2978 iterum
1632 2923 2076 2978 commendamus

491 3034 515 3065 «
552 3028 655 3068 nos
682 3011 858 3078 vobis,
892 3013 990 3067 sed
1018 3012 1361 3067 occasionem
1410 3012 1604 3066 damus
1632 3011 1786 3066 vobis
1809 3010 2078 3081 gloriandi

496 3124 517 3149 ιι
549 3115 651 3173 pro
681 3101 875 3167 ncbis;
916 3107 975 3155 ut
1002 3101 1245 3156 habeatis
1280 3100 1348 3155 ad
1396 3116 1511 3167 eos,
1546 3099 1637 3172 qui
1676 3100 1730 3153 in
1770 3099 1905 3155 facie
1952 3099 2074 3170 glo-

2152 538 2267 593 hinc
2298 534 2529 592 habituri
2559 550 2747 589 sumus
2778 533 2958 588 solum
3003 537 3126 602 post
3182 526 3619 594 dissolutionem,
3652 524 3744 578 di-

2151 641 2282 683 cens
2315 642 2329 680 :
2358 625 2500 680 Vere
2524 639 2641 696 qua:
2670 638 2782 677 non
2808 620 3058 676 videntur
3074 626 3271 674 aeterna
3294 623 3419 672 sunt
3445 630 3456 669 :
3480 631 3618 670 nam
3638 627 3744 668 nos

2152 715 2348 787 quibus
2378 713 2528 770 credi
2557 718 2788 783 oportet,
2819 710 3030 765 scimus
3074 707 3360 781 quoniam,
3402 704 3461 761 1
3482 702 3639 760 '72
3688 700 3746 756 id

2152 812 2234 858 est
2256 801 2401 875 quod
2431 803 2481 858 si
2512 800 2800 857 terrestris
2855 799 3052 853 domus
3097 799 3314 860 nostra,
3347 792 3402 847 id
3434 800 3515 848 est
3545 806 3747 862 corpus

2152 901 2418 957 nostrum,
2442 889 2670 945 materia
2690 896 2742 943 et
2765 887 2887 943 loco
2906 884 3252 941 habitationis
3273 891 3581 947 terrenum;
3617 879 3750 951 quia

2154 990 2207 1037 et
2237 981 2305 1036 de
2334 987 2480 1035 terra
2510 986 2611 1043 est,
2647 985 2697 1032 et
2727 976 2782 1031 in
2812 984 2957 1031 terra
2988 973 3210 1029 habitat.
3246 973 3451 1027 Domus
3472 970 3595 1025 ideo
3617 967 3749 1040 quia

2153 1070 2332 1125 anima
2360 1068 2414 1123 in
2437 1084 2502 1123 eo
2524 1066 2728 1122 habitat
2743 1064 2888 1120 velut
2909 1062 3103 1135 aliquis
3116 1062 3169 1116 in
3191 1061 3373 1116 domo.
3398 1060 3475 1125 Si,
3498 1059 3745 1130 inquam,

2157 1160 2355 1215 domus
2387 1160 2587 1212 nostra
2619 1155 2787 1227 hujus
2818 1161 2929 1208 tam
2960 1151 3143 1206 brevis
3173 1158 3225 1206 et
3253 1157 3364 1204 tam
3396 1150 3619 1204 miserae
3648 1145 3754 1200 ha-

2157 1247 2455 1303 bitationis
2483 1244 2844 1307 dissolvatur,
2878 1239 3154 1312 praedictis
3183 1235 3614 1293 tribulationibus
3644 1249 3751 1306 pro

2159 1336 2375 1392 Christo
2433 1333 2608 1405 passis
2662 1347 2673 1385 :
2720 1332 2843 1395 hoc,
2905 1329 3144 1401 inquam,
3203 1343 3426 1393 setmus,
3486 1324 3611 1396 quia
3669 1323 3752 1379 sic

2159 1424 2485 1479 dissolvetur
2520 1436 2531 1475 :
2568 1428 2619 1476 et
2648 1418 2865 1491 quando
2902 1417 3230 1471 dissolvetur
3285 1415 3426 1487 quod
3483 1414 3752 1469 habemus

2157 1515 2540 1586 prreparatam
2560 1508 2993 1576 wdiﬁcationcm
3016 1522 3089 1560 ex
3107 1506 3232 1571 Deo,
3248 1503 3303 1559 id
3325 1510 3405 1558 est
3426 1518 3623 1572 corpus
3649 1501 3755 1554 im-

2162 1599 2405 1665 mortale,
2438 1596 2596 1653 nobis
2626 1594 2949 1651 aedificatum
2985 1609 3017 1649 a
3057 1594 3172 1648 Deo
3203 1612 3221 1648 :
3252 1607 3358 1647 non
3416 1591 3562 1663 quod
3601 1590 3753 1644 Deus

2161 1688 2393 1744 mortale
2426 1702 2623 1758 corpus
2646 1700 2755 1740 non
2783 1683 2969 1739 fecerit
3004 1700 3017 1737 :
3051 1682 3147 1736 sed
3178 1681 3301 1752 quia
3342 1679 3473 1734 illud
3515 1695 3613 1750 per
3642 1678 3754 1732 mi-

2162 1777 2443 1833 nisterium
2469 1773 2701 1829 masculi
2730 1781 2782 1827 et
2812 1771 3027 1827 femina:
3055 1785 3407 1826 concrescere
3431 1761 3611 1838 jussit.
3640 1767 3755 1821 lm-

2165 1865 2393 1921 mortale
2425 1872 2605 1919 autem
2633 1878 2829 1932 corpus
2875 1860 2991 1915 sine
3049 1859 3299 1914 ministro
3333 1876 3346 1912 :
3379 1866 3431 1913 et
3459 1856 3576 1928 ipse
3607 1855 3757 1910 idem

2166 1956 2220 2010 in
2252 1971 2317 2010 eo
2346 1954 2505 2008 faciet
2536 1950 3012 2006 immortalitatem.
3048 1948 3322 2003 Habemus
3364 1946 3550 2018 utique
3586 1943 3759 1999 {edifi-

2166 2044 2455 2105 cationem,
2491 2042 2716 2106 scilicet,
2750 2040 2993 2105 domum,
3056 2055 3171 2094 non
3218 2053 3417 2101 manu,
3449 2036 3504 2091 iul
3534 2043 3617 2091 est
3644 2050 3759 2091 non

2166 2150 2264 2206 per
2297 2130 2659 2187 ministerium
2706 2128 2927 2183 alterius
2975 2130 3211 2199 factam,
3246 2126 3341 2181 sed
3385 2130 3661 2180 wternam
3692 2125 3758 2179 in

2168 2224 2321 2277 caelis
2349 2228 2403 2276 et
2429 2226 2860 2291 permanentem.
2884 2217 2981 2270 Per
2998 2216 3219 2270 domum
3244 2223 3295 2269 et
3319 2230 3416 2285 per
3436 2211 3759 2268 aedificatio-

2168 2326 2313 2379 nem,
2334 2303 2850 2379 corpusi‘mmortale
2868 2303 3149 2376 significat.
3176 2304 3312 2357 Vere
3333 2302 3657 2357 habebimus
3668 2302 3765 2357 do-

2170 2414 2319 2453 mum
2352 2405 2609 2452 azternam
2632 2396 2686 2449 in
2711 2394 2863 2449 cmlis
2898 2408 2909 2446 :
2941 2410 3077 2447 nam
3090 2408 3189 2447 nos
3209 2392 3631 2463 ingemiscimus
3649 2406 3762 2445 non

2172 2494 2399 2559 propter
2429 2501 2491 2540 ea
2521 2499 2642 2555 quae
2671 2483 2925 2554 patimur,
2959 2497 3069 2536 non
3097 2480 3243 2552 quod
3272 2480 3341 2534 de
3370 2479 3621 2534 habenda
3650 2477 3762 2533 im-

2173 2574 2503 2630 mortalitate
2534 2572 2824 2627 timeamus
2858 2586 2869 2623 :
2904 2569 2999 2624 sed
3029 2568 3439 2641 ingemiscendo
3469 2566 3762 2622 desidera-

2173 2680 2296 2719 mus
2328 2665 2389 2718 in
2423 2661 2541 2726 hoc,
2574 2660 2627 2715 id
2657 2669 2738 2715 est
2784 2659 2840 2713 in
2888 2659 3027 2713 hanc
3062 2656 3520 2712 immortalitatem
3549 2655 3759 2711 venire.

2175 2751 2612 2825 lngemiscimus,
2648 2749 2887 2821 inquam,
2924 2748 3216 2819 cupientes
3245 2745 3580 2819 superindui
3612 2760 3625 2798 :
3658 2759 3765 2799 nos

2168 2842 2282 2911 jam
2314 2839 2484 2895 induti
2520 2853 2708 2893 sumus
2743 2834 3182 2905 justificationem
3213 2834 3409 2890 anima:
3443 2849 3455 2888 :
3488 2842 3540 2890 et
3596 2848 3767 2904 super

2173 2930 2279 2984 hoc
2322 2927 2573 2983 volumus
2643 2925 2790 2980 indui
2861 2924 3249 2979 habitationem
3295 2930 3559 2987 nostram,
3593 2921 3650 2977 id
3680 2928 3766 2976 est

2174 3017 2419 3089 corporis
2440 3014 2900 3069 immortalitatem
2930 3030 3050 3084 quae
3078 3011 3341 3067 habitatio
3371 3018 3453 3066 est
3477 3010 3634 3065 nobis
3662 3026 3768 3066 ve-

2174 3108 2329 3161 niens
2359 3106 2427 3159 de
2457 3103 2617 3160 coelo.
2652 3101 3034 3157 Immortalitas
3080 3101 3225 3155 enim
3255 3100 3408 3155 vobis
3451 3106 3770 3155 reservatur

495 3210 517 3241 ι
557 3189 779 3257 riantur,
812 3197 865 3244 et
894 3205 1003 3244 non
1032 3189 1086 3244 in
1114 3190 1303 3244 corde.
1344 3189 1469 3244 Sive
1527 3188 1669 3243 enim
1709 3196 1890 3243 mente
1922 3204 2079 3243 exce-
2100 3167 2145 3225 θ
2177 3196 2232 3250 in
2260 3194 2435 3251 caelis.
2470 3194 2583 3248 Hac
2614 3200 2794 3246 tamen
2824 3190 3135 3246 conditione
3165 3189 3287 3245 dico
3318 3187 3638 3260 superindui
3672 3202 3685 3242 :
3719 3188 3772 3244 si

497 3300 518 3327 ε
555 3277 752 3345 dimus,
785 3279 900 3333 Deo
933 3295 946 3331 :
980 3278 1095 3332 sive
1148 3277 1313 3331 sobrii
1358 3292 1563 3343 sumus,
1607 3277 1780 3332 vobis.
1832 3277 2079 3331 Charitas

493 3389 516 3414 ι
555 3366 700 3421 enim
721 3366 916 3421 Christi
950 3373 1111 3438 urget
1150 3382 1251 3420 nos
1283 3383 1296 3419 :
1328 3366 1659 3420 aestimantes
1678 3366 1799 3431 hoc,
1825 3365 2079 3437 quoniam

494 3476 517 3506 ι
553 3454 599 3509 si
630 3471 770 3509 unus
806 3470 909 3526 pro
965 3454 1219 3509 omnibus
1265 3461 1513 3509 mortuus
1559 3462 1661 3523 est,
1711 3470 1841 3527 ergo
1889 3469 2079 3509 omnes

495 3563 518 3593 ι
552 3542 754 3598 mortui
785 3549 928 3608 sunt,
962 3549 1015 3597 et
1043 3558 1141 3612 pro
1183 3542 1437 3597 omnibus
1489 3550 1731 3597 mortuus
1789 3551 1867 3597 est
1925 3541 2079 3597 Chri-

497 3654 519 3679 α
558 3639 670 3686 stus
707 3650 719 3685 :
749 3639 807 3685 ut
848 3638 904 3685 et
946 3630 1038 3702 qui
1068 3630 1274 3695 vivunt,
1300 3631 1411 3699 jam
1438 3646 1546 3686 non
1597 3631 1697 3685 sibi
1727 3631 1949 3698 vivant;
1982 3631 2078 3686 sed

495 3741 519 3770 ι
552 3720 603 3774 ei
632 3719 725 3791 qui
749 3735 851 3790 pro
871 3719 1005 3790 ipsis
1051 3727 1296 3773 mortuus
1325 3726 1425 3785 est,
1473 3728 1527 3774 et
1546 3720 1861 3774 resurrexit.
1896 3721 2080 3791 Itaque

496 3830 518 3854 «
553 3822 655 3862 nos
686 3823 752 3861 ex
780 3808 884 3861 hoc
913 3806 1184 3861 neminem
1216 3808 1465 3862 novimus
1487 3808 1783 3863 secundum
1820 3824 2078 3863 carnem:
2132 3822 2145 3837 δ

497 3917 519 3942 α
557 3902 609 3951 et
652 3894 699 3948 si
751 3894 1108 3967 cognovimus
1164 3896 1462 3951 secundum
1516 3912 1735 3952 carnem
1784 3896 2078 3963 Christum,

496 4006 518 4031 υ
555 3983 650 4038 sed
672 3999 816 4039 nunc
838 3984 948 4053 jam
970 3999 1080 4039 non
1109 3985 1376 4039 novimus.
1410 3985 1465 4040 Si
1497 4002 1600 4058 qua
1633 4001 1768 4057 ergo
1825 3985 1880 4038 in
1918 3984 2081 4039 Chri-

498 4095 520 4119 u
558 4080 641 4127 sto
670 4087 813 4127 nova
840 4081 1091 4128 creatura
1120 4081 1219 4139 est,
1252 4082 1439 4129 vetera
1469 4076 1835 4139 transierunt,
1871 4081 1923 4129 et
1952 4089 2082 4129 ecce

500 4181 523 4211 ι
568 4160 708 4216 facta
739 4168 863 4215 sunt
890 4161 1072 4217 omnia
1098 4177 1241 4217 nova
1263 4163 1413 4231 (Isai.
1438 4178 1591 4230 xuii,
1626 4166 1729 4229 19;
1763 4164 1927 4233 Apoc.
1961 4175 2080 4230 xxi,

502 4271 524 4296 α
561 4250 636 4319 5).
675 4249 871 4305 Omnia
901 4259 1081 4305 autem
1111 4267 1176 4306 ex
1234 4252 1369 4321 Deo,
1430 4252 1522 4324 qui
1559 4267 1661 4307 nos
1717 4250 2085 4307 reconciliavit

505 4359 526 4386 α
564 4337 667 4392 sibi
718 4355 818 4409 per
864 4338 1175 4394 Christum:
1210 4347 1264 4395 et
1307 4340 1455 4395 dedit
1510 4340 1670 4396 nobis
1723 4338 2085 4394 ministerium

502 4446 525 4476 ι
560 4426 1036 4483 reconciliationis.
1094 4427 1365 4497 Quoniam
1429 4429 1648 4501 quidem
1686 4428 1832 4484 Deus
1890 4426 2086 4482 eratin

2176 3300 2278 3339 nos
2307 3283 2671 3339 inveniamur
2697 3280 2755 3334 in
2774 3279 2863 3334 die
2900 3279 2993 3333 illo
3024 3279 3212 3334 vestiti
3231 3277 3614 3346 justificatione
3643 3276 3770 3331 ani-

2177 3390 2300 3438 mm,
2335 3387 2455 3443 quae
2480 3370 2534 3423 in
2557 3368 2827 3439 baptismo
2858 3373 2983 3422 data
3012 3375 3095 3421 est
3150 3367 3307 3422 nobis
3354 3365 3527 3437 prima
3570 3365 3767 3420 vestis.

2178 3461 2390 3517 Diceret
2425 3459 2517 3513 ille
2552 3474 2564 3513 :
2598 3457 2746 3513 Sicut
2776 3456 2954 3512 vestiti
2976 3456 3049 3510 ita
3077 3463 3130 3510 et
3159 3455 3290 3510 nudi
3344 3471 3535 3510 omnes
3590 3453 3771 3509 indis-

2179 3558 2323 3605 crete
2354 3546 2829 3618 superinduentur.
2878 3545 2995 3599 lloc
3034 3551 3296 3599 removet.
3329 3543 3519 3599 Vestiti
3549 3542 3776 3614 quidem

2179 3638 2471 3693 induentur
2501 3653 2514 3689 :
2553 3635 2649 3690 sed
2678 3634 2809 3688 nudi
2836 3633 3044 3703 justitia
3086 3632 3281 3686 animze
3310 3648 3419 3687 non
3472 3632 3779 3687 vestientur

2182 3724 2427 3797 corporis
2459 3722 2883 3778 immortalitate.
2908 3722 3073 3775 Notat
3101 3720 3187 3775 hic
3219 3720 3325 3775 duo
3355 3734 3559 3793 genera
3588 3719 3776 3775 bono-

2181 3831 2298 3870 rum
2336 3831 2349 3868 :
2382 3811 2849 3882 contemplativos,
2883 3809 2952 3865 de
2974 3809 3171 3881 quibus
3192 3809 3356 3863 modo
3386 3807 3635 3879 praedixit
3669 3823 3682 3861 :
3722 3816 3777 3864 et

2181 3919 2275 3959 eos
2307 3901 2474 3973 quiin
2512 3900 2688 3955 activa
2745 3900 2851 3953 vita
2906 3906 3209 3967 manentes,
3264 3897 3526 3967 justitiam
3586 3904 3778 3953 tamen

2183 3992 2283 4047 Dei
2314 3988 2619 4046 custodiunt
2656 4004 2669 4043 :
2704 3987 2774 4043 de
2794 3986 2988 4059 quibus
3018 3987 3197 4041 subdit
3218 3986 3406 4041 dicens
3441 4004 3453 4039 :
3483 3985 3626 4041 Vere
3647 4002 3782 4056 per-

2185 4079 2311 4136 fecti
2340 4077 2725 4151 ingemiscunt,
2758 4076 3037 4146 cupientes
3061 4074 3780 4146 supermduiimmortalita-

2184 4177 2293 4223 tem
2328 4186 2342 4222 :
2374 4184 2511 4222 nam
2542 4166 2706 4220 etiam
2734 4181 2833 4219 nos
2863 4164 3040 4218 minus
3065 4162 3312 4234 perfecti,
3362 4164 3455 4236 qui
3484 4179 3680 4218 sumus
3714 4166 3781 4218 in

2189 4255 2553 4312 tabernaculo
2585 4255 2695 4309 isto
2726 4270 2738 4308 :
2773 4253 2970 4324 quibus
3001 4252 3202 4307 bonum
3240 4259 3323 4307 est
3366 4267 3488 4305 esse
3527 4251 3579 4305 in
3612 4266 3783 4307 carne

2188 4353 2241 4400 et
2268 4344 2470 4399 nutrire
2503 4357 2622 4397 eam
2665 4358 2829 4413 :qute
2877 4356 3007 4396 caro
3056 4339 3463 4396 tabernaculum
3522 4339 3722 4395 dicitur
3764 4358 3779 4394 :

2190 4433 2313 4505 quia
2330 4432 2383 4487 in
2402 4447 2468 4487 ea
2486 4430 2714 4485 militare
2737 4430 2898 4485 debet
2921 4429 3104 4484 anima
3125 4430 3240 4485 Deo
3268 4447 3281 4483 :
3313 4444 3413 4484 nos
3444 4427 3606 4483 etiam
3639 4428 3786 4483 tales

503 4537 525 4561 «
562 4515 779 4571 Christo
803 4516 1067 4571 mundum
1094 4516 1456 4572 reconcilians
1487 4517 1589 4572 sibi
1622 4533 1633 4571 :
1664 4532 1775 4571 non
1830 4521 2157 4587 reputansD
2187 4521 2609 4593 ingemiscimus
2639 4539 2657 4574 :
2690 4517 3008 4589 superindui
3030 4517 3280 4572 similiter
3300 4516 3579 4588 cupientes
3614 4516 3789 4573 :licet

503 4625 525 4650 κ
560 4603 667 4658 illis
715 4604 910 4660 delicta
955 4605 1223 4676 ipsorum,
1257 4614 1309 4660 et
1339 4606 1519 4677 posuit
1549 4605 1603 4659 in
1657 4604 1814 4660 nobis
1861 4602 2086 4659 verbum

504 4715 526 4739 α
561 4692 1038 4749 reconciliationis.
1073 4694 1176 4749 Pro
1204 4694 1420 4750 Christo
1477 4709 1608 4764 ergo
1661 4692 1930 4763 legatione
1960 4691 2089 4746 fun-

505 4801 528 4831 α
564 4781 764 4853 gimur,
798 4789 1054 4853 tanquam
1086 4783 1202 4838 Deo
1230 4784 1547 4838 exhortante
1593 4797 1694 4853 per
1734 4796 1855 4835 nos.
1909 4779 2089 4835 Obse-

505 4893 527 4916 ιι
563 4885 777 4925 cramus
806 4885 908 4940 pro
937 4871 1171 4935 Christo,
1203 4870 1631 4927 reconciliamini
1660 4870 1795 4924 Deo.
1829 4869 1970 4923 Eum
2000 4867 2093 4939 qui

507 4973 531 5004 ι
566 4967 676 5007 non
704 4962 928 5009 noverat
956 4963 1257 5025 peccatum,
1290 4970 1391 5025 pro
1420 4954 1577 5009 nobis
1606 4961 1889 5024 peccatum
1917 4952 2043 5007 fecit
2075 4968 2089 5005 :

509 5062 531 5088 ιι
565 5048 624 5095 ut
652 5057 753 5097 nos
780 5040 1123 5099 eﬂiceremur
1144 5042 1351 5112 justitia
1381 5041 1482 5097 Dei
1511 5041 1565 5096 in
1599 5041 1739 5112 ipso.
1778 5061 1801 5091 ι

1134 5207 1445 5247 εκροειτιο.

580 5310 796 5367 Diceret
822 5310 1017 5382 aliquis
1050 5326 1063 5364 :
1096 5311 1176 5365 De
1204 5309 1495 5366 aeternitate
1550 5309 1934 5383 invisibilium,
1968 5312 2098 5384 quid

513 5398 680 5454 scitur
706 5398 813 5453 nisi
841 5397 1240 5454 ostendantur?
1279 5397 1474 5468 Utique
1523 5398 1597 5453 ait
1629 5398 1847 5455 Paulus.
1906 5399 2097 5469 Quan-

514 5485 607 5541 diu
637 5487 692 5541 in
722 5495 941 5542 terrena
967 5486 1297 5541 habitatione
1329 5493 1596 5554 tenemur,
1622 5487 1807 5544 videre
1836 5504 1945 5545 non
1964 5505 2098 5561 pos-

514 5589 741 5642 sumus;
774 5574 872 5629 sed
901 5574 1151 5629 dissoluti
1180 5575 1356 5630 statim
1384 5576 1733 5647 accipiemus.
1783 5578 1852 5633 Et
1879 5594 2101 5635 causam

512 5663 685 5737 ponit,
721 5677 892 5735 quare
925 5662 1113 5719 videre
1159 5678 1268 5720 non
1324 5680 1637 5737 possumus,
1668 5665 1725 5723 id
1755 5675 1837 5724 est
1884 5668 2007 5740 quia
2044 5668 2102 5724 in

2188 4612 2409 4682 gravati
2464 4609 2632 4662 simus
2693 4623 2758 4663 eo
2817 4621 3046 4677 corpore
3079 4624 3092 4660 :
3125 4605 3266 4677 quod
3295 4614 3475 4660 tamen
3532 4604 3789 4662 foventes

2191 4700 2455 4755 nolumus
2486 4696 2823 4768 exspoliari,
2855 4695 2910 4750 id
2940 4703 3019 4750 est
3050 4696 3120 4751 ab
3149 4695 3329 4749 anima
3357 4694 3601 4765 separari
3630 4714 3649 4750 :
3680 4694 3790 4751 sed

2192 4786 2261 4856 (si
2296 4785 2555 4856 possibile
2586 4785 2751 4853 esset)
2780 4783 3029 4840 volumus
3059 4783 3175 4838 sine
3206 4782 3347 4837 illata
3378 4791 3549 4837 morte
3579 4799 3792 4854 super-

2192 4873 2377 4928 vestiri
2407 4872 2811 4928 immortalitate
2845 4890 2857 4926 :
2895 4872 2969 4927 ita
2997 4876 3062 4927 ut
3091 4888 3286 4942 corpus
3304 4872 3446 4944 quod
3462 4886 3604 4926 nunc
3625 4888 3793 4927 mor-

2195 4963 2309 5017 tale
2338 4965 2440 5028 est,
2475 4977 2583 5016 non
2618 4960 2887 5033 gustando
2906 4969 3157 5028 mortem,
3183 4967 3402 5031 repente
3424 4961 3797 5017 absorbeatur

2194 5067 2228 5106 a
2255 5051 2373 5106 vita
2401 5050 2816 5121 superveniente
2849 5068 2866 5105 :
2895 5056 2947 5104 et
2977 5049 3056 5105 sic
3084 5048 3177 5104 fiat
3208 5047 3530 5103 immortale.
3562 5049 3627 5102 Et
3657 5046 3798 5105 licet

2195 5138 2393 5208 dicam,
2425 5153 2527 5193 nos
2580 5137 2989 5211 ingemiscimus
3038 5145 3089 5192 et
3144 5135 3457 5207 superindui
3485 5134 3739 5206 cupimus
3778 5155 3796 5193 :

2197 5234 2376 5282 tamen
2431 5242 2538 5281 non
2597 5242 2631 5281 a
2658 5226 2812 5281 nobis
2871 5227 2977 5282 hoc
3035 5234 3117 5281 est
3152 5243 3165 5279 :
3198 5226 3296 5280 sed
3338 5225 3434 5297 qui
3475 5224 3653 5296 efﬁcit
3685 5242 3800 5283 nos

2196 5314 2251 5369 in
2271 5316 2376 5371 hoc
2396 5314 2715 5381 desiderio,,
2737 5323 2789 5369 et
2806 5314 2876 5369 ita
2896 5316 2960 5369 in
2978 5314 3077 5371 hoc
3098 5322 3156 5368 ut
3178 5314 3246 5368 sit
3265 5316 3471 5386 ipsum,
3488 5312 3540 5366 id
3559 5322 3641 5367 est
3660 5330 3800 5383 per-

2196 5420 2425 5459 manens
2454 5404 2510 5458 in
2547 5403 2703 5459 nobis
2736 5403 2838 5458 hoc
2858 5402 3192 5458 desiderium
3222 5401 3367 5474 :qui,
3408 5401 3649 5472 inquam,
3682 5402 3803 5459 hoc

2199 5492 2510 5547 desiderare
2532 5508 2633 5547 nos
2655 5491 2800 5559 facit,
2824 5492 2968 5547 Deus
2998 5498 3100 5546 est.
3150 5489 3249 5546 Vel
3279 5490 3435 5545 aliter
3470 5489 3801 5560 praecedens

2196 5597 2388 5636 versus
2416 5580 2613 5653 legitur
2642 5581 2721 5637 sic
2755 5597 2768 5635 :
2801 5580 3074 5636 Debemus
3103 5578 3468 5653 ingemiscere
3517 5578 3804 5636 desiderio

2199 5670 2317 5738 ejus
2345 5668 2692 5726 habitationis
2707 5711 2724 5740 ,
2757 5685 2879 5742 quas
2900 5677 2982 5726 est
3010 5669 3079 5725 de
3108 5668 3267 5727 coelo.
3319 5668 3462 5724 Nam
3491 5667 3659 5726 etiam
3692 5668 3805 5728 de-
