3936 6414
219 376 377 440 1321

804 368 1072 441 GESTA
1100 375 1455 443 TREVER.
1488 416 1569 427 -—
1593 376 1948 473 APPEND.
1987 382 2253 445 GESTA
2285 380 2754 448 ALBERONIS
2796 380 3070 445 ARCHI.

3473 383 3495 444 1
3509 384 3624 445 322

215 531 326 590 sed
332 530 731 604 prudentiam
746 531 995 589 consilii
1025 533 1116 589 tui
1130 545 1310 603 penes
1341 532 1869 604 teipmmresma.
1905 520 1956 579 Α
1989 535 2215 595 reditus
2228 538 2595 610 episcopales
2620 552 2728 593 non
2748 534 3175 607 potuittantum
3202 534 3448 606 reperiri
3475 536 3623 593 unde

215 619 308 676 0b
340 618 589 677 similem
620 633 853 692 quoque
874 634 1112 676 causam
1146 620 1478 678 Hildericus
1493 636 1598 677 rex
1631 622 1878 679 Franco-

217 723 352 766 rum
384 722 416 766 a
439 722 622 779 regno
680 708 987 780 depositus
1019 713 1130 779 est,
1165 713 1223 765 et
1255 709 1307 765 ei
1340 710 1435 766 cui
1470 710 1591 782 ipse
1614 711 1879 768 commis.

217 801 351 854 erat
407 796 727 868 regendum
782 796 982 853 datum
1003 802 1112 867 est,
1148 796 1362 869 Pipino
1397 798 1624 855 scilicet
1674 794 1875 870 majori

221 883 457 956 domus,
481 884 715 943 domino
748 899 893 958 papa
937 884 1191 943 Adriano
1236 887 1617 959 approbante.
1642 887 1711 944 Et
1741 901 1880 958 quo-

222 974 382 1031 niam
407 973 757 1031 Alberonem
787 976 975 1031 virum
1008 974 1393 1045 acrisingenii
1428 979 1487 1031 et
1524 974 1579 1031 in
1610 976 1881 1032 omnibus

225 1063 538 1135 providum
568 1067 628 1119 et
658 1062 896 1120 sibinon
915 1064 1171 1120 futurum
1196 1064 1509 1121 obnoxium
1547 1064 1879 1136 presciebat

225 1151 549 1223 Lodoycus,
579 1156 639 1208 et
663 1152 795 1223 quia
820 1166 932 1208 non
966 1152 1114 1208 ferre
1131 1152 1423 1209 dominum
1461 1152 1561 1209 sed
1595 1152 1879 1210 dominari

226 1240 539 1310 didicerat,
572 1240 828 1312 ideoipsi
858 1242 1209 1313 opponebat.
1247 1241 1356 1298 Sed
1390 1242 1548 1298 visne
1590 1240 1763 1312 hujus
1796 1243 1879 1298 rei

228 1326 435 1385 audire
461 1326 677 1385 tinem?
707 1327 841 1383 audi
870 1347 883 1382 :

304 1413 601 1484 Necjaya
622 1412 835 1469 taurus
867 1412 1065 1479 amat;
1103 1425 1236 1483 qua
1256 1411 1455 1469 tamen
1502 1412 1649 1483 odit,
1684 1411 1877 1471 habet.

627 1499 811 1570 (Ovm.
845 1503 973 1557 Am.
1013 1515 1095 1569 ιη,
1140 1505 1225 1572 11,
1255 1515 1306 1555 v.
1369 1502 1485 1573 36.)

300 1590 419 1645 liae
447 1589 598 1645 enim
613 1589 1018 1659 conjuratione
1044 1588 1652 1659 comperta,dominus
1669 1588 1882 1646 Albero

224 1676 734 1748 archiepiscopus,
756 1690 886 1733 cum
921 1676 1393 1748 prius,tanquam
1428 1676 1885 1749 episeopalisof.

221 1763 345 1820 ﬁcii
377 1780 525 1822 onus
556 1764 1010 1834 subterfugiens,
1033 1780 1161 1821 sese
1187 1779 1216 1820 a
1247 1766 1562 1827 commissa
1596 1766 1708 1822 sibi
1744 1766 1883 1823 civi-

223 1857 353 1910 tate
384 1853 777 1924 subtraheret,
814 1868 963 1910 nunc
996 1854 1149 1910 haud
1184 1852 1359 1911 aliter
1411 1868 1582 1925 quam
1645 1853 1876 1925 ﬂuvius,

1915 1899 1964 1959 Β

1989 616 2171 687 prima
2196 618 2287 674 die
2315 622 2513 689 posset
2568 618 2619 673 ei
2673 617 2984 674 servicium
3037 616 3360 687 preparari.
3425 616 3623 674 Omnia

1987 696 2138 751 enim
2173 696 2244 753 ad
2275 697 2675 769 episcopatum
2702 695 3052 768 pertinentia
3086 699 3182 751 aut
3242 695 3624 766 oppignerata

1987 790 2173 855 erant,
2198 792 2297 844 aut
2340 786 2645 858 prodictus
2678 787 3053 857 Lodoycuset
3103 784 3192 841 sui
3235 784 3526 853 conjurati
3559 801 3625 843 ea

1990 889 2052 930 se
2082 875 2134 930 in
2171 874 2451 931 beneficio
2476 880 2675 931 tenere
2708 874 3333 944 dicebant.Eapropter
3356 873 3626 930 dominus

1990 964 2466 1035 archiepiscopus
2498 963 2714 1034 aliquid
2748 966 2952 1019 contra
3005 965 3409 1033 paupertatem
3440 963 3627 1033 provi-

1992 1051 2189 1121 dens,a
2217 1052 2449 1107 domino
2469 1066 2612 1123 papa
2644 1051 2983 1107 Innocentio
3006 1050 3439 1120 impetraverat,
3473 1050 3624 1121 quod

1991 1140 2218 1197 reditus
2237 1140 2854 1211 ecelesiasticos,quos
2870 1142 3002 1195 ante
3016 1138 3414 1210 episcopatum
3436 1143 3528 1194 ten
3541 1154 3628 1195 ue-

1994 1232 2216 1299 rat,per
2246 1228 2505 1299 spacium
2530 1228 2700 1284 trium
2717 1241 2995 1283 annorum
3017 1227 3066 1282 ei
3094 1231 3292 1281 tenere
3307 1227 3621 1282 concessit.

1991 1317 2247 1388 Cumque
2271 1318 2464 1373 vinum
2487 1321 2544 1372 et
2578 1330 2859 1372 annonam
2882 1329 3046 1371 suam
3071 1320 3130 1369 et
3180 1318 3376 1370 cetera
3425 1314 3495 1369 ad
3546 1315 3628 1372 vi-

1990 1410 2145 1461 ctum
2176 1420 2341 1461 suum
2382 1405 2734 1477 pertinentia
2775 1402 3090 1460 secundum
3142 1403 3436 1473 antiquam
3494 1418 3631 1460 con-

1993 1494 2361 1550 suetudinem
2394 1494 2449 1549 in
2515 1492 2791 1565 palatium
2848 1493 3139 1548 deferrent
3191 1491 3494 1563 predictus
3530 1492 3629 1547 Lo-

1964 1574 2213 1652 'doycus
2246 1582 2432 1638 omnia
2476 1581 2799 1651 includens,
2855 1595 2963 1637 non
3027 1580 3137 1636 nisi
3190 1584 3468 1650 quantum
3516 1580 3627 1636 sibi

1993 1668 2285 1741 placebat,
2319 1670 2470 1726 sicut
2502 1684 2633 1725 cum
2658 1668 3132 1724 antecessoribus
3165 1667 3287 1723 suis
3315 1682 3629 1725 consueve-

1997 1758 2167 1827 rat,ei
2193 1772 2295 1829 per
2323 1757 2588 1828 singulos
2618 1758 2743 1813 dies
2770 1757 3186 1826 distribuebat;
3239 1762 3435 1813 cetera
3492 1770 3631 1814 vero

1997 1846 2123 1917 ipse
2145 1861 2274 1903 cum
2309 1845 2434 1902 suis
2464 1846 2851 1917 expendebat.
2879 1844 3043 1911 Quod
3086 1860 3216 1901 cum
3278 1844 3525 1901 domnus
3563 1860 3631 1901 ar

227 1943 332 2013 qui
363 1942 529 1999 obice
558 1941 794 1999 clausus
817 1956 945 1999 cum
974 1943 1135 2015 prius
1169 1940 1369 1999 silenti
1417 1945 1613 2000 tractu
1647 1942 1883 2014 quietus

1997 1934 2407 2007 chicpiscopus
2430 1933 2767 2005 aliquandiu
2786 1933 3122 2004 tolerasset,
3140 1932 3238 1989 ille
3256 1933 3558 2004 Lodoycus
3575 1934 3630 1990 in

225 2030 555 2100 incederet,
581 2029 870 2087 obstaculi
889 2029 1053 2101 quasi
1089 2029 1399 2101 indignans
1421 2030 1878 2103 obpositionem,

227 2118 490 2190 strepitu
523 2118 901 2175 tumultuanti
933 2118 1222 2190 undisque
1255 2118 1880 2191 spumantibuslittora

224 2197 441 2268 fatigat
469 2198 845 2269 claustraque
868 2198 1277 2270 disrumpit,ut
1301 2200 1390 2256 vis
1410 2197 1884 2271 inexpugnabilis

221 2291 286 2342 et
321 2286 761 2358 inperterritus,
785 2286 1036 2344 collecto
1071 2287 1255 2343 multo
1318 2285 1527 2358 milite,
1590 2286 1883 2343 Treverim

225 2374 400 2431 adiit.
440 2375 540 2432 Cui
573 2374 773 2432 clerici
809 2375 877 2431 ad
916 2375 1391 2448 Albam.portam
1424 2376 1572 2446 (686)
1605 2389 1734 2431 cum
1770 2374 1886 2431 sol-

226 2462 447 2536 lempni
481 2464 857 2536 processione
881 2463 1187 2519 ohviantcs
1216 2463 1532 2520 honorifice
1564 2477 1694 2520 cum
1728 2463 1887 2534 hym-

226 2553 325 2610 nis
349 2558 406 2611 et
432 2552 705 2610 laudibus
737 2552 933 2608 studio
958 2566 1164 2621 magno
1179 2566 1309 2607 eum
1337 2556 1743 2622 susceperunt.
1784 2551 1886 2607 [λου

226 2642 456 2714 doycus
484 2657 624 2698 vero
660 2648 717 2696 et
750 2640 839 2696 sui
870 2639 1158 2711 conjurati
1193 2638 1467 2696 similiter
1497 2640 1547 2695 ei
1574 2653 1887 2696 oecurren-

226 2736 346 2802 tes,
373 2745 505 2787 eum
538 2729 819 2786 vidissent
855 2742 983 2784 eum
1014 2732 1127 2783 tam
1172 2741 1377 2798 magna
1409 2742 1579 2784 manu
1638 2727 1885 2786 militum

234 2818 1048 2891 stipatum,obstupescentes
1080 2821 1135 2872 et
1162 2821 1354 2872 mente
1405 2817 1650 2887 confusi,
1686 2830 1885 2889 pacem

237 2907 447 2966 statim
480 2904 980 2963 simulaveruntet
1016 2906 1170 2960 inter
1187 2920 1388 2962 omnes
1420 2905 1642 2977 primus
1675 2905 1889 2975 Lodoy-

238 3012 353 3053 cus
386 2995 455 3051 ad
481 2994 851 3051 salutandum
877 2992 1085 3050 blanda
1117 2998 1177 3050 et
1207 2992 1408 3051 humili
1450 3008 1589 3051 voce
1605 2991 1676 3049 ad
1710 2992 1889 3051 domi-

242 3098 386 3143 num
417 3098 585 3141 suum
620 3082 939 3150 festinavit,
972 3083 1116 3140 etad
1159 3082 1286 3154 ejus
1301 3082 1567 3140 osculum
1616 3082 1882 3140 accessit.

320 3171 889 3230 13.Pretereundum
936 3184 1047 3227 non
1094 3175 1185 3227 est
1217 3171 1372 3242 quod
1423 3186 1551 3227 cum
1621 3171 1887 3231 dominus

1999 2029 2222 2081 tantum
2242 2022 2895 2095 patientiaejusabusus
2925 2025 3037 2092 est,
3073 2021 3227 2092 quod
3271 2022 3517 2093 quadam
3540 2022 3633 2080 die

1996 2114 2053 2169 in
2088 2112 2565 2185 postmeridiano,
2599 2128 2727 2170 cum
2752 2112 3013 2167 extranei
3051 2111 3280 2181 quidam
3312 2110 3382 2166 ad
3413 2112 3631 2168 curiam

1994 2199 2752 2271 venissentarchiepiscopi,
2785 2203 2845 2256 et
2870 2198 3011 2270 ipse,
3040 2203 3100 2254 ut
3148 2202 3495 2255 consuetum
3516 2205 3627 2267 est,

1993 2288 2175 2345 curiis
2201 2287 2435 2358 juberet
2468 2287 2784 2359 propinari,
2810 2292 3023 2342 etcum
3047 2286 3344 2342 venissent
3380 2287 3630 2343 ministri

1995 2376 2121 2445 ejus
2150 2376 2222 2431 ad
2255 2376 2531 2447 palatium
2552 2389 2658 2447 pro
2712 2376 2865 2445 vino,
2901 2378 3246 2445 procurator
3272 2374 3513 2445 Lodoyei
3546 2388 3635 2431 re-

1997 2464 2227 2536 spondit
2260 2478 2322 2520 se
2346 2462 2523 2521 nichil
2557 2464 2695 2519 dare
2728 2462 2867 2534 illis,
2894 2463 3001 2519 nisi
3050 2462 3295 2519 domnus
3336 2463 3635 2535 Lodoycus

1998 2554 2347 2625 preciperet.
2384 2554 2517 2610 Haec
2540 2557 2595 2608 et
2623 2553 2710 2607 his
2743 2551 2952 2608 similia
2972 2567 3102 2608 cum
3132 2566 3268 2623 sepe
3320 2566 3526 2623 passus
3546 2568 3637 2611 es-

1997 2641 2343 2711 set,tandem
2369 2641 2555 2697 visum
2589 2646 2681 2696 est
2708 2641 2760 2696 ei
2815 2641 2926 2697 hoc
2975 2639 3185 2696 malum
3227 2640 3625 2698 intolerabile.

1996 2733 2071 2787 Ea
2082 2735 2322 2802 propter
2344 2728 2720 2799 Palaciolum,
2748 2728 2882 2785 Julii
2908 2728 3133 2786 Cesaris
3161 2734 3443 2801 castrum,
3469 2730 3634 2801 juxta

1996 2819 2291 2875 civitatem
2324 2818 2523 2888 situm,
2547 2832 2617 2874 eo
2651 2820 2913 2889 tempore
2944 2818 3062 2874 situ
3084 2820 3143 2874 et
3166 2820 3459 2875 vetustate
3481 2818 3637 2877 diru-

1998 2912 2119 2965 tum
2152 2913 2207 2963 ct
2228 2906 2631 2976 inhabitabile,
2652 2906 2852 2964 multis
2883 2907 3213 2979 sumptibus
3240 2907 3547 2979 restruxit,
3577 2912 3636 2965 et

1998 2995 2275 3053 victualia
2309 3011 2412 3053 sua
2432 2995 2569 3053 illuc
2584 2995 2983 3065 deferrijussit
3004 3012 3017 3062 ;
3038 2999 3094 3052 et
3125 3000 3264 3053 tunc
3281 3009 3636 3054 sarcasmum

2000 3084 2174 3141 talem
2206 3084 2455 3157 protulit
2480 3086 2684 3143 :Nunc
2703 3083 2925 3143 habeat
2942 3085 3244 3156 Lodoycas
3273 3099 3447 3143 suum
3463 3086 3638 3158 ﬁala-

2000 3174 2168 3231 tium.
2192 3174 2400 3230 Postea
2429 3187 2570 3229 vero
2596 3187 2698 3244 per
2724 3173 3032 3230 triennium
3058 3173 3411 3237 mansionem
3458 3174 3537 3230 ibi
3563 3174 3639 3230 fa-

249 3260 471 3319 Albero
499 3260 979 3332 archiepiscopus
1009 3260 1270 3316 venisset
1323 3260 1670 3332 Aquisgrani
1691 3260 1763 3317 ad
1791 3276 1891 3319 cu-
1920 3258 1968 3322 C
1998 3264 2175 3329 ciens,
2228 3262 2483 3319 studium
2504 3276 2672 3318 suum
2722 3263 2791 3318 ad
2840 3262 2949 3317 hoc
2972 3262 3204 3319 omnino
3228 3262 3514 3333 adhibuit,
3576 3270 3639 3320 ut

244 3352 396 3410 riam
427 3348 943 3422 imperatoris(An.
1001 3352 1158 3417 1132,
1195 3350 1385 3421 Apr),
1421 3348 1728 3406 Lotharius
1785 3363 1888 3407 rex

240 3439 435 3499 noluit
455 3452 586 3496 eum
620 3438 904 3495 investire
938 3437 1256 3509 regalibus,
1291 3453 1360 3494 eo
1391 3438 1547 3509 quod
1586 3443 1893 3498 anterece-

242 3530 432 3605 pisset
453 3528 958 3585 consecrationem
986 3526 1401 3599 episcopalem,
1421 3542 1591 3600 quam
1611 3542 1771 3586 suam
1806 3544 1892 3587 re-

244 3616 587 3692 quisivisset
612 3616 1049 3686 investituram;
1076 3621 1137 3673 et
1157 3616 1412 3684 omnino,
1432 3622 1495 3673 ut
1517 3616 1889 3688 credebatur,

243 3722 357 3766 rex
382 3720 445 3763 se
475 3706 526 3763 ei
551 3705 950 3778 opposuisset,
976 3704 1086 3761 nisi
1108 3706 1257 3775 quod
1293 3705 1483 3777 ipsum
1508 3705 1684 3763 talem
1706 3706 1893 3763 virum

244 3809 384 3854 esse
397 3795 643 3865 sciebat,
660 3793 757 3865 qui
783 3794 950 3850 facile
975 3798 1163 3851 totum
1186 3794 1387 3850 orbem
1406 3795 1495 3851 sui
1520 3795 1897 3869 imperiicon-

247 3889 342 3941 tra
368 3883 559 3955 ipsum
575 3887 969 3939 commoveret
1000 3899 1023 3950 ,ο
1052 3881 1203 3938 unde
1243 3886 1304 3937 et
1342 3882 1524 3938 levem
1549 3884 1897 3940 satisfactio-

247 3986 381 4029 nem
401 3972 474 4028 ab
506 3971 633 4043 ipso
683 3970 923 4042 recepit.
961 3970 1263 4027 Cumenim
1293 3972 1610 4028 excomuni
1651 3972 1895 4028 consilio

252 4059 584 4134 principum
637 4058 1030 4129 juramentum
1057 4060 1178 4129 regi
1234 4059 1571 4129 obtulisset,
1598 4060 1748 4131 quod
1783 4074 1894 4116 non

253 4149 330 4206 ad
353 4147 793 4205 diminutionem
827 4147 917 4203 sui
945 4148 1183 4204 honoris
1213 4148 1319 4204 hoc
1353 4148 1568 4204 factum
1593 4151 1771 4219 esset,
1795 4147 1896 4205 sed

253 4254 284 4295 a
310 4236 542 4295 domino
557 4250 702 4309 papa
725 4239 968 4293 coactus
996 4236 1067 4292 ad
1097 4236 1597 4293 consecrationem
1612 4236 1899 4293 accessis-

256 4331 371 4398 set,
404 4326 674 4387 dominus
705 4339 809 4381 rex
833 4324 1226 4394 juramentum
1249 4324 1341 4358 ⁴⁰⁸⁶
1373 4326 1425 4381 ei
1456 4324 1702 4395 remisit,
1727 4330 1782 4382 et
1810 4339 1898 4381 re-

255 4412 411 4484 galia
440 4417 680 4485 sceptro
706 4411 868 4483 regni
898 4412 949 4468 ci
978 4412 1293 4469 concessit.
1330 4415 1387 4469 ln
1438 4412 1638 4469 eadem
1666 4427 1897 4484 quoque

252 4502 418 4561 curia
467 4501 853 4572 Lotbaringize
899 4501 1105 4559 ducem
1157 4505 1480 4574 Symonem,
1525 4505 1764 4559 fratrem
1812 4516 1901 4558 re-

2001 3352 2270 3409 redditus
2312 3349 2675 3422 episcopales
2703 3349 3012 3407 absolutos
3054 3351 3293 3421 faceret,
3329 3355 3387 3407 et
3417 3351 3637 3408 curiam

1999 3440 2257 3498 Humahc
2274 3439 2421 3511 (689)
2456 3453 2561 3511 pro
2584 3442 2691 3496 300
2708 3440 2920 3497 marcis
2944 3439 3212 3508 redemit,
3236 3454 3403 3510 quam
3437 3440 3641 3511 prede-

1999 3545 2199 3589 cessor
2227 3530 2352 3601 ejus
2381 3529 2648 3585 dominus
2679 3528 2967 3585 Meinerus
3014 3527 3438 3595 invadiaverat;
3468 3534 3527 3586 et
3548 3545 3642 3587 ce-

1980 3625 2125 3696 .tera
2143 3619 2261 3677 fere
2280 3617 2467 3675 omnia
2495 3617 2564 3674 ad
2583 3617 2985 3689 episcopatum
3018 3617 3369 3689 pertinentia
3395 3619 3643 3677 domnus

2005 3708 2218 3766 Albero
2237 3707 2501 3778 redemit,
2537 3721 2568 3763 a
2601 3706 2834 3763 domino
2868 3706 3178 3763 Godefrido
3200 3706 3642 3780 archiepiscopo

2005 3804 2107 3857 aut
2140 3798 2433 3855 invadiata
2466 3797 2636 3855 autin
2697 3796 3041 3854 beneficium
3071 3795 3225 3853 data.
3271 3798 3518 3855 Tandem
3542 3798 3644 3854 Lo-

2008 3890 2228 3959 doycus
2251 3902 2495 3945 vacuum
2526 3886 2649 3944 suis
2692 3886 3022 3957 sumptibus
3065 3900 3303 3943 servans
3336 3885 3640 3958 palacium,

2007 3975 2077 4032 ad
2106 3980 2328 4032 tantam
2354 3975 2587 4031 devenit
2612 3973 3186 4046 humilitatem,quod
3212 3975 3385 4031 nudis
3402 3975 3645 4048 pedibus

2008 4065 2063 4119 in
2097 4062 2280 4121 laneis
2310 4062 2605 4120 Palaciolo
2665 4062 2736 4119 ad
2784 4062 2966 4134 pedes
3022 4078 3085 4118 se
3127 4061 3418 4133 provolvit
3462 4063 3649 4119 archi-

2004 4151 2289 4223 episcOpi,
2342 4150 2803 4207 misericordiam
2839 4154 3123 4222 petenset
3172 4149 3450 4221 palatium
3507 4150 3648 4207 resi-

2007 4253 2291 4368 gnfgsiiis
2314 4308 2521 4365 diebus
2541 4308 2807 4366 dominus
2822 4307 3302 4380 archiepisc0pus
3329 4308 3507 4367 multa
3532 4311 3648 4367 col-

2010 4398 2244 4471 ligendo
2278 4398 2465 4455 factus
2492 4402 2580 4454 est
2611 4397 2780 4454 valde
2800 4397 3145 4454 habundans
3169 4397 3224 4453 in
3249 4400 3447 4469 rebus,
3466 4405 3525 4456 et
3554 4416 3648 4457 co-

2011 4489 2152 4545 tidie
2176 4486 2657 4547 succrescens.ad
2683 4486 2929 4558 quedam
2950 4500 3153 4557 magna
3178 4501 3307 4557 qua:
3331 4493 3523 4545 mente
3555 4505 3651 4560 ge-

253 4593 348 4664 gis
375 4591 545 4664 (687),
576 4589 1140 4648 excommunicatum
1165 4591 1597 4664 pronunciavit,
1629 4595 1691 4646 et
1722 4591 1775 4646 in
1808 4590 1886 4647 dit

2013 4582 2179 4637 rebat
2198 4576 2663 4651 preparatiouem
2684 4575 3270 4664 faciebat.Abbatiam
3284 4576 3435 4664 enim
3459 4580 3646 4636 sancti

256 4685 468 4739 sancto
531 4680 783 4752 paschae,
817 4679 950 4735 dum
1007 4679 1306 4750 legeretur
1352 4678 1737 4750 evangelium,
1770 4695 1900 4736 eum

254 4769 419 4827 exire
440 4766 765 4826 ecclesiam
780 4766 1065 4839 compulit
1093 4768 1261 4841 (688).
1288 4767 1420 4837 (Aa.
1456 4773 1611 4839 1132,
1628 4769 1907 4840 Apr-.10.)

334 4851 421 4920 14,
446 4849 561 4905 Nec
592 4847 702 4905 hoc
724 4846 961 4904 silentio
985 4847 1259 4918 dandum,
1282 4849 1457 4920 quod,
1489 4864 1620 4906 cum
1639 4848 1901 4919 acceptis

258 4936 563 5009 regalibus
591 4935 883 4993 Treverim
932 4935 1263 4995 intraturus
1315 4940 1492 5007 esset,
1514 4936 1669 4993 inter
1701 4950 1904 4995 omnes

2012 4667 2401 4737 Maximini,ex
2431 4664 2687 4737 antiquis
2708 4663 3034 4736 privilegiis
3055 4662 3203 4737 (690)
3225 4662 3508 4725 accbsiae
3531 4680 3650 4724 suae

2014 4757 2070 4813 in
2105 4756 2282 4814 fundo
2308 4754 2462 4812 beati
2519 4751 2679 4811 Petri
2702 4753 2871 4809 sitam
2909 4756 2965 4810 et
3023 4750 3094 4808 de
3143 4751 3277 4823 jure
3309 4752 3549 4825 antiquo
3580 4754 3647 4811 ad

2014 4862 2174 4905 suam
2193 4845 2488 4919 pertinere
2540 4842 2987 4914 dispositionem
3037 4840 3393 4913 intelligens,
3419 4843 3651 4900 omnino

2014 4936 2267 4994 animmu
2299 4932 2891 5007 apposuit,quomodo
2921 4944 3045 4989 eam
3077 4929 3147 4987 de
3180 4934 3472 5004 potestate
3496 4932 3651 5003 regis

1623 5034 1860 5093 VARIE
1890 5032 2291 5091 LECTIONES.

1850 5174 2072 5233 NOTAE.

331 5104 424 5141 ⁸⁸⁸⁸
450 5105 530 5163 ei.
568 5104 602 5161 i.
635 5104 781 5164 ei.c.

360 5249 487 5318 686)
505 5248 583 5304 De
606 5260 717 5318 qua
740 5261 793 5301 v.
830 5247 1002 5303 Gesta
1034 5262 1085 5304 c.
1114 5251 1164 5303 3.

358 5318 486 5377 687)
518 5319 727 5374 Natum
749 5318 1106 5375 Theoderico
1166 5319 1312 5375 duce
1334 5324 1394 5376 et
1426 5318 1705 5377 Hadwide
1732 5318 1904 5376 vidua

265 5388 556 5447 Gebhardi
582 5388 653 5445 de
670 5388 1107 5461 _Supplenburg.

341 5461 489 5534 (688)
520 5458 1264 5534 Deejus'reconciliatione
1294 5475 1324 5534 a
1360 5464 1513 5534 1132,
1550 5475 1608 5518 v.
1659 5461 1906 5518 Simonis

262 5531 658 5662 géélberonis
673 5531 910 5589 chartas
939 5546 1032 5605 ap.
1071 5532 1376 5590 Hontheim
1408 5532 1556 5589 Hist.
1590 5535 1632 5604 Ι,
1690 5549 1743 5605 p.
1802 5536 1906 5589 519

338 5674 485 5750 (689)
519 5675 789 5751 Fortasse
816 5672 1094 5751 Hunbach
1115 5674 1172 5732 in
1202 5676 1497 5751 Popponis
1525 5676 1749 5751 charta,
1808 5689 1897 5750 ap.

586 5747 848 5810 Punon.
881 5746 1094 5809 CLIV.
1287 5746 1305 5751 ⁷
1328 5746 1346 5751 ⁷
1720 5749 1732 5760 ’

2016 5246 2275 5329 Cunther
2305 5245 2349 5317 l,
2380 5261 2441 5318 p.
2479 5246 2602 5313 124ς
2632 5240 3142 5301 liontheimminus
3183 5245 3346 5300 recte
3386 5240 3653 5300 Limbach

2016 5317 2239 5460 leg(6‘60)
2268 5388 2330 5443 In
2346 5386 2489 5444 falso
2501 5385 2812 5460 Dagoberti
2838 5384 2992 5454 regis
3007 5383 3654 5460 diplomate,_ilontheiin

2019 5455 2167 5519 llist.
2202 5455 2245 5531 Ι,
2283 5476 2337 5531 p.
2371 5455 2713 5531 76,ecclesia
2750 5458 2848 5512 «in
2880 5455 3101 5531 praedio
3134 5456 3188 5513 S.
3206 5455 3363 5531 Petri
3391 5460 3659 5531 constru-

2018 5502 2119 5611 ξ’ζᾶ
2200 5502 2713 5611 ῌίῶὶιὶιῗῗνῦξῑιξὲ
2734 5502 3373 5611 γε’ἑιὶεὲήῖζρἰὲοὖῖοζὲὶ
3393 5502 3655 5585 Eli—6566s

2017 5601 2116 5660 diu
2149 5601 2422 5672 litigasse
2454 5601 2823 5658 notissimum
2853 5602 2964 5656 est.

3425 5740 3506 5806 42
