3936 6428
146 448 284 517 1325

734 446 1003 511 GESTA
1032 442 1383 511 TREVER.
1446 482 1517 493 --
1547 440 1901 509 APPEND.
1940 440 2208 509 GESTA
2238 439 2707 505 ALBERONIS
2738 440 2982 505 ARCH.

3376 441 3528 502 1326

146 606 432 675 derunt,ut
455 617 612 660 arma
638 599 941 660 auxiliaria
971 599 1058 658 eis
1087 602 1352 671 ferret,et
1376 599 1507 671 quia
1531 599 1775 656 advoca-
1801 583 1859 641 Α
1889 595 2288 655 Confluentina
2317 611 2445 653 eum
2478 610 2707 668 quoque
2741 595 3016 652 infestare
3058 600 3361 667 ceperunt.
3397 597 3531 653 Pre-

146 700 230 751 tus
242 698 394 751 esset
411 690 1159 762 ecclesize(700),dominum
1180 688 1665 760 archiepiscopiet
1686 705 1778 760 po-

145 788 400 839 tcstatem
418 783 491 838 ab
512 782 599 839 eis
615 782 736 837 suis
750 780 975 837 viribus
996 783 1338 835 removeret.
1357 778 1517 834 Nunc
1529 792 1675 850 opus
1689 782 1781 833 est

146 872 336 927 animis
370 871 550 943 (70l);
583 885 735 927 nunc
789 884 913 927 sese
948 868 1113 925 nobis
1160 866 1573 939 insuperabilis
1612 865 1781 922 offert

146 960 394 1030 materia,
419 965 479 1017 et
505 975 632 1032 quae
662 974 773 1015 non
804 972 992 1015 meum
1033 956 1379 1013 dissolutum
1420 954 1643 1025 stilum,
1680 954 1783 1009 sed

146 1066 396 1120 magnum
424 1049 751 1122 quempiam
776 1048 1034 1119 requirat
1071 1051 1325 1119 poetam.
1363 1043 1500 1111 Quis
1530 1043 1678 1099 enim
1705 1041 1787 1097 di-

146 1141 478 1211 ctisequare
513 1138 701 1211 possit
736 1138 905 1193 fortia
941 1137 1091 1191 facta
1125 1135 1296 1205 hujus
1327 1132 1434 1191 viri
1478 1128 1786 1188 Alberonis

146 1235 306 1300 atque
356 1243 594 1285 suorum
644 1230 849 1283 contra
911 1226 1201 1281 tirannum
1257 1222 1602 1295 predictum,
1635 1225 1782 1289 arte,

144 1326 305 1389 ferro,
344 1319 591 1387 ﬂamma,
639 1317 784 1372 fame
818 1320 992 1386 atque
1038 1312 1548 1385 inexplicabilibus
1588 1308 1787 1365 Martis

144 1408 364 1464 casibus
398 1422 503 1478 per
535 1410 757 1476 septem
791 1418 971 1460 annos
1000 1401 1460 1458 decertantium?
1498 1403 1624 1457 llasc
1654 1397 1786 1453 viri-

147 1499 242 1553 bus
272 1495 502 1552 Homeri
532 1494 825 1551 sufﬁciens
858 1497 1013 1549 esset
1051 1491 1314 1559 materia,
1346 1490 1392 1546 si
1435 1493 1624 1545 tamen
1658 1487 1783 1559 ipse

146 1586 392 1642 materiae
442 1584 753 1642 sufficeret.
790 1582 952 1648 Quod
986 1582 1033 1637 si
1084 1580 1446 1649 singulorum
1488 1577 1619 1634 hinc
1651 1575 1783 1632 inde

145 1676 282 1731 facta
311 1676 570 1731 virorum
604 1672 804 1729 inclita
835 1675 889 1727 et
924 1670 977 1725 in
1013 1670 1233 1725 Martiis
1272 1666 1784 1738 congressionibus

144 1765 324 1821 varios
346 1762 488 1819 belli
511 1764 754 1818 eventus
773 1766 826 1814 et
853 1773 1001 1816 nunc
1023 1758 1227 1814 horum
1252 1772 1402 1813 nunc
1426 1754 1661 1811 illorum
1693 1768 1780 1810 cc-

147 1852 393 1909 dentium
416 1850 510 1909 vel
537 1848 939 1921 inpellentium
964 1846 1228 1903 diversas
1259 1845 1523 1901 fortunas
1554 1842 1778 1915 poetica

1892 689 2140 760 positum
2170 687 2319 743 enim
2352 690 2556 742 contra
2611 684 2755 758 [ejus
2783 684 2892 756 ⁴⁰⁹Ἶ
2952 683 3311 740 voluntatem
3344 685 3533 755 elege-

1892 782 2047 847 runt,
2080 776 2268 831 virum
2299 775 2550 831 nobilem
2579 775 2873 830 dominum
2903 773 3228 844 Lodoycum
3261 773 3332 829 de
3364 775 3534 831 Ysen-

1894 867 2070 936 burg;
2104 879 2233 921 cum
2284 879 2397 935 quo
2440 865 2676 920 Romam
2709 862 2931 933 magnis
2986 863 3259 935 expensis
3286 877 3531 935 pergen-

1894 958 2006 1023 tes,
2041 954 2273 1009 litteras
2317 952 2671 1023 apostolicas
2716 951 3047 1008 retulerunt
3079 951 3311 1007 domino
3346 950 3532 1007 archi-

1894 1043 2169 1114 episcopo
2186 1057 2305 1099 sum
2324 1041 2605 1099 voluntati
2628 1040 3277 1107 contrarias.Quascum
3301 1040 3530 1097 domino

1897 1132 2337 1203 archiepiscopo
2397 1132 2452 1187 in
2532 1131 2737 1187 sinodo
2814 1130 3094 1185 residenti
3153 1129 3526 1201 obtulissent,

1898 1220 2022 1293 ipse
2049 1236 2120 1276 ex
2152 1221 2323 1276 animi
2352 1220 2737 1277 commotione
2776 1218 2931 1289 ipsas
2963 1218 3019 1274 in
3050 1223 3265 1275 terram
3297 1218 3527 1290 dejecit.

1899 1310 2057 1366 Unde
2082 1310 2233 1381 apud
2279 1310 2571 1366 dominum
2626 1321 2831 1381 papam
2876 1308 3268 1365 Innocentium
3300 1321 3533 1366 accusa-

1894 1402 2012 1469 tus,
2049 1400 2119 1455 ab
2150 1397 2276 1470 ipso
2307 1403 2399 1454 est
2447 1401 2688 1454 vocatus
2720 1396 2791 1453 ad
2834 1396 2982 1453 diem
3017 1396 3425 1469 prescriptum.
3460 1399 3529 1455 Et

1895 1505 2023 1547 cum
2056 1488 2124 1546 ad
2153 1488 2303 1544 diem
2359 1502 2472 1545 non
2505 1488 2782 1557 venisset,
2843 1486 3161 1560 episcopali
3221 1493 3311 1543 est
3343 1488 3529 1546 officio

1894 1578 2386 1651 suspensusﬂzec
2414 1576 2561 1633 mala
2609 1575 2801 1634 omnia
2825 1581 3111 1634 venerunt
3151 1579 3322 1637 simul
3355 1596 3529 1656 super

1894 1669 2075 1739 illum,
2110 1668 2268 1723 etde
2312 1667 2581 1723 omnibus
2629 1666 2720 1722 bis
2756 1665 3027 1723 liberavit
3057 1680 3185 1724 eum
3219 1670 3521 1733 Dominus.

1893 1760 2130 1816 Romam
2161 1756 2312 1814 enim
2362 1755 2599 1812 veniens
2647 1753 2862 1826 effecit,
2916 1757 3070 1826 quod
3112 1756 3291 1816 abbas
3337 1758 3532 1821 Sancti

1892 1846 2180 1904 Maximini
2214 1843 2605 1901 obedientiam
2632 1844 2685 1901 ei
2740 1843 3006 1915 promisit
3040 1852 3095 1900 et
3121 1845 3450 1917 iuramento
3482 1856 3533 1910 ei

144 1941 339 1997 vellem
369 1945 499 1996 arte
531 1937 824 2005 simulare,
871 1936 960 1992 vel
995 1934 1312 1992 secundum
1352 1932 1780 2005 hystericorum
1809 1939 1865 2000 B
1897 1937 2238 1995 fidelitatem
2264 1934 2843 1992 fecitetelectionem
2868 1935 3540 2001 Conﬂuentinorumcas-

146 2030 424 2102 peritiam,
442 2027 668 2099 singula
693 2025 902 2083 callida
924 2025 1254 2081 narratione
1286 2021 1641 2093 renovando,
1671 2025 1787 2081 tan.

147 2132 305 2189 quam
328 2133 398 2175 ea
448 2123 583 2174 ante
606 2114 807 2173 oculos
835 2112 1038 2171 videas
1069 2113 1213 2181 fieri,
1245 2112 1374 2183 tibi,
1406 2127 1439 2167 o
1468 2111 1674 2181 lector,
1707 2126 1790 2168 re-

149 2213 504 2278 presentem:
544 2210 643 2261 aut
674 2204 861 2273 oneri,
899 2202 1052 2274 quod
1085 2216 1285 2259 verum
1315 2206 1425 2269 est,
1449 2200 1789 2257 succumbe-

153 2309 260 2349 rem
284 2293 396 2363 ⁴⁰⁸⁹,
435 2297 537 2350 aut
567 2306 679 2348 non
706 2293 891 2362 impar
920 2288 1166 2360 Virgilio
1195 2286 1287 2345 vel
1320 2288 1673 2359 Stacio,Tito
1703 2285 1789 2342 Li-

144 2382 342 2438 vio‘°’°
363 2381 456 2439 vel
483 2380 733 2452 Josepho
765 2379 1078 2435 invenirer.
1138 2377 1299 2444 Quod
1335 2376 1381 2434 si
1432 2377 1607 2432 etiam
1638 2373 1790 2432 sutil-

147 2485 349 2539 oerem,
382 2487 499 2528 non
533 2476 690 2527 esset
750 2467 890 2524 tibia
918 2467 1061 2523 tanti
1084 2464 1195 2523 ‘0“.
1231 2466 1415 2523 Minus
1445 2464 1596 2520 enim
1629 2467 1788 2520 esset

149 2558 244 2616 hoc
273 2575 474 2633 opere,
514 2562 754 2631 propter
805 2554 958 2627 quod
991 2555 1075 2625 fit,
1109 2569 1277 2626 opus.
1340 2553 1449 2609 Sed
1490 2567 1597 2610 nec
1626 2556 1787 2626 puto,

148 2662 266 2705 eum
299 2650 511 2719 solum,
533 2647 629 2719 qui
663 2646 771 2701 hoc
802 2644 945 2699 bene
981 2644 1309 2716 perliceret,
1338 2642 1527 2699 minus
1558 2641 1795 2699 laudau-

151 2735 272 2792 dum
302 2751 477 2809 quam
509 2747 709 2791 omnes
755 2747 854 2788 eos
905 2745 1147 2803 quorum
1208 2736 1376 2802 gesta
1408 2731 1644 2803 proprie
1700 2743 1795 2786 ex-

151 2826 477 2895 pressisset.
512 2823 618 2878 Sed
649 2835 801 2879 nunc
821 2818 997 2877 nichil
1023 2819 1180 2876 aliud
1204 2833 1232 2874 a
1258 2833 1346 2876 me
1364 2824 1657 2892 expectes,
1685 2818 1796 2876 nisi

151 2914 292 2985 quod
322 2912 660 2971 summatim
709 2907 934 2979 singula
993 2908 1402 2981 perstringam,
1436 2921 1508 2964 ne
1564 2908 1798 2981 penitus

148 3007 336 3060 eterna
370 3001 667 3060 oblivione
699 2998 1022 3055 deleantur.
1532 3066 1535 3069 _

212 3091 393 3149 17.Εο
415 3090 898 3162 igiturtempore,
922 3102 1052 3145 cum
1078 3084 1581 3144 vacaretecclesia
1608 3087 1795 3145 sancti

149 3178 432 3237 Maximini
478 3184 736 3252 pastore,
784 3176 1093 3248 elegerunt
1128 3175 1801 3234 monacbiabbatemmc-

1897 2027 2047 2085 savit
2082 2026 2203 2097 (an.
2238 2026 2416 2097 1140).
2467 2024 2566 2081 His
2599 2022 2904 2095 absolutis,
2939 2024 3010 2081 ad
3041 2027 3309 2085 comitem
3339 2031 3537 2092 redea-

1901 2132 2043 2174 mus.

1969 2207 2054 2261 19.
2090 2206 2291 2261 Comes
2319 2204 2515 2275 itaque
2537 2203 2590 2259 in
2615 2202 2904 2275 principio
2929 2203 3101 2274 hujus
3120 2204 3432 2266 discordiae
3465 2226 3536 2268 ex

1898 2293 2215 2366 inproviso,
2249 2297 2557 2362 antequam
2591 2290 2823 2348 domino
2855 2306 2961 2349 suo
3015 2291 3358 2352 ﬁdelitatem
3403 2313 3537 2356 con-

1898 2382 2261 2451 tradixisset,
2312 2395 2440 2437 cum
2472 2378 2626 2436 mille
2660 2380 2993 2451 quingentis
3027 2382 3308 2441 militibus
3334 2387 3538 2445 Treve-

1901 2472 2056 2529 rcnsi
2104 2470 2532 2542 apprOpinquat
2565 2468 2821 2536 civitati;
2877 2473 2937 2525 et
2967 2472 3196 2528 Treveri
3228 2488 3339 2529 non
3370 2482 3534 2533 erant

1902 2559 2237 2633 premuniti,
2289 2573 2394 2615 nec
2444 2556 2594 2614 vallo
2643 2573 2747 2614 nec
2799 2573 2964 2616 muro
3013 2559 3200 2618 adhuc
3247 2562 3443 2638 cincti,
3478 2573 3537 2624 ct

1904 2649 2074 2719 longa
2110 2663 2247 2720 pace
2280 2646 2433 2703 bello
2489 2645 2756 2717 dissueti,
2790 2652 2847 2705 et
2882 2647 3006 2720 ipse
3064 2650 3539 2727 archiepiscopus

1907 2738 2128 2807 aberat,
2161 2738 2216 2791 in
2239 2735 2401 2793 curia
2424 2736 2577 2805 regis
2599 2736 2876 2793 existens.
2900 2738 3315 2812 Potuissetque
3337 2742 3540 2800 civita-

1908 2831 2023 2882 tem
2046 2830 2185 2882 tunc
2208 2824 2450 2882 multum
2473 2838 2768 2896 gravasse,
2810 2825 2857 2881 si
2881 2826 3031 2882 Deus
3052 2827 3162 2884 hoc
3195 2831 3404 2887 malum
3429 2846 3542 2890 non

1908 2914 2237 2971 avertisset.
2271 2913 2381 2969 Sed
2430 2928 2627 2971 comes
2659 2914 2986 2972 Fridericus
3018 2915 3087 2973 de
3145 2917 3361 2977 Vianna
3395 2919 3542 2993 (705)

1907 3008 2048 3060 tunc
2078 3004 2227 3059 forte
2280 3002 2528 3059 fortuitu
2573 3008 2701 3059 erat
2732 3003 2788 3059 in
2818 3003 3078 3074 civitate,
3113 3011 3168 3062 et
3229 3023 3548 3070 occurrens

1908 3092 2275 3163 Namucensi,
2294 3091 2494 3149 multis
2510 3092 2991 3164 persuasionibus
3018 3108 3148 3151 eum
3163 3097 3356 3154 redire
3384 3099 3540 3171 fecit,

1910 3181 2321 3239 demonstrans
2354 3196 2612 3251 magnam
2648 3182 2770 3238 fore
2804 3182 2914 3253 ipsi
2946 3188 3006 3237 et
3035 3190 3373 3255 perpetuam
3407 3187 3547 3246 infa-

149 3284 343 3327 nacum
378 3270 667 3342 quendam
717 3267 787 3324 de
831 3267 1083 3324 ecclesia
1141 3266 1500 3337 Leodicensi,
1558 3266 1795 3323 fratrem
1830 3293 1878 3355 ρ
1909 3269 2099 3341 miam,
2124 3270 2172 3326 si
2206 3267 2344 3340 quid
2372 3268 2489 3325 tale
2523 3273 2729 3326 contra
2761 3271 3054 3327 dominum
3087 3287 3254 3329 suum
3287 3277 3548 3332 commit-

151 3360 506 3430 quorundam
540 3357 637 3429 qui
670 3354 992 3413 consiliarii
1023 3361 1188 3412 erant
1220 3355 1453 3413 comitis
1482 3356 1798 3412 Namucen-

152 3447 244 3517 sis,
278 3448 408 3505 ideo
465 3452 528 3504 ut
588 3445 820 3503 illorum
877 3444 1140 3503 consiliis
1201 3444 1393 3502 acrius
1432 3445 1487 3501 in
1542 3444 1796 3502 furorem

154 3549 314 3595 suum
346 3551 545 3595 comes
576 3535 793 3593 cotidie
825 3534 1272 3591 accenderetur.
1314 3533 1494 3600 Quem
1519 3533 1799 3606 (702)110-

158 3638 297 3682 mam
327 3627 554 3698 magnis
600 3625 934 3697 sumptibus
977 3624 1279 3694 ducentes,
1308 3626 1512 3680 contra
1536 3622 1799 3681 volunta-

159 3718 267 3772 tem
301 3716 728 3789 archiepiscopi
759 3730 788 3770 a
822 3716 1057 3771 domino
1090 3729 1239 3787 papa
1272 3715 1604 3772 innocentia
1628 3715 1799 3774 bene-

164 3803 273 3861 dici
304 3805 573 3863 fecerunt
603 3805 659 3861 in
706 3805 1007 3872 abbatem;
1039 3809 1099 3860 et
1131 3803 1278 3877 (703)
1310 3803 1630 3862 ammirataa
1661 3807 1797 3861 sunt

163 3895 346 3952 turbas
375 3895 446 3951 de
465 3899 580 3951 tam
604 3893 798 3952 subita
819 3907 1011 3950 rerum
1037 3893 1377 3963 mutatione,
1395 3893 1618 3950 scilicet
1645 3892 1800 3964 quod

163 3980 411 4041 Romana
436 3984 703 4041 aecclesia
735 3982 911 4040 talem
939 3986 1281 4053 tantumque
1303 3982 1490 4039 virum
1525 3987 1641 4039 tam
1671 3998 1802 4054 gra-

161 4071 307 4129 viter
329 4074 683 4144 molestavit,
709 4074 804 4145 qui
830 4077 915 4129 tot
933 4072 1167 4129 labores
1188 4076 1391 4142 totque
1417 4071 1673 4143 pericula
1693 4087 1798 4144 pro

163 4158 281 4233 ipsa
310 4164 695 4232 sustinuerat,
730 4166 789 4218 et
823 4163 918 4233 qui
948 4166 1064 4218 tam
1095 4175 1279 4233 nuper
1310 4161 1363 4215 in
1396 4165 1561 4217 tanta
1608 4161 1797 4232 gratia

164 4252 498 4322 apostolica;
529 4252 683 4309 sedis
734 4250 1066 4321 exstiterat,
1100 4250 1196 4323 qui
1227 4254 1287 4305 et
1318 4265 1423 4323 pro
1455 4264 1600 4323 papa
1633 4251 1800 4308 Inno-

164 4341 354 4398 centio
386 4342 664 4399 Lothario
722 4340 844 4411 regi
878 4340 933 4397 in
988 4343 1213 4397 tantum
1244 4353 1306 4397 se
1359 4343 1713 4411 opposuerat
1742 4339 1799 4396 in

166 4429 533 4500 expeditione
565 4444 739 4502 supra
772 4428 950 4499 dicta,
983 4428 1136 4501 quod
1168 4428 1289 4500 ipse
1320 4427 1799 4502 archiepiscopus

166 4520 223 4571 et
249 4533 352 4575 rex
382 4520 456 4576 ab
487 4518 735 4579 invicem
767 4531 882 4576 non
941 4531 1149 4576 sereno
1181 4517 1369 4575 animo
1399 4517 1798 4577 discesserant

170 4605 330 4680 (794).

236 4701 320 4753 19.
353 4698 632 4757 Preterea
687 4703 953 4771 tempore
1001 4696 1174 4768 hujus
1231 4711 1460 4767 guerrze
1491 4712 1619 4770 quas
1673 4701 1799 4757 erat

174 4782 320 4842 inter
333 4786 836 4861 archiepiscopum
848 4790 908 4845 et
924 4786 1216 4858 comitem,
1235 4786 1448 4846 fratres
1467 4784 1536 4845 de
1550 4786 1798 4846 ecclesia

1830 4652 1884 4713 D

1909 3363 2397 3430 teret,antequam
2412 3357 2665 3415 dominio
2681 3375 2787 3416 suo
2804 3360 3545 3434 renunciasset;presertim

1906 3453 2112 3506 contra
2135 3448 2493 3519 majestatem
2508 3448 2724 3518 regiam
2750 3450 2857 3504 hoc
2880 3450 3021 3520 fore,
3039 3450 3084 3507 si
3107 3451 3546 3527 archiepiscopo

1907 3550 1978 3594 ex
1998 3538 2265 3594 mandato
2281 3537 2435 3606 regis
2462 3536 2516 3592 in
2534 3535 2693 3592 curia
2728 3538 3048 3593 comoranti
3068 3539 3277 3597 malum
3307 3541 3544 3617 aliquop

1907 3627 2169 3683 inferret.
2202 3627 2494 3684 Reversus
2542 3631 2735 3683 autem
2768 3642 2797 3682 a
2829 3629 2989 3684 curia
3043 3630 3543 3704 archiepiscopus,

1908 3716 2176 3772 omnibus
2199 3715 2384 3771 modis
2408 3715 2475 3770 ad
2500 3729 2700 3786 pacem
2727 3716 2881 3787 cepit
2906 3716 3171 3775 laborare
3193 3726 3255 3774 et
3275 3720 3546 3778 comitem

1908 3805 2139 3878 incepto
2153 3818 2426 3861 revocare
2450 3806 2665 3862 furore.
2692 3804 2791 3861 Ille
2816 3810 3006 3863 autem
3028 3820 3132 3878 per
3149 3808 3549 3881 episcopatum

1910 3894 2194 3966 incendia,
2224 3895 2477 3967 rapinas,
2508 3896 2681 3953 cedes
2718 3898 3050 3971 exercebat.
3085 3898 3332 3955 Tandem
3366 3900 3553 3958 archi-

1908 3985 2224 4056 episcopus
2254 3984 2409 4056 cepit
2437 4000 2569 4041 sese
2627 3984 2966 4043 defendere.
3034 3987 3102 4043 Et
3136 3988 3266 4059 quia
3300 4000 3451 4045 nunc
3481 3989 3554 4045 ad

1910 4074 2079 4131 finem
2113 4088 2382 4144 propero,
2410 4073 2589 4129 multa
2608 4075 3024 4146 pertransiens,
3050 4089 3327 4133 summam
3357 4081 3554 4148 gesto-

1910 4175 2038 4217 rum
2064 4161 2210 4217 hanc
2242 4159 2481 4232 colligo.

1980 4252 2051 4305 20
2112 4248 2335 4305 Rodolfi
2391 4254 2644 4306 montem
2678 4250 2825 4322 (706)
2860 4251 2946 4308 bis
2972 4250 3175 4323 cinxit,
3207 4257 3267 4309 et
3298 4254 3552 4318 secunda

1909 4338 2210 4395 obsidione
2232 4337 2544 4409 destruxit,
2562 4343 2821 4396 castrum
2846 4340 3096 4411 scilicet,
3116 4344 3267 4412 quod
3286 4343 3556 4399 omnibus

1913 4428 2099 4485 modis
2115 4427 2509 4499 insuperabile
2523 4427 2852 4485 videbatur.
2871 4431 3089 4486 Novum
3108 4435 3552 4502 castrum,qnod

1912 4517 2176 4574 Mercurii
2214 4531 2378 4573 mons
2405 4516 2625 4571 dicitur
2674 4517 2845 4588 (707),
2876 4517 3188 4590 ediﬁeavit,
3222 4521 3433 4577 timens
3483 4536 3554 4578 ne

1912 4606 2291 4663 Namucensis
2312 4610 2563 4662 montem
2586 4605 2746 4662 illum
2769 4612 3106 4679 occuparet,
3130 4607 3283 4679 quod
3308 4610 3473 4680 quasi
3498 4610 3554 4665 in

1914 4697 2090 4754 corde
2122 4701 2297 4753 terrae
2325 4711 2444 4752 suae
2476 4698 2622 4752 erat.
2657 4695 3056 4753 Mandersccat
3095 4698 3383 4768 castrum(
3406 4700 3553 4771 708),

1917 4791 2122 4844 natura
2146 4785 2258 4843 loci
2282 4784 2753 4857 munitissimum,
2776 4786 2933 4859 cepit
2955 4790 3010 4842 et
3034 4801 3217 4861 usque
3240 4787 3309 4845 ad
3334 4787 3557 4846 obitum

1465 4885 1702 4943 VARIE
1732 4887 2113 4945 LECTIONES
2128 4929 2140 4941 .

240 4983 329 5022 ⁴⁰⁸⁹
358 4986 745 5048 succumbere
775 4998 829 5043 ο.

947 4982 1041 5017 ⁸⁰⁹⁰
1070 4983 1204 5041 lvvo
1234 4996 1282 5042 ο.
1310 4985 1381 5052 (ι.
1408 4984 1605 5056 com).
1719 4984 1811 5020 ιοοί
1841 4984 2115 5057 quaedam
2143 4984 2339 5042 deesse
2358 4981 2655 5042 videntur.

2769 4981 2859 5015 ⁴⁰⁰²
2891 4981 3071 5042 deest.

1751 5057 1952 5115 ΝΟΤιιΕ
1967 5098 1981 5113 .

247 5153 389 5239 (700)
420 5158 500 5239 lle
529 5169 641 5239 qua
671 5151 1095 5239 cf..Zyllesinus:
1127 5151 1397 5211 Defensio
1427 5151 1677 5214 abbatiae
1709 5155 1810 5213 im-

178 5227 410 5293 perialis
439 5229 502 5283 S.
542 5227 854 5295 Maximini,
888 5241 939 5282 c.
974 5231 1025 5282 3.

244 5296 388 5369 (701)
424 5300 510 5357 Cf.
560 5299 724 5368 Virg.
762 5299 884 5369 IEn.
919 5312 995 5367 v1,
1028 5300 1151 5354 261.

244 5366 388 5443 (702)
420 5366 716 5443 Sigerum;
768 5368 867 5443 cui
916 5366 1289 5443 Innocentius
1343 5382 1598 5443 papaia.
1639 5370 1799 5443 1140.

181 5438 477 5512 privilegia
499 5446 559 5499 et
580 5440 1056 5497 communitatem
1078 5438 1476 5507 confirmavit;
1504 5440 1808 5497 Hontheim
1919 5438 2065 5499 viris
2124 5438 2276 5496 haud

178 5507 325 5565 Hist.
365 5507 503 5639 Ιξὲ.
548 5514 669 5569 543.
719 5582 730 5593 .
973 5582 985 5594 .
1696 5583 1707 5594 ι

247 5578 389 5639 (703)
476 5599 547 5639 uc
580 5585 836 5639 pertinet
893 5582 1144 5639 epistola
1175 5588 1275 5639 170
1332 5586 1393 5639 S.
1434 5582 1707 5639 Bernardi

247 5578 401 5655 (703)
425 5578 547 5641 Huc
580 5582 836 5655 pertinet
893 5582 1144 5654 epistola
1175 5588 1275 5640 170
1332 5586 1393 5640 S.
1434 5582 1711 5655 Bernardi
1744 5597 1806 5640 a.

183 5651 686 5728 3_1£OScripta,qua
702 5651 1014 5728 Alberoinis
1030 5659 1228 5727 partes
1241 5656 1393 5727 apud
1416 5654 1813 5728 Innocentium

181 5717 240 5798 ll,
255 5717 462 5798 papam
488 5717 717 5783 tuetur.
759 5717 1045 5796 Ejusdem'
1071 5717 1396 5797 argumenti
1445 5731 1536 5784 est
1567 5725 1816 5798 epistola

399 5811 525 5860 m.
590 5798 746 5869 Quas
774 5798 907 5857 vide
966 5812 1065 5874 ap.
1113 5798 1420 5858 Hontbeim
1476 5798 1632 5857 Hist.
1673 5799 1714 5873 1,
1747 5811 1808 5875 p.

182 5793 300 5854 180.

2014 5228 2139 5296 704)
2196 5224 2284 5280 Cf.
2325 5225 2493 5280 Gesta
2525 5228 2699 5281 metr.
2738 5239 2794 5282 v.
2828 5224 2930 5280 140
2957 5238 3092 5296 sqq.

2016 5301 2136 5365 705)
2168 5296 2464 5352 Viandem.

1992 5366 2140 5441 (701)“)
2173 5368 2562 5441 Rudolfsberg
2590 5366 3411 5441 arxerat‘Luxemburgensis.
3436 5368 3568 5425 Tre-

2334 5439 2537 5511 procul
2569 5439 2775 5512 dissita
2802 5439 2877 5512 ad
2931 5440 3113 5512 ripam
3173 5440 3329 5498 Sara":
3377 5443 3566 5508 Wrrr,

1921 5513 2234 5570 Roulmont
2268 5511 2506 5584 dicitur,
2566 5510 2872 5567 Hontheim
2903 5512 2943 5583 l,
2974 5510 3111 5584 pag.
3155 5515 3295 5581 554;
3356 5512 3570 5569 Rodul-

1924 5585 2162 5653 ﬁsbcrg,
2198 5583 2455 5655 Gunther
2486 5584 2526 5652 1,
2558 5598 2610 5655 p.
2642 5586 2764 5639 336.

1997 5656 2144 5727 (707)
2178 5654 2519 5727 Montmédy.

2000 5724 2145 5804 (708)
2176 5724 2641 5785 Mandcrscheid.
