3936 6420
395 382 546 458 1327

1000 350 3208 451 essnxTnEVER.—.APPENb.GusnsALBEROanARoH

3652 380 3683 440 1
3695 376 3819 440 328

394 564 563 607 suum
594 545 863 603 retinuit.
926 540 1269 599 Gerlandam
1330 539 1503 611 (709),
1535 536 1836 593 Zolveram
1895 532 2041 603 (710)
2075 509 2131 573 Α
2162 527 2519 586 municiones
2539 530 2665 599 ejus
2689 530 2933 587 domnus
2953 530 3431 604 archiepiscopus
3458 532 3660 588 comiti
3685 534 3822 590 red-

394 638 570 709 cepit,
604 641 664 692 et
722 636 792 689 30
841 631 1198 689 munitiones
1251 628 1485 686 comitis
1535 623 1916 682 Namucensis
1945 626 2047 678 aut

394 726 549 798 cepit
582 728 680 781 aut
730 720 1053 779 destruxit.
1092 718 1482 793 Epternacum
1515 729 1747 786 quoque
1776 712 1953 783 cepit,
1988 709 2045 765 in

396 830 509 887 quo
521 826 717 871 comes
731 810 1214 868 militiamtenere
1237 806 1485 864 solebat.
1507 804 1616 860 Sed
1638 804 1790 858 inter
1806 800 2047 872 primam

394 909 451 963 et
482 902 798 960 secundam
827 896 1057 956 Rodulfi
1087 897 1305 953 montis
1334 893 1699 951 obsidionem
1735 890 1890 946 bello
1913 902 2049 945 con-

394 992 583 1064 gressi
640 995 779 1047 sunt
824 985 1300 1057 archiepiscopus
1356 988 1416 1039 et
1470 995 1667 1037 comes
1729 980 1784 1035 in
1844 981 2048 1050 aperto

395 1095 620 1152 campo.
655 1076 820 1147 Quod
851 1076 968 1132 tale
1002 1075 1131 1131 fuit.
1167 1074 1307 1130 Cum
1348 1071 1535 1144 primo
1569 1068 2051 1139 archiepiscopus

394 1168 620 1227 Rodolfl
654 1170 910 1224 montem
946 1161 1303 1228 obsedisset,
1354 1174 1550 1217 comes
1582 1156 1937 1214 Palaciolum
1973 1156 2052 1209 in-

395 1259 570 1328 vasit,
598 1262 657 1314 et
708 1256 898 1327 ignem
950 1254 1005 1308 in
1052 1250 1359 1309 ecclesiam
1417 1252 1635 1305 sanctae
1686 1246 1877 1302 Marias
1928 1244 2052 1313 inji-

391 1349 575 1419 ciens,
609 1344 992 1403 municionem
1032 1354 1266 1413 quoque
1313 1336 1742 1408 archiepiscopi
1780 1348 2052 1390 cremare

395 1437 692 1510 sperabat.
727 1434 866 1501 Quae
916 1432 1065 1487 fama
1095 1444 1226 1487 cum
1259 1427 1329 1483 ad
1381 1425 1884 1497 archiepiscopum
1925 1437 2051 1494 per-

396 1526 675 1595 venisset,
693 1520 998 1580 obsidione
1012 1518 1357 1588 soluta,tota
1372 1521 1544 1572 nocte
1566 1514 1897 1587 properavit
1919 1527 1988 1568 cu
2002 1526 2051 1566 m

398 1614 613 1673 milicia
637 1626 763 1682 sua,
791 1615 855 1668 ut
887 1607 1185 1681 inproviso
1209 1606 1365 1663 hosti
1390 1604 1833 1676 superveniens,
1872 1600 2054 1673 inopi-

402 1710 539 1762 nato
564 1709 788 1761 terrore
807 1712 1099 1757 concusso
1122 1710 1259 1753 suas
1281 1694 1437 1751 vires
1460 1691 1816 1749 eatenderet.
1850 1692 2054 1748 Comes

400 1808 541 1851 vero
571 1806 675 1865 per
718 1788 1133 1861 exploratores
1161 1786 1289 1855 ejus
1342 1782 1708 1856 prcsentiens
1740 1779 2052 1837 adventum

2161 616 2328 688 didit,
2354 623 2417 674 et
2441 619 2512 674 de
2539 618 2853 689 beneficiis,
2881 634 3009 690 quae
3035 620 3087 675 in
3111 624 3439 677 casamento
3468 635 3672 678 comes
3697 621 3823 694 plu-

2162 707 2302 763 rima
2333 713 2605 765 tenuerat
2652 711 2724 766 ab
2756 709 3004 767 ecclesia
3026 710 3386 782 Treverensi,
3419 711 3823 784 archiepisco-

2162 813 2269 868 pus
2300 813 2365 853 ea
2398 798 2653 855 reddidit
2689 814 2815 870 quas
2858 804 3121 871 tempore
3152 800 3325 871 hujus
3355 799 3665 859 discordia:
3693 805 3824 860 suis

2162 902 2273 942 non
2289 887 2533 944 dederat
2561 888 2909 945 fautoribus.
2938 888 3144 959 Sicque
3165 894 3223 945 et
3240 890 3527 946 abbatiam
3549 891 3818 949 obtinuit

2162 980 2220 1031 et
2250 975 2322 1031 de
2366 976 2579 1032 comite
2626 976 2938 1047 gloriosam
2984 978 3317 1034 victoriam.
3372 979 3512 1035 Post
3554 978 3667 1037 hoc
3700 980 3819 1037 alia

2164 1078 2396 1134 quoque
2431 1063 2611 1121 multa
2643 1065 2909 1136 perfecit.

2234 1156 2321 1207 2|.
2357 1155 2538 1209 Arraz
2584 1154 2736 1210 enim
2766 1160 3023 1212 castrum
3054 1171 3221 1213 suum
3248 1171 3443 1214 comes
3476 1157 3817 1214 Fridericus

2163 1242 2236 1297 de
2258 1242 2643 1313 Vianna,cum
2668 1244 2842 1301 unius
2858 1245 3040 1301 turris
3063 1252 3264 1303 custos
3278 1248 3349 1302 ab
3363 1245 3815 1318 archiepiSCOpo

2163 1336 2321 1388 esset
2351 1332 2716 1389 constitutus
2747 1332 2917 1406 (713),
2954 1338 3138 1391 totum
3170 1334 3281 1391 sibi
3314 1340 3728 1407 usurpaverat,
3753 1342 3811 1392 et

2166 1420 2399 1492 rapinas
2417 1420 2631 1478 multas
2662 1421 2717 1477 in
2751 1421 2985 1479 ﬂumine
3016 1422 3251 1479 Mosella
3274 1425 3603 1481 exercebat.
3640 1424 3812 1491 Quod

2166 1509 2376 1566 iterum
2394 1524 2768 1583 recuperans,
2790 1512 3062 1568 comitem
3087 1512 3438 1569 Fridericum
3454 1512 3585 1568 inde
3608 1514 3810 1585 ejecit.

2168 1598 2305 1654 Post
2359 1598 2467 1655 hec
2513 1599 2709 1655 omnia
2759 1599 3004 1657 multum
3057 1599 3380 1659 exhaustus
3426 1600 3518 1636 ⁴⁰⁹³
3565 1606 3815 1676 propter

2168 1700 2405 1756 magnas
2434 1691 2491 1742 et
2524 1688 2720 1744 varias
2751 1703 3043 1761 expensas
3076 1705 3220 1762 quas
3242 1691 3297 1746 in
3324 1705 3533 1760 guerra
3567 1692 3812 1761 fecerat,

2172 1790 2371 1846 pacem
2396 1775 2466 1833 de
2501 1782 2702 1833 cetero
2732 1777 2967 1845 habuit;
3001 1779 3135 1849 quia
3169 1786 3298 1852 post
3330 1780 3433 1837 hec
3459 1795 3626 1837 nemo
3654 1779 3814 1839 bello

402 1879 857 1955 archiepiscopi,
910 1877 963 1933 in
1013 1876 1203 1946 fugam
1243 1888 1588 1939 conversus,
1648 1873 1818 1927 nocte
1866 1868 1962 1925 illa
1996 1868 2052 1924 in
2087 1876 2140 1939 Β
2171 1865 2370 1955 ipsum
2416 1865 2713 1955 lacessere
2770 1867 3184 1940 attemptavit;
3219 1874 3279 1925 et
3329 1868 3572 1941 plurima
3617 1871 3814 1928 denuo

402 1971 599 2029 villam
628 1966 892 2042 episcopi
934 1963 1205 2023 Witelich
1253 1977 1313 2019 se
1346 1960 1601 2032 recepit;
1650 1974 1834 2030 equos
1866 1963 1923 2013 et
1955 1959 2055 2013 lio-

403 2060 589 2117 mines
615 2057 857 2114 reficere
890 2053 1111 2123 volens,
1138 2057 1194 2109 et
1254 2050 1432 2107 nichil
1463 2048 1824 2121 repperiens,
1859 2045 2054 2102 villam

405 2154 585 2207 totam
615 2144 1050 2209 concremavit;
1084 2147 1140 2197 et
1190 2140 1325 2196 inde
1354 2138 1675 2207 transiens,
1727 2152 1858 2193 cum
1886 2135 2054 2205 juxta

403 2237 697 2295 abbatiam
712 2248 841 2306 qua:
855 2230 1189 2289 Claustrum
1212 2227 1594 2297 dicitur(711)
1614 2239 1857 2297 pausare
1878 2223 2057 2281 vcllet

402 2331 460 2384 et
474 2337 681 2399 panem
698 2324 994 2392 frangeret
1007 2351 1075 2360 —
1099 2316 1399 2376 famelicus
1416 2316 1567 2372 enim
1583 2330 1680 2371 era
1693 2320 1803 2385 t—,
1834 2314 2059 2371 exerci-

404 2410 940 2484 tusarchiepiscopi
958 2410 1072 2480 jam
1092 2408 1203 2465 sibi
1228 2406 1510 2463 inminere
1524 2404 2054 2477 prenunciabatur;

404 2503 600 2577 etipse
614 2499 895 2558 velociter
908 2514 1036 2556 cum
1054 2496 1178 2555 suis
1192 2497 1381 2565 fugam
1397 2494 1708 2567 arripiens,
1733 2491 1962 2548 cuidam
1987 2491 2057 2546 de

410 2591 692 2651 fratribus
725 2588 796 2645 ad
819 2603 878 2645 sc
900 2593 1111 2645 vocato
1138 2599 1240 2657 per
1265 2583 1691 2655 adjurationem
1717 2585 2060 2637 contestans

407 2680 677 2754 injunxit,
713 2683 776 2737 ut
811 2675 1259 2748 archiepiscOpo
1290 2688 1353 2730 se
1377 2670 1713 2742 insequenti
1741 2670 1848 2727 hec
1880 2669 2057 2725 verba

408 2773 686 2829 referret:
729 2770 888 2825 Deus
934 2779 1054 2823 non
1080 2763 1384 2821 meliorem
1415 2761 1571 2817 diem
1614 2761 1711 2816 cel
1735 2758 1957 2816 noctem
1981 2759 2056 2827 ei,

406 2859 634 2919 scilicet
660 2855 1125 2928 archiepiscopo,
1152 2851 1449 2921 concedat,
1484 2863 1668 2921 quam
1696 2848 1841 2906 duos
1858 2848 1986 2904 dies
2007 2846 2069 2903 ct

408 2946 767 3007 duasnoctes
780 2944 1055 3003 continue
1077 2939 1283 2998 habui.
1322 2940 1435 3004 Qui
1457 2952 1588 2996 cum
1611 2936 1834 2994 duobus
1856 2934 2062 2993 diebus

397 3036 826 3112 jejunaoerim,
852 3032 1037 3091 etiam
1059 3030 1233 3088 tertio
1250 3029 1347 3085 die
1359 3027 1640 3099 pauxillo
1647 3027 1827 3098 panis
1838 3039 1928 3083 me
1947 3027 2064 3083 vcl-

409 3121 977 3200 Imrefocillare,ab
991 3134 1052 3178 eo
1063 3134 1179 3176 non
1190 3117 1799 3189 snmpermz’ssasCon
1809 3130 2062 3187 sequens

2172 1952 2544 2025 recolligcns,
2599 1954 2878 2027 palatium
2929 1971 3098 2014 suum
3147 1964 3207 2013 et
3252 1958 3437 2014 omnia
3483 1964 3677 2017 castra
3709 1974 3812 2017 sua

2170 2042 2354 2100 multo
2388 2043 2522 2101 vino
2552 2049 2609 2101 et
2643 2045 2896 2101 omnium
2920 2046 3262 2103 victualium
3283 2061 3493 2118 genere
3525 2047 3812 2121 implevit,

2169 2145 2260 2202 ne,
2296 2131 2343 2187 si
2379 2132 2511 2203 quis
2556 2146 2687 2189 eum
2730 2133 2944 2191 iterum
2974 2133 3181 2206 injuria
3216 2134 3408 2208 aliqua
3439 2144 3811 2209 provocarct,

2171 2217 2474 2290 inparatus
2502 2219 2881 2278 inveniretur.

2239 2312 2326 2364 22.
2362 2309 2423 2364 In
2494 2308 2703 2368 diebus
2769 2309 2886 2367 illis
2940 2311 3123 2383 (1147)
3182 2312 3460 2384 contigit,
3519 2313 3814 2371 dominum

2171 2396 2485 2466 Eugenium
2540 2411 2745 2470 papam
2806 2399 2864 2455 in
2917 2399 3217 2456 Franciam
3264 2401 3490 2467 venire;
3541 2402 3635 2458 cui
3688 2402 3813 2474 ipse

2170 2486 2514 2543 Proviniaco
2540 2490 2687 2559 (714)
2710 2502 2839 2545 cum
2874 2489 3252 2560 occurrisset,
3282 2490 3492 2561 pascha
3523 2505 3652 2548 cum
3684 2490 3813 2564 ipso

2171 2574 2428 2631 Parisius
2457 2577 2779 2633 celebravit
2830 2576 2996 2649 (Apr.
3031 2581 3143 2650 20),
3190 2582 3247 2634 et
3279 2579 3355 2635 ibi
3400 2578 3665 2638 ecclesiae
3697 2594 3811 2638 sua

2174 2663 2478 2734 privilegia
2510 2669 2570 2720 et
2589 2664 2660 2720 de
2688 2665 2940 2737 primatu
2964 2666 3247 2723 {ecclesiae
3270 2682 3389 2724 suae
3410 2672 3468 2724 et
3490 2669 3559 2725 de
3582 2668 3812 2726 abbatis

2173 2752 2359 2808 sancti
2387 2753 2675 2809 Maximini
2717 2755 3054 2812 renovando
3086 2756 3383 2813 roboravit
3414 2756 3589 2829 (715);
3619 2757 3813 2830 ibique

2173 2855 2203 2897 a
2224 2842 2459 2899 domino
2483 2857 2631 2914 papa
2679 2849 2741 2899 et
2762 2859 2789 2899 a
2818 2858 2953 2914 rege
2987 2845 3240 2903 Francia
3275 2846 3532 2918 Lodoyco
3577 2852 3752 2918 atque
3780 2861 3809 2903 a

2174 2930 2389 2987 comite
2416 2931 2748 2989 Theobaldo
2781 2932 2929 3004 (716)
2958 2933 3127 2990 valde
3156 2934 3497 2993 decentibus
3524 2935 3690 2993 donis
3716 2936 3811 2993 hoe

2176 3024 2417 3077 noratus
2447 3025 2556 3077 est.
2594 3020 2847 3091 Indeque
2879 3036 3236 3093 recessurus,
3289 3022 3577 3081 dominum
3611 3037 3806 3097 papam

2176 3109 2246 3165 ad
2276 3107 2504 3165 domum
2536 3124 2697 3166 suam
2741 3110 3029 3167 invitavit.
3067 3109 3351 3169 Clericum
3380 3126 3608 3185 quoque
3638 3128 3808 3185 quen-

407 3231 549 3288 ergo
587 3196 1088 3285 archiepiscopus
1143 3207 1438 3275 comitem,
1499 3221 1628 3262 cum
1687 3220 1787 3297 eo!
1816 3220 2061 3297 pugnam
2096 3236 2144 3297 Ο
2176 3196 2306 3297 datu
2359 3197 2965 3297 Baldricumnnomine
3000 3199 3169 3297 (717),
3207 3199 3483 3297 juvenem
3527 3206 3711 3297 etate,
3737 3202 3803 3297 de

407 3320 599 3363 acrem
621 3301 929 3361 commisit.
959 3301 1281 3368 Comesque
1306 3301 1469 3365 terga
1494 3298 1749 3362 vertens,
1777 3293 2062 3351 beneficio

406 3393 627 3452 velocis
656 3390 790 3463 equi
826 3390 922 3447 vix
977 3386 1225 3457 aufugit,
1259 3399 1498 3442 suorum
1552 3380 1819 3455 plurimis
1847 3383 2057 3455 captis,

407 3483 605 3540 multis
666 3480 843 3537 etiam
896 3478 1062 3535 cesis.
1133 3474 1390 3545 Indeque
1454 3471 1934 3543 archiepiscopus
1989 3471 2059 3527 ad

405 3571 631 3630 Rodolft
682 3573 934 3625 montem
986 3569 1315 3630 revertens,
1354 3566 1414 3617 ut
1464 3575 1641 3632 supra
1674 3560 1894 3617 dictum
1944 3565 2056 3631 est,

404 3659 699 3719 destruxit
749 3657 876 3728 (an.
939 3656 1174 3725 11b”).
1241 3651 1491 3707 Tandem
1540 3664 1736 3706 comes
1789 3651 2059 3707 omnibus

404 3751 630 3809 viribus
657 3746 955 3815 deficiens,
993 3758 1095 3817 per
1125 3755 1321 3812 regem
1356 3738 1703 3810 Conradum,
1733 3739 1790 3794 in
1822 3741 2059 3811 expedi-

403 3841 622 3898 tionem
652 3833 1186 3893 Jerosolimitanam
1212 3836 1353 3886 tunc
1378 3828 1617 3897 iturum,
1644 3833 1783 3900 aput
1809 3828 2052 3900 Spiram,

403 3930 651 4001 gratiam
676 3924 894 3983 domini
923 3918 1355 3992 archiepiscopi
1378 3933 1582 3988 magno
1610 3917 1809 3974 labore
1833 3918 2059 3975 multis-

406 4033 516 4090 que
547 4013 860 4075 conatibus
892 4010 1223 4082 requisivit,
1248 4015 1455 4064 etcum
1486 4022 1686 4077 magna
1714 4007 2057 4066 difﬁcultate

405 4104 767 4181 impetravit;
787 4100 1170 4173 jurisjurandi
1198 4098 1479 4168 religione
1502 4097 1875 4169 confirmans,
1902 4098 2055 4169 quod

404 4211 509 4270 pro
550 4197 657 4252 hac
706 4206 884 4250 causa
932 4194 1134 4247 contra
1180 4186 1489 4244 ecclesiam
1539 4187 1953 4243 Treverenscm
1988 4187 2057 4244 dc

402 4294 604 4345 cetero
656 4297 813 4340 arma
870 4278 1206 4337 nullatenus
1261 4278 1461 4343 ferret,
1512 4280 1569 4332 et
1622 4278 1774 4345 quod
1828 4275 2054 4333 Rudolfl

405 4382 657 4432 montem
675 4389 778 4430 nec
794 4368 1281 4427 recdiflcarctnec
1311 4364 1637 4422 rcedillcari
1661 4365 2052 4440 permitteret,

403 4471 459 4520 et
493 4462 648 4536 quod
683 4460 1079 4517 Maudcrsceat
1110 4470 1402 4528 nunquam
1446 4470 1549 4527 per
1582 4454 1694 4524 vim
1739 4454 1832 4510 vel
1862 4460 2058 4512 extor-

403 4555 623 4610 sionem
676 4550 927 4622 aliquam
979 4551 1276 4619 repeteret
1331 4547 1481 4615 (712)
1543 4546 1644 4615 (an
1701 4546 1856 4614 1146,
1893 4545 2052 4615 Dea,

404 4648 560 4714 1157,
592 4642 785 4711 Jan).
823 4639 1211 4708 Eplernacum
1233 4648 1372 4690 vero
1404 4640 1461 4689 et
1492 4639 1688 4688 cetera
1712 4638 1907 4689 castra
1932 4633 2056 4690 sive

2174 3286 2521 3358 episcopatu
2552 3286 2890 3345 Leodicensi
2942 3302 3013 3344 ex
3041 3287 3284 3346 castello
3312 3288 3630 3347 Florinensi
3659 3290 3801 3363 (718)

2174 3380 2386 3445 ortum,
2413 3391 2543 3433 cum
2569 3376 2887 3434 audivisset
2915 3377 2967 3432 in
2989 3378 3150 3435 curia
3182 3378 3395 3436 domini
3418 3393 3579 3452 papas
3599 3394 3800 3437 causas

2173 3463 2463 3521 dicentem
2512 3478 2570 3520 et.
2618 3480 2757 3537 sepe
2806 3466 3075 3538 apposite
3127 3472 3513 3540 perorantem,
3547 3482 3739 3526 secum
3770 3482 3799 3525 a

2171 3560 2434 3620 Parisius
2464 3564 2755 3620 Treverim
2788 3564 3053 3637 adduxit,
3076 3570 3132 3622 et
3156 3566 3494 3637 magistrum
3515 3566 3797 3625 scalarum

2173 3651 2226 3707 in
2251 3652 2422 3709 domo
2446 3652 2634 3709 sancti
2677 3652 2835 3709 Petri
2859 3654 3202 3722 constituit;
3251 3659 3307 3711 et
3339 3654 3610 3726 quamdiu
3639 3654 3794 3724 vixit,

2170 3740 2337 3797 valde
2370 3756 2501 3798 eum
2532 3755 2732 3799 carum
2779 3746 2839 3800 et
2873 3743 3213 3800 familiarem
3245 3743 3464 3800 habuit.
3498 3744 3609 3802 Nec
3635 3743 3795 3815 longe

2171 3830 2481 3900 interjecto
2510 3836 2777 3905 tempore
2809 3831 3114 3903 predictus
3143 3846 3247 3889 rex
3280 3831 3532 3891 Francia;
3564 3840 3620 3889 et
3651 3832 3795 3891 illius

2169 3920 2481 3978 Theobaldi
2530 3920 2763 3979 comitis
2794 3921 3100 3978 Heinricus
3145 3921 3452 3979 transitum
3480 3923 3792 3981 habuerunt

2170 4024 2272 4082 per
2302 4009 2497 4065 villam
2530 4010 2718 4068 sancti
2752 4009 3026 4067 Arnualis
3057 4012 3241 4082 (719);
3266 4012 3420 4083 quod
3451 4012 3687 4070 domnus
3715 4026 3795 4068 ar-

2169 4098 2578 4171 cbiepise0pus
2609 4098 2935 4170 presciens,
2968 4099 3272 4155 servitium
3300 4099 3529 4171 utrique
3547 4114 3792 4158 seorsum

2167 4195 2285 4244 tam
2314 4180 2536 4258 grande
2593 4192 2651 4244 et
2703 4193 2818 4244 tam
2862 4188 3229 4259 magniﬁcum
3277 4188 3619 4260 transmisit,
3652 4189 3793 4261 quod

2169 4278 2314 4350 ipsis
2335 4293 2439 4334 nec
2465 4277 2899 4351 prescientibus
2920 4292 2992 4334 ex
3012 4279 3308 4351 inproviso
3324 4279 3456 4336 dum
3475 4278 3788 4347 offerretur,

2169 4366 2340 4424 valde
2371 4371 2510 4424 sunt
2540 4366 2849 4423 ammirati.

2241 4460 2328 4513 23.
2357 4456 2570 4512 Eodem
2593 4470 2730 4513 vero
2754 4469 2924 4526 anno,
2960 4456 3246 4513 dominica
3273 4471 3385 4528 qua
3402 4460 3685 4514 cantatur.
3712 4455 3787 4512 Ad

2174 4551 2230 4602 te
2261 4544 2468 4615 levavi,
2506 4544 2754 4601 domnus
2805 4557 2955 4617 papa
2985 4546 3277 4616 Eugenius
3308 4544 3595 4602 Treverim
3624 4544 3788 4613 venit,

2172 4637 2325 4693 sicut
2360 4635 2643 4690 invitatus
2686 4649 2713 4689 a
2748 4634 2989 4692 Domino
3038 4635 3477 4708 archiepiscopo
3508 4634 3706 4704 fuerat,
3740 4640 3787 4689 et

1772 4731 2008 4789 VARLE
2047 4734 2449 4795 LECTIONES.

472 4839 566 4874 ⁸⁰⁹⁸
590 4836 882 4897 exhautus
911 4849 968 4893 ο.

1989 4907 2212 4965 NOTAE.

473 5012 616 5081 (709)
652 5007 828 5081 Cujus
862 5005 1035 5081 situm
1071 5017 1239 5081 nemo
1274 5001 1516 5081 indicat.

472 5072 620 5151 (710)
654 5072 836 5147 Vulgo
868 5077 1073 5151 Zolver
1107 5074 1348 5151 dictum,
1385 5074 1438 5128 in
1473 5072 2053 5151 territorioducatus

400 5145 952 5219 Lu‘xemburgensis,
1007 5151 1260 5219 quatuor
1309 5147 1520 5219 leucas
1552 5150 1616 5202 et
1664 5145 1961 5219 dimidiam
2020 5162 2051 5204 a

401 5216 805 5290 Luxemburgo
874 5216 1078 5275 situm.
1154 5217 1339 5290 supra
1412 5216 1874 5290 collem,_hodie
1947 5219 2054 5277 der

396 5285 838 5364 Zollwergnopf
876 5290 1118 5364 dictum,
1155 5285 1291 5364 olim
1320 5285 1497 5364 hujus
1529 5288 2051 5364 familizecastrum

398 5357 711 5433 existebat,
739 5357 909 5432 c'ujus
930 5357 1430 5430 hodie'nequidem
1459 5358 1668 5415 rudera
1701 5361 1791 5418 vel
1817 5360 2051 5418 minima

397 5443 651 5494 exstant.
688 5438 852 5489 Wrrr

471 5513 619 5578 (711)
654 5506 889 5563 Scilicet
925 5502 1423 5578 [liminerode;_cf.
1456 5501 1768 5578 Alberonis
1790 5502 2052 5578 chartam

399 5574 654 5643 a.'1138,
687 5593 785 5650 ap.
854 5575 1071 5632 llonth.
1124 5576 1276 5650 llist.
1305 5575 1355 5650 ΑΙ,
1393 5590 1470 5650 _p.
1528 5577 1631 5629 539
1664 5593 1678 5629 :
1716 5593 1743 5625 α
1773 5581 1833 5631 et
1867 5574 2052 5634 locum

398 5651 558 5706 illurn
594 5645 922 5707 Claustrum
958 5646 1258 5720 appellari
1298 5645 1561 5720 fecimus.
1593 5666 1620 5695 υ

472 5721 615 5802 (712)
650 5720 711 5781 ν.
748 5714 1183 5791 ϐοηηᾱῖιίθείε
1204 5716 1457 5791 diploma
1494 5716 1599 5774 bac
1629 5714 1700 5774 dc
1732 5730 1795 5775 re
1828 5715 2047 5791 datum,

2164 5005 2470 5063 Hontheim
2502 5002 2646 5061 Hist.
2681 5008 2732 5075 1,

2237 5077 2385 5147 (713)
2420 5077 2481 5133 V.
2516 5071 2900 5148 diploma'hac
2929 5072 3000 5130 de
3033 5088 3095 5130 re
3118 5072 3313 5132 datum
3337 5076 3540 5131 notatu
3571 5071 3784 5144 dignum

2244 5191 2255 5205 .
2297 5146 2603 5204 Hontheim
2636 5148 2783 5203 Hist.
2824 5147 2867 5213 Ι,
2902 5163 2953 5218 p.
2989 5148 3110 5203 557.

2769 5017 2821 5075 p.
2855 5004 2975 5075 554.

2164 5146 2255 5220 ap.
2297 5146 2603 5220 HOntheim
2636 5148 2783 5203 Hist.
2824 5147 2867 5213 Ι,

2259 5221 2385 5291 714)
2421 5219 2681 5291 Provins.

2258 5287 2385 5361 715)
2417 5289 2656 5362 Eugenii
2689 5288 2903 5345 bullam
2933 5290 3063 5347 vide
3088 5288 3239 5363 apud
3263 5287 3561 5346 Hontheim
3591 5288 3726 5345 Hist.
3746 5288 3780 5357 Ι,

2424 5432 2705 5515 Blesensi,
2739 5433 3083 5515 Carnotensi
3116 5447 3182 5491 ac
3210 5430 3495 5489 Trecensi.

2238 5504 2387 5576 (717)
2423 5504 2577 5576 Libri
2607 5504 2779 5575 hujus
2810 5505 3177 5576 scriptorem.

2238 5575 2387 5644 (718)
2423 5575 2703 5633 Florines.

2238 5648 2387 5719 (719)
2424 5647 2483 5702 In
2516 5646 2914 5719 Lotharingia.
