3936 6410
106 448 273 516 1829
744 451 1014 518 GESNA
1054 455 1405 519 TREVEB.
1440 491 1518 503 -—
1545 451 1908 518 APPEND.
1946 450 2215 518 GESTA
2244 448 2712 515 ALBERONIS
2740 446 2987 511 ARCH.
3398 443 3551 511 1330

108 606 378 664 sabbato
437 607 608 679 (Nov.
640 610 730 680 29)
781 613 913 665 ante
964 609 1283 681 predictam
1336 608 1683 668 dominicam
1735 609 1791 666 in
1822 589 1877 650 Α
1908 588 2005 658 δην
2040 587 2289 681 inde“?
2319 589 2641 681 ἷθνθνίθηὲ›
2683 582 2992 681 ωίδ⁸³Ῐ⁰η¹
3034 580 3379 681 squam?“
3419 597 3548 681 0‘"?

106 694 380 753 ecclesia
420 671 614 754 sancti
657 671 925 754 Eucharii
960 671 1279 755 honorifice
1313 700 1645 770 hospitatus
1677 704 1787 755 est.
1906 682 2065 770 Eant?
2092 677 2289 770 Pop?“
2311 674 2643 770 frequentia
2675 672 3111 770 Peregit’,,q“°d
3135 672 3188 727 in
3216 676 3335 728 ίοίδ
3360 671 3549 770 δευρίί

108 787 169 841 ln
222 786 365 857 ipsa
425 794 624 843 autem
676 788 961 844 dominica
1011 790 1178 859 (Noe.
1228 790 1316 859 30)
1367 759 1496 847 cum
1549 790 1793 846 maxima
1905 766 2062 823 Ρθίνί
2095 765 2498 859 190919§iaﬂﬁc
2530 762 2786 833 Spacmm
2822 759 3258 859 Pédisﬂaﬁuum
3290 760 3550 859 reperi”?

106 849 520 931 veneratione
569 888 599 929 a
647 874 807 930 clero
858 881 917 931 et
976 849 1191 947 populo
1249 849 1378 932 cum
1438 876 1795 932 inconsueta)
1909 870 2130 947 Ροεδθδ·
2166 853 2313 920 Ql'id
2336 852 2685 947 Sidigeliem,
2718 849 3049 947 qualiterin
3073 849 3163 947 die
3187 849 3552 919 sancto,sol-

112 962 546 1032 processionis
603 968 811 1018 ornatu
874 938 1066 1033 atque.
1110 964 1459 1019 recordabili
1522 964 1796 1036 sollemp-
1909 943 2395 1036 ιοίηρηι-Ρθνθο-ῐρ
2427 939 2636 1036 (ξίηθίο,
2670 954 2743 1036 9x
2784 952 2893 1036 ιιηέ
2931 942 3093 1036 βδίξεθ
3125 938 3372 1036 (Ῑοφηιξε
3403 952 3550 1009 Papa

111 1049 305 1105 nitate
344 1050 410 1106 in
452 1050 733 1121 templum
765 1056 852 1107 est
888 1052 1283 1121 introductus,
1331 1053 1657 1108 conducent

1996 1047 2036 1086 in
2063 1032 2184 1087 suis
2208 1030 2625 1098 cardinalibus,
2650 1033 2708 1083 et
2732 1042 2800 1084 ex
2824 1026 3090 1097 obposita
3118 1032 3282 1098 parte
3306 1026 3550 1083 domnus

113 1152 250 1195 cum
297 1152 330 1193 a
379 1115 619 1195 dextris
669 1140 878 1196 domno
925 1140 1234 1211 Alberone,
1269 1115 1309 1198 Ia
1353 1142 1611 1198 sinistris
1662 1157 1798 1197 vero
1909 1120 2541 1211 aPChlePlS?0PU§_CUm
2571 1117 2687 1211 illi?
2715 1116 2810 1187 (ἶυί
2843 1116 2982 1211 ίμυο
3012 1117 3402 1211 οοηνθηθςξιὴῐη
3433 1115 3553 1211 θβξ·

116 1224 381 1282 Arnulfo
438 1227 871 1284 Coloniensium
923 1204 1382 1302 archiepiscopo,
1436 1230 1798 1302 precedenti'
1910 1206 2455 1302 ἓοίῗβίετξηξωδίίίί)
2482 1206 2789 1302 ωθΡδίὲθΧ
2811 1204 3059 1302 θιάνὲίῖδο
3083 1204 3378 1302 Ὡρβοείίίδ
3409 1204 3551 1260 Γθδί⁹

118 1316 229 1369 lius
295 1329 458 1371 vero
520 1314 719 1372 multis
774 1316 1071 1388 episcopis
1125 1293 1467 1387 .Germian'iaa',
1532 1319 1796 1390 Belgicae,
1912 1297 2162 1351 debui”?
2199 1297 2319 1361 Qua
2362 1293 2942 1390 aljtgaliquistotet
2976 1296 3173 1390 tanta?
3212 1297 3553 1390 computa-re

114 1403 422 1472 Francia},
465 1404 703 1473 Angliae,
750 1381 1115 1476 Burgun'diae,
1161 1381 1520 1473 Lonbardiie,
1556 1381 1795 1477 Tusciae,
1911 1393 2081 1456 quem
2109 1387 2428 1477 θξβθηδδδῗ
2450 1385 2710 1477 Differ.“
2736 1382 2987 1453 qmdem’
3014 1381 3167 1453 q‘md
3186 1386 3317 1477 in"?
3338 1381 3552 1477 domi!“

114 1496 173 1546 ct
204 1505 286 1548 ex
321 1492 494 1547 omni
539 1493 773 1549 natione
809 1509 935 1563 qua:
964 1496 1070 1550 sub
1097 1496 1226 1552 celo
1255 1501 1362 1552 est.
1402 1495 1510 1552 Sed
1544 1512 1645 1551 nec
1678 1510 1801 1551 car-

114 1579 354 1636 dinales
415 1595 766 1637 enumerare
816 1582 996 1652 piget,
1049 1584 1144 1654 qui
1198 1602 1326 1640 cuin
1378 1584 1611 1641 domino
1653 1599 1798 1655 papa

111 1668 391 1737 Eugenio
428 1668 848 1725 ‘°°‘Treveriin
905 1679 1207 1728 venerunt.
1264 1672 1381 1728 Viri
1435 1673 1583 1728 enim
1640 1674 1799 1729 fuere

113 1756 311 1827 vultu,
342 1758 583 1827 habitu,
606 1763 799 1827 gestu,
825 1760 1092 1830 scientia,
1118 1761 1377 1817 moribus
1400 1760 1795 1833 honorabiles,
1913 1739 2092 1833 εὲῙθίη
2117 1741 2334 1796 diem”
2359 1742 2475 1833 fer}?
2501 1739 2857 1833 de§truclam
2879 1737 3192 1833 reparavit-
3227 1738 3336 1833 S_ed
3360 1750 3555 1807 quam"

115 1849 171 1898 et
202 1826 314 1916 pro
343 1860 462 1902 sua
487 1826 691 1916 magna
716 1826 1023 1903 honestate
1049 1826 1357 1905 immortali
1385 1850 1660 1905 recordat

2000 1866 2002 1877 ›
2035 1834 2277 1898 taceam,
2309 1844 2404 1884 res
2429 1828 2549 1901 ipsa
2577 1827 2850 1898 loquetur
2870 1830 2927 1881 et
2952 1826 3007 1882 in
3032 1826 3365 1882 memoriam
3392 1839 3554 1882 revo-

116 1934 302 2003 digni.
345 1937 494 1992 Haec
524 1940 716 1992 autem
749 1952 949 1992 eorum
981 1941 1117 1994 sunt
1150 1940 1402 2005 nomina,
1442 1954 1569 2009 qua:
1596 1939 1801 2009 melius?
1834 1946 1883 2006 Β
1913 1918 2258 2009 calﬁt-Mm
2294 1988 2358 2009 _,
2392 1990 2494 2009 μη
2528 1993 2755 2009 ,ΗΜ-Α
2815 1985 2962 2009 ,ΜΔ
2993 1984 3142 2009 And

117 2022 171 2077 in
220 2021 387 2081 libro
434 2025 575 2080 vitae
616 2024 835 2080 utinam
882 2027 1099 2097 scripta
1149 2027 1260 2083 sint
1305 1984 1503 2097 (72,07:
1540 2001 1797 2100 cpiscopi
1834 1984 1883 2006 υ
1916 1984 3558 2100 -,ῗῇἕ⁰2ἷ⁵-ῗῖίῗη¹ἶῗίίηἷ¹’ἱ¹ρξ’ῗῗξ”ἕῗὲῗέἷῖξῗὶῖὶῗῗέἓέῗηῗῗ·

116 2072 476 2168 cardinales
513 2072 1260 2180 ξλιδεέἷίῖτῖἱεὶίἔεῖἷιέηέἑέξ
1287 2072 1802 2172 ιὶἰιῖἷένίιζῗιῖἒέιῗ-
1913 2078 2165 2180 εῗῖ¹ί¹¹⁸³
2184 2076 2450 2180 “ile?”
2471 2072 3557 2180 έθίῗῗθίῧίέΡῗῖἓῗῧῗίῗίὲῗῖῗῗῗῗίῗέἶῖλῗῗῖῒ

118 2197 323 2264 ianus;
383 2199 708 2271 presbiteri
745 2218 757 2254 ε
790 2158 1800 2273 cuiJS"s£}KiK;n'i}§,wi12}i£2353
1914 2158 3554 2273 illi???,Biedfé',“i‘iﬁ,“ﬁ‘f‘f‘j§?§i§"iEffiﬁ‘iifni‘ii‘j1ff,

1913 1491 2075 1548 papae
2100 1476 2409 1531 adventum
2441 1474 2551 1543 ‘0“,
2586 1473 2815 1530 domum
2838 1487 2965 1542 qua:
2990 1486 3151 1543 papae
3177 1470 3412 1540 dicitur,
3439 1471 3552 1526 tria

1909 1564 2219 1621 habentem
2260 1562 2583 1619 intersticia
2625 1560 2941 1619 secundum
2983 1559 3369 1629 altitudinem,
3404 1560 3551 1614 infra

1913 1668 2015 1708 sex
2062 1652 2414 1708 ebdomadas
2461 1651 2811 1719 construxit,
2846 1654 2905 1705 et
2936 1649 3165 1705 domum
3216 1663 3344 1720 quas
3390 1651 3555 1705 Jeru-

122 2288 173 2340 S.
212 2288 585 2358 Anastasiae,
618 2290 894 2358 magister
933 2290 1285 2357 Guidodens,
1317 2290 1405 2345 vir
1434 2290 1603 2347 valde
1636 2290 1801 2347 litte-

123 2380 309 2445 ratus,
356 2374 561 2446 legum
604 2382 663 2432 et
694 2378 845 2448 juris
894 2378 1137 2449 peritus,
1188 2378 1376 2435 Julius
1413 2378 1466 2433 S.
1512 2378 1795 2435 Marcelli:

124 2465 289 2533 llugo
314 2464 726 2534 Novariensis,
761 2466 1038 2534 magister
1068 2466 1390 2535 Hubaldus,
1429 2467 1798 2523 Gislebertus

122 2551 172 2606 S.
202 2552 413 2622 Marci,
442 2553 732 2609 Johannes
754 2553 991 2624 Papiro;
1020 2568 1090 2609 ex
1116 2554 1373 2611 moribus
1398 2554 1671 2625 nobilior,
1699 2556 1803 2611 ho-

125 2645 361 2697 nestate
398 2645 464 2696 et
498 2640 853 2695 liberalitate
893 2642 1203 2710 notandus,
1250 2641 1523 2713 specialis
1572 2649 1796 2699 amator

123 2729 653 2796 Theutonicorum,
680 2728 863 2785 Guido
887 2729 1233 2800 Cremensis,
1258 2730 1348 2786 vir
1370 2730 1470 2786 alti
1497 2732 1794 2801 sanguinis

125 2816 427 2889 valdeque
449 2815 690 2872 curialis
711 2822 767 2872 et
790 2816 1070 2874 honestus
1091 2817 1363 2889 dulcique
1382 2818 1652 2890 eloquio;
1675 2818 1797 2875 Odo

128 2904 284 2963 Bone
309 2918 482 2973 case,
506 2904 1009 2963 mansuetissimus
1032 2906 1222 2977 homo,
1246 2920 1316 2962 ex
1335 2908 1608 2964 Romanis
1630 2912 1798 2965 ortus

127 2993 462 3061 nobilibus,
496 2992 763 3049 omnibus
792 2993 1039 3050 affabilis
1063 3000 1117 3049 et
1144 2995 1308 3066 pius;
1341 2996 1628 3053 Iohannes
1662 3011 1798 3067 quo-

129 3096 240 3151 que
283 3082 340 3137 S.
388 3081 588 3137 Mariae
636 3096 817 3151 novre,
871 3082 959 3138 vir
1008 3084 1360 3142 dulcissimae
1411 3084 1793 3151 affabilitatis,

132 3168 537 3226 sanctimonia
604 3185 944 3241 morumque
1004 3172 1386 3229 exornatione
1449 3171 1795 3239 decoratus;

134 3258 466 3330 Gregorius
517 3273 746 3329 quoque
792 3262 845 3315 S.
889 3260 1112 3330 Angeli,
1158 3261 1245 3317 vir
1286 3262 1500 3332 ingenii
1554 3263 1793 3327 vivacis,

135 3353 458 3419 promptus
486 3351 545 3403 et
574 3348 885 3419 expeditus
912 3349 983 3405 ad
1017 3348 1203 3405 omnia
1247 3364 1373 3420 quas
1414 3350 1707 3407 honestati
1739 3358 1798 3407 et

136 3435 409 3492 ecclesiae
435 3436 535 3493 Dei
561 3436 801 3493 utilitati
830 3438 1203 3495 conveniunt.
1237 3438 1381 3504 Quid
1408 3439 1593 3495 dicam
1620 3439 1688 3496 de
1711 3442 1798 3496 Ja-

133 3523 352 3595 cincto,
378 3524 479 3596 qui
500 3537 724 3581 omnem
743 3526 1057 3596 jacinctum
1082 3527 1391 3598 splendore
1414 3543 1533 3584 sua:
1554 3528 1799 3585 virtutis

134 3612 437 3682 vincebat,
475 3612 573 3683 qui
604 3613 819 3684 eloquii
855 3614 945 3670 sui
976 3614 1283 3671 dulcedine
1316 3631 1517 3673 omnes
1550 3618 1605 3672 in
1646 3632 1801 3673 amo-

136 3714 256 3755 rem
299 3701 395 3758 sui
443 3702 737 3773 trahebat,
782 3717 950 3773 quem
994 3704 1195 3767 audire
1239 3708 1416 3775 atque
1447 3705 1667 3775 videre,
1705 3708 1801 3762 lio-

139 3793 432 3846 nestatem
467 3789 697 3847 discere
727 3792 888 3847 erat?
930 3792 1036 3847 Sed
1081 3807 1187 3849 nec
1230 3792 1547 3849 Guidonem
1593 3795 1799 3851 tacebo

137 3874 439 3947 Pisanum,
470 3878 657 3935 virum
683 3880 1202 3950 prudentissimum
1229 3887 1285 3937 et
1314 3881 1677 3953 breviloquio
1706 3898 1801 3939 no-

142 3964 402 4023 tabilem.
436 3966 538 4023 His
566 3968 835 4025 omnibus
863 3969 1340 4043 archiepiscopus
1367 3984 1469 4043 per
1493 3970 1798 4027 duodecim

140 4054 505 4111 ebdomadas
528 4056 803 4113 continue
823 4057 1071 4129 largitus
1090 4058 1526 4115 estnecessaria
1555 4060 1611 4115 in
1639 4063 1799 4116 tanta

140 4138 565 4215 habundantia,
601 4146 755 4215 quod
783 4146 892 4219 ipsi
923 4161 1150 4217 quoque
1182 4146 1538 4212 fatebantur,
1570 4146 1797 4217 copiam

144 4228 314 4298 pleno
344 4246 532 4289 cornu
566 4234 797 4290 venisse
829 4235 897 4291 ad
933 4236 1111 4307 ipsos.
1147 4234 1294 4300 Quid
1327 4235 1576 4291 referam
1604 4234 1674 4290 de
1699 4250 1796 4291 su-

146 4320 631 4385 pervenientibus
678 4324 1159 4394 archiepiscOpis,
1209 4323 1522 4394 episcopis,
1574 4324 1803 4379 abbati-

148 4403 273 4474 bus,
307 4409 838 4483 archidiaconibus,
885 4411 1223 4484 prepositis,
1270 4412 1537 4481 ducibus,
1581 4411 1803 4468 comiti-

144 4490 269 4563 bus,
297 4496 371 4552 ad
395 4497 669 4554 domuum
699 4514 903 4572 papam
927 4501 1218 4557 Treverim
1244 4500 1635 4569 venientibus,
1665 4515 1805 4571 quo-

146 4593 267 4637 rum
292 4598 363 4640 ne
387 4600 564 4642 unum
598 4587 830 4657 quidem
863 4588 1157 4659 largitatis
1186 4587 1425 4658 reliquit
1455 4589 1803 4645 immunem?

1910 2251 2093 2309 Mart.
2124 2254 2231 2322 17).
2270 2251 2352 2307 Ad
2384 2251 2534 2321 quod
2560 2248 2869 2306 concilium
2895 2248 3140 2304 domnus
3163 2246 3555 2319 archiepisco~

1914 2356 2020 2412 pus
2052 2341 2265 2397 Albero
2306 2344 2421 2395 tam
2464 2337 2765 2407 magnifice
2798 2336 3081 2408 pervenit,
3116 2336 3270 2407 quod
3300 2335 3553 2392 omnium

1909 2429 2111 2486 oculos
2151 2429 2205 2484 in
2244 2444 2304 2484 se
2353 2432 2409 2483 et
2459 2441 2559 2484 ora
2610 2426 2860 2497 aperuit.
2912 2426 2972 2481 In
3019 2423 3310 2482 camerula
3360 2428 3553 2480 autem

1911 2517 1982 2575 de
2023 2518 2182 2573 corio
2222 2518 2393 2585 facta,
2444 2516 2595 2571 lineo
2636 2528 2826 2586 panno
2876 2513 3227 2570 intrinsecus
3277 2512 3556 2569 decenter

1910 2606 2185 2674 obducta,
2222 2605 2371 2660 inter
2403 2602 2551 2660 duos
2584 2604 2882 2659 ferebatur
2909 2617 3111 2672 equos,
3143 2600 3296 2672 quod
3322 2600 3553 2657 cunctis

1909 2694 2035 2750 visu
2068 2701 2193 2748 erat
2228 2692 2511 2748 mirabile.
2551 2693 2860 2747 Senectute
2898 2690 3048 2747 enim
3076 2704 3190 2759 jam
3225 2688 3551 2756 laborabat,

1910 2773 2214 2843 longisque
2238 2773 2458 2828 fractus
2485 2770 2791 2826 deficiebat
2816 2770 3138 2826 laboribus.
3165 2770 3225 2824 In
3250 2768 3355 2825 hoc
3380 2768 3556 2838 igitur

1889 2860 2157 2917 sconcilio
2185 2861 2341 2932 prior
2364 2860 2420 2916 in
2446 2860 2648 2915 ordine
2679 2858 2909 2914 cunctis
2943 2858 3208 2914 residens
3236 2857 3553 2928 episcopis,

1912 2950 2091 3019 relegi
2116 2949 2184 3005 de
2210 2950 2459 3021 primatu
2493 2948 2649 3004 sedis
2674 2963 2794 3004 suae
2820 2947 3065 3019 plurima
3092 2947 3225 3003 fecit
3254 2945 3556 3018 privilegia

1909 3053 2085 3110 super
2107 3053 2333 3094 omnem
2358 3037 2665 3106 Belgicam,
2695 3035 2932 3091 Galliam
2969 3042 3143 3107 atque
3173 3036 3555 3091 Germaniam.

1909 3127 2131 3195 Quibus
2169 3127 2403 3195 auditis,
2448 3125 2747 3181 Remensis
2789 3124 3265 3195 archiepiscopus
3301 3137 3412 3179 non
3446 3136 3558 3177 me-

1911 3216 2194 3271 diocriter
2225 3216 2495 3271 turbatus
2524 3219 2633 3269 est.
2670 3214 2830 3269 Unde
2860 3216 2917 3268 et
2948 3211 3209 3268 homines
3240 3210 3396 3267 illius
3427 3225 3558 3267 cum

1832 3300 1879 3361 C
1911 3304 2239 3360 hominibus
2261 3303 2380 3358 suis
2403 3302 2793 3358 turbationem
2817 3300 3115 3368 facientes,
3143 3299 3371 3369 aliquos
3386 3313 3458 3354 ex
3475 3298 3560 3356 eis

1912 3393 2384 3449 vulneraverunt.
2434 3389 2595 3455 Quod
2630 3389 2753 3459 ipse
2786 3387 3051 3444 dominus
3084 3387 3562 3458 archiepiscopus

1913 3472 2124 3528 Albero
2144 3469 2311 3526 valde
2335 3470 2524 3527 ferens
2543 3468 2795 3537 indigne,
2819 3467 3170 3534 minabatur,
3195 3465 3557 3537 lvodio(721)

1913 3576 1974 3617 se
1998 3574 2291 3617 sessurum
2312 3563 2369 3615 et
2390 3561 2728 3613 Rcmensem
2747 3560 3108 3612 vastaturum
3130 3553 3554 3625 episcopatum.

1912 3649 2277 3718 Tandemque
2319 3647 2388 3703 ad
2428 3647 2578 3703 hunc
2620 3646 2787 3700 linem
2822 3659 2913 3700 res
2944 3649 3032 3698 est
3065 3642 3366 3715 perducta,
3404 3641 3559 3712 quod

1912 3736 2213 3794 Remensis
2257 3734 2736 3806 archiepiscOpus
2767 3747 2895 3788 cum
2925 3729 3329 3788 Suessionensi
3361 3730 3429 3786 ad
3465 3730 3562 3785 ho-

1914 3826 2161 3897 spiciuni
2199 3823 2461 3896 pervenit
2484 3826 2542 3877 et
2569 3821 2830 3877 homines
2854 3819 2949 3891 qui
2974 3819 3118 3875 hanc
3151 3817 3378 3890 culpam
3409 3833 3563 3874 com-

1915 3916 2191 3970 miserant
2223 3913 2276 3967 in
2303 3911 2429 3980 ejus
2450 3914 2805 3982 potestatem
2828 3908 3011 3982 dedit.

1984 3991 2069 4042 2‘5.
2100 3984 2311 4039 Eodem
2333 3976 2486 4038 anno
2512 3996 2707 4037 mense
2733 3979 3096 4052 Septembrio
3117 3993 3246 4034 cum
3272 3976 3564 4050 palatinus

1913 4072 2298 4127 Herimannus
2338 4075 2593 4125 castrum
2635 4069 2759 4123 Tris
2792 4068 2943 4137 (722)
2976 4070 3328 4137 occupasset
3357 4068 3413 4119 et
3445 4063 3564 4119 edi-

1917 4161 2061 4216 ﬁciis
2087 4157 2396 4225 ﬁrmasset,
2429 4157 2567 4211 Otto
2593 4170 2788 4211 comes
2808 4154 2879 4210 de
2902 4156 3125 4209 Reneca
3149 4158 3408 4207 castrum
3434 4166 3563 4222 pre-

1914 4250 2131 4304 dietuin
2177 4260 2307 4301 cum
2349 4250 2505 4299 terra
2554 4243 2826 4299 attinenti
2860 4241 2992 4297 huic
3024 4239 3468 4311 archiepiscopo
3499 4243 3557 4295 et

1914 4335 2180 4393 ecclesize
2203 4347 2321 4389 suze
2345 4332 2524 4400 dedit,
2565 4337 2620 4386 ut
2658 4331 2780 4403 ipse
2814 4329 2958 4385 illud
2990 4333 3387 4399 recuperaret.
3415 4326 3563 4394 Qua-

1916 4419 2158 4487 propter
2189 4415 2445 4467 castrum
2478 4410 2807 4480 predictum
2840 4408 3089 4465 obsedit.
3135 4405 3435 4463 Palatinus
3461 4421 3559 4463 au-

1918 4511 2030 4559 tem
2069 4500 2339 4557 collectis
2381 4499 2649 4554 omnibus
2686 4496 2911 4552 viribus
2943 4495 3064 4552 suis
3094 4494 3165 4550 ad
3196 4492 3559 4550 liberandum

1914 4596 2170 4650 castrum
2203 4588 2390 4652 venit;
2434 4586 2504 4643 ad
2539 4585 2839 4641 introitum
2873 4584 3056 4653 silvae,
3092 4597 3219 4654 quae
3246 4586 3441 4638 castro
3466 4578 3561 4613 ⁴⁰⁹⁷

147 4668 367 4728 Natalis
395 4674 624 4731 Domini
657 4675 1152 4747 sollempnitatem
1185 4686 1325 4732 tunc
1351 4677 1622 4733 Treveris
1655 4676 1803 4732 cele-
1835 4658 1884 4717 D
1916 4680 2164 4749 adjacet,
2187 4681 2381 4733 castra
2408 4678 2660 4730 metatus
2681 4677 2793 4728 est.
2822 4671 3313 4742 Archiepiscopus
3330 4683 3469 4725 vero
3487 4682 3560 4724 ex

151 4755 372 4815 bratam
399 4762 532 4833 quis
551 4763 627 4819 ita
650 4764 826 4821 dictis
846 4765 1136 4836 explicare
1162 4771 1336 4836 queat
1356 4764 1467 4834 ⁴⁰⁹⁵,
1492 4768 1577 4834 ut,
1597 4769 1683 4834 tu,
1706 4767 1801 4836 qui

150 4859 257 4902 non
288 4849 532 4921 videris,
564 4852 894 4923 intelligere
918 4854 1009 4910 vel
1034 4854 1335 4923 imaginari
1369 4854 1595 4926 possis?
1624 4853 1802 4919 Quam

152 4939 320 5001 Putas
338 4953 602 5011 pompam
622 4943 1016 5013 processionis
1037 4944 1088 4998 in
1113 4944 1204 4999 die
1227 4949 1431 4999 sancto
1453 4943 1655 5012 fuisse,
1674 4957 1801 4999 cum

154 5019 417 5084 dominus
458 5044 602 5100 papa
635 5045 763 5086 cum
796 5045 973 5089 nacco
1007 5032 1299 5103 equitans,
1348 5030 1801 5103 precedentibus

154 5111 547 5173 cardinalibus
579 5121 639 5173 et
671 5119 1080 5190 episcoporum
1113 5118 1508 5187 multitudine,
1545 5119 1600 5173 in
1633 5118 1802 5188 equis

156 5196 283 5255 albo
316 5207 631 5276 coopertis,
661 5207 731 5264 ad
755 5209 1061 5265 ecclesiam
1092 5208 1278 5266 sancti
1313 5207 1533 5263 Paulini
1567 5221 1802 5279 proces-

1914 4767 2178 4840 opposita
2204 4771 2387 4838 parte,
2415 4763 2537 4819 acie
2564 4763 2849 4818 instructa
2873 4760 3132 4832 equitum
3159 4758 3555 4840 peditumque,

1913 4836 2008 4920 per
2046 4853 2169 4903 tres
2199 4836 2321 4901 dies
2347 4844 2474 4913 ejus
2504 4841 2935 4914 prestolabatur
2964 4840 3296 4897 adventum.
3330 4836 3455 4893 Illic
3474 4837 3555 4892 vi-

1914 4940 2083 4994 deres
2111 4936 2308 5006 galeas
2339 4934 2614 5001 nitentes,
2646 4930 2860 4987 loricas
2882 4928 3192 5002 splendore
3214 4926 3364 4982 diem
3388 4940 3558 4997 supe-

1914 5029 2131 5094 rantes,
2158 5023 2379 5093 clipeos
2402 5020 2685 5078 coruscho
2707 5018 2831 5074 sole
2852 5014 3305 5087 circumpositos
3327 5019 3557 5070 montes

1911 5115 2299 5171 illustrantes.
2328 5112 2371 5167 Ο
2393 5124 2560 5181 quam
2583 5107 2905 5179 intrepidos
2924 5105 3122 5163 vultus
3143 5104 3398 5160 virorum
3418 5117 3551 5159 con-

1909 5202 2195 5274 spiceres!
2232 5200 2412 5266 Quam
2445 5195 2823 5268 impacienter
2854 5207 3069 5252 moram
3098 5191 3286 5248 hostis
3317 5190 3550 5248 tardan-

1516 5331 1605 5385 VA
1617 5329 1757 5384 BHE
1800 5326 2197 5383 LECTIONES.

230 5443 315 5477 ⁴⁰⁹⁸
349 5444 406 5500 Ε.
440 5462 487 5505 ο.
568 5446 659 5480 ⁴⁰⁹⁸
693 5454 830 5517 quat
862 5462 909 5506 ο.
989 5446 1081 5480 ⁸⁰⁹⁶
1113 5445 1363 5503 adventu
1397 5459 1443 5503 ο.
1521 5443 1614 5479 ⁴⁰⁹⁷
1643 5450 1839 5501 costro
1869 5456 1916 5499 ε.

1750 5559 1971 5615 ΝΟΤτΕ.

236 5702 379 5777 (720)
414 5706 766 5774 Quibuscum
819 5706 892 5761 cf.
944 5704 1412 5776 subscriptiones
1462 5704 1516 5759 in
1566 5702 1805 5772 Eugenii

172 5772 405 5848 chartis,
437 5772 530 5851 ap.
568 5777 825 5832 Giinther
856 5778 898 5847 l,
933 5792 986 5849 p.
1022 5781 1142 5841 3H,
1178 5772 1290 5831 etc.

1992 5700 2138 5771 (7'21)
2171 5694 2343 5771 l_voi_s.

1993 5767 2139 5840 (7'22)
2170 5767 2347 5824 Treis.
