3936 6414
389 372 535 442 1331
974 379 1244 446 GESTA
1272 382 1629 448 TREVER.
1661 418 1739 432 -—-
1768 380 2124 448 APPEND.
2154 380 2423 448 GESTA
2453 382 2926 449 ALBERONIS
2955 384 3197 454 ARCH.
3642 386 3812 455 1332

387 539 1471 615 tisferebanttQuzepi-eludiamilitum
1491 556 1767 602 cerneres
1789 559 2037 617 pugnam
2067 518 2123 578 Α
2151 548 2267 606 cite
2296 548 2671 621 peccatorum
2708 547 3039 608 vestrorum
3077 547 3533 624 confessionem;
3569 551 3631 611 et
3665 566 3811 625 ego,

386 632 783 689 simulantium
819 633 872 689 in
906 634 1115 689 armis!
1161 634 1341 700 Quam
1386 634 1548 692 brevi
1589 634 1788 707 spacio
1827 650 2038 707 equum
2145 639 2493 713 potestatea
2521 641 2633 696 Deo
2652 637 2818 696 nobis
2841 639 3093 710 tradita,
3110 641 3353 712 faciam
3374 640 3535 701 vobis
3552 657 3660 715 per
3685 644 3812 714 aﬂ-

387 724 638 779 feroeem
660 723 1024 779 circumferri
1048 722 1307 781 videres!
1335 724 1546 792 Quales
1573 724 1820 781 militum
1845 725 2041 782 obvia-

387 813 576 869 tiones
608 813 663 869 in
696 814 880 884 equis,
919 812 1074 885 quali
1118 815 1316 870 hastas
1359 815 1589 883 fragore
1627 814 1878 871 discindi
1914 829 2041 886 per-

386 903 675 974 Spiceres!
703 902 919 969 Quales
941 904 1177 960 audires
1198 902 1485 961 clamores
1511 905 1714 961 horum
1738 904 2043 975 insequen-

386 993 548 1063 tium,
587 992 817 1049 illorum
854 999 1015 1063 terga
1048 995 1434 1051 vertentium!
1483 994 1603 1060 Qua
1644 1000 1771 1050 arte
1811 994 2044 1051 simula-

384 1088 501 1139 tam
533 1084 875 1140 attenderes
908 1084 1120 1153 fugam,
1155 1099 1323 1154 quam
1358 1084 1584 1141 subitas
1619 1085 1790 1140 modo
1822 1085 2044 1152 fugien-

384 1171 530 1228 tium
551 1173 916 1239 reflexiones,
934 1174 1281 1245 etprecipiti
1301 1188 1477 1230 cursu
1501 1188 1730 1230 versam
1751 1174 2040 1230 fortunam

386 1276 585 1319 eorum
612 1278 707 1333 qui
727 1262 844 1330 jam
869 1264 1267 1334 sequebantur
1292 1267 1455 1333 terga
1482 1262 1932 1334 impellentium!
1958 1262 2041 1317 Ibi

389 1356 628 1408 notares
645 1350 861 1408 milites
879 1353 1048 1408 modo
1067 1352 1482 1417 condensatos,
1502 1352 1673 1408 modo
1694 1352 1891 1408 subito
1913 1366 2043 1407 sese

391 1450 641 1521 aperire,
659 1450 1137 1522 ineursantemqu
1156 1472 1171 1505 :
1192 1452 1419 1507 hostem
1442 1451 1741 1521 ingeniose
1765 1451 1929 1521 quasi
1954 1466 2045 1508 ce-

391 1539 582 1597 dendo
605 1542 660 1597 in
684 1541 872 1598 sinum
904 1542 1190 1613 recipere,
1226 1542 1575 1613 reﬂexisquc
1606 1541 1884 1598 cornibus
1914 1556 2043 1597 eum

390 1629 775 1696 concludere;
820 1630 976 1687 mille
1019 1631 1098 1687 ibi
1139 1636 1314 1701 artes,
1359 1630 1515 1687 mille
1561 1630 1796 1687 fallendi
1841 1630 2045 1686 modos

391 1716 617 1775 discere
650 1719 916 1775 dabatur.
963 1719 1200 1776 Interim
1235 1719 1664 1792 archiepiscopi
1707 1720 2046 1791 explorator

393 1809 597 1879 copias
621 1808 860 1879 palatini
887 1814 1293 1881 perscrutatus
1318 1810 1573 1879 advenit,
1611 1810 1706 1882 qui
1740 1808 1899 1865 illum
1929 1808 2043 1878 jam

2151 730 2307 787 cium
2320 731 2586 787 nostrum
2600 729 3041 801 indulgentiam
3052 731 3109 787 et
3115 732 3518 790 remissionem
3538 734 3814 790 omnium

2151 819 2497 878 delictorum
2523 819 2869 890 vestrorum,
2893 820 2979 887 ut,
3004 822 3060 878 si
3085 822 3223 893 quis
3244 819 3415 878 hodie
3434 835 3508 879 ea:
3528 822 3644 881 hac
3664 824 3813 880 tem-

2140 910 2346 981 porali
2377 909 2436 965 et
2462 910 2692 966 incerta
2719 909 2850 967 cita
2877 910 3172 979 enecatur,
3210 912 3481 968 transeat
3500 912 3583 969 ad
3601 913 3811 969 melio-

2149 1013 2277 1056 rem
2303 999 2510 1069 citam,
2545 998 2776 1057 scilicet
2800 1000 3097 1056 aeternam.
3128 1001 3282 1056 Tunc
3314 1016 3440 1057 cum
3471 1003 3808 1074 accepisset

2153 1088 2408 1145 omnium
2426 1102 2785 1143 communem
2806 1089 3252 1160 confessionem,
3274 1089 3629 1160 indulgentia
3650 1091 3809 1148 facta

2153 1182 2213 1234 et
2231 1176 2620 1245 absolutione,
2646 1177 3114 1234 benedictionem
3135 1193 3310 1251 super
3331 1193 3433 1235 eos
3458 1180 3700 1249 faciens,
3728 1181 3806 1236 ita

2155 1282 2356 1323 omnes
2377 1266 2675 1337 animavit,
2696 1268 2849 1338 quod
2875 1283 2983 1324 nec
3006 1268 3061 1325 in
3085 1283 3197 1325 uno
3223 1269 3445 1339 signum
3469 1270 3811 1326 timiditatis

2155 1357 2445 1429 apparuit.
2472 1358 2601 1427 Ipse
2626 1372 2763 1414 vero
2786 1357 3266 1430 archiepiscopus
3295 1358 3571 1415 vexillum
3600 1358 3808 1415 comiti

2155 1446 2499 1503 Namucensi
2526 1446 2836 1517 commisit,
2863 1462 3094 1504 crucem
3120 1451 3310 1504 autem
3338 1448 3591 1520 propriis
3611 1452 3811 1518 gesta-

2159 1537 2255 1591 bat
2278 1536 2565 1592 manibus.
2590 1537 2721 1593 Haec
2742 1551 2871 1592 cum
2893 1536 2968 1592 ita
2991 1551 3052 1593 se
3072 1536 3372 1607 haberent,
3398 1538 3809 1609 palatinusque

2161 1640 2263 1697 per
2291 1624 2702 1698 exploratores
2731 1626 3015 1683 rescisset
3040 1641 3102 1682 se
3124 1641 3237 1682 non
3262 1626 3523 1683 sufficere
3550 1625 3623 1683 ad
3651 1641 3810 1684 com-

2163 1714 2503 1771 mittendam
2537 1730 2783 1787 pugnam
2811 1719 3015 1772 contra
3036 1715 3191 1772 acies
3216 1716 3294 1771 ita
3317 1716 3613 1783 animatas,
3645 1716 3807 1772 misit

2162 1804 2390 1875 legatos
2412 1804 2480 1861 ad
2503 1804 3030 1877 archiepiscopum,
3051 1809 3112 1862 et
3132 1805 3309 1861 verba
3330 1806 3629 1877 precantia
3652 1819 3811 1861 man-

399 1898 807 1954 adventantem
845 1880 903 1954 et
954 1899 1024 1955 ad
1068 1916 1316 1971 pugnam
1372 1880 1641 1971 paratum:
1688 1898 2042 1971 prenuntiat.
2076 1880 2132 1943 Β
2163 1894 2295 1963 dat;
2325 1899 2383 1951 et
2413 1898 2473 1950 ut
2502 1894 2622 1951 cito
2656 1893 2724 1950 ad
2753 1894 2921 1951 finem
2950 1896 3204 1964 veniam,
3227 1894 3336 1950 hoc
3368 1893 3722 1966 impetravit,
3749 1898 3811 1949 ut

400 1986 555 2041 Tunc
587 1985 819 2042 videres
860 2000 1056 2043 senem
1091 1986 1272 2057 illum,
1301 1987 1416 2057 jam
1453 1991 1577 2043 toto
1610 1987 1897 2044 defectum
1925 2001 2050 2043 cor-

403 2089 564 2145 pore,
597 2076 754 2133 acies
786 2077 1043 2148 peditum
1077 2078 1371 2147 ordinare,
1406 2078 1636 2148 equites
1662 2077 1898 2133 militari
1922 2081 2049 2132 arte

399 2162 728 2235 disponere,
747 2171 917 2222 notos
935 2181 1004 2222 ex
1025 2167 1252 2223 nomine
1273 2167 1616 2238 singillatim
1638 2165 1956 2237 appellare,
1979 2164 2050 2221 de

396 2251 613 2321 ignotis
642 2254 738 2325 qui
770 2256 888 2311 sint
917 2256 998 2312 ita
1031 2256 1418 2326 interrogare,
1453 2260 1513 2313 ut
1545 2271 1613 2311 ex
1647 2256 1771 2326 ipsa
1804 2255 2053 2310 interro-

392 2341 626 2409 gatione
670 2357 781 2397 non
823 2342 1187 2399 solummodo
1225 2345 1520 2410 notieiam,
1557 2345 1729 2398 immo
1761 2342 1936 2398 etiam
1971 2341 2052 2395 fa-

395 2429 791 2487 miliaritatem
827 2433 971 2488 tanti
1007 2433 1292 2504 principis
1324 2433 1435 2488 sibi
1471 2431 1866 2502 adquisivisse
1896 2430 2054 2485 vide-

398 2524 622 2575 rentur.
655 2522 810 2577 Tunc
847 2521 1309 2578 exhortatoriam
1339 2521 1432 2555 ⁴⁰⁹⁸
1462 2522 1809 2589 orationem,
1846 2525 2052 2575 tenens

397 2622 630 2664 crucem
664 2609 1223 2683 archiepiscopalem
1258 2611 1313 2666 in
1348 2611 1636 2677 manibus,
1671 2610 1830 2680 cepit
1862 2607 1933 2663 ad
1966 2622 2056 2662 ar-

399 2702 584 2752 malas
630 2699 788 2755 acies
836 2698 937 2755 tali
988 2700 1158 2756 modo
1204 2701 1397 2756 facere
1432 2720 1444 2754 :
1482 2701 1526 2756 0
1555 2714 1655 2757 eos
1686 2700 1870 2757 amici
1902 2696 2059 2753 beati

397 2785 602 2844 Petri!
627 2789 671 2844 0
689 2790 909 2845 sancire
931 2789 1267 2863 defensores
1290 2789 1577 2846 ecclesiae!
1610 2791 1722 2862 qui
1753 2787 1927 2844 hodie
1953 2798 2059 2856 pro

393 2874 514 2929 Deo
535 2877 716 2947 atque
724 2892 838 2948 pro
849 2878 1111 2949 justicia
1135 2878 1421 2934 mortalia
1452 2892 1699 2949 corpora
1730 2877 1932 2933 nostra
1962 2874 2061 2930 ho-

393 2962 527 3019 stiti
539 2965 749 3033 gladio
768 2966 1147 3036 opposuistis,
1164 2981 1322 3024 nunc
1333 2966 1718 3023 ceniatcobis
1733 2966 1796 3022 in
1808 2964 2061 3020 mentem

400 3050 597 3110 beatus
610 3054 845 3123 Petrus,
862 3056 1032 3125 cujus
1044 3056 1271 3112 milites
1284 3055 1459 3112 hodie
1471 3056 1776 3124 eaistitis;
1797 3053 2062 3110 credatis

401 3148 526 3197 eum
542 3156 902 3213 cummagna
917 3145 1255 3201 sanctorum
1269 3147 1510 3202 caterra
1529 3143 1780 3202 inoisibi
1789 3142 1940 3199 libus
1955 3142 2061 3198 cli-

2164 1984 2248 2042 sui
2271 1984 2367 2055 qui
2386 1988 2552 2041 erant
2574 1984 2628 2039 in
2649 1989 2844 2041 castro
2865 1984 3014 2042 illesi
3034 1984 3284 2053 abirent,
3308 1988 3365 2039 et
3390 1984 3459 2040 de
3482 1987 3680 2041 castro
3704 1997 3810 2040 suo

2165 2072 2644 2144 archiepiscopus
2668 2087 2830 2129 suam
2853 2072 3116 2145 expleret
3149 2072 3521 2131 voluntatem.

2233 2166 2319 2218 26.
2374 2163 2535 2219 Nunc
2584 2162 2654 2218 de
2704 2162 2963 2219 moribus
3007 2162 3135 2231 ejus
3183 2166 3240 2218 et
3288 2161 3812 2219 consuetudinibus

2165 2266 2347 2324 pauca
2373 2265 2610 2307 narrare
2636 2250 2806 2307 michi
2833 2250 3005 2320 libet;
3038 2250 3257 2308 alienos
3287 2252 3436 2308 enim
3459 2251 3515 2307 in
3537 2250 3809 2322 omnibus

2162 2342 2437 2411 gerendis
2457 2346 2513 2397 et
2534 2341 3033 2397 valdeinusitatos
3054 2356 3247 2398 mores
3265 2341 3531 2397 habebat.
3551 2341 3809 2412 Corpore

2166 2430 2371 2488 tardus
2400 2434 2459 2486 et
2492 2445 2669 2501 opere
2694 2435 2753 2487 et
2777 2445 3047 2487 sermone
3068 2436 3214 2486 erat.
3251 2429 3448 2486 Omnia
3479 2428 3809 2486 diutissime

2167 2521 2547 2593 pertrahebat
2563 2538 2576 2587 ;
2595 2535 2888 2591 nunquam
2906 2519 2998 2576 vel
3018 2519 3325 2576 admodum
3348 2533 3477 2574 raro
3495 2531 3809 2591 properan-

2168 2609 2243 2667 do
2260 2608 2475 2681 aliquid
2494 2610 2722 2679 agebat,
2740 2609 2841 2665 sed
2861 2609 3128 2665 omnibus
3148 2611 3363 2664 tantam
3384 2620 3598 2664 moram
3620 2606 3810 2662 innec-

2173 2699 2350 2768 tebat,
2379 2699 2530 2771 quod
2560 2699 2756 2771 gravis
2784 2698 2951 2755 valde
2981 2704 3040 2754 et
3068 2713 3334 2755 morosus
3361 2697 3628 2753 omnibus
3656 2696 3810 2752 vide-

2173 2789 2344 2845 batur
2367 2794 2424 2845 et
2448 2788 2668 2846 tedium
2692 2793 2810 2845 tam
2836 2789 2960 2845 suis
2985 2803 3154 2859 quam
3181 2786 3382 2844 alienis
3410 2786 3721 2851 inferebat;
3753 2788 3807 2841 et

2173 2893 2302 2935 cum
2346 2895 2452 2950 pro
2494 2879 2666 2934 nimia
2701 2893 2804 2934 sua
2836 2877 3164 2935 tardatione
3197 2892 3291 2933 res
3322 2875 3597 2947 quelibet,
3642 2889 3807 2945 quam

2174 2967 2519 3039 incepturus
2541 2974 2689 3037 erat,
2723 2967 3030 3039 deSpcrata
3055 2971 3233 3037 esset,
3266 2969 3455 3021 tamen
3478 2969 3677 3035 optato
3703 2963 3806 3019 fine

2172 3056 2619 3113 terminabatur.
2656 3057 2769 3113 Nec
2793 3056 2848 3113 in
2873 3054 3245 3125 ambulando,
3271 3068 3373 3110 nec
3400 3054 3453 3109 in
3476 3052 3804 3124 equitando,

2174 3159 2281 3203 nec
2314 3145 2369 3201 in
2402 3146 2764 3215 dormiendo,
2807 3159 2912 3202 nec
2944 3145 2999 3202 in
3033 3143 3324 3216 vigilando
3363 3142 3605 3199 aliorum
3634 3141 3808 3199 homi-

392 3231 522 3301 peis
537 3230 677 3288 hodi
683 3248 711 3288 e
722 3248 823 3290 eos
825 3234 1137 3306 protegere
1154 3252 1166 3301 ;
1184 3235 1331 3292 certi
1345 3235 1524 3291 estote
1538 3234 1893 3292 deoictoria.
1923 3232 1946 3288 1

2259 3250 2307 3291 m
2333 3240 2611 3293 consueta
2638 3236 2893 3292 tenebat.
2926 3237 2988 3291 In
3011 3234 3357 3291 ambulando
3382 3233 3449 3289 ad
3475 3246 3675 3289 manus
3696 3235 3805 3287 tra-

387 3322 520 3391 pici
526 3322 695 3379 tehoc
705 3324 945 3394 signum.
965 3324 1180 3395 crucis,
1199 3324 1324 3394 hoc,
1341 3326 1610 3396 inquam,
1627 3325 1867 3396 signum
1893 3320 2065 3378 terri.

401 3410 458 3468 bi
467 3412 517 3468 te
533 3412 906 3470 adrersariis
921 3413 1109 3470 Jhesu
1134 3414 1386 3472 Christi.
1418 3415 1541 3472 Hec
1559 3414 1647 3471 est
1664 3428 1834 3482 crux,
1852 3414 1920 3469 in
1941 3424 2065 3481 qua

397 3502 809 3559 Heri-manuus
824 3517 1007 3560 comes
1023 3504 1248 3573 palatii
1265 3503 1461 3574 mihij
1467 3503 1850 3574 ararit/idoli
1859 3501 2060 3568 tatem,

399 3592 495 3647 die
510 3591 624 3647 illa
638 3606 758 3664 qua
775 3593 1129 3649 adcocaz‘um
1141 3593 1399 3650 ecclesiae
1413 3594 1629 3650 nostra
1643 3594 1835 3663 ipsum
1850 3588 2063 3648 consti-

400 3680 510 3749 tui,
528 3682 625 3737 die
646 3695 767 3751 qua
787 3682 931 3739 illas
948 3683 1103 3738 uires
1120 3682 1416 3752 illamque
1429 3683 1751 3753 potentiam
1770 3682 1823 3737 ei
1837 3678 2063 3738 contuli

393 3784 499 3840 per
521 3784 702 3842 quam
721 3770 889 3826 modo
909 3784 1000 3826 me
1021 3771 1295 3842 infestat.
1339 3773 1497 3828 Tunc
1520 3771 1769 3841 prediei
1792 3772 1844 3826 ei
1868 3772 1932 3827 in
1952 3770 2064 3826 hac

397 3872 567 3914 cruce
589 3872 712 3915 esse
729 3858 801 3914 de
821 3860 982 3930 ligno
1005 3860 1266 3927 Domini,
1289 3858 1482 3930 inquo
1502 3860 1627 3928 ille,
1650 3861 1822 3931 cujus
1844 3858 1948 3916 hec
1968 3871 2063 3916 sa-

398 3948 709 4005 crosancta
728 3948 1224 4020 refulgetimago,
1253 3948 1323 4003 de
1353 3948 1515 4005 hoste
1545 3948 1795 4005 humani
1821 3949 2061 4019 generis

400 4036 820 4108 triumphavit,
854 4037 1294 4108 mu’torumque
1321 4039 1662 4095 sanctorum
1692 4038 2062 4095 cenerabiles

394 4126 696 4199 reliquias
720 4127 785 4184 in
805 4126 919 4185 hac
941 4141 1111 4184 cruce
1131 4127 1398 4185 iudicari
1426 4128 1736 4186 contineri.
1769 4128 1907 4200 Ipse
1927 4141 2062 4183 vero

394 4215 542 4286 pata
550 4217 710 4274 tinus
730 4216 932 4275 tenens
946 4232 1090 4274 man
1103 4232 1192 4273 rm
1203 4231 1380 4288 super
1393 4216 1426 4271 h
1436 4218 1830 4276 ancsanctam
1848 4217 2064 4288 imagi-

395 4318 528 4362 nem
539 4306 795 4375 juratus
816 4305 1108 4365 estmichi
1132 4305 1198 4362 in
1221 4306 1343 4364 haec
1366 4306 1544 4363 verba
1571 4326 1582 4361 :
1612 4326 1639 4357 α
1662 4308 1840 4364 Hunc
1866 4306 2065 4363 Domi-

396 4408 558 4464 num,
576 4394 733 4452 hunc
736 4410 848 4466 pro
860 4395 1028 4453 nobis
1042 4397 1420 4466 cruciﬁxum,
1441 4395 1707 4465 docebis,
1727 4396 1956 4453 domine
1969 4409 2067 4451 ar-

397 4484 781 4555 chiepiscope,
798 4485 1240 4558 ﬂdejussorem,
1260 4486 1317 4542 et
1328 4488 1473 4555 jura
1495 4484 1658 4542 vobis
1666 4500 1782 4556 per
1800 4487 1930 4557 ejus
1946 4486 2066 4541 cir-

398 4574 601 4638 tutem,
618 4574 775 4644 quod
789 4588 1099 4645 nunquam
1121 4574 1367 4645 aliquid
1390 4574 1591 4631 eontra
1613 4588 1711 4631 ros
1716 4574 1980 4646 faciam,
2009 4573 2071 4630 et

395 4663 554 4734 quod
572 4664 638 4720 in
660 4661 930 4720 omnibus
952 4664 1168 4720 vestris
1189 4661 1643 4720 necessitatibus
1665 4662 1894 4720 cunctis
1914 4662 2064 4720 ciri-

398 4753 503 4811 bus
521 4752 667 4809 meis
684 4754 962 4823 omnique
976 4753 1247 4823 potentia
1263 4765 1393 4807 mea
1410 4751 1574 4808 vobis
1585 4751 1857 4823 ﬁdeliter
1882 4752 2063 4811 assis-

398 4854 537 4910 tam.
556 4870 584 4904 »
601 4852 775 4909 Nunc
795 4865 933 4922 ergo
951 4851 1164 4908 sciatis
1186 4864 1382 4907 omnes
1400 4849 1562 4922 quod
1582 4849 1738 4908 hunc
1745 4852 2066 4923 ﬁllerSSO'

391 4954 538 5011 rem,
576 4939 886 4998 Christum
909 4938 1136 4997 scilicet
1160 4940 1481 5007 doniinum,
1504 4939 1571 4995 in
1603 4938 1717 4996 hac
1745 4953 1858 4996 sua
1885 4954 2066 4998 sacra

394 5030 662 5102 imagine
680 5028 925 5102 portabo
947 5029 1086 5086 ante
1106 5029 1304 5098 illum,
1328 5028 1603 5100 ingeram
1626 5043 1758 5085 eum
1783 5030 1970 5087 oculis
1992 5029 2066 5087 il-

400 5129 540 5197 lius,
576 5126 733 5184 hunc
761 5128 860 5185 sui
875 5126 1217 5197 juramenti
1249 5126 1453 5183 testem
1483 5125 1584 5183 illi
1616 5126 2052 5184 demonstrabo.

398 5218 523 5275 Sed
544 5231 717 5287 nunc,
742 5216 1001 5287 ojtdeles
1019 5215 1210 5272 Jhesu
1234 5214 1487 5283 Christi,
1513 5215 1622 5286 qui
1642 5216 1829 5272 vitam
1853 5217 1910 5272 et
1925 5231 2065 5274 san-

393 5306 914 5379 guincmcestrum
926 5320 1029 5377 pro
1049 5304 1392 5377 defensioue
1410 5304 2059 5377 ecclesiasuaofertis,

390 5397 719 5469 preparate
738 5394 921 5453 corda
940 5395 1141 5451 vestra
1166 5395 1435 5465 Domino,
1465 5394 1749 5452 inundate
1770 5397 2063 5451 conscien-

404 5486 525 5543 tias
542 5488 792 5554 rastros,
815 5483 873 5541 et
889 5485 1041 5555 quia
1061 5498 1177 5541 non
1196 5483 1376 5541 cacat
1394 5484 1464 5539 ut
1480 5484 2063 5557 singillatimfaciao

406 5574 484 5632 tis
505 5574 922 5647 confessiones,
943 5572 1282 5645 generalem
1301 5572 1487 5630 michi
1496 5572 1737 5644 pastori
1757 5574 1947 5629 oestro
1953 5573 2063 5644 fa-

2092 4618 2146 4680 D

2174 3324 2451 3391 bebatur;
2503 3324 2778 3381 seiaticus
2824 3323 2976 3381 enim
3025 3326 3184 3388 erat;
3216 3327 3272 3378 et
3304 3325 3543 3394 prOpter
3572 3319 3803 3377 eandem

2174 3414 2570 3471 inﬁrmitatem
2600 3420 2837 3486 strepas
2871 3415 2927 3469 in
2960 3427 3102 3470 arcu
3134 3411 3311 3477 sellae,
3342 3426 3470 3468 cum
3499 3409 3803 3481 equitaret,

2174 3504 2495 3575 pendentes
2519 3504 2793 3574 habebat,
2825 3507 2884 3559 ct
2909 3502 3160 3573 jambam
3191 3500 3483 3558 sinistram
3505 3513 3679 3570 super
3699 3497 3810 3556 col-

2176 3593 2290 3651 lum
2323 3592 2458 3664 equi
2492 3594 2748 3662 tenebat,
2781 3592 2934 3663 quod
2963 3606 3093 3649 cum
3127 3590 3307 3647 morbi
3337 3589 3637 3647 coactione
3668 3588 3809 3643 face-

2176 3685 2286 3749 ret,
2311 3683 2382 3738 ab
2406 3682 2538 3739 aliis
2564 3697 2669 3753 pro
2693 3683 2937 3737 raritate
2973 3682 3163 3736 facere
3192 3679 3518 3737 videbatur.
3550 3677 3733 3734 Noctu
3754 3676 3805 3732 in

2173 3769 2432 3827 consiliis
2458 3769 2580 3826 sive
2605 3769 2661 3825 in
2684 3767 3101 3825 collationibus
3124 3782 3255 3824 esse
3280 3765 3503 3823 solebat
3537 3778 3717 3835 usque
3739 3762 3805 3819 ad

2174 3858 2552 3915 conticinium
2574 3858 2693 3915 sive
2713 3858 2782 3915 ad
2802 3857 2938 3929 galli
2960 3863 3214 3927 cantum,
3235 3871 3371 3929 sepe
3388 3868 3614 3927 quoque
3632 3867 3805 3925 usque

2173 3946 2228 4003 in
2279 3946 2623 4017 diluculum,
2677 3947 3123 4018 dormiebatque
3175 3945 3475 4018 sepissime
3522 3957 3700 4014 usque
3739 3941 3804 3997 ad

2174 4036 2318 4095 duas
2344 4036 2456 4094 diei
2482 4037 2673 4094 horas.
2709 4036 2791 4093 Ad
2824 4051 3075 4093 mensam
3102 4040 3232 4109 post
3256 4037 3455 4092 horam
3478 4036 3801 4090 consuetam

2171 4127 2340 4184 tarde
2377 4126 2713 4198 accedebat,
2748 4132 2804 4184 et
2840 4126 2939 4184 diu
2970 4125 3139 4182 valde
3182 4125 3238 4182 in
3276 4139 3341 4181 ea
3384 4121 3799 4190 demorabatur,

2175 4214 2530 4289 disputando
2555 4220 2614 4274 et
2636 4214 2988 4274 conferendo
3009 4213 3178 4273 valde
3202 4213 3480 4287 bylariter
3502 4227 3628 4270 cum
3650 4210 3807 4269 cleri-

2175 4305 2260 4362 cis
2292 4305 2414 4362 suis
2447 4305 2517 4362 de
2550 4306 2737 4363 sacris
2775 4305 3087 4377 scripturis
3126 4309 3184 4361 et
3217 4306 3548 4360 sanctorum
3590 4304 3801 4372 patrum

2176 4395 2507 4451 sententiis.
2564 4396 2820 4466 Magnam
2861 4394 3014 4452 enim
3051 4392 3480 4451 multitudinem
3518 4389 3802 4461 religioso-

2177 4497 2304 4539 rum
2325 4486 2381 4541 et
2401 4483 2800 4541 litteratorum
2823 4498 3019 4541 secum
3041 4483 3257 4540 habere
3281 4480 3524 4538 solebat.
3553 4481 3610 4535 In
3634 4477 3801 4537 sacris

2179 4573 2472 4643 mysteriis
2520 4572 2724 4630 altaris
2774 4572 2904 4645 plus
2953 4587 3121 4643 quam
3173 4572 3340 4627 homo
3385 4569 3703 4637 videbatur,
3736 4564 3796 4622 ad

2178 4675 2307 4732 quae
2352 4675 2643 4733 nunquam
2695 4661 2819 4719 sine
2870 4660 3128 4717 lacrimis
3173 4664 3233 4717 et
3280 4658 3521 4715 maxima
3566 4670 3799 4729 conpun-

2176 4751 2372 4807 ctione
2410 4750 2745 4808 accedebat.
2788 4749 3231 4807 Pontiﬁcalibus
3272 4749 3423 4806 enim
3465 4745 3799 4804 ornamentis

2179 4840 2441 4910 indutus,
2476 4840 2719 4911 angelus
2750 4839 2972 4896 Domini
3003 4839 3346 4905 videbatur;
3377 4835 3633 4905 angelico
3660 4835 3795 4891 enim

2175 4930 2339 4987 vultu
2366 4930 2688 5001 relucebat,
2719 4932 2775 4986 et
2804 4933 2968 4986 tanta
2993 4928 3299 4985 devotione
3321 4924 3560 4984 celestis
3582 4923 3675 4980 illa
3695 4926 3796 4977 tra-

2176 5021 2375 5077 ctabat
2392 5023 2775 5090 sacramenta,
2802 5019 2957 5091 quod
2977 5033 3106 5076 cum
3128 5018 3182 5074 in
3204 5015 3452 5074 secretis
3469 5017 3791 5081 moraretur,

2176 5109 2669 5182 contemplatione
2692 5114 2752 5167 et
2773 5108 3035 5166 oratione
3059 5108 3242 5165 caelos
3267 5109 3571 5181 penetrare
3592 5102 3794 5160 videre-

2172 5204 2292 5256 tur.
2329 5199 2464 5256 Cum
2489 5214 2815 5257 sermonem
2840 5199 2912 5256 ad
2940 5198 3213 5272 populum
3245 5198 3482 5266 faceret,
3515 5199 3651 5252 tunc
3677 5191 3794 5265 quia

2176 5286 2381 5344 tardus
2403 5293 2531 5345 erat
2555 5289 2608 5344 in
2635 5303 2922 5357 sermone,
2943 5292 3084 5344 tunc
3107 5286 3238 5359 quia
3265 5285 3478 5342 Gallica
3502 5282 3689 5354 lingua
3711 5295 3794 5337 na-

2173 5382 2270 5433 tus
2304 5377 2359 5433 in
2390 5377 2739 5434 Teuthonica
2788 5392 2899 5434 nou
2949 5381 3077 5433 erat
3121 5374 3449 5447 expeditus,
3502 5376 3639 5429 tunc
3677 5370 3793 5443 quia

2174 5466 2345 5523 nimis
2377 5467 2659 5539 profunda
2695 5467 3009 5535 tractabat,
3042 5463 3338 5537 explicare
3370 5463 3461 5519 vix
3493 5467 3709 5535 poterat
3736 5474 3791 5516 ea

2176 5570 2304 5626 qum
2343 5560 2603 5628 ceperat.
2641 5558 2699 5612 in
2734 5554 3064 5630 proverbiis
3093 5560 3149 5611 et
3184 5552 3662 5611 similitudinibus
3690 5550 3792 5607 fere

1773 5670 2011 5726 VARUS
2052 5672 2451 5729 LECTIONES.

475 5760 565 5797 4098
597 5761 992 5817 cxhortariam
1027 5777 1072 5815 c.
