3936 6454
284 399 434 468 1335
870 404 1133 469 GESTA
1164 405 1520 471 TREVER.
1555 438 1632 452 -
1660 401 2021 470 APPEND.
2055 403 2326 473 GESTA
2353 404 2824 472 ALBERONIS
2851 404 3098 473 ARCH.
3536 406 3715 475 1386

284 559 372 620 tre
398 576 437 619 a
467 559 699 621 dextris
720 558 810 597 "°‘
830 561 1153 631 suis,idem
1171 561 1390 622 insinu
1408 556 1934 632 Pabris,inunita-
1962 543 2017 603 Α
2049 560 2394 634 prosequuti
2415 565 2571 620 sunt.
2599 559 2817 619 Deinde
2842 575 2971 618 cum
2994 559 3286 619 Treverim
3321 561 3711 636 pervenisset

285 652 340 708 te
358 652 590 709 scilicet
608 652 892 710 essentia.
930 653 1057 710 Hoc
1074 666 1315 711 sacrum
1349 652 1409 709 et
1439 650 1775 709 venerabile
1813 663 1937 707 cor-
2045 649 2245 708 clerus
2271 655 2331 707 et
2349 651 2601 725 populus
2621 650 2691 707 ad
2724 654 2960 723 pontem
2986 652 3270 723 processit
3291 652 3443 708 illiin
3458 654 3709 712 obviam

279 756 410 813 pus,
428 756 665 813 possum
683 756 817 799 cere
836 742 1033 799 dicere
1044 756 1176 800 cum
1190 742 1548 811 centurione,
1564 755 1681 798 non
1698 754 1831 798 sum
1849 738 1939 797 di-
2046 745 2105 797 et
2121 755 2224 812 per
2237 741 2463 812 singula
2484 741 2834 798 monasteria
2852 740 3104 811 singulis
3123 741 3329 799 diebus
3343 741 3710 816 deportatus

279 843 437 902 gnus
452 832 523 888 ut
546 830 853 889 intretsub
868 832 1082 889 tectum
1096 846 1288 888 meum
1305 830 1548 900 (Matth.
1566 846 1686 901 νηί,
1711 832 1778 898 8;
1795 830 1931 886 Luc.
2047 832 2140 886 est
2156 829 2375 886 celebri
2401 845 2529 887 cum
2548 830 2944 902 processione,
2965 832 3151 888 donec
3174 831 3397 888 dierum
3412 847 3709 890 numerus

287 936 381 990 vn,
407 925 488 991 6.)
525 923 682 993 Rogo
728 923 998 993 tamen,o
1029 922 1170 979 bone
1187 923 1395 991 Jhesu,
1421 922 1529 993 qui
1551 920 1839 993 dignatus
1879 930 1938 974 es
2050 919 2469 976 monasterium
2522 919 2840 992 complevit
2878 925 3287 988 numerum;et
3335 936 3437 992 per
3496 922 3709 992 singu-

288 1011 520 1068 domum
540 1012 760 1069 Zachei
790 1013 1047 1083 intrare,
1082 1013 1390 1083 penetrale
1410 1024 1643 1084 quoque
1674 1009 1733 1065 et
1754 1020 1942 1066 secre-
2051 1008 2141 1065 los
2166 1009 2291 1065 dies
2325 1024 2630 1082 procerum
2651 1012 2978 1080 augebatur
3003 1024 3296 1080 numerus,
3315 1010 3385 1067 de
3409 1014 3527 1067 tota
3557 1025 3705 1083 pro-

288 1101 411 1157 tum
431 1102 649 1159 animos
667 1114 809 1159 mea
849 1100 1267 1159 habitaculum
1289 1101 1561 1171 digneris
1584 1097 1859 1167 introire,
1886 1094 1943 1151 et
2050 1097 2240 1155 vincia
2273 1098 2343 1154 ad
2357 1098 2635 1169 exequias
2649 1098 3231 1169 ejuscoulluentium.
3260 1099 3705 1171 Veneruntque,

287 1204 438 1248 sana
455 1192 724 1248 animam
744 1205 954 1261 meam,
998 1192 1150 1262 quia
1166 1191 1407 1263 peccavi
1432 1189 1542 1246 tibi
1567 1207 1593 1259 ,ο
1610 1188 1668 1245 et
1688 1189 1796 1258 qui
1805 1188 1944 1258 jam
2053 1197 2355 1260 comperto
2380 1189 2505 1260 ejus
2527 1188 2716 1251 obitu.
2738 1188 3087 1259 suifraganei
3106 1190 3231 1260 ejus
3260 1189 3540 1261 episcopi,
3569 1190 3708 1246 Ste-

288 1279 369 1335 ad
388 1294 478 1336 me
495 1280 717 1338 venisti
724 1294 839 1351 per
858 1280 1015 1338 hanc
1042 1280 1230 1344 fidem,
1261 1280 1449 1339 visita
1470 1292 1674 1350 meper
1706 1273 1943 1333 inhabi-
2056 1278 2591 1350 phanusllleteusis,
2635 1278 2944 1335 Heiuricus
2988 1277 3299 1348 Tullensis,
3334 1278 3542 1335 Albero
3563 1278 3701 1334 Vir-

293 1369 511 1425 tantem
525 1369 818 1440 gratiam,
844 1369 905 1426 et
919 1369 987 1426 in
1009 1368 1123 1428 hac
1140 1369 1258 1437 ﬁde
1274 1383 1440 1427 sumo
1456 1369 1647 1426 vitam
1656 1380 1770 1438 pro
1790 1364 1940 1434 cita,
2055 1367 2360 1433 dunensis,
2392 1371 2450 1424 et
2476 1366 2767 1424 Jordanus
2793 1367 3085 1440 presbiter
3101 1366 3710 1424 cardinalisBomanaa

292 1458 786 1529 quemadmodum
807 1460 873 1516 tu
896 1460 1118 1518 dixisti
1139 1479 1157 1514 .-
1186 1483 1210 1509 α
1236 1459 1431 1517 Panis
1451 1472 1626 1530 quem
1653 1470 1755 1527 ego
1777 1453 1946 1512 dede-
2056 1457 2344 1527 ecclesiae,
2366 1456 2463 1528 qui
2500 1460 2640 1514 tunc
2664 1456 2855 1513 Mettis
2874 1457 3127 1514 omnium
3152 1456 3711 1528 abbatumsuperio-

291 1561 355 1605 ro
380 1562 519 1605 caro
538 1562 672 1606 mea
695 1551 784 1607 est
795 1564 903 1620 pro
923 1549 1111 1607 seculi
1130 1549 1260 1606 cita
1284 1550 1481 1620 (Joan.
1504 1562 1579 1617 vn,
1606 1550 1699 1613 52)
1725 1565 1752 1597 »
1780 1544 1849 1601 ut
1865 1541 1952 1601 sit
2059 1547 2143 1602 ris
2177 1545 2568 1615 Lotharingia}
2606 1549 2960 1602 conventum
2984 1544 3362 1616 adunaverat,
3397 1546 3489 1616 qui
3518 1545 3709 1601 etiam

291 1637 442 1695 mihi
471 1637 761 1696 viaticum
800 1641 869 1696 in
906 1640 1096 1697 citam
1136 1639 1419 1709 eternam,
1470 1650 1661 1694 amen.
1713 1636 1782 1690 Et
1815 1646 1947 1688 cum
2059 1635 2232 1692 simul
2254 1651 2385 1693 cum
2418 1636 2546 1707 ipso
2579 1635 2651 1692 ad
2683 1636 2810 1707 ejus
2839 1640 3126 1692 venerunt
3163 1634 3457 1707 exequias.
3492 1636 3709 1691 Tanto-

295 1728 642 1798 sumpsissct
676 1743 894 1799 corpus
924 1727 1170 1798 Domini,
1202 1726 1499 1798 accipiens
1523 1723 1787 1781 calicem.
1824 1722 1905 1778 ait
1928 1763 1943 1791 ,
2061 1740 2171 1796 que
2193 1725 2417 1782 honore
2439 1725 2850 1797 communique
2875 1725 3037 1782 luctu
3059 1725 3246 1782 tocius
3273 1723 3587 1796 provincia
3602 1738 3713 1780 un-

299 1817 343 1872 Ο
352 1817 636 1887 piissime
656 1817 1107 1875 etserenissiome
1125 1818 1322 1888 pater,
1355 1817 1518 1872 tuam
1555 1828 1656 1886 ego
1673 1812 1950 1885 peccator
2062 1813 2285 1870 decimo
2307 1813 2379 1869 ab
2410 1814 2578 1871 obitu
2600 1814 2729 1885 ejus
2769 1814 2865 1871 die
2913 1813 3237 1871 tumulatus
3251 1818 3359 1884 est,
3395 1813 3545 1885 quod
3580 1827 3709 1869 om-

284 1918 503 1976 preeor
519 1905 695 1963 hodie
708 1906 1201 1977 benignissimam
1214 1904 1609 1976 maiestatem,
1634 1902 1704 1958 ut
1710 1915 1823 1973 per
1846 1900 1951 1957 hoc
1978 1909 2031 1972 Β
2060 1918 2165 1960 nes
2198 1903 2294 1975 qui
2321 1902 2566 1959 aderant
2600 1904 2851 1961 confessi
2885 1907 3022 1959 sunt
3049 1916 3113 1960 se
3168 1905 3287 1960 tam
3329 1900 3709 1959 honorabiles

293 2007 499 2051 verum
520 1996 891 2053 sacri/icium
912 1996 1175 2067 corporis
1196 1995 1255 2052 et
1269 1995 1588 2064 sanguinis
1608 1991 1950 2048 dominino-
2061 1994 2342 2064 exequias
2370 2007 2662 2065 nunquam
2692 1992 2927 2050 Vidisse.
2964 1991 3331 2064 Sepulturam
3360 2007 3497 2050 vero
3527 1991 3706 2049 habet

296 2083 614 2142 striJhesu
637 2085 891 2155 Christi,
905 2099 1017 2156 per
1039 2085 1147 2143 hoc
1168 2082 1571 2143 inestimabile
1598 2079 1951 2153 mysterium
2063 2082 2119 2138 in
2142 2082 2392 2139 ecclesia
2420 2082 2574 2138 beati
2599 2082 2757 2137 Petri
2780 2080 2873 2114 ⁴¹⁰⁸
2893 2097 2923 2137 a
2946 2081 3127 2138 latere
3143 2079 3706 2150 meridionali,juxta

295 2171 719 2244 redemptionis
759 2174 1276 2231 humamesalutis
1297 2173 1548 2240 aeterna,
1582 2169 1743 2242 quod
1779 2167 1957 2241 ofert
2064 2171 2249 2228 altare
2284 2171 2437 2228 beati
2463 2170 2766 2242 Stephani.
2793 2172 2858 2226 Et
2886 2170 3041 2241 quod
3076 2169 3707 2241 notandum,quotiens

301 2260 409 2317 tibi
432 2263 681 2321 ecclesia
705 2265 809 2320 tua
828 2264 1060 2332 sancta,
1086 2262 1283 2334 inﬁde
1298 2275 1458 2332 cera,
1482 2258 1955 2332 inpropiciatio-
2064 2258 2391 2332 predicmm
2422 2260 2678 2316 intrabat
2720 2258 3033 2316 ecclesiam
3067 2258 3201 2316 dum
3257 2259 3497 2329 viveret,
3524 2257 3580 2314 in
3612 2272 3710 2315 co-

298 2363 370 2406 ne
378 2353 512 2422 pia,
559 2353 625 2408 in
644 2355 944 2425 sanguine
951 2352 1086 2424 ﬁlii
1114 2352 1223 2421 tui,
1240 2351 1527 2430 placatus
1556 2350 1644 2408 sis
1678 2347 1865 2405 michi
1903 2346 1958 2402 et
2067 2349 2200 2405 dem
2232 2348 2363 2405 loco
2397 2349 2453 2405 in
2478 2364 2592 2421 quo
2616 2364 2770 2406 nunc
2795 2348 2972 2405 habet
3003 2347 3365 2421 sepulturam
3397 2362 3563 2405 orare
3614 2361 3705 2404 so-

292 2441 806 2512 propicius,etita
834 2455 983 2511 cere,
1014 2442 1082 2499 ut
1111 2440 1233 2499 hac
1255 2441 1425 2498 credo
1458 2453 1579 2498 esse
1604 2451 1813 2495 verum
1840 2449 1958 2492 cor-
2068 2436 2245 2495 lebat.

297 2530 556 2601 pus/liii
585 2531 675 2587 tui
703 2544 777 2587 ex
793 2544 964 2589 sacro
985 2544 1230 2588 munere
1249 2530 1534 2588 doctrina
1552 2531 1702 2601 ejus,
1724 2527 1813 2583 ita
1824 2537 1958 2582 cere

302 2619 477 2676 hodie
498 2633 740 2691 parcas,
773 2621 960 2678 michi
978 2620 1035 2677 et
1054 2621 1306 2693 auferas
1334 2618 1725 2691 iniquitatem
1745 2627 1955 2682 meam,

303 2710 363 2765 et
384 2723 500 2766 non
533 2710 742 2781 [intres
764 2709 873 2782 “°‘]
904 2712 974 2766 in
993 2709 1301 2781 judicium
1320 2722 1565 2777 mecum,
1588 2707 1695 2765 sed
1732 2708 1795 2763 in
1814 2705 1963 2762 ceri-

307 2797 429 2854 tate
457 2799 640 2870 hujus
659 2799 815 2871 fidei
837 2799 1024 2856 deduc
1050 2814 1142 2856 me
1167 2801 1234 2855 in
1261 2798 1475 2856 semita
1503 2797 1671 2855 recta
1698 2798 1763 2854 in
1775 2796 1963 2853 citam

306 2886 588 2956 sternam,
625 2903 816 2945 amen.

380 2980 469 3031 '28.
506 2976 668 3033 Scias
699 2982 914 3047 autem,
979 2992 1013 3033 ο
1080 2976 1283 3045 lector,
1317 2975 1490 3045 quod,
1534 2974 1715 3030 sinon
1759 2973 1961 3028 eadem

307 3065 766 3134 verba,mentem
790 3070 985 3122 tamen
1013 3072 1071 3122 et
1094 3064 1442 3122 sententiam
1470 3078 1711 3120 suorum
1742 3061 1961 3134 protuli

204 3220 207 3223 _
309 3154 641 3210 verborum.
676 3156 834 3211 Nunc
863 3154 1036 3225 quale
1088 3152 1451 3210 ordinaverit
1520 3156 1958 3221 testamentum,

2140 2550 2227 2602 29.
2265 2545 2502 2603 Domine
2541 2545 2719 2603 Jhesu
2745 2544 2998 2612 Christe,
3032 2544 3308 2618 splendor
3338 2545 3519 2617 patris
3547 2548 3607 2601 et
3621 2559 3711 2602 sa-

2072 2637 2287 2708 pientia
2304 2642 2362 2692 et
2376 2635 2691 2706 virtus,qui
2708 2638 2804 2691 tua
2822 2635 3097 2691 ineffabili
3114 2634 3446 2705 dignatione
3460 2633 3703 2707 resplen-

2074 2726 2255 2783 duisti
2277 2726 2332 2781 in
2368 2726 2553 2781 forma
2591 2725 2858 2795 humana,
2885 2729 2947 2780 ut
2982 2739 3087 2781 nos
3111 2725 3350 2781 miseros
3374 2729 3711 2797 peccatores

2074 2816 2361 2872 liberares
2395 2820 2511 2872 tua:
2528 2814 2731 2871 nobisc
2743 2830 2831 2871 um
2850 2814 3084 2871 socialis
3106 2814 3564 2871 conversationis
3578 2828 3712 2870 con-

2076 2905 2258 2963 sortio
2291 2920 2320 2961 a
2353 2905 2643 2961 diabolica
2675 2901 3711 2976 [potestate“°°],reluceatbodielux

2073 2999 2190 3052 tua:
2213 2993 2505 3051 claritatis
2539 2992 2838 3063 Alberoni,
2884 2992 3008 3049 veri
3028 2992 3299 3049 sacrificii
3324 2991 3712 3050 sacerdotise-

2073 3082 2326 3139 cundum
2383 3082 2646 3138 ordinem
2688 3080 3129 3151 Melchisedech,
3165 3080 3260 3152 qui
3297 3081 3628 3152 frequenter
3654 3080 3708 3135 in

2076 3186 2246 3228 sacra
2278 3171 2390 3228 ﬁde
2422 3170 2639 3228 obtulit
2664 3169 2814 3243 patri
2831 3174 2933 3227 tuo
2954 3184 3171 3243 corpus
3194 3174 3358 3227 tuum
3382 3168 3707 3226 venerabile

312 3253 480 3310 quam
522 3241 769 3333 Prevms
828 3248 1057 3333 Ρφίθνοτ
1118 3238 1694 3333 θκωίθέδοχ-Ῐιῖυῗθ
1716 3239 1957 3333 θιἾξῖιίῖΒ
1995 3271 2043 3333 C
2075 3268 2135 3319 et
2157 3265 2615 3332 sacrosanctum,
2651 3238 2805 3332 quod
2843 3265 2956 3317 tuae
2980 3238 3248 3317 ecclesize
3281 3259 3332 3316 in
3368 3259 3573 3332 pignus
3626 3258 3708 3316 tui

313 3343 483 3397 quam
519 3329 645 3402 ipse
681 3331 923 3403 pecunia
944 3331 1084 3387 emit
1112 3345 1142 3386 a
1177 3329 1389 3387 comite
1449 3326 1752 3385 Wilhclmo
1777 3327 1869 3362 ⁸¹⁰⁶
1892 3328 1963 3385 de

311 3416 635 3489 Glisbcrch,
671 3421 951 3477 fratribus
983 3420 1143 3476 dedit
1169 3418 1433 3476 ecclesia:
1447 3417 1635 3474 sancti
1659 3418 1817 3473 Petri
1834 3418 1965 3473 Tre-

310 3508 596 3579 verensis,
660 3514 723 3566 ut
752 3511 809 3565 in
842 3510 1242 3567 anniversario
1282 3509 1409 3579 ejus
1430 3506 1805 3564 refectionem
1832 3506 1964 3562 inde

314 3594 565 3652 habeant
602 3615 616 3663 ;
647 3602 703 3655 et
740 3599 1152 3670 patrimonium
1191 3612 1359 3654 suum
1393 3596 1548 3664 Sule,
1579 3595 1800 3652 curiam
1833 3596 1968 3651 Bre-

318 3682 410 3740 dal
441 3685 709 3743 ecclesiae
741 3688 1018 3758 predictae
1052 3686 1305 3744 contulit
1340 3685 1439 3741 tali
1465 3684 1873 3756 dispositione,
1906 3689 1967 3739 ut

317 3787 462 3829 crux
484 3774 772 3845 inaurata,
800 3790 970 3846 quam
999 3781 1266 3847 tempore
1292 3772 1572 3845 prodictas
1618 3787 1849 3842 guerra:
1875 3774 1971 3830 de-

318 3866 709 3933 crustaverat,
743 3863 813 3920 de
843 3864 1132 3921 reditibus
1163 3864 1287 3934 ejus
1323 3866 1718 3933 repararetur,
1753 3866 1807 3917 et
1836 3877 1972 3933 quc-

322 3948 450 4005 dam
467 3956 806 4009 ornamenta
823 3968 951 4023 quae
970 3954 1464 4025 obpignoraverat
1489 3950 1970 4021 restituerentur,

219 4104 224 4108 ~
320 4044 379 4093 et
411 4039 693 4112 deinceps
718 4047 1004 4112 perpetuo
1025 4041 1157 4111 jure
1186 4041 1239 4096 in
1278 4055 1417 4096 usus
1444 4039 1688 4095 fratrum
1713 4040 1969 4096 cederet.

324 4127 480 4183 Obiit
496 4135 691 4186 autem
709 4136 918 4187 octavo
937 4131 1164 4187 decimo
1187 4126 1476 4186 Kalendas
1498 4128 1972 4200 Februarii(729l.

324 4215 391 4271 Et
415 4216 861 4276 licctcommuni
879 4220 1213 4277 mortalium
1237 4223 1398 4275 sorte
1434 4217 1488 4272 in
1518 4217 1632 4273 fata
1657 4217 1856 4291 lapsus
1876 4221 1974 4292 sit,

324 4319 433 4360 non
455 4310 642 4362 tamen
664 4310 953 4365 communi
979 4309 1271 4367 hominum
1296 4312 1529 4372 fortuna
1546 4314 1853 4371 funeratus
1867 4315 1974 4367 est.

2076 3351 2292 3408 amoris
2323 3367 2351 3407 a
2386 3355 2551 3423 patre
2576 3348 2896 3423 postulanti
2921 3349 3155 3406 dedisti.
3191 3350 3328 3406 Cum
3366 3349 3514 3405 enim
3549 3353 3710 3421 pater

2079 3445 2214 3497 tuus
2245 3455 2555 3511 synagoga:
2591 3439 2840 3510 [diceret
2867 3436 2980 3511 “°']
3015 3457 3028 3493 :
3055 3438 3350 3510 Nunquid
3366 3438 3710 3509 sanguinem

2077 3530 2393 3601 hgrcorum
2415 3528 2866 3587 autcitulorum
2888 3541 2991 3599 ego
2999 3526 3235 3599 potabo?
3250 3529 3395 3592 (Psa
3403 3527 3439 3584 ι.
3450 3524 3708 3597 xux,13.)

2078 3618 2145 3673 Et
2169 3617 2276 3674 hec
2310 3617 2487 3674 David
2520 3616 2766 3673 audiens
2788 3620 2848 3672 et
2880 3614 3047 3686 quasi
3088 3615 3335 3673 devotus
3362 3628 3539 3672 verna
3565 3612 3706 3687 patri

2080 3711 2180 3762 tuo
2213 3704 2501 3777 alludens,
2532 3706 2586 3761 in
2620 3703 2988 3777 beneplacito
3018 3707 3120 3762 tuo
3144 3702 3328 3776 patris
3373 3702 3461 3760 sui
3493 3701 3562 3760 ad
3590 3715 3711 3773 gra-

2079 3795 2219 3852 tiam
2236 3794 2482 3866 loquens
2498 3794 3298 3867 responderet:Sacri_/icium
3309 3791 3713 3851 etoblationem

2080 3884 2543 3952 noluisti(Psal.
2580 3899 2769 3954 xxxix,
2784 3888 2844 3955 7;
2862 3883 3051 3941 Hebr.
3110 3887 3214 3940 κδ
3247 3883 3285 3954 ;)
3308 3887 3366 3939 et
3396 3896 3525 3939 cum
3554 3884 3711 3954 pater

2085 3980 2224 4031 tuus
2258 3973 2596 4030 conSentire
2628 3972 3315 4043 videretur,voluntatem
3353 3970 3550 4042 ejuset
3566 3974 3709 4026 tuam

2088 4063 2478 4136 presentiens,
2531 4063 2588 4119 in
2624 4067 2723 4119 tua
2758 4076 3006 4136 persona
3038 4061 3203 4133 dixit,
3230 4061 3400 4117 immo
3423 4063 3487 4118 tu
3516 4059 3571 4117 in
3596 4072 3714 4131 per-

2088 4167 2226 4210 sona
2268 4152 2430 4208 illius
2463 4152 2687 4209 dixisti:
2720 4153 2873 4211 Ecce
2890 4152 3059 4210 venio
3086 4149 3290 4220 (Hebr.
3318 4166 3375 4221 x,
3405 4151 3484 4222 7.)
3518 4148 3711 4221 Etipsa

2088 4246 2188 4299 tua
2219 4240 2470 4298 ecclesia
2492 4241 2787 4314 repudiari
2816 4241 3021 4299 videns
3069 4240 3285 4297 veteris
3313 4240 3486 4297 ritum
3551 4236 3714 4296 sacri-

2093 4330 2231 4402 ficii,
2256 4345 2386 4388 cum
2418 4330 2525 4386 tibi
2557 4330 2759 4391 videre
2779 4345 2894 4387 non
2928 4329 3157 4402 placere
3188 4342 3395 4387 carnes
3423 4329 3713 4401 byrcorum

329 4393 707 4493 ξίῖίῖηίξθηίίίθ
730 4397 880 4493 enim
904 4412 1036 4455 cum
1057 4399 1451 4493 οδίεεοιξθξίίθ
1476 4402 1604 4493 {eius
1628 4402 1683 4459 in
1709 4401 1981 4493 (Πίῗυεῑνυ
2093 4425 2195 4478 aut
2217 4393 2481 4477 Ivituloru
2506 4435 2562 4489 ιι,
2599 4434 2728 4491 quae
2761 4419 2873 4476 tibi
2912 4393 3201 4491 synagoga
3225 4393 3530 4486 offerebat,
3562 4414 3713 4473 anxia

328 4484 476 4582 (730)
496 4484 660 4553 juxta
692 4486 971 4557 parietem
1000 4503 1126 4558 quas
1153 4489 1397 4560 respicit
1423 4490 1494 4546 ad
1518 4490 1961 4563 septentrionen

2096 4509 2235 4582 quid
2265 4508 2371 4566 tibi
2405 4484 2837 4581 posset-offerre
2862 4508 2918 4565 in
2942 4484 3174 4566 laudem
3197 4512 3254 4565 et
3279 4484 3715 4577 recognitionem

334 4570 565 4671 humata
590 4579 732 4673 sugt
755 4573 1022 4673 etllapide
1047 4581 1211 4673 testa
1233 4593 1581 4673 "largiorem
1603 4594 1822 4673 corpus
1847 4591 1984 4634 vero
2014 4636 2068 4673 η
2097 4570 2205 4673 im
2238 4570 2636 4657 omnibustuis
2668 4598 2989 4663 beneﬁciis.
3023 4598 3240 4657 cotidie
3285 4570 3533 4655 dicebat:
3578 4594 3719 4663 Quid

332 4660 514 4731 myria
547 4667 607 4718 et
631 4662 759 4719 aloe
784 4666 841 4720 et
867 4664 1228 4724 aromatibus
1248 4667 1545 4725 conditum
1569 4682 1600 4725 a
1630 4668 1857 4725 medico
1877 4682 1961 4725 81.11

2095 4660 2430 4749 retribuam
2440 4689 2691 4748 Domino
2692 4702 2805 4761 pro
2817 4660 3088 4747 omnibus
3099 4660 3718 4761 quaretribuitmiehi?

333 4751 690 4850 peritissimo
712 4751 981 4825 Philippo
1008 4754 1335 4827 Lonbardo,
1363 4756 1533 4827 quiet
1566 4756 1747 4814 urinae
1766 4772 1885 4815 suae
1908 4757 1961 4816 in

2104 4778 2294 4849 (Psal.
2320 4792 2450 4849 cxv,
2486 4780 2595 4852 l2).
2628 4751 2767 4837 Tum
2821 4780 2887 4834 tu
2927 4751 3179 4834 mirabili
3203 4774 3597 4848 compassione
3614 4786 3722 4830 cor-

335 4840 919 4941 spectionenmortcm
951 4842 1078 4914 ejus
1103 4844 1294 4901 tribus
1314 4844 1523 4903 diebus
1571 4850 1707 4903 ante
1725 4846 1961 4919 predixe

2105 4840 2215 4941 pus
2235 4840 2451 4940 aptasti
2483 4840 2615 4937 tibi,
2649 4871 2709 4924 et
2748 4865 2961 4923 dedisti
2986 4879 3214 4939 sponsa:
3228 4840 3575 4936 tuae-,amicte
3596 4866 3715 4931 tute,

334 4929 903 5026 fallpommcalibus
935 4932 1280 5026 θάοτηθιυπξ
1311 4934 1881 5026 νθειίιξυεξντῗθνθνίε
1913 4938 1994 4994 δι’
2104 4929 2388 5014 columbae
2410 4960 2527 5013 tuas
2547 4929 2816 5013 ecclesiae
2838 4929 3065 5013 scilicet
3091 4929 3717 5026 tuae,utpatrituoillud

336 5015 514 5076 latum
564 5022 656 5076 est
690 5035 822 5077 cum
881 5034 1089 5091 magno
1131 5022 1437 5081 comitatu.
1484 5022 1785 5083 Palatinus
1841 5027 1961 5083 enim

2106 5044 2490 5104 sacriﬁcaret.
2512 5045 2671 5102 Unde
2684 5049 2743 5101 et
2762 5042 2777 5099 i
2785 5015 3358 5117 psaexultansd'icit':
3378 5038 3720 5099 C'alicemsa-

336 5120 533 5166 comes
563 5109 1054 5166 Herimannus“°7
1083 5116 1257 5183 atque
1287 5111 1553 5185 plerique
1591 5115 1961 5174 baronesinfe

2107 5134 2330 5192 lutaris
2352 5134 2668 5205 accipiam,
2684 5134 2744 5191 et
2761 5109 2973 5190 nomen
2986 5131 3232 5192 Domini
3252 5127 3526 5189 invocabo
3550 5125 3714 5197 (Psal.

342 5202 519 5254 rioris
549 5202 805 5270 regionis
833 5214 963 5256 cum
1005 5214 1212 5271 magno
1261 5202 1543 5259 comitatu
1578 5203 1752 5261 funus
1810 5204 1996 5276 ipsius
2107 5220 2232 5275 cxv,
2270 5210 2382 5276 13.)

1711 5292 1849 5349 VAB
1858 5294 1944 5351 11E
1985 5295 2388 5354 LECTIONES.

410 5385 503 5421 “°‘
531 5385 835 5445 addextris
858 5401 904 5447 c.
940 5386 1034 5420 ⁴¹⁰⁵
1059 5387 1223 5448 deest
1250 5401 1304 5447 ο.
1325 5388 1416 5423 ⁴¹⁰³
1448 5391 1506 5444 W
1536 5402 1591 5448 ο.
1622 5389 1715 5424 ⁸¹⁰⁷
1745 5392 1883 5449 Her.
1922 5409 1978 5451 c.
2015 5392 2110 5429 “°'
2142 5392 2309 5452 deest
2329 5406 2377 5450 c.
2412 5392 2505 5427 “°°
2528 5392 2695 5451 deest
2720 5405 2770 5451 c.

1935 5482 2161 5541 ΝΟΤᾹΞ.

416 5564 565 5639 (729)
594 5566 984 5649 Himinerode.
1020 5567 1130 5649 Cor
1154 5572 1215 5625 et
1236 5570 1371 5624 exta
1423 5566 1491 5623 ad
1531 5568 1638 5624 hoc
1673 5567 1997 5629 claustrum
2109 5572 2304 5631 nostri
2320 5571 2704 5643 ﬂendatoris,
2771 5572 2838 5628 ui
2866 5568 3021 5628 obiit
3062 5581 3215 5627 anno
3256 5566 3723 5639 gi°atiee1152,18

416 5638 1107 5699 anslataibtauecondita
1130 5644 1665 5696 etmarmoretccta
1692 5642 1851 5699 fuere
1869 5658 1999 5699 cum
2110 5644 2255 5699 Kal.
2308 5643 2475 5699 Febr.
2510 5643 2654 5699 Vide
2706 5586 2899 5699 treesii
2934 5639 3289 5699 Manioulum
3330 5652 3522 5694 rerum
3546 5649 3723 5692 memo-

348 5637 635 5712 translata
658 5638 1107 5712 ibiquecondita
1130 5644 1665 5712 etmarmoretecta
1692 5642 1851 5700 fuere
1869 5658 1999 5700 cum
2110 5644 2255 5701 Kal.
2308 5637 2475 5700 Febr.
2510 5643 2654 5699 Vide
2691 5637 2899 5699 'lleesii
2934 5637 3289 5712 Manipulum
3330 5652 3522 5712 rerum
3546 5649 3724 5712 memo-

347 5704 1518 5789 [199epitaphiddiicreconditasuntcer
1534 5711 1743 5789 eteata
1761 5726 2002 5789 foenera:
2113 5715 2237 5789 rab.
2282 5713 2525 5789 claustri
2557 5704 3102 5789 [lemmcrodensisf
3129 5711 3308 5789 Qolon
3343 5709 3715 5789 16M.“Wm.

350 5774 914 5849 bilisjlda'lberonis,
940 5782 1319 5841 Trevirorum
1339 5781 1794 5857 archiepiscopi,
1813 5786 2002 5858 primi
2186 5786 2335 5857 (730)
2367 5785 2429 5842 D.
2477 5789 2544 5843 18
2563 5785 2822 5843 Januarii
2856 5784 3053 5842 dicere
3074 5782 3261 5842 voluit
3289 5800 3304 5851 ;
3338 5798 3389 5839 v.
3424 5796 3474 5838 c.
3506 5782 3588 5835 30.
3698 5851 3705 5859 .
