3948 6420
164 376 262 431 241
777 372 1156 432 EXPOSITIO
1195 374 1270 431 IN
1306 373 1687 432 EPISTOLAS
1725 373 1952 431 PAULI.
1979 404 2048 418 -
2077 376 2153 433 IN
2188 375 2409 434 EPIST.
2452 378 2501 433 Il
2537 378 2632 434 AD
2671 377 2837 437 COR.
3373 382 3480 439 ξιξ

173 497 376 556 siderio
431 505 779 556 terrenorum
825 499 1256 571 ingemiscimus.
1307 500 1469 570 Quod
1526 500 1601 556 ita
1647 499 1725 556 ait
1758 501 1847 562 :A
1879 515 2028 556 mum
2069 501 2175 558 hoc
2229 500 2555 558 beneficium
2602 503 2902 575 promeruit
2934 522 2948 560 :
2980 505 3225 579 gessisse
3282 504 3479 562 dicitur

175 588 289 644 Nos
317 586 411 660 qui
439 604 632 643 sumus
662 588 717 642 in
746 588 1093 644 tabernaculo
1128 589 1253 655 isto,
1284 588 1338 643 id
1385 596 1469 644 est
1514 589 1571 644 in
1616 604 1779 645 carne
1880 596 2133 645 mortuus
2179 591 2326 663 quod
2355 592 2442 647 vel
2499 592 2766 664 disposuit
2810 592 2947 661 ﬁeri,
3008 594 3094 650 vel
3150 594 3471 666 promeruit.

177 676 281 732 ista
310 691 477 749 quam
508 677 797 747 nutrimus,
830 677 958 733 licet
986 677 1198 751 gravati
1239 677 1383 734 mole
1440 678 1600 747 hujus
1653 693 1779 734 car-

179 766 284 832 nis,
318 773 498 821 tamen
531 766 944 838 ingemiscimus
975 782 1041 822 eo
1072 767 1239 839 quod,
1269 766 1326 822 id
1370 774 1452 822 est
1473 766 1617 837 ideo,
1652 766 1782 838 quia

178 855 431 911 nolumus
463 856 756 927 exspoliari
787 856 1100 911 carnalibus
1129 856 1246 910 istis
1281 872 1294 911 :
1327 856 1424 911 sed
1459 855 1638 911 subito
1666 855 1782 911 vel-

181 943 357 1000 lemus
388 944 746 1016 supervestiri
783 944 1184 1000 immortalitate
1216 962 1228 999 :
1264 953 1341 1011 ut,
1371 944 1519 1016 quod
1548 942 1779 999 mortale

179 1041 282 1100 est,
326 1033 687 1089 absorbeatur
715 1048 748 1088 a
774 1034 881 1088 vita
914 1049 926 1088 :
959 1034 1065 1090 hoc
1094 1049 1203 1089 non
1250 1040 1506 1088 mutatur.
1555 1032 1625 1088 Et
1653 1031 1780 1089 licet

180 1121 603 1193 ingemiscamus
632 1136 822 1177 amore
867 1130 1229 1192 terrenorum,
1288 1130 1469 1177 tamen
1500 1122 1648 1178 Deus
1695 1129 1779 1178 est

182 1211 276 1283 qui
293 1209 459 1267 efﬁcit
488 1211 544 1265 in
592 1211 697 1266 hoc
763 1211 963 1282 ipsum,
1007 1219 1066 1265 ut
1125 1210 1407 1282 cupiamus
1457 1210 1777 1282 superindui

174 1300 509 1355 habitatione
541 1316 662 1372 qua:
691 1300 760 1355 de
799 1300 939 1355 cmlo
969 1308 1087 1355 est:
1120 1308 1502 1371 praeponentes
1533 1300 1778 1355 caelestia

177 1389 449 1444 terrenis:
475 1390 623 1444 Deus
653 1389 776 1444 dico
824 1389 917 1461 qui
952 1404 1052 1445 nos
1093 1405 1222 1445 vere
1262 1387 1458 1445 efﬁciet
1492 1389 1776 1445 immorta-

175 1477 276 1533 les.
311 1477 471 1547 Quod
494 1494 559 1533 ex
590 1493 656 1533 eo
681 1478 833 1534 credi
863 1485 1042 1549 potest
1067 1493 1079 1532 :
1112 1480 1243 1550 quia
1281 1478 1435 1535 dedit
1460 1480 1571 1549 jam
1618 1479 1777 1536 nobis

177 1570 390 1640 pignus
414 1569 676 1639 spiritus,
708 1566 762 1621 id
791 1574 874 1622 est
922 1567 1182 1638 Spiritum
1239 1575 1507 1636 sanctum,
1571 1569 1663 1640 qui
1694 1575 1779 1623 est

176 1656 343 1711 arrha
373 1664 425 1710 et
454 1655 781 1727 principium
819 1655 1262 1723 immortalitatis,
1323 1672 1485 1728 quam
1531 1655 1777 1728 perficiet

176 1745 229 1800 in
261 1744 442 1800 nobis.
476 1745 547 1799 Et
580 1744 703 1817 quia
733 1746 879 1800 Deus
908 1744 1075 1800 efﬁcit
1098 1762 1199 1801 nos
1226 1746 1280 1799 in
1310 1746 1414 1802 hoc
1443 1746 1641 1817 ipsum,
1666 1746 1776 1817 igi-

1877 677 2023 747 Quia
2052 694 2244 735 omnes
2275 688 2402 736 ante
2450 681 2687 736 tribunal
2730 683 2929 738 Christi
2959 683 3429 740 manifestabimur
3462 701 3475 740 :

1880 784 2008 837 ergo
2037 770 2283 825 scientes
2332 769 2630 825 timendum
2659 787 2782 827 esse
2830 772 3141 840 Dominum,
3173 774 3476 830 suademus

1880 855 2201 912 hominibus
2219 859 2480 915 timorem
2501 861 2746 928 Domini,
2767 869 2826 915 ut
2856 861 2926 917 de
2955 870 3252 933 conspectu
3277 861 3481 932 judicis

1878 943 2118 1000 referant
2174 946 2398 1002 bonum.
2479 947 2797 1019 Opponeret
2864 950 2914 1005 ei
2994 950 3235 1023 aliquis:
3271 950 3481 1006 Suades

1879 1033 1985 1090 hoc
2014 1042 2254 1089 nontam
2296 1035 2368 1091 ad
2422 1036 2707 1092 utilitatem
2748 1038 3048 1105 hominum,
3101 1048 3361 1110 quantum
3409 1039 3479 1095 ad

1878 1123 2407 1179 commendationem
2483 1133 2652 1180 tuam.
2716 1126 2914 1181 Contra
2968 1127 3074 1183 hoc
3120 1127 3195 1182 ait
3228 1146 3241 1183 :
3274 1128 3485 1185 Suade-

1876 1227 2002 1266 mus
2033 1212 2114 1268 sic
2143 1212 2459 1269 hominibus
2492 1232 2504 1267 :
2538 1216 2648 1271 Deo
2677 1219 2872 1271 autem
2918 1232 3115 1272 sumus
3161 1218 3479 1287 manifesti,

1879 1315 1986 1371 qua
2030 1300 2689 1379 intentioneqsuademus,
2750 1320 2848 1359 seu
2903 1304 3117 1360 utilitati
3174 1306 3477 1377 hominum,

1878 1404 1977 1444 seu
2019 1391 2477 1447 commendationi
2528 1400 2746 1449 nostrae.
2779 1393 2898 1450 Nec
2953 1394 3130 1449 solum
3187 1396 3304 1450 Deo
3337 1413 3350 1449 :
3383 1394 3481 1452 sed

1879 1478 2041 1532 etiam
2067 1495 2228 1550 spero
2257 1496 2360 1535 nos
2380 1496 2495 1537 esse
2511 1482 2848 1553 manifestos
2878 1483 2943 1537 in
2970 1484 3334 1539 conscientiis
3364 1500 3481 1540 ves-

1882 1568 1989 1621 tris
2019 1586 2037 1622 :
2069 1568 2197 1640 quia
2227 1577 2277 1623 et
2323 1569 2365 1623 si
2412 1585 2509 1625 ore
2558 1570 2629 1626 de
2685 1570 2845 1626 nobis
2893 1571 3237 1639 maledicitis,
3296 1580 3482 1630 tamen

1879 1654 2023 1710 intus
2066 1656 2476 1729 nobismetipsis
2512 1658 2651 1714 bene
2710 1659 2947 1715 sentitis.
2988 1662 3055 1716 Et
3082 1661 3186 1717 hoc
3234 1660 3481 1718 dicentes

1880 1744 2025 1815 quod
2056 1744 2328 1800 manifesti
2378 1746 2549 1802 simus
2579 1747 2695 1802 Deo
2751 1755 2806 1803 et
2852 1749 3202 1805 conscientiis
3233 1749 3431 1805 vestris
3466 1765 3479 1804 :

178 1843 266 1889 tur
292 1835 563 1890 audentes
622 1834 905 1889 audemus.
948 1835 1226 1889 Audentes
1258 1834 1632 1891 assiduitatem
1670 1851 1774 1891 no-
1803 1860 1856 1921 B
1879 1849 1995 1888 non
2026 1834 2239 1890 iterum
2263 1835 2428 1903 (sicut
2458 1835 2512 1890 in
2542 1835 2645 1889 alia
2676 1836 2908 1907 epistola
2946 1838 3298 1909 opposuistis)
3324 1855 3480 1894 com-

176 1930 247 1978 tat
282 1941 295 1978 :
320 1923 590 1978 audemus
623 1923 677 1978 in
708 1924 900 1979 eodem
929 1931 1055 1979 actu
1092 1923 1270 1979 adhuc
1318 1940 1440 1979 esse
1485 1924 1773 1995 significat.
1881 1923 2218 1978 mendamus
2246 1939 2349 1978 nos
2378 1925 2527 1980 vobis
2549 1945 2566 1980 :
2597 1925 2695 1980 sed
2727 1925 2907 1996 potuis
2937 1926 3140 1982 damus
3168 1927 3314 1984 vobis
3330 1943 3483 1984 occa-

176 2011 485 2077 Audentes,
509 2011 752 2083 inquam,
784 2028 1003 2083 semper
1022 2016 1079 2068 et
1095 2012 1233 2067 bene
1251 2015 1513 2068 scientes.
1539 2012 1776 2082 Quidam
1878 2012 2117 2077 sionem,
2151 2011 2205 2066 id
2230 2020 2313 2066 est
2358 2013 2819 2084 opportunitatem
2860 2016 3146 2087 gloriandi
3161 2033 3266 2089 pro
3296 2016 3477 2083 nobis,

176 2100 320 2156 enim
353 2101 557 2155 audent
587 2101 732 2172 quod
758 2101 1004 2155 nesciunt
1036 2119 1050 2154 ε
1083 2101 1259 2157 sciunt
1283 2101 1426 2172 quod
1449 2102 1775 2174 quandoque
1877 2100 2158 2171 magistris
2188 2101 2411 2156 vestris.
2452 2102 2512 2157 In
2542 2103 2866 2159 excellentia
2895 2105 3039 2160 enim
3069 2105 3319 2178 magistri
3339 2122 3482 2177 prae—

184 2189 242 2246 1
262 2189 418 2246 ’73
452 2204 561 2245 non
592 2190 810 2245 audent.
831 2190 945 2245 Nos
976 2189 1162 2261 utique
1196 2206 1415 2262 semper
1444 2191 1704 2246 audentes
1725 2198 1778 2246 et
1878 2189 2071 2244 cellitis
2100 2188 2257 2245 alios.
2289 2190 2393 2246 Pro
2443 2192 2602 2247 nobis
2658 2192 2800 2259 dico,
2841 2193 2918 2247 ita
2945 2198 3013 2249 ut
3067 2194 3323 2251 habeatis
3353 2194 3485 2267 quid

177 2278 717 2352 scientes,quoniam
730 2280 861 2335 dum
884 2295 1081 2335 sumus
1098 2280 1159 2335 in
1172 2280 1275 2335 hoc
1292 2279 1504 2334 mortali
1523 2296 1771 2352 corpore,
1877 2279 2255 2349 respondeatis
2280 2284 2486 2336 contra
2520 2297 2610 2337 eos
2639 2284 2734 2354 qui
2761 2282 3087 2353 gloriantur
3132 2284 3195 2338 in
3224 2284 3392 2353 facie,
3425 2284 3481 2339 id

173 2370 631 2443 peregrinamur,
664 2368 717 2422 id
739 2377 819 2424 est
850 2384 1167 2440 separamur
1186 2386 1220 2424 a
1249 2369 1776 2443 Domino.Peregri-
1877 2375 1960 2421 est
1990 2366 2045 2421 in
2076 2367 2251 2423 oculis
2296 2368 2578 2424 hominum
2612 2386 2625 2423 :
2650 2374 2705 2425 et
2728 2387 2843 2428 non
2889 2371 3198 2444 gloriantur
3227 2374 3289 2427 in
3316 2373 3481 2429 corde

175 2474 277 2513 nus
305 2458 506 2513 dicitur
535 2458 628 2529 qui
656 2457 827 2513 tendit
873 2458 1022 2527 illuc,
1055 2474 1163 2530 quo
1206 2458 1446 2513 nondum
1476 2458 1725 2529 pervenit
1759 2474 1772 2513 :
1876 2470 1977 2511 suo
2010 2475 2025 2523 ;
2059 2456 2153 2509 sed
2185 2457 2329 2512 male
2362 2465 2682 2530 torquentur
2709 2458 2762 2513 in
2792 2459 3012 2531 propria
3044 2460 3398 2529 conscientia,
3422 2460 3479 2516 hi

175 2548 251 2602 sic
278 2547 455 2603 sancti
484 2547 541 2601 in
572 2547 675 2603 hoc
731 2547 932 2602 mundo
980 2547 1208 2602 tendunt
1255 2546 1323 2602 ad
1382 2548 1575 2613 Deum,
1619 2548 1774 2617 cujus
1876 2552 1999 2599 sunt
2029 2545 2261 2616 pseudo.
2296 2546 2435 2601 Vere
2464 2547 2923 2618 opportunitatem
2952 2548 3168 2604 habetis
3205 2548 3481 2623 gloriandi

175 2636 366 2693 faciem
409 2636 655 2692 nondum
703 2636 1200 2708 apprehenderunt.
1262 2637 1403 2691 Vere
1434 2635 1487 2690 in
1545 2652 1776 2707 corpore
1874 2650 1974 2705 pro
1997 2634 2156 2688 nobis
2189 2652 2201 2688 :
2236 2650 2362 2689 nam
2394 2635 2659 2707 quidquid
2708 2635 2958 2703 facimus,
3017 2636 3244 2693 facimus
3291 2638 3380 2694 vel
3411 2638 3482 2695 ad

175 2733 456 2782 manentes
483 2724 905 2797 peregrinamur
932 2741 962 2780 a
992 2725 1225 2780 Domino
1252 2742 1265 2780 :
1288 2743 1426 2781 nam
1455 2725 1542 2780 hic
1572 2727 1773 2781 ambu-

179 2818 358 2871 lamus
383 2832 490 2888 per
516 2815 704 2884 ﬁdem.
738 2815 819 2869 De
854 2830 915 2869 re
937 2822 1118 2869 autem
1149 2830 1271 2886 quae
1297 2830 1406 2869 non
1436 2814 1669 2882 videtur,
1703 2813 1772 2869 ﬁ-

176 2904 271 2960 des
297 2904 499 2961 dicitur
534 2908 625 2960 :et
656 2920 771 2960 non
803 2903 1145 2959 ambulamus
1170 2919 1273 2975 per
1300 2904 1565 2976 speciem,
1598 2903 1652 2958 id
1691 2911 1773 2959 est

174 3010 270 3065 per
289 3008 477 3049 veram
511 2993 589 3049 rei
609 2992 1001 3065 operationem.
1051 2992 1186 3061 Nos,
1219 2992 1464 3064 inquam,
1512 2992 1773 3049 audentes

175 3084 437 3140 audemus
472 3100 486 3138 :
520 3082 645 3138 licet
686 3083 870 3154 utique
906 3097 1037 3138 caro
1073 3089 1356 3153 repugnet,
1405 3090 1588 3137 tamen
1634 3098 1771 3138 con-

178 3181 380 3229 stanter
399 3173 677 3229 audemus
699 3191 717 3227 :
734 3176 791 3228 et
808 3187 927 3227 cum
955 3171 1180 3226 audacia
1196 3172 1399 3228 bonam
1416 3173 1769 3227 voluntatem

177 3264 456 3318 habemus.
493 3260 727 3331 Quidam
751 3260 894 3316 enim
926 3260 1124 3315 audent
1154 3260 1271 3316 sine
1295 3257 1436 3316 bona
1457 3259 1730 3316 voluntate
1756 3278 1770 3315 :

177 3352 391 3424 quidam
415 3352 558 3407 bene
582 3350 790 3417 volunt,
826 3350 914 3422 qui
946 3358 1125 3407 tamen
1155 3366 1265 3405 non
1309 3350 1529 3405 audent.
1588 3350 1769 3406 Habe-

177 3458 311 3509 mus,
343 3442 588 3513 inquam,
633 3439 967 3496 voluntatem
998 3440 1177 3512 magis
1203 3440 1559 3513 peregrinari
1578 3456 1613 3495 a
1641 3456 1767 3496 cor-

175 3548 300 3604 pore
331 3552 349 3588 :
379 3531 507 3605 quia
563 3537 761 3586 natura
829 3529 1009 3585 carnis
1054 3536 1154 3596 est,
1215 3536 1273 3584 ut
1316 3545 1593 3602 nunquam
1639 3529 1769 3585 velit

176 3620 395 3678 dissolvi
428 3640 444 3689 ;
477 3621 605 3676 ideo
634 3619 708 3675 ait
743 3619 953 3692 :Magis
993 3619 1244 3674 volumus
1300 3619 1543 3691 separari
1575 3633 1608 3674 a
1637 3634 1768 3675 cor-

177 3726 322 3781 pore,
353 3715 411 3768 et
438 3714 751 3784 praesentes
782 3709 861 3765 sic
898 3725 1016 3765 esse
1044 3708 1117 3765 ad
1159 3709 1336 3764 Deum
1365 3723 1529 3780 quam
1590 3723 1768 3764 rema-

178 3818 303 3857 nere
333 3816 457 3858 cum
489 3815 725 3871 corpore
758 3814 769 3853 :
802 3814 904 3855 nec
932 3798 1164 3854 Domino
1211 3805 1507 3869 praesentes
1537 3795 1674 3853 ﬁeri.
1699 3799 1767 3853 Et

179 3891 292 3946 ideo
322 3899 378 3946 ut
405 3897 710 3963 praesentes
740 3888 908 3944 simus
929 3888 995 3942 ad
1018 3887 1326 3955 Dominum,
1351 3887 1764 3955 contendimus,

180 3980 229 4035 id
258 3989 336 4035 est
368 3980 707 4045 laboramus,
725 3980 950 4051 placere
970 3978 1081 4047 illi,
1105 3978 1217 4033 sive
1235 3976 1365 4031 dum
1390 3976 1567 4032 adhuc
1589 3975 1642 4031 in
1664 3977 1768 4033 hac

179 4069 281 4126 vita
308 4071 567 4126 absentes
598 4083 787 4123 sumus
815 4083 848 4124 a
873 4068 1009 4134 Deo,
1044 4069 1158 4123 sive
1186 4082 1309 4123 cum
1339 4066 1394 4120 in
1424 4066 1599 4139 gloria
1620 4082 1767 4140 pret-

175 4164 353 4216 sentes
383 4160 593 4215 erimus
624 4159 738 4214 Deo
763 4158 1097 4224 laboramus,
1128 4163 1185 4211 ut
1232 4156 1320 4212 hic
1351 4164 1402 4211 et
1436 4155 1510 4210 ibi
1541 4155 1767 4227 placea-

177 4249 386 4305 musci.
447 4250 517 4304 Et
573 4263 802 4304 necesse
858 4246 1015 4302 nobis
1072 4254 1153 4302 est
1184 4253 1241 4301 ut
1296 4245 1614 4317 placeamus
1642 4244 1763 4300 illi:

182 4354 307 4393 nam
328 4341 571 4411 oportet,
606 4337 661 4392 id
690 4344 773 4392 est
803 4352 1029 4392 necesse
1059 4344 1142 4391 est
1172 4351 1364 4391 omnes
1385 4352 1487 4390 nos
1514 4336 1767 4407 manife-

181 4430 313 4483 stari
341 4432 480 4484 ante
514 4427 774 4483 tribunal
833 4426 1066 4492 Christi,
1098 4425 1153 4480 id
1182 4432 1265 4479 est
1302 4439 1488 4481 coram
1529 4423 1764 4480 Christo.

182 4516 273 4571 Per
299 4516 559 4586 tribunal,
586 4515 730 4587 quod
762 4514 922 4571 sedes
947 4514 1146 4584 judicis
1194 4522 1295 4581 est,
1350 4513 1616 4584 judicium
1665 4514 1768 4569 de-

1874 2722 2108 2794 gloriam
2128 2722 2249 2789 Dei,
2283 2724 2370 2778 vel
2390 2723 2460 2779 ad
2492 2724 2775 2781 utilitatem
2797 2734 3053 2781 vestram.
3088 2726 3225 2795 Quia
3255 2726 3326 2782 ita
3357 2727 3430 2782 ait
3464 2745 3478 2781 :

1873 2812 1996 2868 Sive
2026 2828 2127 2867 nos
2171 2813 2499 2869 excedimus
2538 2818 2727 2870 mente
2769 2815 3061 2871 humanam
3109 2823 3381 2883 naturam,
3421 2824 3480 2871 ut

1875 2900 2166 2956 audiamus
2195 2901 2287 2956 illa
2317 2918 2437 2973 quae
2465 2917 2574 2957 non
2616 2902 2742 2958 licet
2770 2903 2977 2959 homini
3006 2903 3155 2976 loqui
3186 2923 3201 2971 ;
3234 2905 3347 2961 sive
3378 2920 3478 2961 nos

1873 3007 2073 3046 sumus
2107 2992 2296 3056 sobrii,
2326 2990 2381 3045 id
2401 2999 2482 3046 est
2512 2991 2839 3062 deponendo
2881 2992 3204 3049 ebrietatem
3230 3001 3477 3050 secreto-

1873 3096 1993 3134 rum
2025 3080 2126 3134 Dei
2161 3097 2174 3133 :
2200 3080 2384 3135 sobrie
2410 3080 2905 3137 condescendendo
2933 3081 3233 3138 inﬁrmitati
3254 3091 3476 3151 vostrae,

1874 3176 1934 3224 ut
1965 3168 2187 3240 quando
2220 3169 2289 3224 de
2345 3169 2603 3241 conjugio
2632 3169 2985 3242 praecipiebat
3041 3178 3093 3226 et
3146 3172 3474 3241 hujusmodi.

1871 3257 1947 3326 Si,
1987 3258 2232 3330 inquam,
2270 3258 2439 3313 sobrii
2464 3275 2671 3325 sumus,
2697 3260 2815 3315 haec
2856 3258 3129 3315 sobrietas
3160 3261 3309 3316 vobis
3366 3260 3477 3317 uti-

1867 3347 1935 3403 lis
1966 3356 2073 3403 est.
2118 3348 2181 3401 Et
2230 3348 2434 3402 bonum
2468 3355 2551 3403 est
2579 3364 2682 3403 nos
2740 3348 2816 3404 ita
2872 3349 3085 3405 sobrios
3138 3365 3260 3405 esse
3295 3366 3308 3405 :
3340 3366 3478 3406 nam

1868 3436 2125 3492 charitas
2160 3434 2372 3492 Christi
2419 3435 2605 3508 (etiam
2637 3437 2682 3491 si
2719 3437 3011 3508 nollemus)
3053 3442 3220 3509 urget
3252 3455 3376 3508 nos,
3418 3446 3477 3495 ut

1868 3533 2344 3597 contemperemus
2387 3540 2489 3580 nos
2528 3525 2712 3581 vobis.
2782 3526 2910 3582 Vult
2964 3527 3255 3583 ostendere
3312 3527 3476 3584 Chri-

1869 3623 2011 3669 stum
2038 3614 2217 3669 solum
2244 3614 2314 3670 ad
2355 3614 2801 3683 justiﬁcationem
2830 3623 2884 3671 et
2914 3615 3145 3671 salutem
3201 3616 3472 3686 suﬂicerc,

1868 3712 1921 3759 et
1953 3712 2194 3759 veterem
2232 3703 2416 3775 legem
2463 3720 2628 3776 quam
2694 3704 2932 3762 1³74
2977 3705 3189 3776 pseudo
3234 3705 3478 3762 nituntur

1869 3794 2155 3860 reducere,
2188 3793 2265 3848 nil
2290 3793 2578 3865 prodesse,
2613 3794 2712 3849 sed
2740 3794 2966 3850 multum
2997 3810 3215 3864 nocere,
3246 3794 3471 3852 dicens:

1868 3882 2122 3938 Charitas
2152 3882 2351 3939 Christi
2391 3891 2552 3955 urget
2579 3900 2702 3951 nos,
2740 3886 3139 3940 existimantes
3178 3884 3298 3952 hoc,
3335 3902 3474 3958 quo-

1867 3972 2099 4028 niamsi
2149 3988 2320 4040 unus,
2362 3972 2590 4040 scilicet,
2641 3972 2891 4029 Christus
2947 3977 3209 4030 mortuus
3253 3979 3340 4030 est
3370 3992 3474 4048 pro

1869 4061 2207 4117 redimendis
2235 4063 2495 4119 omnibus
2515 4082 2532 4118 :
2550 4079 2679 4133 ergo
2698 4080 2892 4119 omnes
2917 4063 3129 4120 mortui
3143 4068 3278 4120 sunt
3295 4064 3473 4137 origi-

1868 4151 1980 4206 nali
2010 4158 2258 4222 pcccato,
2293 4168 2398 4222 per
2426 4160 2659 4207 mortem
2702 4151 2881 4207 unius.
2913 4153 3029 4208 Nec
3060 4168 3159 4224 pro
3200 4154 3306 4209 hoc
3353 4153 3473 4210 solo

1867 4248 2114 4295 mortuus
2156 4248 2241 4295 est
2305 4247 2365 4295 ut
2413 4248 2641 4312 peccato
2712 4257 3055 4297 moreremur
3088 4260 3103 4308 ;
3138 4243 3236 4298 sed
3264 4249 3323 4297 ut
3375 4259 3475 4313 per

1868 4338 2102 4386 mortem
2133 4330 2248 4398 ejus
2289 4330 2511 4399 justitim
2560 4330 2886 4386 viveremus.
2948 4329 3110 4400 Quod
3140 4331 3220 4388 sic
3246 4331 3474 4387 aitzEst

1868 4419 2116 4475 Christus
2156 4426 2406 4474 mortuus
2425 4434 2528 4491 pro
2566 4420 2821 4475 omnibus
2854 4437 2868 4474 :
2901 4419 3026 4475 ideo
3056 4425 3122 4477 ut
3148 4422 3245 4494 qui
3273 4420 3473 4477 mortui

1869 4516 1996 4564 sunt
2024 4512 2345 4580 peccato,et
2375 4510 2474 4581 qui
2504 4510 2704 4564 vivunt
2731 4508 2971 4577 justitiae,
2979 4509 3105 4579 jam
3132 4525 3248 4565 non
3277 4510 3471 4565 vivant

183 4605 349 4678 signat
383 4625 396 4661 :
428 4610 494 4662 ut
516 4607 899 4678 unusquisque
922 4607 1157 4675 referat,
1190 4603 1245 4658 id
1276 4611 1358 4658 est
1379 4610 1617 4675 reportet
1637 4602 1764 4660 inde
1788 4594 1842 4653 D
1875 4598 2235 4653 attribuentes
2277 4598 2382 4654 hoc
2413 4596 2556 4669 quod
2612 4599 2819 4663 vivunt,
2869 4597 2973 4652 sibi
3020 4597 3097 4667 (ut
3150 4594 3315 4652 fiebat
3369 4596 3472 4652 sub

176 4693 394 4765 propria
424 4692 680 4765 corporis
709 4706 858 4746 :non
890 4690 1036 4761 quod
1067 4688 1363 4745 commissa
1408 4688 1602 4744 animae
1657 4704 1767 4744 non

183 4780 246 4834 sit
272 4782 566 4849 relaturus,
590 4780 686 4835 sed
719 4779 942 4851 pr0pria
971 4778 1237 4850 corporis,
1273 4778 1326 4833 id
1358 4787 1442 4834 est
1480 4794 1600 4851 quae
1629 4792 1767 4850 ope-

184 4875 319 4926 ratus
347 4879 429 4926 est
458 4871 591 4926 dum
613 4869 667 4924 in
698 4884 928 4941 corpore
961 4867 1110 4923 vixit.
1146 4867 1360 4923 Referat
1388 4867 1514 4924 dico
1543 4866 1770 4939 propria

179 4964 336 5028 prout
352 4961 543 5032 gessit,
580 4960 626 5014 si
655 4966 835 5015 tamen
857 4966 1072 5029 tempus
1102 4957 1365 5029 operandi
1393 4956 1595 5012 habuit.
1630 4957 1767 5012 Par-

184 5047 281 5103 vuli
306 5050 467 5119 enim,
501 5049 642 5105 sicut
671 5047 923 5120 baptizati
956 5063 1055 5119 per
1085 5047 1256 5103 solam
1312 5047 1565 5120 gratiam,
1598 5046 1771 5102 salva-

185 5135 407 5195 buntur:
443 5139 521 5195 sic
571 5137 729 5210 pueri
800 5153 910 5193 non
970 5136 1244 5208 baptizati,
1304 5144 1528 5208 propter
1591 5135 1769 5192 solum

186 5226 435 5300 originale
464 5227 897 5283 damnabuntur.
937 5225 1155 5283 Referet
1184 5225 1405 5298 propria
1446 5234 1606 5297 prout
1634 5240 1768 5298 ges-

188 5315 264 5381 sit,
295 5320 403 5373 sive
433 5320 641 5375 bonum
672 5315 789 5381 fuit,
822 5319 935 5372 sive
993 5318 1232 5381 malum,
1269 5315 1413 5387 quod
1445 5314 1634 5388 gessit.
1670 5313 1769 5369 llic

188 5402 238 5457 tit
265 5407 503 5477 qumstio,
538 5414 598 5461 ut
630 5406 753 5478 quia
783 5405 874 5474 ait,
908 5413 1070 5477 prout
1100 5404 1292 5477 gessit,
1325 5404 1474 5459 irrita
1519 5404 1770 5459 videntur

190 5507 298 5549 esse
324 5495 607 5561 beneficia,
652 5511 771 5567 quae
817 5494 947 5550 tiunt
986 5511 1085 5566 pro
1142 5494 1387 5549 mortuis.
1440 5492 1549 5548 Sed
1579 5500 1765 5549 contra

191 5580 283 5637 hoc
300 5583 490 5640 dicitur
520 5603 534 5641 :
571 5584 700 5657 quia
730 5584 777 5640 si
821 5592 1063 5641 mortuus
1094 5591 1151 5638 ut
1201 5584 1303 5639 hoc
1334 5598 1431 5655 pro
1479 5598 1546 5637 eo
1591 5580 1767 5650 fieret,

194 5668 271 5742 pie
296 5673 596 5741 ordinavit;
630 5673 735 5740 vel,
770 5673 816 5729 si
836 5672 1157 5732 charitative
1179 5688 1355 5749 agens
1375 5678 1565 5729 contra
1594 5670 1772 5744 proxi-

1867 4687 2038 4743 veteri
2069 4686 2236 4759 lege),
2269 4687 2366 4743 sed
2403 4685 2585 4743 vivant
2614 4688 2686 4756 ei,
2720 4686 2773 4741 id
2817 4692 2900 4741 est
2929 4685 3001 4740 ad
3038 4684 3275 4758 gloriam
3331 4684 3469 4754 ejus,

1867 4778 1963 4851 qui
1979 4780 2243 4832 mortuus
2274 4780 2359 4833 est
2382 4792 2484 4849 pro
2516 4778 2655 4849 ipsis
2676 4782 2903 4847 peccato
2941 4773 3332 4831 mortiﬁcandis
3365 4792 3379 4830 :
3413 4779 3472 4831 et

1867 4868 2192 4923 resurrexit
2235 4881 2335 4937 pro
2391 4865 2620 4933 eisdem,
2677 4872 2736 4919 ut
2766 4864 2820 4920 in
2842 4863 3048 4934 justitia
3095 4871 3466 4936 resurgerent.

1869 4955 2102 5025 Quando
2134 4955 2352 5029 quidem
2385 4955 2440 5010 in
2462 4963 2641 5011 morte
2671 4954 2872 5011 Christi
2903 4953 3100 5010 mortui
3131 4970 3319 5010 sumus
3349 4969 3473 5026 pec-

1869 5053 1989 5101 cato
2023 5063 2035 5100 :
2068 5052 2121 5100 et
2175 5061 2243 5101 eo
2301 5052 2627 5118 resurgente
2692 5042 3089 5099 resurreximus
3128 5043 3379 5115 justitiae,
3412 5044 3471 5099 id

1868 5143 1973 5195 est.
2004 5134 2127 5208 quia
2175 5134 2421 5190 Christus
2463 5134 2532 5189 ad
2560 5149 2781 5190 omnem
2823 5132 3266 5204 justiﬁcationem
3315 5132 3470 5189 sufﬁ-

1868 5225 1941 5281 cit
1965 5243 1978 5280 :
2003 5227 2193 5298 itaque
2214 5241 2316 5281 nos
2354 5241 2428 5280 ea:
2458 5225 2579 5293 hoc,
2640 5230 2934 5296 postquam
2989 5221 3238 5278 Christus
3275 5238 3473 5295 passus

1870 5322 1972 5381 est,
2007 5322 2062 5369 et
2089 5312 2392 5369 resurrexit
2418 5312 2722 5368 :neminem
2739 5312 3017 5378 novimus,
3052 5311 3106 5366 id
3137 5319 3239 5377 est,
3272 5326 3472 5383 appro-

1870 5403 2119 5459 bavimus
2148 5402 2513 5457 ambulantem
2553 5402 2865 5458 secundum
2903 5417 3155 5465 carnem,
3178 5400 3234 5455 id
3255 5408 3358 5466 est,
3392 5416 3474 5455 se-

1869 5494 2107 5550 cundum
2136 5491 2388 5548 carnales
2420 5491 2555 5546 ritus
2598 5490 2801 5547 veteris
2855 5488 3013 5562 legis.
3047 5488 3322 5558 Objiceret
3357 5489 3466 5543 ille.

1870 5581 2056 5651 Quare
2090 5581 2161 5635 ita
2183 5580 2458 5652 improbas
2488 5580 2690 5651 legem,
2723 5594 2884 5651 quam
2915 5578 3164 5634 Christus
3193 5578 3471 5649 approba-

1872 5672 1947 5731 vit
1975 5680 2029 5729 et
2059 5670 2275 5729 tenuit?
2296 5672 2496 5730 Contra
2521 5669 2628 5725 hoc
2656 5667 2873 5724 Paulus.
2908 5666 3045 5735 Etsi,
3081 5666 3133 5722 id
3168 5674 3248 5722 est
3282 5681 3471 5742 quam-
