3936 6484
454 346 490 374 Ι

254 491 431 559 188Ἲ
1070 496 1544 564 CHRONICON
1589 501 1656 565 S.
1689 500 2054 566 HUBERTI
2081 500 2472 566 ANDAGIN.
2506 536 2583 548 —
2615 499 2944 568 PROCEM.
3542 493 3696 562 1388

259 647 434 720 Ergo
458 647 515 706 in
541 647 764 707 virtute
786 649 957 724 hujus
979 651 1245 710 sacrificii
1276 651 1604 711 claritatem
1625 653 1824 712 vultus
1846 653 1934 711 tui
1965 639 2019 698 Α
2121 654 2406 716 Germani
2431 655 2632 726 Belga
2657 668 2776 712 non
2813 651 3071 711 habuere
3099 648 3302 710 nimis.

261 743 334 795 et
374 739 642 811 requiem
683 743 944 798 eternam
981 742 1241 799 tribuere
1283 743 1523 814 dignare
1573 745 1624 800 ei
1674 745 1931 813 Domine,
2055 745 2321 802 Treveris
2343 745 2506 800 alma
2522 758 2636 815 per
2662 744 2819 800 hunc
2845 742 3059 814 major,
3079 739 3192 797 tibi
3215 741 3402 797 Roma
3427 737 3695 806 Quirites

263 828 381 900 qui
414 829 568 886 vivis
597 833 656 886 et
690 843 899 900 regnas
929 831 1082 886 Deus
1110 846 1215 902 per
1245 832 1432 888 omnia
1478 833 1698 904 secula,
1731 837 1932 889 amen!
2126 833 2497 902 Transmisit,
2531 834 2686 890 cives
2701 832 2864 903 fecit
2887 831 2943 887 et
2971 844 3094 888 esse
3125 830 3270 886 tuos.

263 917 502 976 Albero
528 919 795 976 maxime
813 921 926 988 vir,
937 919 1057 990 ﬂet
1076 921 1282 989 Roma,
1300 921 1401 980 det
1419 922 1682 993 undique
1707 922 1934 992 Trevir,
2049 923 2300 993 Hacque
2327 923 2506 992 caput
2530 921 2740 978 mundi
2762 919 3121 989 veniens,hic
3150 931 3272 974 esse
3297 929 3398 974 cor
3424 915 3588 974 orbis

359 1007 576 1077 Tanto,
610 1007 735 1063 tam
760 1009 934 1077 miro,
967 1008 1023 1064 te
1051 1009 1334 1065 moriente
1355 1010 1506 1066 viro.
2119 1011 2251 1067 Non
2279 1012 2476 1081 negat,
2508 1011 2566 1066 et
2592 1023 2798 1065 nomen
2833 1011 3015 1065 Roma
3040 1005 3300 1064 secunda
3319 1005 3510 1062 tuum.

275 1094 506 1152 Trevir
529 1095 976 1166 pastorem,,/let
999 1098 1188 1152 Roma
1214 1097 1409 1154 ruisse
1435 1098 1709 1168 rigorem,
2047 1099 2243 1156 Janus
2266 1098 2357 1156 bis
2383 1099 2582 1154 novies
2609 1097 2787 1155 solem
2810 1095 3184 1168 produxerat
3207 1093 3356 1163 orbi,

352 1184 706 1254 Dogmaque
721 1183 1011 1254 justicia,
1045 1183 1241 1240 lumen
1262 1185 1318 1240 et
1346 1185 1626 1242 ecclesia.
2125 1187 2274 1243 Cum
2302 1189 2530 1244 tantam
2556 1188 2741 1244 lucem
2766 1185 3018 1244 sustulit
3043 1183 3334 1242 (ecclesia.

263 1268 552 1343 Magnus
581 1285 716 1329 eras
743 1271 998 1342 magnis,
1018 1287 1140 1342 par
1171 1273 1400 1344 parvis,
1431 1273 1588 1330 meta
1635 1273 1934 1346 tyrannis,
2055 1276 2222 1342 Quod
2242 1277 2431 1332 solum
2455 1277 2664 1345 restat,
2702 1277 2815 1344 die,
2854 1275 3052 1344 lector,
3081 1272 3344 1344 supplice
3369 1269 3596 1328 mente:

356 1358 578 1416 Gloria
607 1359 916 1426 divitibus,
931 1361 1132 1431 portio
1137 1360 1526 1432 pauperibus.
2118 1365 2350 1435 Albero,
2382 1365 2469 1422 sit
2495 1365 2606 1424 tibi
2635 1367 2761 1434 lue,
2791 1364 2878 1422 sit
2901 1363 3014 1420 tibi
3041 1363 3171 1418 vita
3197 1363 3378 1430 Deus,

272 1444 515 1504 C’astra
563 1447 959 1518 tyrannorum
1003 1447 1366 1518 subvertens,
1411 1449 1613 1506 castra
1661 1447 1940 1506 bonorum
2055 1454 2166 1520 Qui
2189 1454 2349 1510 velut
2377 1469 2406 1510 e
2431 1455 2692 1525 specula,
2728 1454 2841 1509 toto
2870 1451 3214 1524 spectabilis
3251 1449 3405 1518 orbe,

352 1535 646 1594 Plurima
675 1537 1047 1608 condideras,
1083 1537 1290 1608 largus
1316 1539 1375 1594 et
1407 1539 1612 1609 hospes
1639 1549 1796 1608 eras,
2127 1543 2395 1600 Treveris
2420 1542 2620 1598 evexit
2643 1555 2842 1597 nomen
2873 1541 2954 1598 ad
2979 1539 3150 1596 astra
3177 1539 3361 1606 tuum,

268 1623 528 1696 Largus
557 1625 616 1682 et
643 1624 960 1682 humanus.
997 1624 1404 1696 Complecerat
1425 1627 1632 1682 ordine
1671 1627 1868 1683 Janus
1948 1689 1951 1691 _
2047 1630 2256 1688 Fortia
2285 1631 2672 1705 confundens,
2707 1631 2764 1686 et
2774 1631 2990 1701 ferrea
3019 1629 3193 1698 virga
3221 1623 3509 1696 superbis.

356 1715 504 1771 Octo
527 1713 840 1785 decemque
861 1713 1004 1771 dies.
1036 1713 1199 1771 Mors
1229 1715 1341 1772 tibi
1365 1715 1451 1772 sit
1474 1717 1745 1786 requies!
2120 1721 2202 1775 Et
2229 1721 2377 1790 quia
2406 1734 2512 1776 vas
2543 1719 2716 1790 ,iguli
2731 1719 3032 1790 frangere
3075 1716 3278 1772 doctus
3316 1727 3409 1770 eos
3439 1710 3550 1779 ω’,

354 1803 432 1859 Hi
472 1801 566 1836 ⁴⁴¹⁰
615 1801 814 1858 decem
859 1817 1067 1858 versus
1117 1803 1494 1859 continentur
1540 1804 1595 1858 in
1640 1803 1938 1876 epitaphio
2057 1807 2314 1865 Turbine
2343 1823 2516 1878 quem
2543 1805 2636 1840 “‘3
2682 1807 2848 1863 nullo
2884 1805 3090 1877 potuit
3117 1803 3380 1875 fortuna
3409 1800 3693 1856 minorem

275 1889 488 1949 domui
521 1891 830 1948 Alberonis
860 1891 1220 1948 Trevirensis
1256 1892 1704 1964 archiepiscopi,
1731 1891 1934 1964 scripti
2123 1897 2406 1967 Reddere,
2443 1899 2549 1969 qui
2580 1898 2774 1968 major
2802 1909 2932 1952 cum
2959 1892 3331 1965 premeretur
3361 1889 3523 1956 erat;

276 1979 492 2038 aureis
522 1979 741 2036 litteris
772 1980 828 2036 in
859 1979 1094 2052 cupreis
1119 1979 1426 2038 lamminis.

359 2069 520 2125 Infra
551 2084 781 2126 arcum.-

276 2156 542 2229 Belgica
571 2157 778 2227 Roma,
813 2158 981 2215 tuum
1011 2159 1185 2216 decus
1230 2160 1286 2215 et
1331 2159 1436 2216 tua
1466 2159 1669 2231 gloria
1703 2170 1936 2230 perpes,

359 2247 488 2304 Hic
503 2248 689 2320 jacet,
722 2247 958 2306 eternus
983 2261 1099 2318 que
1129 2247 1239 2304 tibi
1269 2248 1425 2304 vivit
1452 2249 1652 2304 honor.

279 2334 526 2406 Albero,
561 2336 671 2392 lue;
697 2335 876 2406 orbis,
911 2336 1086 2394 decus
1112 2335 1303 2406 urbis,
1327 2337 1530 2408 gloria
1557 2337 1726 2404 cleri,

1967 1996 2022 2057 B
2051 1995 2185 2064 Ille,
2222 1995 2425 2052 domus
2476 1994 2740 2063 Domini,
2783 2007 2948 2048 mons
2997 1989 3294 2046 montibus
3343 1987 3547 2055 altior,
3579 1985 3700 2043 alte

2129 2084 2505 2141 Transiliens
2533 2083 2726 2150 colles,
2759 2079 3022 2138 vallibus
3046 2077 3262 2136 umbra
3297 2079 3447 2146 suis,

2055 2172 2200 2230 Cum
2217 2175 2345 2244 jam
2373 2171 2462 2229 bis
2488 2171 2688 2227 novies
2716 2171 2898 2226 solem
2934 2166 3264 2224 revocasset
3309 2165 3394 2222 ad
3437 2164 3630 2222 ortum

2121 2262 2319 2318 Janus
2373 2261 2440 2316 in
2467 2273 2676 2316 occasu
2701 2257 2880 2314 stella
2907 2269 3119 2314 serena
3133 2257 3366 2326 jacens,

2049 2339 2257 2408 Alberc
2275 2371 2294 2406 ,ο
2314 2349 2496 2418 Mors,
2521 2345 2759 2418 inquid,
2783 2345 2979 2403 nichil
3003 2345 3096 2402 est
3112 2343 3317 2411 michi,
3333 2337 3696 2412 namque““

365 2425 628 2483 Ornatus
651 2425 888 2497 patria,
919 2425 1196 2497 splendor
1223 2426 1280 2480 et
1308 2425 1583 2492 ecclesia,

3098 2488 3108 2498 ,
3341 2429 3631 2500 [resurget

279 2513 484 2572 Parte
509 2515 736 2571 minore
761 2512 860 2570 sui
874 2512 1045 2583 jacet
1071 2512 1188 2582 hic,
1219 2515 1443 2584 majore
1469 2511 1764 2582 superstes
1775 2529 1796 2566 .-

2125 2527 2515 2599 C’ongaudcns
2544 2525 2760 2583 anima
2781 2521 3188 2596 gloriﬁcanda
3235 2533 3388 2576 caro.
3427 2537 3455 2570 ω

361 2600 535 2659 Mens
563 2601 779 2658 etenim
807 2601 1090 2672 superest,
1106 2601 1292 2672 fama
1308 2599 1637 2672 perhennis
1663 2600 1796 2656 erit.

2160 2617 2268 2672 hoc
2299 2620 2392 2672 est
2420 2614 2780 2688 epitaphium
2825 2626 3002 2682 super
3055 2609 3334 2680 reliquias
3385 2606 3511 2678 ejus
3557 2607 3699 2662 Con-

285 2691 340 2750 0
362 2704 550 2763 quam
568 2703 822 2761 magnus
840 2688 1006 2745 homo
1027 2702 1208 2761 quam
1219 2703 1400 2759 parvo
1421 2689 1726 2746 clauditur
1738 2687 1942 2746 antro!
2053 2704 2338 2762 παθηιίωε

364 2776 675 2867 Lauda“)?
697 2777 762 2867 ρί
778 2777 1011 2867 ηιξτίιίε
1035 2791 1154 2867 ποπῖ
1177 2776 1373 2867 "lino?
1402 2777 1536 2832 ονθθ
1557 2777 1732 2867 Γ
2055 2795 2266 2867 Ofﬁcio
2292 2793 2502 2850 merito
2527 2791 2736 2864 presul
2755 2787 3126 2847 venerandus
3150 2791 3400 2856 utroque

279 2866 460 2926 Huic
483 2864 742 2938 speciale
756 2863 915 2938 fuit,
948 2878 1066 2922 non
1091 2864 1272 2934 vinci,
1305 2865 1558 2934 vincere,
1588 2865 1764 2922 victis
2087 2863 2329 2940 ’Λιιιενο
2357 2863 2627 2940 condidit
2647 2881 2770 2950 hoc,
2806 2879 2948 2936 heu!
2979 2890 3074 2934 cor
3104 2876 3162 2932 et
3189 2874 3331 2932 exta
3357 2871 3498 2942 solo,

368 2973 648 3042 Parcere,
693 2972 870 3043 larga
902 2983 1120 3029 manus
1145 2969 1374 3028 “llnon
1403 2970 1683 3030 habuisse
1710 2984 1936 3043 parem.
2053 2972 2235 3030 Posce
2276 2973 2482 3041 Deum,
2515 2971 2709 3040 lector,
2750 2969 2849 3026 vir
2894 2966 2966 3024 ut
3003 2965 3114 3024 tibi
3161 2965 3318 3022 sorte
3363 2961 3700 3038 sequendus

285 3062 420 3122 Hie
440 3063 558 3132 vir,
589 3061 689 3120 hic
716 3060 822 3128 est,
847 3061 946 3119 cui
961 3061 1224 3134 primati
1252 3074 1367 3120 sua
1384 3060 1632 3118 subdere
1653 3059 1828 3130 colla,
2123 3059 2480 3118 Inveniatur
2508 3058 2615 3130 ibi,
2643 3072 2772 3130 par
2799 3055 2905 3114 ubi
2933 3067 3076 3112 vera
3104 3053 3237 3112 tibi.

1662 3157 1898 3215 VARIE
1923 3157 2330 3213 LECTIONES.

295 3245 636 3393 “31:33:34:
640 3245 841 3378 Cimbro
867 3247 1057 3306 colore
1080 3248 1312 3318 scripta
1337 3248 1480 3307 sunt
1504 3261 1552 3306 e.
1630 3245 1722 3280 ιλιι
1753 3247 1962 3303 manu?
2035 3245 2125 3279 “1'
2153 3247 2298 3305 Hac
2330 3245 2620 3304 nonsatis
2646 3242 2950 3311 constant;
2979 3254 3112 3298 eras
3144 3239 3240 3298 ed.
3323 3236 3415 3272 ⁶¹¹³
3455 3250 3582 3310 qua
3613 3242 3703 3294 ο.)

301 3481 3692 3525 W

1576 3647 1730 3692 ANNO
1757 3647 1960 3691 DOMINI
1983 3644 2159 3693 DCCC}!
2169 3644 2436 3689 Χν-υονι

1337 4067 1344 4075 ,
1424 3855 2564 4028 CHRONICON

757 4132 1276 4260 SANCTI
1396 4132 2055 4257 HUBERTI
2168 4126 3268 4254 ANDAGINENSIS

1771 4343 2244 4406 EDENTIBUS

431 4531 547 4622 L.
658 4504 790 4625 C.
923 4533 1543 4628 BETHMANN
1655 4535 1792 4625 ET
1871 4535 2031 4624 W.
2139 4532 2914 4623 WATHENBACH
3027 4531 3236 4620 PH.
3344 4527 3552 4618 DD.

897 4707 1132 4786 (Pmrz,
1157 4707 1561 4773 Monumenta
1594 4707 1964 4772 Germanice
1992 4705 2321 4782 historica,
2357 4706 2588 4786 Script.
2619 4709 2668 4767 t.
2699 4705 2861 4780 VIII,
2893 4722 2952 4785 p.
2985 4703 3127 4781 565)
3205 4729 3221 4746 ι

1536 4979 2465 5077 PROLEGOMENA.
2568 5020 2572 5024 λ

397 5211 897 5296 lngen‘tiillein‘ter
911 5220 1222 5296 regnumet
1261 5214 1654 5296 sacerdotium
1691 5217 1960 5273 certami-
1991 5234 2044 5296 α
2073 5216 2370 5296 ιῇῃιιεβυι)
2390 5214 2797 5296 Theoderico!
2829 5215 3111 5296 nutritus,
3132 5218 3194 5296 et
3225 5213 3559 5296 litterarum
3579 5216 3716 5296 Astu:

332 5295 398 5358 ne
417 5285 811 5358 exorto,_quod
846 5299 950 5358 per
979 5283 1242 5358 singulas
1271 5301 1531 5358 quasque
1553 5287 1956 5358 episcoporum
1994 5283 2038 5296 “’”
2075 5287 2186 5344 diis
2201 5283 2310 5342 non
2345 5286 2718 5344 mediocriter
2747 5283 3349 5358 imbutus,hi’storiam
3370 5283 3716 5358 monasterii

334 5301 398 5339 ne
417 5301 643 5354 exorto,
661 5301 811 5354 quoa
887 5301 950 5340 er
979 5301 1242 5356 Singulas
1271 5301 1531 5358 quasque
1553 5301 1956 5358 episcoporum
2075 5301 2186 5344 aus
2201 5303 2310 5342 non
2345 5301 2718 5344 mediocriter
2747 5301 3336 5354 1mnmus,n15toriam
3370 5301 3714 5342 monaswru

334 5351 611 5438 dimceses
625 5301 936 5438 discordias
955 5357 1171 5438 semina
1185 5359 1629 5438 spa_rsit,eadem
1645 5374 1772 5438 cum
1792 5363 1966 5416 cete-
2075 5358 2442 5438 scribendam
2455 5359 2782 5438 susciperet
2790 5361 2854 5438 et
2869 5357 3180 5438 incoeptam
3200 5356 3487 5438 tam‘felici
3501 5358 3714 5411 eventu

335 5424 412 5505 ris
425 5424 774 5505 Leodiensis
791 5425 1064 5505 dioecesis
1089 5424 1454 5505 monasteriis
1479 5429 1644 5505 ruina
1667 5428 1842 5505 etiam
1867 5445 1966 5505 n_o-
2075 5429 2146 5505 ad
2172 5429 2339 5486 ﬁnem
2362 5424 3278 5505 perd_uce'ret,utluculentiorem
3296 5427 3366 5484 de
3387 5433 3715 5505 temporum

337 5494 650 5572 bileSancti
669 5497 911 5553 Huberti
928 5498 984 5552 in
1001 5499 1306 5572 Arduenna
1329 5499 1743 5572 monasterium
1761 5501 1964 5572 traxit,
2077 5501 2324 5572 istorum
2349 5494 2682 5572 conditione
2705 5494 3004 5572 auctorem
3033 5499 3131 5572 yix
3159 5494 3716 5572 inyeneris._i‘iomen

374 5567 481 5642 uo_d
511 5566 582 5642 ad
615 5580 900 5625 summum
926 5570 1336 5642 prospgritatis
1360 5571 1648 5641 fastigium
1665 5572 1774 5627 sub
1792 5566 1971 5627 Theo-
2079 5587 2244 5628 suum
2269 5571 2450 5642 latere
2473 5569 2784 5640 voluit,sed
2833 5571 3195 5642 monachum
3227 5569 3419 5626 Sancti
3470 5567 3716 5642 Iluberti

375 5638 559 5692 ericol
592 5638 1252 5714 evectum,_Theoderim
1287 5643 1329 5696 ll
1379 5638 1520 5699 cum'
1558 5642 1806 5714 Otberto
1850 5643 1972 5714 epif
2079 5638 2936 5714 ostendittumintimarernm
2982 5641 3260 5712 cognitio,
3289 5647 3412 5696 tum
3459 5638 3616 5714 quod
3663 5654 3714 5696 c.

339 5723 511 5790 scopo
539 5709 842 5790 contentio
863 5710 934 5767 de
958 5716 1124 5790 statu
1149 5726 1254 5790 suo
1301 5727 1544 5790 prorsus
1584 5711 1824 5790 dejecit,
1860 5709 1969 5770 Sed
2080 5717 2148 5790 ἕξ
2171 5713 2312 5790 dicit
2332 5713 2500 5770 nobis
2520 5711 2879 5790 videntibus,
2906 5711 2976 5790 de
2997 5709 3134 5790 rein
3158 5709 3511 5790 monasterio
3535 5713 3718 5790 gesta.

341 5781 653 5856 interipsas
667 5781 880 5856 quibus
895 5785 1284 5856 quassabatur
1301 5781 1968 5856 calamitatesmntiquze,
2081 5785 2320 5842 Litteris
2338 5799 2574 5856 operam
2595 5783 2826 5840 dedisse
2848 5781 2971 5856 tota
2994 5783 3276 5840 scribenti
3308 5783 3460 5856 ratio
3499 5781 3698 5854 prodit

342 5796 513 5836 inter:
559 5796 653 5838 sas
667 5796 880 5850 quibus
895 5796 1284 5854 quassanatur
1301 5796 1968 5856 calamitatesmntiquze,
2083 5796 2320 5842 Litteris
2338 5799 2574 5856 operam
2595 5796 2826 5840 uenisse
2848 5796 2971 5840 tota
2994 5796 3276 5840 scrlDentl
3308 5796 3460 5841 ratio
3499 5796 3698 5854 prodit

342 5796 658 5926 disciplinae
681 5853 934 5912 fructum
956 5854 1378 5928 percepit,cum
1409 5855 1727 5914 monachus
1755 5855 1975 5914 Huber-
2083 5856 2193 5914 etsi
2226 5870 2256 5912 a
2279 5856 2674 5928 grammaticae
2697 5855 2917 5928 regulis
2959 5855 3268 5930 aliquando
3318 5855 3590 5920 aberrat;
3623 5823 3724 5911 sed
