3936 6492
200 444 352 516 i347

1197 442 1676 509 CHRONICON
1708 442 1774 506 s.
1809 427 2180 507 HUBERTI
2211 428 2606 508 ANDAGIN.

3456 440 3646 510 1848

197 613 357 679 gitur
377 606 509 678 (26),
537 617 641 677 per
662 612 888 659 omnem
919 597 1287 658 Arduennam
1316 598 1541 657 studuit
1563 611 1849 657 evacuarc
1880 582 1934 644 A
1961 598 2149 671 nium,
2163 598 2698 671 Bractis,qu¢alio
2710 596 2946 657 nomine
2958 596 3337 670 nuncupatur
3352 598 3640 673 episcopi

199 696 616 763 idololatriam,
656 708 783 765 qua:
822 691 1012 749 adhuc
1046 690 1259 747 ibidem
1301 693 1631 762 supererat,
1664 688 1846 760 liquet

202 786 354 858 quod
387 800 458 841 ex
481 779 1451 852 confrequentationc,commeandi
1469 784 1716 848 uterque
1732 779 1849 833 fue-

102 920 111 929 .
200 878 279 933 rit
302 874 615 932 notissima:
630 871 1003 941 cognitionis,
1022 869 1399 941 ejusdemque
1414 868 1470 923 in
1486 870 1663 924 Deum
1678 868 1850 923 dilec-

196 966 374 1022 tionis
405 960 833 1031 ctdevotionis,
865 975 970 1016 nec
991 959 1180 1016 minus
1212 967 1386 1015 etiam
1418 956 1848 1029 cooperationis

198 1056 306 1112 hoc
337 1055 391 1110 in
424 1052 552 1110 loco
594 1051 805 1109 divinm
844 1049 1181 1114 electionis;
1214 1048 1526 1119 utriusque
1566 1047 1844 1103 instantia

200 1141 640 1218 prmdicationis
667 1140 973 1197 fatiscente
995 1138 1523 1211 perﬁdiaineodem
1540 1136 1845 1193 territorio

196 1233 450 1306 profecit
483 1235 856 1302 augmentum
885 1228 1220 1286 christiana;
1260 1227 1575 1298 religionis.
1605 1226 1764 1283 Unde
1787 1230 1845 1282 et

195 1322 480 1394 largiente
496 1321 735 1377 Domino
758 1334 1095 1376 concessum
1119 1321 1299 1386 est,ut
1318 1331 1463 1388 quos
1477 1316 1601 1387 ipsa
1617 1315 1848 1387 provin-

197 1412 284 1468 cia
318 1411 508 1467 adhuc
538 1409 592 1465 in
616 1422 791 1465 carne
824 1412 1046 1479 positos
1069 1406 1281 1463 meruit
1304 1406 1520 1461 habere
1553 1404 1842 1473 doctores,

196 1500 434 1557 eosdem
474 1513 605 1557 cum
657 1498 889 1554 Christo
942 1503 1254 1568 regnantes
1304 1496 1517 1551 habeat
1557 1493 1847 1566 speciales

196 1595 478 1663 patronos
508 1593 563 1645 et
597 1587 954 1644 defensores.

269 1686 317 1738 4.
355 1682 457 1753 (8.)
495 1680 721 1746 Quanta
749 1681 809 1734 et
834 1677 987 1748 quali
1014 1675 1336 1746 sagacitate
1361 1674 1509 1731 idem
1534 1674 1847 1745 episcopus

198 1768 569 1827 Gualcaudus
584 1767 775 1823 locum
792 1765 981 1836 ipsum
1003 1763 1282 1836 ampliare
1298 1763 1614 1831 studuerit,
1634 1761 1847 1833 quibus

196 1857 636 1931 possessionum
669 1854 1022 1924 redditibus,
1052 1852 1144 1909 vel
1175 1868 1245 1908 ex
1271 1852 1508 1923 proprio
1533 1852 1847 1922 fratrisque

1959 689 2129 759 villa,
2153 690 2394 760 Lisura,
2414 688 2859 763 Eoernicorten,
2885 688 3261 761 Sulpiacum,
3281 689 3634 761 Noqarias.

1957 778 2328 848 Butliesaim,
2358 779 2567 836 cineas
2597 781 2716 836 tres
2734 779 2802 835 in
2829 780 3026 836 castro
3057 779 3222 847 Hoii,
3244 779 3638 837 mansionem

1957 882 2142 925 unam
2162 868 2325 940 apud
2344 868 2625 925 Lcodium
2645 882 2683 925 a
2703 867 2872 926 nobis
2889 869 3303 938 constructam,
3319 880 3549 924 necnon
3567 870 3643 924 et

1957 958 2190 1014 vineam
2206 972 2389 1014 unam
2402 972 2534 1015 eum
2550 972 2756 1015 manso
2778 957 2860 1014 ad
2869 971 2932 1015 se
2931 956 3271 1029 pertinente
3281 957 3347 1014 in
3378 956 3635 1014 territo-

1956 1047 2050 1103 rio
2072 1047 2380 1104 Leodieusz
2400 1048 2738 1118 nuncupato
2778 1046 3058 1118 Vinqitis,
3082 1060 3209 1103 cum
3228 1045 3500 1103 omnibus
3511 1060 3631 1117 ap-

1953 1136 2406 1208 pendit-iissuis.
2431 1138 2572 1192 Item
2598 1137 2653 1191 in
2679 1134 2879 1191 eodem
2898 1135 3203 1207 privilegio
3236 1139 3368 1206 post
3381 1150 3572 1208 pauca
3608 1154 3624 1190 :

1957 1226 2177 1282 Dieino
2197 1226 2271 1281 ut
2290 1226 2586 1283 credimus
2602 1225 2871 1295 consilio,
2898 1225 2956 1282 et
2978 1226 3313 1282 nostrorum
3337 1225 3629 1292 ﬁdelium

1958 1329 2261 1386 consensu,
2280 1318 2376 1373 tra
2384 1316 2581 1374 dim-us
2583 1318 2719 1387 jam
2728 1314 3328 1389 prce/atismonacliis
3338 1315 3498 1372 omni
3512 1329 3628 1372 an-

1957 1420 2030 1461 no
2044 1405 2113 1461 de
2129 1405 2376 1476 argento
2405 1405 2595 1463 libras
2610 1405 2850 1477 viginti,
2878 1406 2938 1462 et
2962 1405 3248 1462 decimam
3260 1405 3330 1461 de
3349 1418 3515 1462 caseo
3538 1418 3626 1461 ex

1958 1494 2228 1551 omnibus
2240 1494 2407 1552 villis
2418 1493 2639 1552 nostris
2651 1493 3121 1564 indominicatis,
3138 1496 3193 1551 et
3204 1494 3273 1550 de
3288 1492 3478 1551 tribus
3500 1493 3621 1549 ril-

1961 1583 2040 1641 lis
2061 1583 2350 1641 decimam
2366 1584 2515 1655 cini,
2532 1583 2811 1641 videlicet
2824 1584 2894 1640 de
2911 1582 3277 1657 G’oqanlieim
3289 1581 3622 1641 etBerllia-

1960 1672 2092 1729 Item
2121 1674 2304 1744 atque
2334 1672 2659 1730 C’unerono.
2696 1674 2842 1730 Post
2868 1672 2989 1731 liceo
3012 1673 3163 1730 duas
3183 1672 3455 1729 addimus
3498 1673 3615 1741 eis,

1958 1763 2189 1821 scilicet
2208 1765 2510 1821 Taeernas
2527 1762 2633 1835 (31)
2652 1763 3622 1835 etErnau,utomniaregulariter

1958 1854 2053 1909 eis
2061 1853 2220 1910 entes
2233 1852 2319 1909 ibi
2330 1853 2398 1909 in
2415 1854 2579 1910 victu
2598 1853 2657 1910 et
2672 1853 2889 1911 vestitu
2900 1867 2963 1910 sa
2973 1853 3048 1910 tis
3069 1852 3223 1910 abun
3232 1853 3413 1925 deque
3431 1850 3618 1908 liabe-

196 1948 287 2005 sui
312 1942 768 2015 Erohengoldi10
792 1942 1164 2014 patrimonio,
1198 1942 1301 1997 sed
1325 1945 1382 1996 et
1406 1956 1476 1996 ex
1500 1941 1847 1997 casamentis
1878 1949 1930 2010 Β
1960 1943 2116 1999 rent.
2132 1943 2478 1999 Istaomnia
2497 1956 2693 1999 coram
2705 1942 3008 1999 clericiset
3023 1942 3499 1999 laicisnostrisin
3519 1956 3616 1998 eo-

197 2039 310 2110 (27)
341 2051 369 2092 a
388 2033 732 2107 quibusdam
759 2031 1124 2089 secularibus
1146 2031 1491 2101 subtractis,
1518 2029 1846 2086 subsidium

197 2125 427 2183 vivendi
443 2127 559 2180 tam
586 2121 838 2195 posteris
851 2136 1021 2192 quam
1041 2120 1430 2192 praesentibus
1447 2124 1730 2190 perpetuo
1753 2119 1850 2175 ha-

196 2212 447 2270 bendum
476 2210 897 2284 procuraverit,
914 2209 961 2265 si
988 2209 1117 2279 quis
1133 2224 1303 2265 nosse
1318 2207 1593 2278 voluerit,
1612 2207 1849 2263 reiectis

196 2302 570 2360 auctoritatis
592 2301 720 2372 ejus
744 2298 1065 2371 privilegiis
1083 2298 1333 2370 pleniter
1358 2298 1664 2355 addiscere
1690 2301 1851 2368 pote-

197 2393 294 2448 rit.
333 2392 471 2459 Quae
506 2389 811 2462 privilegia
844 2389 983 2445 licet
1034 2403 1105 2444 ex
1155 2402 1374 2459 magnae
1407 2387 1741 2445 devotionis
1772 2388 1852 2443 af-

198 2482 357 2539 fectu
391 2480 724 2537 condidisse
755 2479 1075 2548 videretur,
1112 2493 1348 2534 moroso
1380 2482 1573 2533 tamen
1603 2477 1851 2533 consilio

197 2575 256 2628 et
280 2569 495 2641 schius
527 2567 811 2626 ventilato
838 2582 1080 2625 assensu
1111 2567 1252 2622 cleri
1277 2572 1335 2622 et
1354 2572 1595 2623 senatus
1624 2571 1683 2622 et
1713 2582 1852 2636 quo-

201 2674 448 2731 rumque
472 2658 754 2715 nobilium
768 2656 1188 2729 etsapientium
1203 2655 1542 2712 Leodiensis
1557 2655 1846 2722 ecclesiae,

200 2749 301 2807 sed
330 2753 390 2804 et
422 2747 696 2805 consultu
742 2745 1176 2817 metropolitani
1210 2745 1298 2802 sui
1328 2744 1655 2802 llildeboldi
1690 2744 1854 2800 Colo-

200 2838 425 2894 niensis
449 2836 762 2909 pontificis,
789 2835 1144 2892 auctoritate
1176 2835 1349 2891 etiam
1376 2835 1579 2891 Leonis
1613 2834 1851 2890 Romani

200 2926 497 3000 pontificis
518 2929 578 2982 et
600 2925 978 2982 attestatione
1024 2923 1298 2980 Ludovici
1326 2925 1436 2994 (28)
1470 2923 1717 2995 piissimi
1754 2923 1854 2977 im-

201 3015 493 3088 peratoris
515 3014 615 3069 lilii
650 3014 838 3083 magni
863 3012 1052 3069 Caroli
1080 3012 1474 3084 imperatoris,
1500 3026 1566 3067 ca
1592 3010 1852 3067 condidit

199 3110 258 3161 et
286 3104 565 3161 canonica
589 3102 1033 3159 confirmatione
1054 3101 1374 3157 roboravit.
1394 3102 1462 3156 Et
1487 3106 1549 3157 ut
1576 3099 1765 3171 aliqua
1783 3113 1854 3155 ex

1959 2047 2097 2088 rum
2113 2031 2433 2103 privilegio
2463 2032 2720 2089 cedimus
2751 2033 2807 2088 et
2832 2046 3177 2104 permanere
3197 2033 3460 2103 capimus
3482 2032 3615 2088 tam

1959 2121 2184 2178 nostris
2209 2136 2393 2193 quam
2421 2134 2824 2179 successorum
2850 2122 3188 2178 nostrorum
3217 2120 3602 2194 temporibus.

1960 2211 2293 2281 Postquam
2307 2225 2442 2283 erqo
2454 2210 2577 2268 ista
2584 2212 2795 2282 gratia
2812 2210 3612 2268 Deirationabiliteranobis

1946 2314 2061 2372 per
2073 2301 2275 2356 omnia
2287 2301 2569 2356 ordinata
2583 2300 2664 2356 ad
2674 2315 2852 2358 aures
2866 2300 3205 2371 imperiales
3219 2300 3606 2370 deuenissent,

1957 2389 2430 2461 magnoqaeisus
2454 2389 2876 2460 estimperator
2887 2389 3134 2462 qaudio,
3155 2389 3467 2447 ccenobium
3488 2390 3610 2448 Su-

1952 2478 2147 2550 guilis
2167 2478 2401 2534 nomine
2421 2477 2554 2549 (3'2),
2580 2479 2646 2535 in
2677 2493 2791 2550 quo
2821 2480 2941 2534 Deo
2964 2479 3175 2535 dicam
3195 2480 3366 2536 erant
3382 2479 3609 2537 monia-

1962 2567 2064 2637 les,
2094 2565 2374 2638 partibus
2395 2568 2618 2624 sanclw
2638 2567 2857 2624 [Varia
2878 2568 2934 2624 et
2952 2567 3147 2625 sancti
3161 2567 3453 2626 Lamberli
3473 2583 3607 2625 cum

1960 2656 2228 2712 omnibus
2258 2657 2382 2713 suis
2417 2655 2785 2727 appenditiis
2809 2656 3069 2713 tradidit
3078 2659 3222 2729 jure
3241 2657 3601 2728 firmissimo,

1960 2745 2407 2816 utepiscopatus
2428 2744 2786 2816 Tangi-ensis
2796 2745 2957 2803 sedis
2968 2746 3210 2803 innullo
3221 2746 3606 2804 minorariei-

1964 2834 2319 2905 dereturpro
2330 2833 2688 2905 rebus,quas
2700 2835 3014 2893 Deisereis
3026 2836 3085 2892 in
3096 2836 3452 2894 monasterio
3460 2849 3608 2908 pree-

1946 2922 2092 2995 fato
2133 2924 2556 2991 concessimus;
2587 2925 2646 2980 et
2667 2924 2911 2995 insuper
2952 2925 3035 2982 ad
3048 2925 3375 2998 praefatam
3399 2925 3608 2982 cellam

1962 3011 2287 3084 quamdam
2305 3012 2516 3068 sileam
2538 3026 2670 3084 quae
2688 3013 2913 3071 dicitur
2942 3014 3475 3086 Wanqisisusmons
3489 3017 3606 3086 (33)

1965 3101 2241 3171 tradidit,
2251 3103 2632 3172 eamdemque
2646 3102 2896 3174 leqalem
2911 3103 3291 3161 traditionem
3308 3104 3608 3175 imperiali

199 3193 417 3250 eisdem
452 3192 776 3265 privilegiis
837 3191 1314 3262 interponamus:
1349 3191 1484 3259 Res,
1520 3189 1730 3260 inquit,
1761 3188 1861 3245 vel
1950 3190 2921 3265 prieiteqioﬁrmaeitetsiqnaeit.
2943 3195 3152 3251 llarum
3180 3194 3606 3266 possessionum

196 3280 843 3355 possessiones,qu(ead
858 3280 1125 3336 eumdem
1141 3281 1326 3336 locum
1347 3279 1640 3350 deputatae
1660 3276 1856 3335 nacte-
1884 3311 1932 3374 Ο
1964 3280 2208 3335 maxima
2245 3295 2379 3351 pars
2438 3280 2571 3337 huic
2630 3282 2896 3340 ecclesia:
2941 3282 3161 3352 jamdiu
3222 3284 3471 3357 deperiit
3498 3299 3607 3341 non

195 3383 311 3427 nus
307 3368 621 3443 fueruntj
629 3382 732 3424 ure
755 3369 1098 3430 firmissimo
1117 3367 1186 3423 de
1194 3367 1555 3438 legamus,id
1571 3368 1659 3423 est
1673 3368 1855 3438 Apro-

194 3460 352 3518 eilla
374 3459 797 3529 (“29),Loteilla,
820 3456 1846 3528 Nelina,Palatiolum,Gamedella,

201 3544 1849 3618 Telins“,Lesternieis“,Rueonia,Frandilionis,Gabe-

197 3638 366 3707 lium,
394 3637 765 3707 Anseromia,
788 3635 1272 3705 Rumendinis,et
1291 3636 1567 3693 ecclesias
1587 3636 1843 3706 Melsun,

190 3726 603 3798 Marttlinges,
632 3725 985 3794 Builaidas,
1020 3738 1155 3781 cum
1184 3724 1457 3781 omnibus
1478 3725 1848 3796 appendiliis

191 3816 344 3875 suis.
373 3814 681 3874 Similiter
710 3814 894 3871 etiam
919 3826 1204 3871 consensu
1218 3813 1504 3884 fratrum
1519 3814 1850 3872 nostrorum

191 3904 585 3964 concessimus
597 3904 1010 3975 etpermanere
1029 3903 1298 3959 volumus
1309 3902 1359 3957 ei
1367 3901 1496 3957 dem
1507 3903 1596 3960 cel
1601 3903 1671 3961 Ire
1689 3903 1851 3962 alias

191 4007 292 4052 res
314 4007 389 4050 ea:
398 3991 574 4050 rebus
591 3992 849 4050 ecclesiae
869 3993 1244 4062 nostramque
1259 3990 1669 4050 oidelicctnon
1684 3994 1853 4051 indo-

1962 3369 2148 3426 solum
2162 3370 2439 3426 violentia
2466 3370 2859 3439 sreeularium,
2886 3372 2986 3428 sed
3006 3373 3180 3430 etiam
3205 3375 3605 3447 episcoporum

1961 3459 2383 3516 Leodiensium.
2413 3460 2785 3517 Gualcaudus
2805 3476 2942 3519 vero
2963 3462 3277 3537 episcopus
3302 3463 3604 3521 Altuenum

1960 3548 2229 3604 abbatem
2255 3549 2352 3619 qui
2376 3548 2504 3605 loco
2538 3556 2816 3622 praeesset
2847 3552 3158 3624 ordinavit,
3187 3554 3604 3625 possessiones-

1959 3652 2072 3707 que
2103 3643 2163 3693 et
2211 3638 2480 3696 redditus
2529 3640 2743 3710 quibus
2777 3642 2987 3698 fratres
3019 3641 3408 3699 subsisterent
3438 3642 3602 3714 legali

1959 3727 2269 3799 privilegio
2293 3727 2562 3785 ecclesiae
2587 3729 2740 3786 facto
2764 3730 2821 3785 in
2848 3736 3192 3803 perpetuum
3226 3733 3604 3791 confirmavit-

1955 3818 2206 3875 credens
2259 3817 2573 3890 specialius
2620 3820 2991 3892 profuturum
3024 3822 3137 3878 sibi
3197 3822 3464 3894 quicquid
3504 3823 3597 3895 ibi,

1959 3908 2088 3965 dem
2112 3911 2354 3978 geretur
2369 3923 2556 3978 usque
2590 3909 2645 3964 in
2668 3913 2832 3965 tinem
2860 3910 3079 3967 szcculi.
3118 3910 3224 3977 Qui
3254 3918 3443 3968 autem
3467 3928 3601 3985 prae-

1960 3999 2079 4053 fato
2116 3997 2314 4053 abbati
2356 3999 2774 4071 successerint,
2819 3999 3203 4071 velquamdiu
3245 4002 3593 4074 praefuerint,

197 4082 523 4153 minieata,
545 4082 652 4140 sed
662 4086 726 4140 in
748 4081 1645 4154 beneﬂcioconstitutae/uerunt,
1680 4084 1748 4141 id
1765 4084 1858 4143 est
1960 4086 2053 4142 vel
2095 4086 2383 4157 quomodo
2415 4089 2523 4144 sui.
2557 4104 2907 4161 unoquoque
2939 4104 3139 4147 eorum
3172 4089 3335 4148 locus
3370 4091 3489 4164 ipse
3507 4096 3597 4150 aut

197 4174 510 4245 Tereonia,
552 4171 872 4231 Teuledum
895 4170 1028 4242 (30),
1062 4170 1355 4241 Marlida,
1386 4172 1725 4239 Aldamum,
1750 4175 1853 4233 Al-

188 4264 472 4335 eentium,
531 4262 821 4333 Nentina,
882 4260 1144 4332 Florias,
1210 4260 1586 4333 lion-ouium,
1621 4262 1854 4321 Ardua-

1963 4177 2280 4249 profecerit
2312 4181 2412 4233 aut
2463 4177 2766 4249 defecerit,
2826 4192 3014 4249 neque
3070 4177 3317 4250 legimus
3363 4195 3596 4252 ncquca

1963 4280 2255 4337 quoquam
2278 4270 2503 4324 certius
2527 4266 2709 4324 relata
2736 4267 3049 4326 didicimus
3072 4269 3217 4341 (34);
3243 4268 3486 4343 ideoque
3515 4270 3594 4327 his

1549 4388 1788 4445 VARUE
1827 4389 2215 4447 LECTIOMES
2228 4433 2240 4447 .

266 4503 311 4537 ¹⁰
339 4501 764 4561 Ercbenboldi?
793 4503 865 4560 P.

194 4574 239 4611 “
268 4575 369 4636 vel
393 4575 789 4644 Lestermius;
819 4573 1003 4651 infra
1029 4589 1078 4635 e.
1114 4573 1511 4634 Lesterneias.

987 4501 1152 4582 “ita
1180 4501 1416 4582 iii/rae
1446 4507 1532 4564 32.
1591 4506 1875 4579 etprioil.
1937 4506 2277 4569 Innocentii
2304 4507 2401 4567 Il.
2455 4522 2551 4582 ap.
2598 4504 2878 4569 illiricum
2902 4509 2945 4567 Ι
2953 4509 3012 4581 ν,
3050 4511 3153 4567 170
3212 4508 3356 4569 C'od.
3418 4508 3591 4568 Tcluis

1790 4666 2015 4726 NOTE.

264 4764 378 4838 (26)
412 4763 579 4838 Apud
611 4763 847 4838 Surium
877 4764 969 4837 VI,
1002 4780 1059 4838 p.
1095 4765 1182 4822 47.

282 4836 376 4893 27)
407 4836 480 4892 If
497 4851 556 4893 θ.
599 4836 804 4893 feudis.

282 4840 376 4909 27)
407 4840 456 4892 Ι.
497 4851 556 4893 e.
599 4840 804 4893 feudis.

263 4840 378 4981 (28)
410 4908 615 4979 Itaque
646 4907 798 4963 intra
848 4922 908 4964 a.
974 4909 1081 4963 814
1109 4912 1167 4964 et
1229 4920 1487 4965 mensem
1544 4907 1751 4967 Maium
1785 4923 1841 4966 a.

184 4981 312 5037 8l6.
346 4994 461 5037 quo
494 4980 604 5035 Leo
636 4984 904 5035 mortuus
935 4983 1047 5034 est.

299 5022 312 5049 9

265 5047 380 5125 (29)
396 5049 992 5125 Amille-Loueille,
1010 5047 1355 5125 NapmeﬂPa
1364 5051 1560 5125 lizeul,
1572 5053 1845 5125 Gemelle,

193 5122 386 5193 Telin,
428 5124 731 5195 Lesternq,
758 5124 1046 5195 Reooqne,
1078 5122 1427 5195 Fraudeure,
1464 5122 1853 5195 Gioet,Anse'-

184 5207 459 5323 rl'aeznlmeh
488 5193 880 5265 Romedenne,
913 5194 1197 5265 Maissin,
1244 5193 1666 5269 Martelenqes,
1698 5200 1852 5255 Bou-

413 5268 764 5413 11"ie73_z:a_q7_ie,
786 5337 1074 5413 linear,
1102 5336 1428 5413 AMAarloie,
1458 5341 1603 5413 Ape,
1638 5341 1848 5411 Aeent,

186 5408 452 5485 Mettius,
488 5408 755 5485 Florege,
785 5409 1045 5485 Wanlin,
1061 5408 1363 5485 Ardenne,
1386 5408 1570 5483 Erae,
1589 5408 1850 5485 VesqueL

187 5480 368 5557 eille,
388 5483 611 5557 Lirere,
636 5482 1054 5557 Evernicourt,
1077 5483 1330 5555 Soulpy,
1350 5480 1620 5557 'Noyers.
1659 5480 1733 5541 Ιὶῖ

266 5552 380 5623 (31)
416 5555 681 5623 Taeiers,
715 5555 948 5612 Ernau.
988 5555 1060 5610 Β.

291 5621 381 5694 32)
408 5626 612 5695 Suqui
622 5621 692 5681 le.
728 5627 800 5680 Il.

289 5696 379 5767 38)
424 5696 781 5767 Waqimont.
813 5696 877 5751 Η.

254 5766 621 5848 (34)·Εοι-ἰιω
644 5767 978 5848 catalogum
999 5781 1080 5848 ex_
1101 5766 1392 5848 catalogis
1410 5767 1685 5848 abbatum
1708 5771 1849 5848 Pru-

186 5837 521 5916 mienSium,
571 5852 646 5898 ex
705 5837 1122 5917 Martyrologio
1153 5837 1399 5915 aliisque
1460 5840 1720 5902 fontibus
1748 5843 1850 5903 do-

346 4994 461 5051 quo
494 4980 604 5035 Leo
636 4984 904 5051 mortuus
930 4983 1047 5051 est.

1881 4773 1935 4834 D
1965 4768 2227 4827 mesticis
2250 4768 2621 4828 concinnavit
2646 4770 3003 4829 Romualdus
3021 4773 3249 4830 Hancar
3271 4771 3327 4828 in
3354 4771 3587 4829 Historia

1964 4842 2302 4917 monasterii
2325 4845 2388 4917 _S.
2416 4843 2667 4917 ‘Huberti
2710 4858 2881 4917 manu
2905 4859 3013 4917 sua
3046 4844 3482 4917 scripta,quam
3506 4844 3590 4900 ha-

1964 4913 2183 4987 buit_P.
2222 4913 2293 4970 de
2325 4914 2611 4981 Robaulx,
2643 4930 2674 4971 c
2703 4916 2871 4987 cujus
2904 4915 3053 4972 libro
3087 4913 3400 4973 utilissimo
3432 4916 3587 4972 istum

1962 4984 2292 5058 catalogum
2319 4991 2662 5058 excerptum
2686 4984 2790 5044 hic
2812 4987 3075 5044 sistimus
3100 5004 3112 5040 :
3140 4988 3354 5046 Alveus
3375 4987 3512 5044 obiit
3537 4992 3590 5043 16

1961 5057 2107 5112 Nov.
2157 5059 2280 5112 828.
2333 5057 2664 5115 Tancradus
2710 5058 3075 5125 Prumiensis
3125 5060 3307 5116 abbas
3362 5059 3501 5115 obiit
3536 5062 3585 5116 11

1964 5128 2101 5201 Feb.
2135 5131 2265 5184 829.
2320 5129 2700 5187 Marcuardus
2744 5130 3108 5187 Prumiensis
3138 5131 3456 5201 resignavit
3483 5134 3586 5187 836.

1964 5200 2254 5273 Sevoldus
2281 5201 2426 5256 obiit
2448 5206 2510 5257 13
2541 5205 2664 5259 Jan.
2693 5205 2823 5258 855.
2857 5204 3107 5259 Sanctus
3131 5200 3292 5273 Egilc
3322 5203 3591 5259 Prumien-

1964 5272 2048 5327 sis
2078 5272 2403 5343 resignavit
2455 5276 2577 5330 860.
2615 5277 2863 5331 Sanctus
2896 5272 3226 5331 Ansbaldus
3258 5274 3590 5331 Prumiensis

1963 5342 2115 5399 obiit
2146 5342 2225 5398 10
2244 5345 2408 5400 Mart.
2445 5349 2568 5401 887.
2621 5346 2975 5403 Farabertus
3023 5346 3382 5403 Prumiensis
3413 5345 3585 5403 obliti

1960 5415 2066 5470 Mai
2103 5429 2217 5485 quo
2241 5430 2390 5472 anno
2418 5417 2703 5475 nescitur.
2739 5418 2961 5487 Regino
2984 5418 3337 5475 Prumiensis
3370 5417 3590 5474 destitu-

1964 5488 2212 5560 tusrBQt.
2250 5487 2561 5560 Richarius
2594 5488 2913 5560 resignavit
2945 5488 3068 5545 620.
3106 5489 3470 5547 Hildrardus.
3495 5489 3591 5545 Fri-

1960 5558 2200 5614 dericus
2231 5559 2379 5614 obiit
2410 5563 2532 5617 942.
2592 5558 2870 5618 Albcrtus
2901 5561 3044 5617 obiit
3077 5564 3206 5617 966.
3269 5562 3588 5618 Heribertus

1960 5630 2109 5685 obiit
2131 5635 2201 5686 20
2223 5630 2327 5685 Mai
2351 5634 2475 5688 990.
2501 5633 2822 5689 Vulbertus
2854 5633 3001 5689 obiit
3032 5635 3100 5689 14
3128 5631 3240 5690 Jul.
3276 5636 3441 5690 1004.
3480 5632 3588 5688 Vul-

1960 5700 2166 5758 hertus
2194 5700 2341 5757 obiit
2393 5708 2549 5760 1006.
2588 5705 2903 5763 Witericus
2935 5705 3080 5762 obiit
3116 5708 3280 5765 1027.
3336 5704 3587 5768 Albertus

1960 5773 2108 5832 obiit
2138 5777 2295 5833 1033.
2331 5774 2722 5837 Reinwardus
2754 5777 2848 5838 ob.
2886 5779 3045 5857 1034,
