3936 6486
254 485 434 562 1319
747 539 775 570 ι

1318 494 1793 564 CHRONICON
1823 499 1890 563 S.
1919 491 2285 566 HUBERTI
2313 493 2704 570 ANDAGIN.

3532 497 3684 577 1850

250 651 850 724 praetermissis,quze
909 647 1125 708 nostris
1177 651 1539 724 temporibus
1594 651 1920 710 audivimus
1952 641 2001 696 Α
2033 654 2112 711 De
2159 656 2360 713 eodem
2385 665 2614 729 quaestu
2663 662 2954 720 communi
3009 662 3329 723 advocatus
3369 665 3675 725 obsonium

247 746 323 797 et
361 742 620 799 vidimus
651 745 816 812 gesta
843 741 1228 798 revolvamus.

343 856 394 904 5.
435 850 512 921 (9)
539 852 704 906 Anno
759 849 1043 905 incarnati
1094 849 1267 905 Verbi
1321 848 1502 920 [1034[
1731 849 1773 882 ί³
1827 849 1923 906 de-

251 938 524 993 cedente
575 938 884 994 chuardo
941 939 1173 1008 abbate,
1227 939 1512 996 successit
1555 939 1608 995 ei
1676 938 1922 995 domnus

254 1026 606 1083 Adelardus
635 1042 665 1082 a
687 1027 1018 1095 Raginardo
1036 1028 1316 1098 episcopo
1347 1027 1613 1084 ecclesia:
1635 1027 1789 1085 beati
1812 1029 1924 1084 Ilu-

259 1114 433 1170 berti
464 1116 648 1171 abbas
679 1115 1008 1184 ordinatus,
1035 1116 1130 1186 qui
1162 1117 1349 1172 fuerat
1373 1117 1922 1174 monasteriisancti

256 1202 564 1260 Trudonis
585 1203 934 1260 scolasticus
959 1209 1016 1260 et
1044 1205 1519 1261 thesaurizarius.
1543 1207 1670 1277 Ipse
1703 1210 1768 1261 ut
1793 1211 1919 1262 erat

259 1292 366 1348 vir
400 1292 734 1350 industrius
758 1297 819 1348 et
851 1294 1126 1364 prudens,
1159 1309 1286 1350 cum
1320 1295 1848 1366 gravareturlonga
1863 1299 1921 1352 et

263 1381 525 1438 maxima
566 1382 732 1438 famis
754 1383 1271 1452 necessitate,tum
1305 1383 1478 1438 etiam
1502 1383 1650 1440 inter
1681 1383 1925 1456 impera-

261 1474 467 1526 torem
501 1469 831 1526 Heinricum
871 1475 932 1526 et
963 1469 1168 1527 ducem
1217 1471 1597 1528 Godefridum
1648 1472 1921 1540 majorem

261 1557 552 1614 diuturna
585 1562 645 1613 et
691 1557 1036 1614 inexorabili
1091 1558 1400 1630 seditione,
1433 1561 1611 1617 castri
1661 1560 1920 1617 Mirvoldi

262 1646 390 1716 (35)
415 1644 678 1702 ecclesiae
702 1646 922 1702 acriter
941 1647 1295 1704 imminentis
1329 1663 1400 1704 ex
1421 1649 1615 1705 edicto
1640 1649 1924 1720 imperiali

260 1737 532 1792 omnium
571 1736 689 1790 fere
720 1735 1045 1806 principum
1085 1736 1172 1792 cis
1199 1738 1421 1793 Renum
1472 1738 1921 1794 consistentium

260 1821 624 1890 gravissima
657 1822 958 1879 obsidione
989 1826 1109 1889 (an.
1140 1827 1519 1896 1045),tamen
1545 1826 1921 1882 commissum

265 1910 389 1966 sibi
449 1909 672 1978 locum,
725 1913 881 1982 quod
917 1913 1178 1983 periculo
1210 1915 1494 1986 temporis
1545 1913 1920 1970 dﬂlcillimum

2036 743 2294 804 debitum
2321 748 2666 821 accipiebat,
2690 751 2812 808 etsi
2843 753 3033 810 minus
3065 755 3676 827 proveniret,ecclesia

2035 831 2179 890 illud
2201 837 2831 909 supplebat.Przeterea
2861 842 2909 897 si
2929 857 3096 913 quem
3122 843 3400 899 rebellem
3433 844 3679 902 advoca-

2034 926 2131 978 tus
2170 924 2240 982 ad
2273 926 2566 996 justitiam
2612 928 2933 986 faciendam
2973 929 3384 1004 compellebat,
3415 931 3680 991 decater-

2033 1024 2160 1067 vam
2185 1014 2226 1046 ¹⁶
2253 1031 2415 1074 suam
2440 1016 2792 1089 accipiebat.

2103 1103 2153 1156 6.
2191 1103 2329 1176 (10.)
2362 1109 2525 1163 Anno
2579 1122 2718 1164 vero
2774 1109 3058 1166 incarnati
3115 1110 3288 1167 Verbi
3345 1113 3502 1182 1055,
3553 1126 3675 1171 suae

2034 1194 2228 1248 autem
2258 1195 2643 1254 ordinationis
2673 1202 2766 1254 2'2.
2813 1214 2944 1254 cum
2976 1198 3352 1270 decessisset,
3385 1201 3674 1260 successit

2034 1283 2274 1338 auctore
2305 1286 2421 1341 Deo
2454 1286 2540 1342 illi
2562 1287 2809 1344 domnus
2829 1287 3219 1346 Theodericus
3242 1289 3540 1348 Lobiensis
3563 1305 3678 1348 cae-

2035 1369 2191 1425 nobii
2234 1375 2550 1432 monachus
2594 1377 2763 1445 (Vita
2808 1377 3026 1435 ΤΙιεοιί.
3075 1391 3124 1434 c.
3157 1379 3272 1449 2.),
3306 1392 3336 1434 a
3382 1378 3675 1436 Richardo

2035 1459 2245 1518 abbate
2294 1465 2407 1535 (43)
2441 1465 2717 1536 nutritus,
2743 1468 2802 1522 et
2839 1481 2868 1522 a
2920 1465 3177 1522 Gerardo
3227 1467 3546 1525 venerabili
3575 1469 3677 1525 Ca-

2035 1555 2452 1610 meracensium
2477 1555 2752 1626 pontiﬁce
2773 1561 3205 1627 consequenter
3233 1556 3289 1614 in
3310 1557 3674 1615 sacerdotem

2035 1639 2361 1711 ordinatus,
2391 1641 2607 1701 litteris
2655 1643 2913 1716 adprime
2947 1645 3237 1717 eruditus,
3302 1660 3448 1716 quas
3498 1645 3674 1704 etiam

2035 1726 2300 1786 honestis
2323 1730 2638 1788 decorabat
2660 1732 2940 1802 moribus,
2975 1733 3120 1790 adeo
3152 1737 3214 1791 ut
3245 1737 3304 1791 et
3351 1733 3566 1805 ingenii
3593 1735 3676 1792 vi-

2034 1817 2286 1874 vacitate
2315 1823 2370 1874 et
2403 1821 2605 1876 morali
2653 1821 2946 1892 probitate
2990 1827 3107 1877 tam
3161 1821 3473 1892 juvenibus
3505 1837 3676 1895 quam

2035 1905 2272 1962 senibus
2302 1909 2680 1966 ammirabilis
2711 1914 2767 1966 et
2819 1909 3182 1968 immitabilis
3239 1910 3578 1981 haberetur,
3612 1916 3674 1969 et

264 2004 427 2068 erat,
451 2014 520 2055 ne
540 1999 774 2055 omnino
797 2001 1206 2058 destrueretur
1221 2017 1332 2058 non
1349 2003 1535 2060 solum
1557 2002 1807 2059 viriliter
1826 2003 1920 2060 de-

2087 1995 2730 2070 uodestdiﬂicillimum,
2755 1998 3001 2070 gloriam
3039 1999 3164 2056 sine
3203 1999 3419 2056 invidia
3447 2015 3678 2060 assecu-

269 2086 478 2158 tinuit,
515 2088 616 2144 sed
644 2092 702 2144 et
737 2089 1210 2160 possessionibus
1234 2091 1920 2163 ampliavit,ornamentis

265 2175 588 2246 palliorum
614 2175 1206 2248 decoravit,zediﬁciis
1221 2181 1570 2237 honestavit.
1599 2179 1919 2236 Ediﬁcavit

267 2279 337 2319 re
350 2263 656 2321 fectorium
702 2265 946 2322 fratrum
969 2283 1097 2324 cum
1123 2269 1805 2339 dormitorio,aediﬁcavit
1830 2283 1921 2324 ca-

265 2365 496 2408 meram
524 2353 755 2409 abbatis
792 2369 923 2410 cum
964 2354 1219 2426 palatina
1261 2357 1448 2412 domo.
1485 2356 1803 2412 Ecclesium
1829 2355 1920 2412 Al-

264 2440 636 2498 ventiensem
667 2441 780 2512 (36)
813 2458 1068 2513 quamex
1093 2445 1443 2514 patrimonio
1469 2460 1574 2500 suo
1607 2445 1918 2516 cpiscopus

264 2527 652 2586 Gualeaudus
671 2529 805 2586 olim
831 2529 959 2586 loco
991 2530 1345 2600 contulerat,
1379 2546 1409 2587 a
1444 2531 1789 2602 quibusdam
1838 2533 1920 2588 in-

263 2617 591 2673 vasoribus
625 2617 876 2673 viriliter
903 2617 1196 2673 defensam
1215 2619 1759 2682 retinuit.Quartam
1789 2634 1922 2692 par-

260 2708 391 2759 tem
427 2704 737 2761 Calviciaci
765 2705 877 2776 (37)
912 2704 1036 2760 ﬁsci
1074 2719 1104 2761 a
1135 2706 1382 2776 quodam
1426 2707 1605 2764 nobili
1661 2709 1918 2766 Roberto

260 2792 438 2862 emit,
473 2791 640 2862 cujus
673 2793 1002 2849 omnimodo
1056 2795 1338 2853 medietas
1385 2797 1456 2852 ab
1504 2796 1744 2868 antiquo
1792 2806 1918 2854 erat

261 2880 541 2937 ecclesiae
578 2879 711 2953 (38),
747 2881 960 2937 donata
1001 2883 1112 2938 sibi
1148 2899 1253 2955 pro
1312 2885 1766 2942 satisfactionea
1799 2887 1921 2942 Ste-

266 2967 468 3039 phano
491 2967 800 3037 comite,eo
825 2969 977 3039 quod
992 2970 1296 3026 castellum
1323 2971 1536 3028 Mirvot
1554 2971 1842 3028 violenter
1861 2976 1920 3027 et

270 3057 499 3128 injuste
523 3057 812 3114 ﬁrmasset
828 3059 882 3115 in
899 3060 1303 3117 ecclesiastica
1318 3063 1921 3133 possessione.llabito

275 3161 515 3219 quoque
555 3147 851 3218 colloquio
902 3150 1054 3221 apud
1095 3150 1376 3208 Evodium
1437 3151 1548 3224 (39)
1611 3151 1712 3223 [an
1759 3152 1917 3222 1048]

273 3236 436 3293 inter
475 3235 886 3308 imperatorem
939 3241 1247 3298 llenricum
1308 3242 1562 3312 itemque
1610 3242 1920 3299 Henricum

275 3340 476 3396 regem
501 3327 874 3398 Francorum,
899 3329 1157 3398 ejusdem
1206 3330 1576 3402 imperatoris
1626 3331 1814 3388 hanno
1861 3335 1920 3388 et

275 3414 630 3472 auctoritate
646 3415 933 3472 ﬁrmatum
949 3417 1213 3474 ecclesiae
1228 3423 1544 3476 mercatum
1560 3420 1918 3492 procuravit.
1953 3443 2002 3507 α

277 3503 458 3573 Cujus
495 3518 696 3559 omnes
739 3503 1031 3574 justicias,
1058 3505 1410 3578 theloneum,
1445 3509 1716 3580 bannum,
1749 3509 1925 3566 comi-

278 3590 793 3656 tatum,latronem
829 3593 963 3665 (40),
1001 3593 1202 3650 feralia
1237 3595 1370 3667 (41),
1393 3596 1482 3652 vel
1507 3597 1922 3670 cujuscumque

281 3678 483 3750 placiti
518 3685 804 3750 quaestum
829 3681 919 3737 vel
943 3681 1232 3753 querelas,
1267 3699 1341 3739 ex
1371 3685 1610 3756 antiquo
1643 3701 1799 3744 more
1829 3701 1927 3760 po-

279 3768 707 3838 testativojure
729 3770 986 3841 optinuit
1008 3776 1266 3842 tempore
1293 3787 1406 3843 quo
1439 3773 1688 3846 advixit,
1713 3782 1772 3832 et
1801 3777 1924 3833 sine

281 3855 399 3913 ulla
418 3855 752 3929 Calumpnia
779 3859 1220 3916 successoribus
1235 3861 1357 3917 suis
1391 3863 1725 3936 optinenda,
1752 3865 1925 3922 immo

279 3949 468 4000 totam
491 3945 776 4016 integram
810 3948 1100 4004 abbatiam
1128 3949 1387 4020 reliquit.
1419 3952 1555 4021 Ejus
1577 3952 1767 4010 adhuc
1785 3959 1928 4010 tem-

285 4047 428 4105 pore
459 4033 692 4103 vigente
742 4034 962 4106 publici
990 4035 1405 4109 jurisjusticia,
1432 4039 1488 4095 in
1510 4045 1636 4096 tota
1690 4041 1926 4098 abbatia

279 4121 480 4178 nullus
511 4125 830 4180 a-lvocatus
851 4124 1023 4181 alicui
1057 4125 1274 4196 placito
1302 4126 1926 4197 intererat,nisitribus

278 4209 656 4280 generalibus
689 4212 745 4267 in
777 4227 926 4269 anno
996 4213 1136 4286 (42).
1178 4215 1238 4269 In
1260 4214 1373 4272 hiis
1403 4216 1454 4272 si
1496 4217 1650 4287 quod
1691 4217 1924 4275 vadium

282 4299 618 4370 proveniret
646 4301 868 4370 judicio
902 4302 1292 4374 scabinorum,
1325 4319 1525 4361 eorum
1565 4321 1796 4378 quoque
1834 4321 1925 4364 ar-

281 4385 460 4442 bitrio
501 4386 1006 4446 determinabatur
1041 4390 1528 4462 solvendum,non
1559 4393 1630 4451 ad
1660 4393 1926 4454 volunta-

281 4479 395 4531 tem
415 4475 917 4550 dominorum,sed
940 4478 1008 4536 ad
1040 4479 1488 4550 possibilitatem
1517 4497 1920 4554 personarum.

2035 2085 2434 2153 tus,omnibus
2461 2085 2861 2145 indifferenter
2891 2093 3046 2146 esset
3078 2089 3442 2146 carus.Unde
3467 2090 3522 2145 in
3555 2089 3678 2162 phi-

2035 2170 2298 2243 losophia
2323 2174 2582 2230 famosus
2609 2179 2666 2231 et
2711 2177 2802 2242 pia
2823 2176 3258 2233 concertatione
3281 2191 3312 2232 a
3352 2177 3675 2235 vicinarum

2033 2262 2546 2330 congregationum
2561 2265 2874 2322 abbatibus
2898 2265 2967 2321 ad
2991 2265 3275 2336 regendas
3289 2265 3520 2322 scholas
3541 2280 3676 2324 evo-

2031 2352 2218 2416 catus,
2238 2350 2549 2407 Stabulans
2590 2353 2699 2409 sub
2739 2354 2952 2410 abbate
2999 2355 3290 2425 Poppone,
3311 2353 3520 2410 deinde
3550 2354 3676 2410 Vir-

2033 2434 2170 2492 duni
2236 2439 2344 2494 sub
2413 2441 2626 2497 abbate
2695 2442 3081 2512 Gualeranno,
3130 2441 3325 2498 domui
3397 2441 3671 2498 Richardi

2031 2539 2372 2584 successore
2400 2527 2462 2598 ³⁵,
2479 2535 2779 2600 postremo
2793 2531 3052 2588 Mosomii
3067 2531 3178 2586 sub
3193 2529 3441 2587 Rodolfo
3460 2530 3674 2586 abbate

2033 2618 2150 2670 tam
2177 2615 2391 2673 studiis
2419 2616 2765 2676 liberalibus
2781 2635 2948 2691 quam
2964 2619 3166 2691 probis
3181 2619 3441 2676 moribus
3456 2616 3673 2677 multos

2033 2701 2307 2775 instituit,
2343 2720 2489 2776 quos
2517 2711 2718 2778 postea
2756 2708 3006 2765 vidimus
3045 2707 3374 2764 imitatores
3401 2711 3461 2764 et
3489 2720 3675 2764 asser-

2031 2794 2192 2849 tores
2244 2793 2503 2864 ejusdem
2561 2795 2822 2866 magistri
2877 2796 2988 2866 sui,
3033 2795 3194 2852 viros
3245 2794 3674 2852 honestissimae

2035 2881 2368 2952 probitatis.
2403 2883 2510 2950 Qui
2547 2891 2743 2956 postea
2778 2885 3013 2942 licentia
3047 2885 3280 2942 abbatis
3311 2884 3677 2956 suillugonis

2033 2969 2336 3026 Lobiensis
2364 2971 2477 3044 (44)
2539 2973 2982 3030 llierosolimam
3038 2973 3198 3030 adire
3238 2976 3486 3032 conatus
3537 2973 3665 3044 (an.

2035 3061 2216 3131 10:53),
2261 3060 2362 3116 sed
2413 3077 2516 3132 per
2572 3061 2924 3118 Pannoniam
2983 3062 3238 3118 transire
3293 3062 3671 3134 praepeditus,

2033 3147 2269 3204 Romam
2301 3149 2464 3218 quasi
2499 3165 2601 3220 per
2631 3151 2994 3208 Adriaticum
3028 3165 3186 3207 mare
3209 3149 3571 3220 navigandus
3594 3149 3678 3206 di-

2033 3235 2571 3308 vertit,ibidemque
2598 3242 2814 3309 praeter
2845 3254 3002 3311 spem
3046 3238 3090 3270 ¹⁰
3131 3239 3490 3308 Dcodignum
3539 3237 3677 3295 Leo-

2036 3324 2292 3382 diensem
2316 3325 2655 3398 episcopum
2670 3342 2797 3383 cum
2813 3325 3159 3397 quibusdam
3177 3326 3291 3384 sibi
3309 3325 3676 3382 familiariter

2035 3413 2189 3470 notis
2214 3413 2269 3468 in
2301 3414 2552 3471 ecclesia
2584 3415 2738 3470 beati
2769 3415 2927 3471 Petri
2968 3415 3218 3479 invenit;
3255 3429 3500 3486 quorum
3544 3428 3654 3486 sug

2033 3501 2502 3573 gestione,immo
2525 3501 2818 3574 pontiﬁcis
2859 3503 3040 3560 amica
3092 3503 3482 3574 prohibitione
3529 3500 3680 3559 ulte-

2037 3591 2157 3646 rius
2189 3591 2462 3662 progredi
2493 3605 2754 3663 pressus,
2788 3606 2918 3648 cum
2971 3592 3054 3647 eis
3106 3591 3352 3663 patriam
3394 3591 3586 3664 petiit,
3617 3594 3679 3648 et

2037 3679 2190 3735 inter
2219 3679 2578 3737 redeundum
2601 3679 2772 3750 cujus
2795 3685 2956 3736 esset
2991 3680 3256 3738 scientiae
3278 3680 3589 3752 gravitatis
3617 3683 3679 3736 et

2036 3769 2416 3840 perfectionis
2448 3774 2794 3842 prospectus
2823 3768 2924 3839 “,a
2958 3769 3241 3842 praadicto
3261 3769 3534 3842 pontiﬁce
3555 3781 3674 3825 mo-

2037 3859 2298 3914 nasterio
2330 3874 2436 3915 suo
2466 3857 2890 3916 honorabiliter
2919 3863 3010 3917 est
3053 3857 3372 3918 reloeatus.

2105 3955 2158 4006 7.
2195 3949 2329 4022 (11.)
2361 3949 2454 4021 [ν.
2494 3949 2703 4007 ΤΙιεοιΖ.
2745 3949 2820 4022 3.]
2855 3950 2973 4006 Νοη
3007 3948 3190 4006 multo
3225 3952 3357 4021 post
3381 3947 3676 4006 Henricus

2038 4037 2358 4110 imperator
2385 4037 2682 4095 Deoduiuo
2705 4038 2984 4110 episcopo
3044 4037 3255 4094 indixit
3313 4040 3378 4094 ut
3405 4034 3518 4094 sibi
3577 4033 3679 4092 ali-

2039 4141 2208 4198 quem
2240 4127 2582 4183 monachum
2625 4128 2696 4184 ab
2752 4127 2966 4183 abbate
3006 4125 3297 4182 Ricbardo
3342 4125 3678 4182 institutum

2035 4219 2404 4288 procuraret,
2441 4230 2611 4285 quem
2641 4215 2696 4270 in
2731 4214 3003 4271 Fuldensi
3036 4213 3392 4270 monasterio
3414 4211 3684 4270 scolasti-

2037 4317 2168 4360 cum
2203 4302 2556 4375 praeficeret.
2596 4302 2923 4374 Episcopus
2967 4301 3405 4372 Theodericum,
3432 4315 3602 4372 quem
3651 4313 3681 4355 a

2035 4392 2212 4448 Roma
2247 4405 2431 4462 usque
2461 4389 2738 4447 Leodium
2761 4391 2834 4446 ad
2865 4390 2978 4447 hoc
3008 4389 3199 4447 fuerat
3230 4393 3512 4462 expertus
3555 4386 3681 4445 ido-

2037 4496 2230 4552 neum,
2263 4495 2294 4537 a
2326 4479 2594 4537 Lobiensi
2625 4479 2982 4538 monasterio
3016 4478 3287 4538 evocavit
3317 4479 3442 4552 (an.
3493 4475 3673 4550 1055).

349 4661 700 4746 “gramm;
715 4663 944 4746 dces“.
1025 4664 1182 4726 “ita
1208 4673 1258 4746 1.
1272 4581 1884 4746 ρθοξιθιξηειῃῖιῗξιῧ.
1905 4578 2334 4742 δίδ
2357 4667 2686 4725 successori
2728 4674 2780 4725 1.
2857 4666 2902 4702 ί⁶
2938 4668 3031 4728 ita
3055 4666 3356 4742 supplevit
3369 4665 3565 4728 Nam
3578 4677 3676 4736 ne;

283 4733 446 4794 deest
470 4747 632 4808 spem
659 4741 704 4794 1.
739 4735 1070 4809 ibidemque
1103 4743 1240 4811 post
1269 4741 1444 4798 Deod.
1478 4742 1552 4799 1'.

1631 4740 1675 4776 ⁸⁷
1704 4740 2055 4818 perspectus
2083 4740 2156 4801 Γ.

1864 4851 2086 4908 NOTE.

376 4944 465 5014 85)
496 4941 785 5001 Mirwart
811 4943 901 5001 ad.
938 4943 993 5001 ll.
1028 4943 1275 5004 Lemma.

379 5019 466 5071 36)
497 5015 702 5071 Arent.

549 5029 702 5071 eam.
1837 5051 1855 5068 ο

497 5019 1246 5170 ﬁxing-saeuam
1258 5103 1452 5170 prepen
1463 5087 1820 5170 Λζῳιζηιέαζῃ.
1837 5051 1921 5146 OB.

376 5162 468 5233 38)
499 5157 576 5212 De
603 5171 682 5233 ea
708 5157 936 5233 re_l_iaec
955 5159 1169 5233 habent
1201 5157 1392 5216 Mirac‘.
1421 5163 1472 5216 S.
1519 5157 1779 5217 Huberti'
1819 5177 1918 5233 ap.

285 5227 551 5301 Mabillon
575 5229 740 5301 Acta
759 5229 852 5285 SS.
906 5231 1048 5299 Szec,
1092 5231 1162 5284 iV
1199 5245 1248 5286 c.
1282 5237 1368 5287 20.
1401 5234 1568 5288 Amo
1613 5237 1737 5301 925:5,
1772 5227 1928 5289 τιηᾶιο

283 5299 522 5370 imperii
548 5299 775 5356 Gitonis
792 5301 834 5358 Ι
851 5303 1145 5368 vicesimo,
1169 5316 1355 5359 comes
1381 5299 1729 5370 Stephanus
1767 5303 1933 5362 dedit

283 5369 694 5446 Andegirgiergsi
707 5373 964 5446 ecclesia:
983 5375 1165 5443 legali
1179 5374 1325 5429 dono
1338 5369 1754 5446 qeiz'dq'uidsm’
1759 5376 1930 5446 juris

285 5443 414 5514 erat
429 5444 495 5496 in
508 5441 986 5514 Calventiaco,et
1005 5441 1111 5500 Ιὶοσ
1127 5441 1522 5514 praesentibus
1537 5441 1814 5502 Brmwrte
1835 5460 1931 5502 ar-

286 5511 749 5586 c_ltiep.0010n.et
763 5511 1346 5586 Baldrz‘copduti/lce
1376 5519 1483 5572 Leo
1498 5517 1802 5574 "ie-natum.
1819 5519 1932 5574 (Ju-

274 5582 533 5660 [usc-um
557 5585 710 5660 esset
733 5600 878 5655 erga
901 5582 1566 5660 b.11u’lmrtemgafeclus
1578 5602 1810 5660 magne
1843 5589 1932 5645 di-

289 5654 652 5732 lectionismt
667 5654 876 5732 corpus
897 5664 1026 5732 circa
1047 5659 1128 5732 ait
1138 5654 1717 5732 praedic—twnﬂscmit
1737 5659 1932 5732 defer-

283 5726 468 5800 retur,
513 5725 588 5782 ab
647 5725 856 5800 (tl/bats
904 5725 1162 5784 Alberto—
1193 5729 1254 5786 et
1275 5725 1590 5800 fratribus
1648 5725 1926 5799 obtinuit,

285 5795 624 5872 itidemne
652 5799 757 5872 illi
774 5799 1142 5872 aestuarem
1188 5795 1453 5872 ejusdem
1480 5801 1696 5859 allodz'z’
1734 5795 1934 5861 coram

287 5867 590 5946 Ragtnero
619 5870 680 5929 et
707 5867 1034 5933 Gisleberto
1064 5867 1376 5934 comitibus
1403 5873 1731 5949 mutisque
1757 5875 1935 5950 regni

1957 4951 2106 5022 CI”

2108 4945 2407 5018 rincipibus
2431 4942 2667 5018 publica
2682 4944 2980 5018 ﬁrmavit.

2110 5015 2444 5086 (39)”Ιυοὶ.ς;
2478 5017 2552 5071 cf.
2587 5015 2873 5086 Heriman.
2902 5017 3070 5086 Aug.,
3107 5016 3363 5086 a._1648.

2107 5082 2220 5160 (40)
2253 5090 2292 5143 l.
2324 5101 2374 5142 e.
2409 5086 2795 5160 cognitionem
2819 5085 2891 5142 de
2923 5082 3246 5160 lat}0cinis.

2108 5157 2220 5230 (41)
2270 5157 2528 5227 Vectigal
2557 5158 2611 5230 in
2645 5165 2903 5214 mercatu
2932 5159 3208 5230 solutum.

2108 5221 2239 5301 (42)
2257 5249 2285 5282 ‹‹
2319 5231 2401 5284 οη
2426 5221 2654 5301 appelle
2675 5243 2887 5301 encore
2907 5227 3290 5301 Placepleids
3313 5225 3366 5301 la
3381 5221 3558 5301 place
3580 5222 3678 5301 de-

2037 5298 2175 5383 vant
2203 5298 2561 5426 'lt’abbﬁaye‘de
2593 5299 3025 5371 Saint-Hubert,
3056 5298 3131 5358 ou
3159 5299 3246 5356 les
3279 5298 3470 5372 plaids
3499 5309 3564 5353 se
3595 5300 3680 5352 te-

2038 5387 2203 5426 naien
2240 5413 2252 5426 .
2287 5391 2314 5423 »
2407 5413 2418 5425 .

2038 5373 2252 5430 naient.
2287 5391 2314 5423 »
2347 5373 2418 5426 It.

2111 5444 2222 5514 (43)
2257 5442 2606 5514 Virdunensi
2651 5441 2838 5499 sancti
2893 5441 3104 5500 Vitoni.
3135 5441 3278 5514 Viro,
3322 5441 3680 5514 incompara-

2043 5509 2144 5572 bili
2168 5509 2228 5572 et
2250 5513 2565 5571 multorum
2608 5513 2916 5584 insignium
2967 5512 3454 5570 monasteriorum
3501 5509 3682 5584 refor-

2040 5592 2281 5657 matore,
2299 5585 2464 5655 cujus
2479 5588 2619 5642 Acta
2637 5577 2812 5641 habet
2842 5586 2994 5657 apud
3014 5584 3408 5657 Mabillonium
3461 5577 3680 5657 saeclo

2043 5659 2110 5713 Vl
2146 5655 2355 5729 Bened,
2388 5659 2455 5713 Μ.
2490 5657 2829 5715 Lobiensem
2858 5655 3682 5714 abbatiamobtinuita.1020-

2114 5801 2226 5872 (22)
2261 5798 2418 5856 Obiit
2446 5803 2612 5857 1053.
2643 5801 2788 5858 Ann.
2821 5798 3224 5872 Laub.Eodem
3256 5812 3408 5860 anno
3437 5791 3682 5855 Deodui-

2041 5886 2154 5933 nus
2182 5871 2379 5933 Romae
2412 5871 2556 5942 fuit;
2583 5889 2636 5934 v.
2672 5873 2820 5933 Men.
2855 5873 2956 5932 ὃς.
2995 5871 3114 5948 VII,
3143 5874 3266 5932 150.
