3948 6422
479 398 588 457 283

1017 397 1074 453 S.
1125 393 1479 453 BRUNONIS
1523 393 2172 453 CARTHUSIANORUM
2212 392 2695 452 INSTITUTORIS
2734 392 2894 453 OPP.
2942 395 3120 454 PARS
3168 397 3236 453 II.

3682 399 3787 455 ειι

482 519 567 575 vis
597 536 699 577 nos
729 518 856 575 olim
904 517 1260 592 cognovimus
1279 518 1335 572 in
1389 525 1634 589 tempore
1689 516 1784 572 illo
1817 533 1924 588 quo
1980 516 2079 571 ad-
2100 518 2153 578 Α
2182 515 2484 572 crationem
2513 524 2756 572 nostram
2804 516 2972 573 nolite
3042 533 3307 589 spernere
3338 537 3353 585 ;
3386 520 3484 576 sed
3540 519 3793 576 habeatis

484 608 593 664 huc
611 608 925 663 insistendae
967 614 1124 661 erant
1153 605 1344 679 figure
1390 606 1663 661 Christum
1721 605 2087 660 ambulantem

487 696 785 752 secundum
818 710 1063 760 carnem,
1100 694 1155 749 id
1188 703 1271 749 est
1318 701 1636 765 operantem
1689 694 1826 747 ritus
1882 692 2088 749 veteris

487 784 629 857 legis
661 802 675 839 :
708 783 824 849 sed,
849 783 903 838 id
933 790 1017 837 est
1048 790 1251 849 tamen,
1302 799 1445 838 nunc
1474 790 1767 853 postquam
1824 781 1947 835 data
2006 789 2091 835 est

491 872 662 943 gratia
696 886 709 926 :
737 872 850 941 jam
900 870 1030 926 olim
1060 870 1282 943 quidem
1338 870 1591 926 novimus
1625 888 1638 924 :
1673 870 1770 924 sed
1793 870 1909 939 jam
1964 884 2086 923 am-

467 960 629 1031 plius
680 975 791 1015 non
844 959 1097 1015 novimus
1158 959 1430 1014 Christum
1490 958 1787 1014 secundum
1832 973 2078 1014 carnem.

484 1049 552 1103 Et
581 1047 706 1120 quia
729 1048 846 1118 jam
883 1046 1156 1102 neminem
1202 1047 1451 1103 novimus
1490 1046 1789 1102 secundum
1843 1061 2085 1112 carnem,

489 1151 627 1208 ergo
657 1140 850 1192 vetera
882 1137 1266 1191 transierunt.
1306 1134 1588 1190 Prmmittit
1618 1134 1778 1191 locun
1824 1133 1968 1188 unde
1999 1133 2088 1187 in-

492 1222 653 1291 ferat,
685 1224 877 1280 dicens
911 1239 924 1278 :
956 1224 1015 1279 Si
1044 1240 1152 1296 qua
1168 1227 1433 1279 creatura
1454 1230 1536 1278 est
1566 1224 1629 1278 in
1662 1221 1899 1288 Christo,
1922 1221 1977 1276 id
2007 1229 2091 1276 est

491 1312 537 1367 si
566 1313 672 1368 hoc
702 1320 781 1367 est
814 1311 959 1384 quod
1002 1311 1166 1366 homo
1213 1311 1511 1367 secundum
1542 1311 1935 1366 recreationem
1966 1309 2088 1364 ani-

490 1416 597 1456 mae
632 1400 863 1471 accipiat
891 1399 946 1453 in
968 1398 1181 1455 Christo
1216 1414 1379 1466 nova,
1438 1398 1494 1454 id
1524 1407 1607 1455 est
1653 1399 1909 1454 innovata
1942 1416 1955 1453 :
1988 1414 2088 1453 ve-

492 1495 687 1544 tustate
717 1488 924 1559 peccati
954 1487 1218 1559 deposita,
1248 1495 1477 1559 apparet
1505 1488 1653 1559 quod
1684 1495 1870 1542 vetera
1900 1494 2089 1541 trans-

494 1576 693 1632 ierunt.
727 1577 796 1631 Et
840 1591 973 1632 ecce
1002 1575 1056 1630 in
1097 1575 1334 1631 evidenti
1385 1583 1487 1631 est.
1522 1578 1693 1632 Facta
1722 1578 1861 1632 sunt
1899 1576 2092 1632 omnia

495 1682 639 1721 nova
666 1673 917 1721 creatura
945 1664 1001 1719 in
1053 1664 1290 1720 Christo.
1324 1664 1516 1720 Adhuc
1559 1664 1822 1734 objiceret
1853 1664 1945 1719 ille
1976 1679 1989 1719 :
2023 1664 2094 1718 Et

496 1753 543 1809 si
572 1753 821 1808 Christus
840 1754 946 1809 hoc
989 1760 1262 1824 operetur,
1314 1759 1496 1807 tamen
1525 1752 1654 1823 quia
1707 1753 1890 1825 legem
1917 1768 1947 1806 a
1977 1753 2092 1806 Deo

2189 620 2308 660 eam
2335 609 2609 677 tanquam
2626 622 2732 676 per
2760 623 2861 661 nos
2893 606 3001 663 Deo
3028 608 3371 663 exhortante
3427 623 3550 674 vos,
3582 608 3639 663 id
3690 617 3792 676 est,

2187 693 2625 748 obsecrationem
2654 710 2831 748 meam
2853 694 3039 749 sciatis
3060 710 3182 750 esse
3202 695 3304 750 Dei
3333 696 3794 752 exhortationem.

2188 781 2393 836 Bonum
2442 789 2495 835 et
2551 782 2775 851 dignum
2830 789 2914 836 est
2970 798 3071 837 vos
3120 783 3463 839 reconciliari
3509 785 3650 851 Deo,
3702 784 3799 856 qui

2187 870 2332 924 Deus
2364 885 2506 938 eum,
2541 869 2596 925 id
2627 877 2728 936 est,
2760 870 3032 926 Christum
3061 872 3158 944 qui
3184 888 3300 927 non
3330 877 3571 929 noverat
3585 889 3799 945 pecca-

2190 963 2313 1013 tum
2335 957 2482 1027 (licet
2511 974 2611 1028 per
2640 958 2947 1025 scientiam,
2986 974 3096 1014 non
3125 967 3310 1014 tamen
3339 976 3441 1031 per
3496 961 3800 1033 experien-

2188 1046 2319 1100 tiam
2351 1044 2495 1116 facti)
2539 1047 2706 1102 illum
2759 1048 2919 1118 fecit
2958 1049 3101 1103 Deus
3146 1053 3444 1119 peccatum
3491 1064 3595 1120 pro
3631 1049 3803 1105 nobis

2187 1134 2542 1189 redimendis.
2574 1135 2859 1190 Peccatum
2889 1134 3064 1190 factus
3094 1143 3176 1191 est
3214 1137 3457 1191 Christus
3491 1138 3805 1193 secundum

2187 1238 2407 1294 pmnam
2437 1222 2645 1294 peccati
2686 1238 2847 1294 quam
2896 1223 3120 1294 pertulit
3154 1239 3166 1279 :
3200 1224 3337 1280 sicut
3367 1224 3607 1297 aliquem
3636 1226 3805 1282 inno-

2191 1319 2405 1366 centem
2470 1326 2796 1382 suspensum
2872 1311 3178 1367 diceremus
3231 1312 3427 1379 furem,
3490 1314 3804 1370 secundum

2190 1413 2408 1470 poenam
2445 1397 2571 1453 furti
2622 1414 2786 1470 quam
2828 1407 3124 1470 pateretur,
3156 1399 3283 1456 licet
3309 1409 3463 1458 actus
3509 1400 3636 1456 furti
3686 1418 3804 1458 non

2193 1494 2341 1541 esset
2387 1486 2442 1541 in
2492 1502 2583 1542 eo.
2642 1487 2739 1542 Vel
2792 1487 3038 1542 Christus
3093 1488 3268 1545 dictus
3332 1497 3415 1545 est
3469 1498 3793 1561 peccatum.

2191 1575 2382 1629 Hostia
2412 1573 2555 1629 enim
2585 1574 2675 1629 illa
2707 1591 2829 1647 qua:
2851 1591 2953 1647 pro
2982 1585 3207 1647 peccato
3247 1576 3581 1633 offerebatur
3608 1593 3811 1650 pecca-

2191 1670 2303 1718 tum
2359 1663 2700 1718 vocabatur:
2734 1664 2811 1718 sic
2887 1664 3133 1719 Christus
3218 1665 3345 1737 quia
3409 1682 3511 1738 pro
3566 1675 3807 1738 peccato

2193 1750 2435 1805 omnium
2458 1751 2674 1806 oblatus
2702 1760 2809 1817 est,
2842 1761 3127 1822 peccatum
3173 1752 3398 1809 dicitur.
3453 1755 3559 1809 Pro
3613 1755 3804 1822 nobis,

495 1842 680 1897 datam
712 1848 959 1909 evacuat,
1020 1855 1132 1896 non
1178 1848 1262 1895 est
1318 1840 1628 1911 sequendus
1655 1857 1668 1894 :
1692 1841 1817 1912 quia
1848 1855 1920 1895 ex
1977 1841 2092 1895 Deo
2113 1871 2165 1932 B
2194 1839 2435 1911 inquam,
2470 1840 2617 1894 Deus
2646 1840 2915 1894 Christum
2953 1840 3081 1897 fecit
3113 1850 3417 1912 peccatum,
3470 1847 3538 1898 ut
3585 1860 3690 1899 nos
3710 1846 3811 1911 ef-

491 1944 603 1985 non
629 1936 905 2000 operatur,
964 1928 1062 1983 sed
1100 1935 1290 1983 contra
1322 1928 1516 1983 Deum.
1564 1929 1634 1984 Et
1683 1928 1877 1983 Paulus
1909 1928 1962 1982 in
1986 1943 2094 2000 quo
2113 1928 2156 1932 ”
2195 1929 2515 1998 ﬁceremur,
2537 1943 2647 1982 non
2669 1936 2874 1983 tantum
2897 1929 3165 1998 justi,sed
3196 1930 3357 1985 etiam
3386 1931 3502 2002 ipsa
3521 1932 3769 2002 justitia
3788 1951 3810 1986 :

494 2017 848 2073 adversarius
876 2016 1095 2072 volebat
1124 2014 1401 2072 infirmare
1422 2017 1660 2072 rationes
1682 2032 1827 2081 suas,
1862 2016 2089 2083 scilicet,

497 2105 622 2177 quia
652 2104 902 2160 Christus
932 2104 1232 2160 secundum
1281 2105 1457 2160 Deum
1498 2105 1604 2161 hoc
1635 2121 1743 2160 non
1789 2104 2015 2171 faceret,
2038 2104 2095 2159 in

497 2194 692 2249 eodem
721 2193 988 2264 approbat
1017 2193 1208 2249 dicens
1228 2194 1403 2249 Deum
1433 2193 1649 2264 operari
1690 2209 1791 2264 per
1819 2193 2093 2248 Christum

500 2282 910 2339 evacuationem
959 2281 1159 2338 veteris
1207 2281 1367 2354 legis.
1421 2283 1479 2336 In
1538 2283 1749 2337 Christo
1781 2281 1917 2338 facta
1974 2289 2096 2336 sunt

496 2371 677 2429 omnia
697 2386 837 2427 nova
883 2386 895 2425 :
926 2370 1045 2427 haec
1073 2375 1267 2427 autem
1296 2372 1487 2427 omnia
1536 2388 1658 2442 quae
1688 2370 1935 2427 Christus
1966 2386 2096 2441 ope-

500 2468 675 2531 ratur,
709 2466 834 2515 sunt
854 2476 928 2516 ea:
949 2461 1059 2515 Deo
1089 2478 1108 2515 :
1138 2458 1230 2531 qui
1255 2459 1400 2515 Deus
1427 2476 1526 2531 per
1546 2460 1819 2514 Christum
1833 2460 1935 2515 hoc
1964 2475 2097 2530 ope-

500 2557 669 2605 ratur.
704 2549 1108 2606 Reconciliavit
1143 2548 1287 2604 enim
1316 2548 1609 2604 humanum
1642 2565 1819 2622 genus
1864 2549 1967 2603 sibi
1991 2564 2097 2619 per

511 2638 818 2704 Christum,
843 2637 899 2692 id
928 2644 1009 2693 est
1027 2652 1125 2708 per
1144 2636 1420 2693 hominem
1442 2637 1614 2703 illum,
1632 2637 1723 2708 qui
1754 2636 1855 2691 fuit
1881 2636 2093 2691 medie-

494 2735 581 2782 tas
610 2726 665 2781 in
694 2728 805 2798 qua
833 2732 1293 2781 connecterentur
1311 2726 1435 2781 dum
1464 2725 1835 2780 extremitates
1871 2724 2035 2797 longe
2064 2740 2095 2779 a

495 2831 557 2871 se
585 2813 901 2871 differentes
934 2830 948 2869 :
980 2815 1165 2879 homo,
1200 2813 1428 2878 scilicet,
1454 2821 1507 2869 et
1537 2814 1684 2869 Deus
1710 2831 1724 2868 :
1755 2817 1809 2869 et
1832 2813 1924 2885 qui
1947 2814 2095 2867 Deus

497 2905 655 2961 dedit
680 2904 857 2970 nobis,
881 2903 1014 2957 mihi
1035 2911 1089 2957 et
1118 2902 1240 2957 aliis
1271 2901 1553 2973 apostolis,
1584 2903 1975 2957 ministerium
2005 2918 2093 2958 re-

496 2992 932 3058 conciliationis,
982 2990 1040 3046 id
1070 2997 1154 3046 est
1198 2998 1257 3045 ut
1288 2990 1724 3045 ministraremus
1760 2990 2091 3058 hominibus,

499 3080 773 3154 quomodo
822 3095 922 3151 per
978 3077 1253 3134 Christum
1309 3078 1644 3135 reconciliati
1702 3087 1825 3134 sunt
1882 3081 2017 3148 Deo,
2049 3080 2094 3135 si

499 3168 687 3225 volunt
715 3175 772 3223 ut
820 3166 1157 3223 reconciliati
1207 3167 1421 3222 Christo
1477 3167 1899 3223 reconcilientur
1954 3170 2090 3223 Deo.

498 3256 641 3326 Quia
668 3256 860 3312 iterum
890 3257 1036 3311 Deus
1066 3262 1254 3327 posset
1283 3256 1389 3312 hoc
1417 3256 1636 3327 operari
1671 3273 1770 3327 per
1814 3256 2092 3312 heminem

498 3345 769 3402 Christum
803 3360 816 3399 :
847 3345 921 3400 ita
943 3344 1091 3417 quod
1120 3360 1230 3400 non
1258 3352 1369 3400 tota
1399 3344 1653 3400 divinitas
1704 3346 1783 3402 sic
1827 3346 2094 3401 habitaret

497 3433 552 3490 in
583 3433 802 3491 homine
828 3433 949 3489 illo.
988 3433 1326 3490 Determinat
1366 3433 1563 3489 Paulus
1614 3435 1887 3506 quomodo
1945 3436 2094 3490 Deus

495 3521 689 3580 fecerit
727 3538 828 3594 per
867 3521 1163 3589 Christum,
1218 3521 1448 3592 scilicet,
1506 3521 1840 3593 plenitudine
1888 3522 2092 3578 divini-

492 3612 618 3668 tatis
644 3611 921 3667 habitante
952 3611 1009 3665 in
1036 3626 1102 3666 eo
1131 3610 1506 3682 corporaliter.
1529 3611 1865 3667 Determinat
1905 3611 2089 3678 etiam,

496 3700 774 3773 quomodo
795 3700 915 3771 ipse
962 3698 1137 3755 factus
1197 3699 1265 3754 sit
1311 3699 1556 3755 minister
1613 3699 2090 3766 reconciliationis,

426 3810 449 3825 κ
499 3788 730 3854 scilicet,
762 3787 932 3845 verbo
961 3795 1167 3842 tantum
1193 3794 1251 3843 ut
1292 3803 1412 3843 eam
1443 3788 1764 3858 praedicaret
1812 3788 2091 3861 gentibus.

500 3878 611 3934 Sed
638 3876 882 3933 Christus
912 3876 992 3933 sic
1023 3875 1119 3931 fuit
1156 3876 1403 3932 minister
1449 3877 1908 3933 reconciliationis
1930 3919 1945 3945 ,
1976 3876 2096 3932 vel-

498 3966 580 4021 uti
606 3981 705 4037 per
733 3981 914 4037 quem,
941 3972 994 4021 et
1023 3964 1078 4019 in
1099 3980 1208 4036 quo
1238 3981 1329 4021 res
1368 3965 1485 4037 ipsa
1533 3974 1757 4037 operata
1787 3965 1884 4020 fuit
1912 3983 1925 4021 :
1958 3965 2098 4021 bene

502 4053 627 4111 dico
657 4054 805 4109 Deus
833 4053 1201 4110 reconciliavit
1221 4068 1321 4109 nos
1352 4054 1455 4109 sibi
1484 4070 1585 4125 per
1630 4054 1922 4119 Christum,
1969 4071 2101 4127 quo-

499 4144 660 4199 niam
677 4142 896 4215 quidem
916 4144 1061 4199 Deus
1091 4148 1216 4199 erat
1247 4144 1311 4198 in
1339 4142 1459 4213 ipso
1493 4142 1731 4209 Christo,
1763 4143 1817 4198 id
1875 4150 1958 4198 est
1986 4150 2101 4198 tota

497 4231 749 4288 divinitas
778 4231 834 4286 in
862 4231 1082 4288 homine
1112 4231 1225 4287 illo.
1260 4232 1406 4286 Deus
1438 4231 1565 4287 dico
1597 4232 1978 4288 reconcilians
1998 4232 2102 4289 sibi

498 4321 799 4386 mundum,
823 4320 877 4375 id
909 4328 992 4375 est
1023 4320 1270 4376 homines
1300 4319 1490 4375 mundi
1519 4336 1622 4391 per
1652 4320 1949 4375 Christum.
1988 4321 2101 4376 Re-

499 4409 802 4466 concilians
830 4409 954 4465 dico
992 4410 1083 4476 ita,
1135 4409 1362 4475 scilicet,
1420 4425 1537 4464 non
1571 4413 1865 4482 reputans,
1908 4410 1964 4464 id
2020 4416 2103 4465 est

497 4513 609 4554 non
637 4498 884 4571 exigens,
917 4499 1017 4553 sed
1053 4498 1346 4571 indulgens
1376 4499 1513 4564 illis,
1558 4497 1613 4552 id
1639 4505 1720 4552 est
1747 4498 1974 4564 mundo,
2009 4499 2103 4554 de-

2196 2033 2296 2071 nec
2324 2016 2482 2081 falsa,
2516 2016 2603 2071 vel
2633 2016 2772 2087 legis
2808 2036 2822 2083 ;
2857 2018 2955 2072 sed
2984 2034 3110 2073 vera
3132 2018 3342 2088 justitia
3368 2020 3489 2088 Dei,
3522 2027 3575 2075 et
3603 2021 3710 2075 hoc
3740 2020 3809 2075 in

2196 2108 2335 2176 ipso,
2367 2103 2424 2160 id
2454 2112 2535 2160 est
2566 2120 2666 2177 per
2694 2105 2993 2161 Christum.

2832 2299 3059 2358 CAPUT
3087 2300 3178 2357 VI.

2271 2480 2292 2505 α
2338 2457 2672 2526 Adjuvantes
2708 2465 2888 2513 autem
2919 2459 3290 2528 exhortamur,
3347 2476 3418 2517 ne
3461 2460 3516 2515 in
3566 2475 3810 2518 vacuum

2199 2570 2221 2594 α
2258 2546 2487 2619 gratiam
2521 2546 2621 2601 Dei
2662 2546 2951 2618 recipiatis.
3014 2548 3104 2603 Ait
3158 2549 3302 2604 enim
3336 2563 3350 2603 :
3383 2550 3653 2621 Tempore
3705 2565 3810 2606 ac-

2201 2654 2222 2686 ι
2259 2642 2418 2705 cepto
2449 2634 2698 2690 exaudivi
2742 2643 2812 2701 te,
2846 2644 2898 2690 et
2930 2636 2985 2690 in
3015 2636 3103 2691 die
3131 2637 3324 2692 salutis
3351 2638 3609 2707 adjuvite.
3656 2640 3810 2696 Ecce

2200 2747 2221 2770 υ
2265 2738 2410 2778 nunc
2440 2731 2652 2794 tempus
2680 2724 3010 2795 acceptabile
3043 2742 3057 2779 :
3093 2740 3223 2782 ecce
3252 2741 3397 2783 nunc
3434 2726 3553 2782 dies
3585 2726 3804 2783 salutis.

2200 2834 2221 2859 ιι
2266 2811 2485 2866 Nemini
2532 2811 2726 2867 dantes
2773 2812 2942 2867 ullam
2991 2812 3370 2881 offensionem,
3418 2822 3475 2869 ut
3504 2831 3613 2871 non
3652 2816 3809 2872 vitu-

2200 2921 2222 2951 ι
2258 2908 2481 2972 peretur
2535 2900 2896 2956 ministerium
2955 2910 3227 2958 nostrum.
3278 2903 3387 2958 Sed
3430 2903 3486 2958 in
3543 2905 3809 2961 omnibus

2200 3012 2221 3036 ιι
2258 2989 2613 3044 exhibeamus
2644 2989 3033 3061 nosmetipsos,
3084 2990 3221 3046 sicut
3258 2992 3359 3046 Dei
3408 2992 3712 3060 ministros,
3747 2994 3808 3049 in
3842 3036 3847 3039 -

2199 3100 2221 3124 ει
2266 3077 2431 3132 multa
2453 3078 2734 3149 patientia,
2799 3078 2854 3132 in
2903 3078 3357 3147 tribulationibus,
3392 3080 3447 3134 in
3492 3083 3809 3139 necessita-

2199 3188 2220 3214 α
2257 3166 2421 3232 tibus,
2484 3166 2541 3220 in
2595 3167 2883 3239 angustiis,
2925 3168 2983 3222 in
3023 3167 3224 3241 plagis,
3274 3168 3329 3223 in
3383 3171 3715 3239 carceribus,
3747 3172 3807 3227 in

2199 3278 2221 3302 «ι
2256 3254 2633 3321 seditionibus,
2665 3255 2721 3310 in
2765 3255 3061 3322 laboribus,
3108 3257 3165 3311 in
3194 3257 3414 3330 vigiliis,
3452 3259 3509 3313 in
3552 3260 3805 3328 jejuniis,

2196 3365 2219 3394 α
2244 3344 2297 3398 in
2337 3344 2602 3410 castitate,
2644 3343 2700 3397 in
2732 3343 2978 3410 scientia,
3008 3344 3063 3399 in
3106 3345 3540 3419 longanimitate,
3582 3348 3639 3403 in
3669 3364 3810 3405 sua-

2195 3455 2218 3480 u
2253 3432 2436 3499 vitate,
2469 3433 2524 3486 in
2564 3432 2767 3503 Spiritu
2807 3441 3014 3502 sancto,
3070 3433 3128 3488 in
3183 3435 3444 3491 charitate
3480 3451 3591 3491 non
3647 3436 3807 3505 ﬁcta,

2196 3542 2219 3572 ι
2262 3522 2319 3576 in
2345 3522 2515 3577 verbo
2544 3521 2806 3589 veritatis,
2840 3522 2897 3576 in
2926 3522 3122 3579 virtute
3144 3523 3268 3578 Dei.
3310 3525 3414 3580 Per
3441 3540 3599 3580 arma
3628 3526 3809 3595 justi-

2196 3633 2218 3657 «
2255 3610 2362 3676 tiae,
2394 3625 2429 3664 a
2455 3610 2657 3665 dextris
2687 3617 2740 3666 et
2768 3626 2803 3665 a
2859 3610 3109 3665 sinistris.
3160 3613 3265 3667 Per
3292 3612 3521 3685 gloriam
3550 3622 3603 3669 et
3632 3614 3802 3687 igno-

2198 3722 2220 3747 α
2254 3698 2536 3765 bilitatem,
2583 3715 2683 3770 per
2738 3699 3013 3754 infamiam
3068 3707 3122 3755 et
3178 3700 3379 3756 bonam
3438 3701 3658 3758 famam.
3732 3706 3809 3761 Ut

2199 3809 2221 3839 ι
2257 3788 2575 3843 seductores
2604 3796 2655 3844 et
2685 3803 2939 3844 veraces:
2972 3788 3110 3845 sicut
3139 3789 3230 3860 qui
3256 3789 3450 3863 ignoti,
3489 3798 3545 3847 et
3570 3793 3805 3863 cogniti.

2202 3900 2224 3925 α
2260 3875 2427 3946 Quasi
2455 3875 2772 3944 morientes,
2806 3884 2855 3932 et
2885 3892 3014 3933 ecce
3045 3877 3279 3934 vivimus
3310 3892 3323 3932 :
3352 3886 3412 3933 ut
3440 3879 3715 3952 castigati,
3750 3890 3811 3937 et

2202 3986 2224 4016 ι
2267 3981 2375 4020 non
2405 3963 2733 4021 mortiﬁcati.
2770 3965 2942 4033 Quasi
2972 3966 3176 4033 tristes,
3204 3982 3423 4038 semper
3441 3976 3626 4024 autem
3654 3985 3810 4041 gau-
3858 3995 3867 4003 -

2203 4075 2226 4106 ι
2268 4055 2460 4109 dentes
2497 4069 2509 4108 :
2540 4054 2681 4109 sicut
2735 4062 2982 4127 egentes,
3032 4055 3230 4111 multos
3286 4063 3469 4111 autem
3550 4057 3811 4129 locuple—

2203 4167 2225 4191 α
2264 4150 2440 4198 tantes
2475 4157 2488 4197 :
2521 4150 2770 4215 tanquam
2820 4143 2960 4198 nihil
2988 4143 3272 4213 habentes,
3309 4152 3359 4199 et
3386 4145 3571 4200 omnia
3615 4147 3811 4217 possi-

2206 4256 2227 4280 ι(
2263 4232 2480 4287 dentes.
2520 4231 2597 4287 Os
2628 4242 2875 4287 nostrum
2906 4240 3050 4302 patet
3079 4232 3148 4287 ad
3178 4248 3297 4300 vos,
3327 4248 3362 4288 ο
3384 4234 3668 4289 Corinthii.
3696 4236 3814 4292 Cor

2206 4344 2228 4369 (ι
2264 4328 2513 4375 nostrum
2544 4320 2830 4375 dilatatum
2859 4329 2959 4375 est.
2991 4321 3115 4376 Non
3132 4321 3516 4392 augustiamini
3545 4323 3599 4377 in
3618 4324 3815 4387 nobis.

2208 4431 2229 4460 α
2264 4409 2649 4483 augustiamini
2685 4418 2866 4465 autem
2910 4409 2966 4463 in
3014 4410 3320 4465 visceribus
3362 4411 3581 4467 vestris.
3639 4413 3818 4468 Eam-

2208 4522 2229 4545 «
2266 4498 2392 4553 dem
2423 4505 2605 4553 autem
2652 4499 2918 4553 habentes
2977 4498 3486 4569 remunerationem,
3547 4508 3814 4572 tanquam

501 4588 638 4643 licia
660 4588 938 4660 ipsorum.
982 4588 1050 4642 Et
1077 4587 1236 4656 hujus
1266 4586 1347 4643 rei
1374 4586 1734 4641 ministerium
1749 4586 1823 4641 ita
1837 4586 1982 4642 dedit
2002 4602 2101 4641 no-
2121 4585 2173 4646 D
2210 4612 2229 4635 «
2277 4586 2403 4641 ﬁliis
2433 4587 2576 4653 dico,
2610 4586 2904 4641 dilatamini
2938 4595 2991 4642 et
3018 4603 3137 4643 vos.
3171 4587 3351 4643 Nolite
3375 4589 3569 4660 jugum
3600 4588 3815 4648 ducere

497 4675 602 4743 bis,
628 4675 773 4748 quod
804 4675 985 4747 posuit
1033 4674 1089 4729 in
1130 4674 1289 4730 nobis
1344 4675 1570 4731 verbum
1622 4675 2096 4743 reconciliationis,

500 4764 559 4820 id
618 4772 702 4819 est
757 4772 815 4819 ut
865 4763 1285 4835 praedicaremus
1347 4762 1845 4820 reconciliationem
1902 4765 2100 4820 tactam

498 4868 602 4926 per
631 4852 925 4920 Christum,
968 4860 1026 4907 ut
1072 4851 1323 4908 homines
1380 4851 1794 4909 reconciliantes
1849 4868 1909 4907 se
1939 4853 2100 4908 Chri-

502 4949 606 5009 sto,
634 4941 1123 4997 reconciliarentur
1151 4943 1287 4996 Deo.
1349 4942 1418 4995 Et
1452 4940 1577 5013 quia
1623 4941 1771 4995 Deus
1816 4943 1998 5012 posuit
2046 4942 2102 4996 in

501 5030 662 5087 nobis
684 5031 910 5087 verbum
946 5030 1441 5100 reconciliatiomis,
1492 5045 1629 5102 ergo
1659 5046 1760 5085 nos
1801 5033 2103 5102 fungimur

506 5121 784 5192 legatione
804 5120 925 5175 Dei.
947 5121 1064 5175 Nec
1084 5120 1425 5190 vilipendatis
1438 5120 1578 5175 hanc
1598 5126 1842 5174 nostram
1862 5120 2102 5193 legatio-

503 5225 648 5279 nem,
683 5209 808 5281 quia
837 5208 1117 5280 fungimur
1142 5222 1208 5264 ea
1230 5223 1329 5281 pro
1354 5207 1590 5273 Christo,
1612 5207 1669 5263 id
1689 5210 2101 5265 estauctoritate

503 5297 702 5353 Christi
734 5315 748 5352 :
781 5296 1017 5352 scientes
1073 5303 1441 5367 contemptum
1470 5312 1681 5362 meum,
1733 5305 2102 5369 contemptum

513 5391 551 5438 l
572 5385 724 5442 '75
759 5401 881 5441 esse
903 5384 1123 5440 Christi.
1159 5385 1226 5439 Et
1255 5385 1381 5457 quia
1400 5386 1502 5442 hac
1532 5384 1802 5457 legatione
1824 5385 2103 5460 fungimur

502 5490 601 5546 pro
624 5474 860 5543 Christo,
885 5472 1241 5529 obsecramus
1261 5489 1378 5541 vos,
1403 5473 1620 5540 fratres,
1645 5477 2104 5532 reconciliamini

505 5564 633 5627 Deo,
657 5562 999 5617 declinantes
1036 5577 1069 5616 a
1094 5561 1260 5629 malo,
1311 5561 1570 5618 facientes
1601 5563 1823 5618 bonum.
1881 5566 2102 5620 Recon-

505 5648 765 5707 ciliamini
794 5650 937 5715 dico,
989 5657 1043 5704 et
1070 5650 1176 5706 hoc
1205 5666 1307 5721 pro
1361 5652 1598 5719 Christo,
1657 5652 1711 5707 id
1743 5660 1845 5720 est,
1913 5668 2103 5709 amore

507 5737 727 5806 Christi,
762 5737 852 5811 qui
895 5744 1043 5795 tanta
1098 5737 1361 5798 charitate
1416 5757 1513 5800 vos
1570 5741 1775 5799 dilexit.
1809 5742 1876 5799 Et
1932 5742 2102 5800 obse-

2205 4699 2226 4723 ιι
2265 4692 2388 4731 cum
2434 4675 2772 4730 inﬁdelibus.
2812 4675 2948 4744 Quae
2997 4676 3141 4731 enim
3189 4676 3534 4747 participatio
3576 4678 3812 4747 justitiaa

2206 4787 2228 4812 α
2262 4779 2387 4820 cum
2415 4763 2740 4836 iniquitate?
2768 4766 2874 4819 Aut
2914 4779 3034 4836 qua:
3080 4764 3314 4820 societas
3350 4764 3460 4822 luci
3514 4764 3584 4820 ad
3644 4773 3815 4822 tene-

2204 4877 2226 4901 ιε
2264 4853 2390 4909 bras
2418 4854 2445 4909 Ἰ
2477 4852 2612 4921 Quae
2668 4861 2847 4908 autem
2898 4854 3187 4909 conventio
3235 4854 3435 4909 Christi
3463 4854 3529 4908 ad
3571 4854 3745 4911 Belial
3774 4857 3806 4912 ?

2206 4962 2229 4993 ι
2265 4944 2371 4997 Aut
2400 4958 2521 5013 quae
2551 4957 2679 5012 pars
2700 4941 2846 4997 fideli
2867 4958 2990 4997 cum
3009 4941 3212 4998 inﬁdeli
3244 4944 3272 4997 ?
3306 4942 3440 5010 Quis
3460 4951 3643 4998 autem
3663 4959 3812 4999 con-

2205 5055 2227 5077 ‹‹
2264 5046 2457 5086 sensus
2498 5031 2701 5101 templo
2752 5031 2853 5085 Dei
2886 5046 3009 5086 cum
3066 5031 3228 5086 idolis
3254 5031 3283 5085 ?
3314 5032 3425 5087 Vos
3480 5030 3627 5087 enim
3672 5033 3814 5090 estis

2206 5142 2228 5168 α
2264 5120 2525 5190 templum
2556 5120 2655 5175 Dei
2683 5119 2809 5185 vivi,
2855 5120 2994 5175 sicut
3023 5119 3153 5176 dicit
3199 5122 3364 5188 Deus,
3430 5119 3683 5192 quoniam
3716 5122 3814 5177 in-

2207 5231 2229 5255 οι
2272 5208 2532 5264 habitabo
2559 5207 2613 5262 in
2641 5208 2749 5263 illis
2783 5223 2796 5262 ε
2830 5216 2883 5264 et
2924 5209 3276 5263 inambulabo
3308 5208 3450 5263 inter
3485 5224 3599 5275 eos,
3624 5218 3678 5265 et
3710 5228 3817 5268 ero

2207 5317 2230 5348 α
2263 5297 2477 5352 illorum
2508 5298 2673 5364 Deus,
2707 5306 2757 5352 et
2774 5296 2876 5367 ipsi
2895 5304 3053 5352 erunt
3072 5296 3204 5351 mihi
3223 5297 3455 5369 populus
3476 5298 3807 5367 (Lev.xxvt,

2207 5409 2229 5433 ιι
2276 5388 2385 5455 i2).
2418 5386 2642 5456 Propter
2670 5386 2817 5457 quod
2848 5386 2989 5441 exite
3017 5386 3086 5441 de
3115 5386 3297 5441 medio
3322 5401 3532 5453 eorum,
3566 5395 3621 5442 et
3643 5404 3808 5459 sepa-

2207 5498 2229 5521 «
2274 5474 2488 5540 ramini,
2522 5474 2651 5529 dicit
2680 5474 2941 5529 Dominus
2973 5475 3107 5543 (Isa.
3159 5489 3254 5539 Lu,
3291 5474 3379 5542 11)
3415 5483 3510 5529 :et
3558 5475 3809 5532 immun-

2209 5585 2231 5613 α
2266 5563 2396 5618 dum
2425 5579 2494 5618 ne
2550 5563 2865 5636 tetigeritis,
2898 5571 2951 5617 et
2981 5579 3086 5635 ego
3136 5563 3390 5633 recipiam
3447 5578 3546 5618 vos
3581 5582 3595 5618 :
3630 5573 3685 5620 et
3712 5583 3815 5623 ero

2208 5675 2229 5700 «ι
2265 5652 2423 5708 vobis
2452 5652 2504 5707 in
2535 5659 2745 5724 patrem
2779 5670 2792 5707 :
2825 5660 2879 5708 et
2936 5668 3036 5708 vos
3093 5652 3246 5707 eritis
3292 5651 3423 5706 mihi
3464 5651 3521 5706 in
3574 5651 3721 5710 ﬁlios
3758 5665 3815 5713 et

2210 5760 2232 5791 α
2260 5737 2421 5810 ﬁlias,
2454 5740 2585 5797 dicit
2622 5739 2887 5797 Dominus
2927 5740 3271 5815 omnipotens
3301 5740 3442 5808 (Jer.
3471 5755 3645 5814 xxxi,
3676 5745 3755 5816 9).
3788 5767 3812 5798 ι
