3936 6468
346 426 499 492 1359

1350 425 1830 494 CHRONICON
1861 426 1928 490 S.
1964 424 2323 491 HUBERTl
2359 428 2753 493 ANDAGIN.

3620 438 3813 501 1360

343 572 500 644 davit
559 601 661 643 eos
717 586 917 645 venire
975 584 1250 642 Arnulfus
1305 598 1520 653 comes,
1579 599 1651 641 ex
1701 581 1971 655 optimati
2023 567 2081 627 Α
2110 582 2427 654 presbiter,
2461 584 2742 641 decimam
2779 591 3071 644 sartorum
3112 587 3226 645 sibi
3254 594 3503 649 conatus
3533 592 3806 651 abstra-

347 677 454 733 bus
486 676 611 733 suis
641 676 953 747 Riquinum
1010 679 1073 733 et
1101 672 1429 745 Algoldum,
1485 674 1905 730 Theodericum
1938 676 1997 728 et

346 769 647 825 Albertum
694 780 892 822 secum
950 764 1029 820 ibi
1089 762 1326 833 habens,
1371 769 1430 819 et
1490 763 1708 819 indicta
1766 760 1997 816 bannall

343 856 682 914 evocatione
713 855 898 911 totius
934 852 1297 910 Gabeliensis
1323 852 1661 924 potestatis,
1709 850 2001 921 adjuravit

344 944 705 1016 antiquiores
717 948 773 1000 et
792 941 1434 1013 inelioresinterposito
1449 944 1815 997 sacramento
1830 940 1999 994 factae

345 1033 454 1092 sibi
511 1032 831 1103 ﬁdelitatis,
877 1035 938 1089 ut
996 1031 1295 1087 edicerent
1357 1030 1409 1084 ci
1465 1029 1769 1085 veritatem
1830 1027 2004 1098 hujus

341 1120 810 1180 consuetudinis.
836 1121 924 1177 Illi
948 1120 1131 1178 locuti
1154 1136 1283 1177 cum
1301 1119 1551 1177 consilio
1568 1117 1998 1189 responderunt

343 1211 543 1269 comiti
570 1225 674 1284 per
688 1210 1035 1267 Rodericum
1062 1208 1439 1282 praepositum
1465 1213 1524 1264 et
1549 1208 1864 1263 Gobertum
1899 1205 2002 1260 vil-

348 1302 544 1372 licum,
571 1300 723 1357 sicut
756 1303 925 1356 erant
973 1297 1247 1368 adjurati,
1273 1297 1607 1354 exactiones
1635 1297 1780 1352 istas
1803 1295 1874 1351 ab
1897 1295 2004 1350 ini-

347 1391 480 1462 quis
508 1388 795 1447 ministris
827 1388 1193 1445 dominorum
1227 1402 1355 1442 esse
1401 1387 1669 1442 inventas
1698 1390 1758 1440 et
1786 1385 1999 1455 injuste

345 1486 404 1537 et
438 1478 838 1538 fraudulenter
876 1477 1144 1535 ecclesiis
1177 1478 1501 1548 impositas,
1536 1476 1588 1532 ei
1623 1476 1754 1531 ideo
1779 1474 1999 1546 judicio

344 1584 569 1640 eorum,
592 1569 638 1627 si
663 1568 902 1639 justicia
945 1572 1303 1635 servaretur,
1336 1564 1722 1621 omnimodo"
1745 1562 1999 1620 adnichi-

348 1658 570 1716 laudas.
604 1658 727 1715 iliis
776 1670 975 1714 comes
1020 1655 1259 1725 auditis,
1322 1654 1598 1724 VigOnem
1658 1653 1997 1723 magistrum

349 1748 648 1807 scabinum
679 1747 894 1818 garbas
946 1749 1223 1815 acceptas
1272 1759 1343 1799 ex
1375 1742 1605 1800 cultura
1663 1741 1996 1798 dominicali

348 1838 689 1895 videntibus
742 1834 972 1892 cunctis
1005 1833 1246 1905 proprio
1301 1832 1455 1889 collo
1489 1832 1624 1887 fecit
1686 1833 1905 1887 referre
1937 1838 1997 1886 et

2112 670 2280 739 here;
2307 672 2459 729 unde
2480 689 2612 730 cum
2643 675 2847 745 viginti
2879 677 3091 746 garbas
3122 676 3480 749 abstulisset,
3506 680 3803 740 Theode-

2112 760 2269 817 ricus
2300 766 2724 833 superveniens
2748 766 3100 837 praepositus
3127 767 3209 823 illi
3242 783 3367 825 cum
3401 770 3667 828 maxima
3700 772 3799 829 in-

2112 848 2450 918 dignatione
2472 852 3179 922 quodinvenitresiduum
3210 855 3450 916 decima)
3486 866 3797 917 constar)-

2110 937 2446 995 terinduxit
2464 939 2676 997 horreo
2698 941 2985 1014 ecclesiae,
3010 958 3258 1016 eumque
3279 945 3348 1001 ad
3366 948 3792 1021 episcOpalem

2112 1027 2467 1084 audientiam
2500 1030 2686 1085 edixit
2736 1045 2931 1088 secum
2989 1034 3207 1089 venire.
3261 1035 3529 1092 Evocatis
3562 1042 3787 1094 autem

2114 1116 2547 1187 antiquioribus
2566 1119 3078 1193 vicinis,episcnpo
3094 1122 3245 1194 apud
3261 1131 3522 1181 sanctum
3540 1126 3789 1183 "uber-

2114 1208 2236 1260 tum
2261 1207 2642 1263 commoranti
2665 1214 2914 1281 uterque
2946 1224 3009 1265 se
3028 1213 3431 1281 praesentavit;
3457 1213 3534 1269 ibi
3559 1229 3784 1270 coram

2113 1293 2214 1349 illo
2227 1300 2598 1352 sacramento
2615 1297 3000 1354 veridicorum
3015 1313 3138 1355 com
3149 1301 3385 1371 probata
3402 1302 3788 1374 veritateJu-

2112 1379 2264 1438 dicio
2282 1385 2931 1443 Bosonisarchidiaconi
2945 1388 3256 1458 Raguenus
3273 1391 3561 1461 presbiter
3577 1391 3785 1464 publi-

2109 1472 2532 1543 camjustitiam
2566 1473 2702 1530 fecit
2734 1476 3090 1533 Theoderico
3127 1478 3345 1548 abbati,
3370 1478 3623 1549 etjussu
3644 1480 3781 1553 epi-

2112 1561 2273 1633 scopi
2296 1562 2578 1618 decimam
2612 1578 2782 1634 quam
2814 1564 3138 1622 abstulerat
3173 1581 3277 1624 suo
3299 1568 3566 1626 vehiculo
3590 1570 3780 1627 redu-

2109 1652 2260 1704 ctam
2294 1651 2550 1721 pri..priis
2575 1652 2844 1709 manibus
2863 1654 2916 1708 in
2944 1654 3153 1710 horreo
3183 1655 3446 1712 ecclesiae
3466 1657 3768 1725 reposuit.

2183 1739 2267 1794 17.
2303 1738 2435 1807 (24.)
2470 1741 2812 1798 Namucensi
2846 1743 2958 1814 (7|)
2992 1744 3312 1814 comitatui,
3352 1744 3484 1800 licet
3514 1746 3768 1816 injuste,

2112 1828 2457 1897 subjacebat
2488 1831 2825 1886 centenaria
2858 1831 3087 1900 justitia
3119 1834 3488 1905 Anseromite,
3514 1841 3577 1890 et
3606 1837 3772 1893 vice-

351 1938 639 1998 reponere
669 1925 727 1980 in
776 1925 990 1980 horreo
1024 1922 1177 1977 beati
1231 1922 1494 1978 Huberti.
1553 1921 1825 1988 Quaedam
1855 1937 1994 1978 vero
2024 1927 2080 1988 Β
2109 1917 2387 1972 comitum
2412 1917 2692 1975 violentia
2727 1920 3092 1989 amigebatur
3120 1922 3289 1978 nimis
3316 1925 3576 1983 ecclesiae
3600 1928 3770 1982 fami—

352 2030 556 2086 venna,
600 2028 729 2085 quas
765 2012 922 2085 apud
971 2027 1072 2068 eos
1102 2011 1318 2068 dicitur
1365 2011 1584 2077 radius,
1621 2011 1676 2066 in
1710 2011 1850 2067 Iluia
1905 2012 1996 2082 66)

351 2105 618 2173 habetur,
649 2108 707 2159 et
757 2115 1137 2173 quaecumque
1179 2106 1424 2172 captura
1474 2100 1719 2171 piscium
1755 2100 1830 2155 ibi
1868 2116 1998 2171 pro-

352 2192 582 2250 venerit
612 2207 642 2249 a
674 2206 824 2247 nona
877 2189 1180 2247 dominicae
1230 2190 1421 2246 noctis
1456 2204 1638 2259 usque
1699 2189 1767 2245 ad
1798 2204 1999 2260 vespe-

352 2296 475 2338 ram
508 2280 811 2352 sequentis
839 2279 975 2350 diei,
1007 2293 1170 2335 suum
1213 2278 1326 2352 (67)
1357 2283 1447 2334 est
1479 2276 1748 2335 ecclesiae
1781 2282 1997 2334 nostrae

350 2385 422 2427 ex
449 2367 879 2427 consuetudine
934 2367 1154 2433 veteri;
1187 2372 1247 2423 et
1300 2366 1533 2437 quando
1591 2366 1741 2422 idem
1799 2366 1998 2423 radius

351 2458 691 2515 ﬁrmabatur
722 2457 834 2528 (68)
859 2470 888 2513 a
912 2455 1108 2513 villico
1136 2460 1359 2523 nostro,
1395 2455 1667 2525 exigebat
1690 2456 1799 2510 sibi
1831 2456 1999 2512 obso-

351 2548 505 2605 nium
539 2545 773 2603 comitis
794 2544 1048 2602 villicus.
1074 2545 1188 2601 Has
1214 2558 1414 2601 omnes
1443 2543 1760 2613 injustitias
1793 2558 1862 2601 ne
1887 2558 2002 2599 am-

354 2636 505 2709 plius
534 2650 564 2691 a
595 2647 887 2707 quoquam
921 2632 1321 2703 exigerentur,
1379 2631 1610 2688 bannali
1643 2634 2000 2689 auctoritate

350 2738 545 2781 comes
574 2722 903 2793 interdixit,
953 2721 1318 2795 pontenariis
1361 2722 1731 2777 constituens
1765 2720 1835 2777 de
1872 2736 2003 2777 una-

351 2827 579 2884 quaque
591 2809 1556 2883 carrata,transponendzedecimae
1580 2812 2002 2880 unamgarbam

350 2902 637 2973 accipere,
657 2905 715 2957 et
740 2901 789 2956 si
813 2899 950 2971 quid
986 2900 1175 2956 minus
1209 2898 1383 2955 fuerit
1407 2899 1478 2955 de
1500 2898 1725 2969 integra
1748 2904 2002 2970 oarrata,

352 2985 646 3046 dimidiam
696 2988 781 3045 illi
810 2987 855 3021 ³⁸
892 2988 1224 3059 provenire,
1282 2987 1436 3043 sicut
1496 2986 1781 3059 placuerit
1844 2989 2007 3043 mini-

236 3098 241 3101 ‘
352 3085 479 3135 stro
508 3077 799 3148 ecclesiae,
831 3082 892 3132 et
922 3076 1031 3132 hoc
1071 3076 1197 3131 sine
1230 3074 1345 3131 ulla
1386 3075 1807 3132 decertatione.
1842 3078 2006 3131 Dein-

352 3166 422 3223 de
454 3179 651 3223 comes
699 3178 806 3236 pro
838 3163 929 3220 his
975 3168 1031 3220 et
1071 3163 1203 3219 aliis
1233 3163 1535 3233 injustitiis
1560 3163 1624 3233 ⁸ο,
1671 3178 1816 3234 quas
1853 3164 1941 3221 vel
1975 3181 2003 3219 a

2112 2001 2206 2058 lia.
2245 2006 2445 2061 Actnri
2491 2020 2700 2064 causas
2744 2008 2917 2077 hujus
2947 2008 3270 2065 exactionis
3314 2009 3659 2069 Guillelmus
3690 2013 3767 2068 de

2114 2092 2304 2149 Virvia
2351 2110 2480 2150 cum
2538 2095 2883 2154 llcrimanno
2913 2101 2969 2153 et
3021 2099 3199 2153 fratre
3250 2098 3376 2168 ejus
3404 2100 3654 2157 Rodulfo
3690 2100 3766 2156 de

2111 2182 2369 2238 Houhaia
2404 2186 2518 2255 (72)
2559 2185 2652 2241 die
2699 2187 2970 2242 condicta
3002 2186 3103 2243 illo
3151 2195 3569 2260 convenerunt,
3605 2196 3665 2247 et
3701 2191 3760 2246 in

2111 2270 2441 2328 dominicali
2475 2274 2636 2330 curia
2685 2290 2922 2345 porcum
2959 2290 3130 2332 unum
3165 2275 3521 2334 invenientes
3553 2278 3608 2333 in
3641 2293 3760 2336 cm-

2111 2372 2237 2415 nam
2272 2375 2434 2417 suam
2491 2363 2679 2420 occidi
2730 2369 2790 2418 et
2822 2365 3014 2435 parari
3060 2365 3390 2434 jusserunt.
3432 2366 3758 2423 Bullientes

2109 2461 2319 2506 carnes
2350 2452 2495 2507 satis
2526 2452 2747 2508 multus
2779 2453 2928 2523 ignis
2961 2459 3277 2523 suggestus
3304 2456 3612 2526 coquebat,
3650 2458 3755 2512 sed

2116 2538 2276 2596 nullo
2300 2542 2470 2597 modo
2494 2542 2741 2613 decoqui
2764 2546 3064 2614 poterant,
3095 2548 3151 2597 et
3188 2543 3470 2600 ministris
3491 2544 3561 2599 de
3596 2559 3756 2600 more

2114 2630 2605 2700 attemptantibus
2620 2644 2740 2701 eas,
2759 2631 3109 2687 cruditatem
3125 2646 3284 2688 suam
3309 2639 3364 2689 et
3382 2633 3755 2703 sanguineum

2117 2719 2418 2773 horrorem
2449 2719 2814 2789 ingerebant.
2854 2721 3147 2777 Caenaturi
3178 2720 3394 2776 domini
3425 2736 3552 2777 cum
3581 2722 3755 2778 taadio

2080 2844 2097 2855 .
2118 2807 2488 2864 afficerentur
2516 2808 2688 2878 hujus
2738 2810 3188 2881 expectationis,
3225 2824 3429 2866 carnes
3462 2809 3590 2866 illas
3622 2826 3758 2881 qua-

2121 2896 2452 2967 lescumque
2481 2904 2679 2954 essent
2711 2898 2819 2954 sibi
2843 2898 3147 2968 jusserunt
3179 2899 3407 2971 apponi,
3450 2900 3548 2956 sed
3591 2914 3753 2956 omna

2118 2987 2317 3041 eadem
2346 2987 2461 3041 illis
2486 2987 2685 3042 ultima
2711 2986 2849 3043 fuit:
2887 3002 3014 3042 nam
3049 2986 3437 3045 Guillelmusa
3470 2988 3749 3045 damonio

2118 3079 2392 3145 arreptus
2415 3080 2473 3130 et
2502 3075 2564 3130 Vi
2575 3075 2751 3131 rviam
2787 3075 2840 3132 in
2864 3077 3192 3145 gestatorio
3212 3077 3430 3134 relatus
3461 3077 3750 3134 miserabi-

2118 3162 2257 3218 liter
2285 3163 2606 3235 expiravit;
2657 3164 3041 3221 Hcrimannus
3089 3180 3222 3222 vero
3252 3170 3311 3222 et
3342 3165 3622 3222 Rodnlfus
3652 3166 3750 3222 ali-

351 3270 414 3312 se
441 3255 534 3312 vel
567 3268 596 3310 a
626 3254 749 3311 suis
804 3253 1144 3323 recognovit
1184 3252 1368 3309 factas
1422 3253 1712 3320 ecclesize,
1772 3254 2002 3325 culpam
2036 3285 2085 3349 Ο
2118 3253 2390 3322 quamdiu
2423 3267 2553 3309 cum
2591 3253 2764 3310 nimio
2804 3252 3005 3310 dolore
3033 3255 3388 3327 superstites
3419 3254 3748 3312 defecerunt

352 3358 513 3402 suam
542 3342 853 3401 confessus
882 3350 970 3399 est
1005 3342 1261 3413 publice.
1289 3351 1347 3397 et
1381 3340 1593 3397 Ottone
1627 3341 1746 3398 ﬁlio
1779 3358 1885 3398 suo
1916 3356 2003 3399 se-

350 3447 480 3491 cum
506 3431 761 3489 deducto
785 3430 1025 3487 veniens
1048 3430 1120 3486 ad
1146 3430 1585 3499 monasterium,
1612 3429 2003 3487 Floherimon-

350 3529 467 3579 tem
499 3520 612 3593 (69)
662 3534 791 3576 cum
825 3518 1041 3575 familia
1073 3525 1131 3577 et
1165 3516 1494 3575 molendino
1535 3518 1773 3575 donavit
1827 3521 2000 3575 beato

352 3610 610 3667 Huberto
642 3594 911 3678 legaliter
949 3606 1290 3663 habendum.
1336 3606 1464 3662 Filii
1488 3622 1720 3677 quoque
1751 3606 1840 3663 sui
1864 3607 2002 3663 dex-

350 3706 498 3753 tram
531 3711 710 3769 super
738 3696 923 3767 majus
974 3695 1157 3751 altare
1188 3695 1341 3751 beati
1375 3695 1532 3750 Petri
1571 3694 1906 3766 applicavit,
1940 3700 2001 3752 et

357 3796 414 3844 ut
440 3788 630 3844 omnia
649 3800 776 3857 quae
794 3786 983 3843 eidem
997 3783 1262 3840 ecclesiae
1276 3783 1616 3852 donaverat,
1634 3783 1726 3839 vel
1750 3783 2000 3854 injustas

350 3876 689 3935 exactiones
705 3882 761 3932 et
786 3871 1248 3932 consuetudines
1264 3886 1409 3942 quas
1431 3873 1851 3943 annullaverat,
1874 3872 1998 3943 ipso

351 3966 526 4021 etiam
552 3961 936 4033 jurejurando
959 3962 1011 4017 ei
1044 3959 1415 4017 confirmaret
1451 3960 1689 4031 proprio
1723 3976 1824 4018 ore
1842 3961 2000 4031 jura-

352 4060 484 4111 turo
515 4051 777 4119 dictavit,
838 4049 1229 4122 praesentibus
1261 4048 1337 4104 ibi
1376 4050 1722 4119 quibusdam
1755 4050 1999 4121 Optima-

351 4142 509 4199 tibus
538 4142 677 4199 suis.
716 4139 1015 4196 Gabelium
1070 4144 1263 4197 autem
1309 4138 1489 4196 semel
1548 4139 1604 4194 in
1636 4139 1885 4195 dicendo
1917 4139 1999 4194 in-

348 4229 554 4301 gressi,
608 4228 838 4285 videtur
888 4228 1032 4285 utile
1082 4227 1498 4285 notii‘icandum
1546 4228 1827 4298 posteris,
1859 4228 1995 4284 licet

352 4323 763 4392 praeoccupato
817 4317 1022 4372 ordine
1054 4317 1351 4386 narrandi,
1403 4317 1539 4387 quid
1573 4317 1655 4372 ibi
1682 4317 2000 4387 contigerit

352 4412 616 4479 tempore
645 4405 863 4462 domini
910 4405 1165 4461 Heinrici
1222 4405 1513 4477 episcopi.
1577 4404 1741 4460 Omni
1775 4406 1996 4462 decima

355 4496 701 4566 ubicumque
729 4495 920 4566 jaceat
979 4495 1130 4550 intra
1164 4494 1442 4550 bannales
1500 4494 1778 4551 terminos
1808 4496 1997 4551 totius

351 4584 594 4654 Gabelii,
627 4589 857 4641 constat
888 4597 1020 4639 esse
1044 4586 1115 4639 ab
1145 4583 1388 4653 antiquo
1418 4583 1689 4639 ecclesia:
1715 4584 1867 4640 beati
1892 4585 1999 4641 Hu-

350 4675 523 4731 berti.
574 4674 741 4746 Apud
790 4670 986 4729 villam
1019 4685 1157 4729 vero
1204 4671 1514 4729 Fiscalium
1545 4676 1663 4746 (70)
1696 4673 1912 4731 excisis
1940 4674 1992 4729 in

349 4763 570 4821 forests
626 4762 827 4833 sartis,
881 4761 1125 4818 fecunda
1160 4761 1237 4816 ibi
1272 4766 1625 4833 provenerat
1656 4762 1894 4819 messis.
1934 4765 1993 4819 ln

350 4854 498 4911 hanc
529 4854 848 4925 irrepserat
899 4850 1151 4907 latenter
1200 4852 1512 4921 Raguenus
1541 4849 1798 4922 ejusdem
1842 4852 1995 4911 villaa

2025 4633 2081 4697 D

2116 3342 2240 3396 sine
2266 3342 2607 3413 pmnitentia
2624 3347 2683 3396 et
2707 3341 2893 3398 dirina
2920 3342 3333 3412 recognitione.
3352 3343 3472 3399 Hiis
3495 3344 3748 3415 probatis

2118 3429 2395 3487 Albertus
2424 3445 2620 3487 comes
2643 3431 3019 3488 Namucensis
3040 3447 3167 3488 cum
3195 3432 3250 3487 in
3286 3431 3583 3489 Arduenna
3609 3432 3742 3489 silva

2116 3523 2446 3575 moraretur
2467 3519 2655 3588 gratia
2678 3521 2947 3590 venandi,
2972 3520 3412 3578 etveneratione
3435 3521 3541 3579 loci
3566 3521 3745 3578 diver-

2113 3612 2263 3662 terct
2289 3622 2420 3665 cum
2452 3622 2630 3664 uxore
2653 3623 2756 3665 sua
2779 3608 2898 3679 Ida,
2929 3624 3056 3680 quas
3080 3610 3242 3681 prius
3269 3611 3453 3667 fuerat
3476 3626 3618 3667 uxor
3644 3610 3742 3668 du-

2112 3698 2197 3751 cis
2224 3697 2513 3753 Froderici
2538 3700 2668 3770 (73),
2698 3697 2765 3752 ad
2787 3698 3091 3754 ecclesiam
3117 3699 3268 3754 beati
3294 3700 3553 3770 Hnberti,
3574 3700 3739 3755 Theo-

2112 3784 2345 3842 dericus
2359 3786 2546 3842 abbas
2568 3787 2725 3859 prmd
2739 3786 2913 3843 ictum
2929 3787 3268 3843 comitatum
3289 3789 3634 3844 Anseromite
3646 3802 3737 3861 op.

2113 3874 2284 3930 tinuit
2310 3876 2381 3930 ab
2405 3876 2490 3931 eis
2533 3881 2818 3947 perpetuo
2843 3876 3254 3932 remittendum
3286 3876 3542 3934 ecclesia:
3566 3876 3735 3947 (circa

2111 3980 2209 4019 αις.
2255 3969 2426 4035 1066).
2463 3965 2539 4019 Ea
2576 3971 2765 4019 tamen
2810 3964 3146 4022 conditione
3175 3963 3218 3998 ³³
3248 3964 3585 4037 interposita
3614 3965 3733 4021 huic

2112 4054 2461 4122 remissioni,
2492 4062 2552 4109 ut
2595 4054 2800 4123 viginti
2822 4053 3049 4110 modios
3072 4069 3267 4110 avenae
3292 4059 3505 4111 nostra;
3529 4067 3734 4109 mensu-

2113 4156 2190 4198 rae
2215 4143 2569 4214 praepositus
2593 4143 2945 4199 Anseromiae
2971 4149 3113 4213 quot
3131 4144 3296 4200 annis
3313 4143 3629 4200 exsolveret
3649 4157 3733 4199 co-

2112 4231 2363 4299 mitatui,
2411 4229 2640 4287 villicus
2686 4246 2823 4287 vero
2869 4231 3022 4287 villa)
3073 4232 3143 4287 de
3192 4246 3531 4303 unaquaque
3578 4232 3729 4288 domo

2110 4319 2372 4389 ejusdem
2402 4319 2723 4391 potestatis
2772 4321 3022 4376 modium
3057 4334 3231 4377 unum
3264 4334 3459 4377 avenae
3490 4320 3725 4391 exigeret

2114 4423 2217 4479 pro
2246 4409 2545 4479 praedictis
2570 4408 2775 4464 modiis
2794 4409 2999 4478 viginti
3016 4410 3408 4481 reponendum
3423 4408 3724 4467 dominicali

2111 4498 2309 4553 curiae.
2345 4498 2414 4553 Et
2438 4500 2561 4554 haec
2584 4496 2845 4555 conditio
2877 4498 3101 4555 firmata
3133 4502 3223 4555 est
3247 4500 3490 4556 maxime
3510 4513 3727 4571 poscen-

2110 4587 2269 4642 tibus
2300 4587 2555 4656 villanis,
2592 4586 2688 4658 qui
2722 4601 2823 4658 per
2848 4588 3211 4645 exactionem
3244 4589 3551 4646 comitatus
3579 4588 3726 4647 nimis

2110 4676 2508 4746 gravabantur
2531 4676 2605 4731 ab
2645 4681 2961 4733 extraneis.
2988 4707 3057 4716 —
3086 4678 3206 4733 Hoc
3229 4678 3401 4734 etiam
3427 4683 3668 4749 tempore
3685 4675 3724 4709 ³³

2115 4764 2435 4821 Willelmus
2464 4779 2661 4821 comes
2705 4765 3167 4822 Normannorum
3217 4765 3524 4823 debellatis
3551 4766 3725 4836 Anglis

2113 4855 2304 4911 factus
2324 4858 2412 4910 est
2439 4868 2540 4909 rex
2561 4866 2793 4919 eorum;
2818 4853 2936 4923 qui,
2964 4868 3035 4910 ne
3059 4854 3323 4925 ingratus
3338 4860 3495 4912 esset
3517 4854 3722 4911 honoris

1720 4978 1956 5034 νΑΡιΙιΕ
1988 4978 2387 5038 LECTIONES.

412 5137 458 5173 "
484 5138 716 5196 omnino
748 5141 833 5197 1".
951 5138 997 5171 ὀ
1029 5135 1145 5196 illis
1182 5140 1259 5194 1'.
1379 5139 1424 5172 ³ο
1447 5138 1695 5209 justitiis
1728 5145 1780 5195 1.

1899 5141 1941 5174 ³¹
1982 5142 2242 5199 conditio
2275 5146 2331 5200 1.

2448 5139 2493 5174 “
2522 5140 2689 5201 deest
2708 5145 2763 5200 l.
2805 5146 2883 5198 1".

1941 5294 2159 5353 NOTAt.

415 5438 529 5511 (66)
557 5436 647 5495 La
672 5432 939 5511 Houille,
964 5426 1314 5511 °aﬂlue_nt_de
1346 5433 1398 5491 la
1430 5436 1644 5511 Mense,
1679 5437 1773 5508 qui
1809 5437 1991 5509 prend

341 5520 404 5564 ss
424 5506 647 5567 'so'urce
678 5508 991 5564 au-dessus
1019 5507 1091 5563 de
1121 5506 1396 5562 Gediune.
1434 5509 1497 5562 Β.

413 5578 548 5653 (67).
582 5578 715 5653 he.
740 5580 1061 5652 proprium,
1097 5576 1267 5653 modo
1298 5577 1574 5653 loquendi
1599 5578 1789 5653 inhoc
1811 5593 1989 5649 opere

341 5649 553 5721 passim
583 5649 779 5721 obvio,
815 5649 878 5706 ut
909 5665 960 5706 c.
996 5656 1080 5707 19.
1118 5651 1174 5706 in
1202 5649 1334 5720 tius,
1369 5666 1420 5710 c.
1452 5653 1521 5708 2'7
1549 5650 1734 5709 initio.

435 5721 526 5793 68)
556 5722 810 5793 Fertur.

433 5791 520 5869 eo)
551 5791 909 5855 ila/limat.
938 5791 1004 5855 Η.

2198 5441 2289 5510 70)
2323 5438 2649 5496 ΙνέεσΙιίιιις.
2686 5441 2753 5495 ll.

2174 5445 2284 5579 (71)
2320 5510 2452 5567 Haec
2485 5525 2673 5579 usque
2704 5526 2753 5568 at

2198 5514 2284 5580 71)
2320 5510 2452 5567 Haec
2485 5525 2673 5580 usque
2704 5512 2773 5568 ad
2825 5512 3249 5569 remittendum
3276 5514 3535 5574 caeleste
3571 5517 3712 5574 etiam

2102 5579 2663 5657 inter'Miracula’S.
2695 5582 2939 5657 lluberti
2988 5598 3039 5640 c.
3092 5586 3160 5639 '28
3208 5584 3505 5657 leguntur,
3553 5587 3631 5646 ubi
3653 5602 3711 5646 ex

2102 5656 2305 5709 nostro
2334 5652 2533 5709 addita
2565 5667 2700 5711 esse
2734 5655 3029 5712 existimo.

2194 5726 2286 5808 2a
2321 5722 2554 5808 Fiam.
2586 5726 2917 5808 3.0mm
2932 5727 3009 5808 με

2194 5793 2285 5871 73)
2317 5793 2728 5869 Lothsringiss,
2762 5793 2860 5873 qui
2890 5797 3036 5858 obiit
3057 5800 3214 5859 1066.
