3936 6500
270 392 422 454 1863

1269 392 1750 459 CHRONICON
1779 393 1844 459 S.
1875 394 2246 463 HUBER-TI
2273 400 2666 470 ANDAGIN.

3535 411 3734 478 1864

269 558 456 618 sancti
481 557 822 622 e‘l‘ectus,ad
846 557 1080 616 missam
1098 561 1498 618 matutinalem
1521 562 1810 622 deductus
1831 571 1924 624 est
1953 532 2008 594 Α
2041 560 2183 616 urbe
2215 560 2730 631 Remensi,valenti
2755 562 3066 622 admodum
3098 564 3242 636 viro,
3276 570 3336 622 et
3369 568 3732 638 promptis-

269 649 807 706 communieandus.
833 649 1090 706 Intuitus
1121 653 1312 705 autem
1334 653 1548 710 fratres
1568 654 1834 712 ordinate
1865 661 1921 712 et

273 743 610 795 reverenter
631 740 1050 804 consistentes,
1076 740 1353 797 inclinato
1387 758 1450 799 ca
1465 743 1602 812 pite,
1637 759 1921 814 nusquam

271 829 471 886 oculos
531 827 916 892 declinantes,
951 843 1150 886 eorum
1185 829 1239 885 in
1267 830 1565 888 offerendo
1595 832 1923 890 ordinatam

271 919 704 977 successionem
737 923 797 974 et
831 918 1296 991 devotionem,in
1327 921 1518 977 eundo
1544 926 1600 978 et
1628 923 1926 981 redeundo

271 1009 653 1081 compositam
704 1010 1054 1075 gravitatem
1113 1011 1458 1068 ammiratus
1483 1019 1572 1068 est
1619 1027 1672 1068 in
1723 1014 1828 1084 eis,
1867 1021 1928 1070 ut

271 1105 398 1157 erat
431 1100 520 1155 vir
553 1099 874 1166 sacularis,
911 1099 1076 1170 quasi
1115 1099 1416 1170 quamdam
1443 1101 1745 1172 imaginem
1779 1118 1929 1160 mor-

271 1189 608 1246 tiﬁcationis
641 1206 656 1254 ;
691 1203 1080 1260 reversusque
1131 1190 1198 1246 ad
1259 1189 1549 1247 dominam
1584 1207 1766 1261 suam,
1799 1209 1928 1264 qua

270 1281 498 1336 viderat
530 1279 578 1333 ei
612 1279 992 1334 renuntiavit.
1031 1279 1132 1334 Illa
1185 1281 1538 1349 quantocius
1573 1281 1743 1338 missa
1775 1282 1928 1352 lega-

272 1369 428 1425 tione
454 1369 522 1426 ad
560 1369 1086 1438 abbatem,magnis
1111 1371 1390 1440 precibus
1420 1374 1485 1426 ut
1507 1371 1578 1427 ad
1611 1386 1672 1428 se
1701 1372 1926 1428 veniret

274 1459 551 1526 cptinuit,
602 1457 962 1528 veniensque
997 1460 1574 1517 nuntiumadventus
1617 1462 1705 1519 sui
1732 1461 1798 1517 ad
1836 1478 1930 1518 eo-

277 1549 560 1604 mitissam
586 1548 869 1619 pramis‘t
889 1591 899 1602 .
922 1549 1062 1604 Viso
1093 1549 1296 1604 nuntio
1319 1549 1729 1606 muliervirilis
1753 1551 1927 1607 animi

275 1643 335 1692 et
368 1653 495 1707 qua
527 1637 762 1693 conseia
797 1637 1053 1706 prOpria
1078 1637 1406 1694 nobilitatis
1442 1638 1664 1695 nullius
1681 1641 1930 1696 curabat

277 1725 620 1794 dignitatem
653 1725 744 1782 vel
811 1741 1117 1794 personam
1151 1726 1278 1794 ejus
1311 1728 1613 1796 temporis,
1671 1729 1931 1785 surrexit

277 1815 563 1870 velociter
591 1818 1010 1871 utoecurrerct
1033 1815 1252 1880 abbati;
1282 1815 1631 1873 mirantibus
1652 1817 1785 1874 filiis
1803 1817 1930 1886 ejus

2038 649 2184 705 simo
2213 649 2388 720 hujus
2410 652 2558 708 artis
2579 657 2635 708 et
2673 654 3042 724 peritissimo.
3061 655 3391 712 :Ediﬁcavit
3411 662 3475 712 et
3499 656 3730 713 altare

2037 737 2090 794 in
2117 740 2337 796 honore
2369 748 2585 798 sancta
2613 747 2671 798 et
2705 742 3018 802 individua
3067 744 3364 800 Trinitatis
3396 745 3466 800 ad
3508 745 3728 816 pedes

2039 829 2193 884 beati
2229 831 2496 902 Huherti,
2530 832 2624 888 ubi
2656 837 2716 889 et
2751 833 2992 888 maxima
3058 840 3280 890 sancto:
3304 850 3392 890 um
3437 835 3720 906 pignora

2038 917 2331 988 deposuit.
2369 919 2506 986 Qua
2537 921 2726 976 omnia
2761 936 2871 978 non
2891 921 3072 978 multo
3111 923 3728 994 postllenricuscpi—

2039 1023 2270 1080 scopus,
2297 1015 2600 1081 assumpto
2650 1025 2846 1067 secum
2906 1015 3199 1068 Francone
3253 1011 3722 1082 Bellagradensi

2040 1099 2316 1168 pontiﬁce
2349 1099 2484 1170 (8t),
2517 1101 2610 1170 qui
2633 1115 2830 1158 secum
2865 1105 3004 1159 tunc
3037 1102 3315 1172 temporis
3347 1101 3720 1159 morabatur

2039 1187 2321 1262 Lquii,in
2358 1203 2462 1255 ma;
2490 1203 2562 1247 na
2591 1189 2775 1260 gloria
2795 1189 3074 1247 etlatitia
3107 1190 3414 1248 dedicavit.
3431 1192 3718 1248 Perfecit

2037 1278 2213 1334 etiam
2250 1278 2568 1348 pradietus
2593 1280 2774 1336 abbas
2801 1279 3061 1336 tabulam
3092 1295 3322 1338 auream
3342 1285 3472 1339 ante
3501 1282 3715 1350 majus

2039 1366 2244 1437 altare,
2280 1367 2433 1438 quod
2462 1373 2554 1424 est
2584 1368 2637 1423 in
2673 1369 2894 1426 honore
2918 1369 3072 1426 beati
3099 1369 3254 1425 Petri
3279 1369 3713 1440 apostolorum

2041 1455 2340 1528 principis,
2369 1473 2536 1528 quam
2560 1458 2696 1514 olim
2719 1463 2981 1529 coeperat
3011 1458 3285 1515 Albertus
3312 1459 3719 1523 abbas,occa-

2039 1547 2200 1602 sione
2234 1547 2574 1603 conterendi
2602 1547 2844 1605 calicem
2895 1563 3070 1606 unum
3121 1563 3356 1604 aureum
3406 1548 3710 1604 librarum

2039 1635 2266 1707 viginti,
2303 1638 2398 1707 qui
2430 1641 2675 1694 eotenus
2709 1643 3106 1708 permanserat
3149 1638 3204 1694 in
3263 1637 3408 1706 loco,
3439 1640 3718 1696 donatus

2039 1726 2174 1782 olim
2213 1727 2385 1782 beato
2417 1727 2677 1783 lluberto
2710 1742 2737 1782 a
2781 1727 3070 1784 Ludovico
3102 1728 3204 1784 Pio
3265 1727 3452 1784 Karoli
3503 1727 3710 1796 Magni

2043 1815 2419 1887 imperatoris
2454 1815 2590 1872 ﬁlio.
2620 1815 2794 1872 Plura
2828 1821 3019 1871 autem
3055 1815 3294 1873 donaria
3320 1831 3427 1872 non
3460 1821 3707 1872 tantum

282 1903 532 1960 Fulcone
564 1908 623 1958 et
651 1903 1018 1960 Gualcranno
1043 1919 1170 1975 qua
1220 1909 1376 1962 esset
1411 1905 1562 1976 apud
1597 1921 1719 1962 eam
1773 1907 1932 1963 novi-
1961 1899 2013 1958 B
2044 1903 2099 1960 in
2133 1908 2378 1972 argento
2403 1910 2460 1960 et
2487 1918 2857 1974 auro,verum
2890 1905 3064 1960 etiam
3091 1905 3147 1960 in
3179 1919 3320 1960 auro
3364 1904 3548 1961 textis
3605 1917 3707 1960 or-

282 1994 426 2048 tatis
458 1993 632 2061 hujus
665 1993 986 2063 veneratio,
1041 2009 1243 2050 eorum
1291 1999 1624 2051 sustentata
1673 1997 1932 2054 brachiis

283 2083 508 2138 obviam
545 2081 832 2151 processit
865 2081 1084 2151 abbati,
1118 2082 1423 2153 visumque
1455 2099 1583 2140 cum
1607 2085 1728 2156 jam
1764 2087 1835 2141 ab
1864 2100 1931 2142 ea

284 2175 478 2242 posset
505 2170 714 2240 audiri,
777 2170 1055 2226 inclinato
1085 2171 1278 2241 rapite
1337 2171 1658 2229 humillima
1717 2173 1935 2231 saluta-

281 2261 440 2314 tione
473 2258 785 2314 honoravit
811 2277 825 2322 ;
849 2264 909 2314 et
939 2274 1068 2315 cum
1103 2263 1234 2329 post
1277 2260 1602 2317 orationem
1661 2261 1936 2320 lil'entius

286 2347 504 2417 alloqui
557 2362 688 2401 eum
724 2351 970 2416 posset:
1027 2345 1299 2417 Gratias,
1354 2348 1562 2418 inquit,
1621 2363 1734 2420 ago
1803 2349 1932 2418 tibi,

285 2435 565 2491 venerati
594 2437 648 2490 2's
690 2436 881 2506 pater,
913 2437 1089 2506 cujus
1116 2436 1388 2506 ﬁliorum
1441 2437 1678 2493 tantum
1727 2437 1940 2493 audivi

284 2525 655 2593 religionem,
691 2525 1152 2594 {dimouerarum
1195 2525 1381 2594 hujus
1428 2527 1620 2582 nostri
1661 2527 1939 2596 temporis

289 2615 512 2671 sancta
523 2615 823 2684 opinionis
836 2614 1086 2670 odorem.
1114 2613 1372 2684 Cumque
1390 2630 1694 2672 renumera
1705 2623 1790 2672 ret
1810 2632 1938 2686 qua

289 2703 575 2760 retulerat
607 2703 657 2759 ei
685 2703 1084 2760 cubicularius
1105 2718 1266 2773 suus,
1301 2707 1356 2760 et
1396 2719 1497 2776 per
1541 2711 1740 2762 mutua
1764 2705 1942 2762 adiﬁ-

289 2802 538 2857 cationis
570 2801 861 2871 colloquia
889 2801 1244 2872 aliquamdiu
1275 2803 1331 2858 in
1391 2803 1629 2858 Domino
1686 2803 1941 2859 delecta-

291 2891 737 2960 rentur,obtulit
767 2891 963 2945 abbati
983 2891 1289 2948 ecclesiam
1314 2891 1385 2946 de
1411 2891 1548 2948 fisco
1575 2893 1938 2963 Anslaro(80)

293 2984 578 3050 perpetuo
609 2978 928 3034 habendam
961 2979 1013 3033 in
1042 2994 1184 3036 usus
1215 2981 1480 3046 fratrum,
1519 2981 1782 3051 praefatis
1807 2980 1942 3037 ﬁliis

291 3069 418 3136 ejus
451 3069 1936 3127 laudantihnsetconﬁrmantibusboeidemdonum.

289 3156 508 3213 Videns
539 3157 719 3212 abbas
751 3157 975 3228 ecpiam
1003 3173 1338 3228 magnorum
1371 3158 1624 3230 lapidum
1653 3159 1706 3214 in
1743 3159 1939 3215 funda-

2043 1993 2331 2049 namentis
2361 2000 2420 2048 et
2443 1993 2631 2052 libris,
2667 1996 2782 2048 tam
2808 2008 2838 2048 a
2873 1993 3113 2064 prafato
3149 1992 3426 2064 principe,
3457 2007 3639 2061 quam
3671 2005 3706 2047 a

2046 2081 2380 2138 Gualcaudo
2416 2081 2691 2153 pontiﬁce
2721 2081 2906 2137 eidem
2926 2083 3054 2138 loco
3079 2081 3287 2137 collata
3321 2081 3706 2150 fuerantqua

2047 2170 2136 2226 vel
2166 2169 2614 2227 inhabitantium
2650 2171 3016 2242 simplicitas,
3042 2171 3132 2228 vel
3156 2174 3564 2228 extraneorum
3601 2170 3704 2224 ab-

2049 2260 2243 2316 batum
2273 2260 2385 2331 (8'2)
2447 2268 2546 2316 aut
2572 2259 3020 2332 prapositorum
3050 2259 3352 2330 dissipavit
3386 2257 3701 2315 temeritas

2048 2351 2150 2404 aut
2181 2349 2508 2420 asportavit
2535 2364 2642 2419 per
2677 2349 3013 2405 abusionem
3037 2353 3094 2405 et
3125 2347 3502 2418 cupiditatem
3523 2346 3698 2403 etfre-

2049 2451 2181 2502 nata
2218 2447 2588 2516 impudenter
2619 2447 3006 2504 licentia.Sed
3035 2452 3092 2504 et
3129 2447 3242 2518 ipsi
3279 2445 3496 2502 nostris
3553 2449 3702 2501 tem-

2049 2537 2294 2606 poribus
2328 2535 2581 2593 vidimus
2637 2537 2916 2606 quosdam
2961 2551 3104 2606 quos
3167 2549 3272 2591 nec
3317 2533 3700 2590 uominandos

2048 2624 2404 2694 censuimus,
2441 2625 2720 2694 quiquasi
2755 2623 3474 2681 occasionenoncuranda
3497 2629 3698 2679 vetus-

2047 2713 2192 2768 tatis
2223 2712 2402 2768 multa
2430 2713 2816 2769 incenderunt
2837 2727 2905 2770 ex
2930 2713 3146 2770 eisdem
3171 2711 3502 2768 aurotextis
3525 2725 3695 2767 orna-

2051 2802 2284 2870 mentis,
2343 2817 2404 2857 re
2454 2801 2938 2857 autemwrahoc
2972 2801 3154 2857 moliti
3211 2799 3531 2870 cupiditate
3563 2799 3690 2854 auri

2049 2890 2259 2948 exinde
2293 2891 2576 2960 rapiendi.
2613 2891 2762 2956 Quid
2788 2891 2858 2948 de
2889 2890 3169 2948 librorum
3205 2889 3570 2960 dispersione
3600 2887 3692 2944 vel

2049 2977 2436 3038 distractione
2470 2981 3066 3046 memorandum,cum
3099 2986 3155 3035 et
3174 2980 3361 3050 ipsum
3387 2992 3528 3034 auro
3545 2977 3692 3033 scri-

2051 3072 2212 3139 ptum
2247 3067 2776 3140 psalterium,quod
2800 3067 3069 3124 Ludovici
3103 3065 3472 3137 imperatoris
3504 3065 3692 3122 fuerat

2052 3158 2375 3229 proprium,
2407 3157 2536 3228 ejus
2569 3157 2818 3232 imagine
2863 3157 2917 3212 in
2979 3155 3265 3228 principio
3330 3153 3684 3224 insignitum,

294 3250 488 3302 mento
513 3247 732 3302 veteris
765 3247 1052 3316 quondam
1113 3247 1388 3316 civitatis,
1425 3263 1577 3304 nunc
1611 3252 1804 3305 autem
1836 3263 1940 3319 pro
1972 3257 2022 3320 (3
2052 3247 2204 3319 apud
2233 3251 2434 3303 urbem
2467 3246 2794 3303 Tullensem
2829 3246 3006 3303 fuerit
3039 3245 3356 3313 venditum,
3417 3242 3580 3314 quasi
3632 3241 3686 3298 in

291 3333 522 3390 castelli
557 3334 844 3390 moenibus
867 3333 1244 3404 adbreviatis,
1263 3341 1611 3403 suggerente
1637 3337 1941 3394 Lamberto

293 3424 528 3493 majore,
563 3438 635 3478 ex
665 3423 886 3479 eisdem
920 3423 1213 3494 lapidibus
1235 3424 1500 3482 ecclesia
1532 3424 1736 3482 donari
1769 3439 1942 3498 expe-

292 3513 382 3568 tiit
419 3519 695 3582 quantum
723 3513 1019 3570 sufficeret
1037 3513 1108 3569 ad
1139 3513 1584 3571 adiﬁcationem
1610 3515 1817 3584 cripta
1850 3513 1942 3570 vel

293 3601 558 3658 claustri.
592 3600 866 3657 Libenter
906 3601 1002 3656 illa
1065 3602 1216 3672 quod
1248 3603 1558 3673 petebatur
1597 3602 1890 3659 concessit
1926 3619 1940 3669 ;

294 3690 397 3746 sed
421 3695 476 3746 et
512 3690 800 3762 operariis
831 3689 1114 3761 ecclesia,
1142 3691 1417 3762 quamdiu
1443 3691 1520 3746 ibi
1547 3695 1938 3757 morarentur,

294 3784 349 3836 et
387 3780 699 3850 hospitium
742 3785 796 3834 et
831 3779 1048 3836 victum
1088 3779 1376 3850 promisit.
1411 3779 1729 3851 Respondit
1763 3779 1945 3838 abbas

295 3870 516 3937 gratias
548 3870 648 3924 Dei
683 3868 1091 3939 omnipotenti,
1113 3867 1452 3939 Adeladi,et
1482 3868 1620 3924 ﬁliis
1635 3867 1760 3937 ejus
1787 3883 1946 3924 reve-

297 3964 496 4014 renter
524 3957 888 4025 valedixit,et
926 3957 998 4014 ad
1023 3957 1442 4013 monasterium
1468 3956 1668 4013 rediit.
1702 3959 1947 4027 Moxque

297 4070 327 4108 a
364 4053 1521 4126 Leodiocasoribusconductis,criptam
1543 4059 1600 4111 et
1620 4055 1946 4112 claustrum

299 4141 354 4197 in
385 4148 731 4214 praesentem
763 4147 979 4198 statum
1021 4142 1374 4214 composuit,
1411 4143 1672 4199 advectis
1704 4144 1774 4198 ab
1808 4144 1948 4199 Ara-

297 4231 483 4288 leonis
515 4231 842 4302 columpnis
869 4247 997 4287 cum
1022 4231 1318 4302 capitellis
1368 4237 1426 4286 ct
1460 4231 1700 4288 basibns
1728 4232 1848 4290 suis
1887 4235 1948 4286 et

301 4319 569 4376 altarium
608 4320 838 4376 mensis.
865 4319 1041 4376 Auxit
1069 4319 1244 4376 etiam
1279 4319 1538 4376 oratoria
1569 4334 1598 4376 a
1631 4320 1858 4378 dextris
1890 4325 1950 4377 et

301 4424 328 4462 a
364 4409 622 4466 sinistris
652 4409 942 4474 ecclesia;
976 4413 1036 4466 et
1059 4423 1088 4464 a
1111 4408 1338 4467 dextr's
1357 4409 1588 4481 quidem
1615 4409 1948 4466 memoriam

304 4498 490 4552 beatae
525 4497 712 4555 Maria
737 4497 808 4554 ad
844 4497 1093 4554 medium
1125 4497 1312 4555 altare
1345 4513 1507 4556 nova
1557 4497 1764 4570 cripta
1794 4503 1950 4554 tran-

2051 3341 2249 3393 extera
2285 3335 2578 3406 provincia
2611 3335 2878 3392 securius
2910 3334 2990 3390 ibi
3024 3334 3348 3390 celandum.
3383 3333 3577 3388 Divina
3607 3333 3662 3387 ta

2053 3439 2180 3479 men
2216 3423 2528 3494 dispositio
2574 3423 2841 3479 restituit
2899 3422 3044 3478 illud
3096 3421 3360 3480 ecclesia
3413 3434 3532 3478 sua
3586 3419 3688 3476 hoc

2054 3513 2245 3571 modo.
2283 3513 2462 3568 Mater
2487 3511 2682 3568 domui
2748 3527 2910 3584 papa
2961 3511 3169 3568 Leonis
3224 3512 3292 3567 IX
3325 3512 3437 3578 (83)
3493 3507 3686 3564 venale

2054 3601 2198 3658 illud
2234 3603 2536 3658 inveniens
2561 3602 2722 3671 emit,
2759 3606 2818 3658 et
2850 3601 3037 3658 eidem
3073 3600 3188 3656 ﬁlio
3228 3615 3335 3657 suo
3370 3605 3501 3654 tunc
3558 3598 3687 3653 Bru-

2053 3691 2212 3760 noni,
2245 3697 2307 3747 ut
2342 3691 2395 3746 in
2426 3705 2494 3746 eo
2516 3691 2772 3762 psalmos
2805 3689 3136 3746 addisceret
3161 3687 3511 3759 dispensavit
3545 3704 3559 3752 ;
3587 3685 3684 3743 sed

2053 3797 2182 3838 cum
2217 3781 2273 3834 in
2307 3780 2417 3835 alio
2449 3779 2716 3850 quolibet
2751 3779 3032 3850 psalterio
3063 3784 3123 3834 et
3147 3778 3316 3850 plane
3363 3777 3605 3848 legeret,L
3627 3783 3681 3832 et

2057 3868 2224 3925 facile
2242 3869 2396 3938 quod
2416 3867 3060 3937 discebatlredderetdn
3083 3865 3182 3922 illo
3202 3872 3422 3922 tantum
3445 3864 3683 3920 incurre-

2058 3959 2156 4014 bat
2183 3955 2335 4013 tales
2357 3956 2804 4025 offensioues,ut
2826 3953 3003 4011 nimio
3028 3954 3204 4012 tadio
3229 3969 3259 4009 a
3280 3953 3527 4008 lectione
3541 3951 3682 4008 vide-

2057 4052 2221 4105 retur
2253 4047 2525 4104 deﬁcere.
2545 4045 2786 4101 Nolebat
2814 4059 2964 4100 enim
2991 4043 3242 4114 Spiritus
3265 4041 3679 4111 sanetus,cujus

2057 4135 2368 4192 electionis
2393 4149 2495 4191 vas
2527 4135 2678 4190 idem
2717 4148 2859 4206 puer
2893 4134 3126 4190 futurus
3176 4139 3324 4202 erat,
3359 4145 3429 4188 ne
3457 4129 3679 4200 alicujus

2059 4223 2348 4294 sacrilegii
2381 4228 2659 4280 contactu
2682 4223 2772 4279 vel
2809 4223 3150 4292 ignoranter
3183 4220 3675 4278 contaminaretur.

2059 4316 2299 4371 Mirante
2322 4327 2460 4370 vero
2485 4317 2668 4368 matre
2704 4315 2788 4370 sic
2851 4313 3028 4370 ﬁlium
3073 4313 3128 4368 in
3174 4309 3448 4383 psalterio
3503 4307 3679 4364 adver-

2059 4403 2198 4472 sari,
2233 4401 2456 4458 audivit
2491 4401 2767 4471 vnlgante
2817 4403 2962 4458 fama
3025 4401 3204 4459 fuisse
3237 4399 3378 4456 illud
3437 4395 3677 4456 ecclesia

2061 4491 2214 4550 beati
2241 4491 2507 4560 lluberti,
2531 4495 2589 4544 et
2614 4490 2920 4561 multiplici
2937 4490 3304 4546 anathemate
3327 4501 3425 4560 per
3444 4485 3677 4541 diversas

301 4584 490 4654 stulit,
525 4592 580 4642 ct
617 4585 826 4641 ibidem
861 4585 1046 4642 altare
1071 4585 1257 4643 sancti
1290 4586 1565 4654 Stephani
1622 4592 1948 4658 protomar-
1981 4617 2032 4677 D
2063 4587 2336 4658 regiones
2369 4587 2657 4659 publicam
2691 4587 2819 4656 ejus
2850 4587 3228 4658 quastionem
3263 4584 3405 4642 ﬁeri.
3461 4583 3565 4636 Nec
3592 4577 3675 4677 diu

301 4674 450 4746 tyris
481 4674 812 4742 substitu‘t,
856 4690 884 4730 a
911 4675 1167 4731 sinistris
1226 4689 1364 4732 vero
1395 4675 1727 4730 memoriam
1795 4674 1949 4732 beati

303 4761 530 4816 Martini
566 4766 624 4816 ut
680 4764 870 4818 fuerat
901 4762 1160 4832 reliquit,
1197 4762 1527 4834 ibidemque
1578 4763 1952 4819 extrinsecus

304 4866 510 4907 novum
544 4852 866 4907 oratorium
897 4851 1214 4920 exstruxit,
1248 4852 1402 4922 quod
1437 4851 1654 4908 dicitur
1699 4851 1772 4908 ad
1825 4865 1954 4908 sau-

303 4946 455 4997 ctam
483 4940 826 5008 Jerusalem,
869 4954 938 4998 eo
969 4939 1121 5011 quod
1171 4941 1474 4998 dominica
1518 4941 1836 5012 sepultura
1895 4946 1954 4998 et

307 5027 762 5086 resurrectionis
792 5029 1090 5085 contineat
1111 5042 1450 5100 expressam
1485 5028 1948 5087 similituduem.

306 5117 663 5175 Illuminavit
693 5131 923 5190 quoque
945 5118 1200 5175 oratoria
1242 5133 1370 5190 qua
1420 5123 1798 5176 exstruxerat
1834 5118 1958 5190 pul-

311 5205 619 5263 cherrimis
677 5206 976 5277 fenestris,
1011 5207 1260 5278 quodam
1305 5208 1534 5277 Rogero
1568 5207 1860 5264 conducto
1885 5207 1957 5262 ab

2063 4678 2285 4730 morata
2320 4675 2389 4730 ad
2425 4673 2612 4731 locum
2638 4675 3366 4746 properavit,puerumqm-
3391 4682 3573 4728 secum
3595 4669 3676 4726 de-

2063 4763 2252 4833 duxit,
2282 4769 2340 4819 et
2360 4763 2788 4820 absolutionem
2812 4764 2984 4832 hujus
3015 4778 3138 4819 sua
3163 4760 3502 4832 ignorantia
3521 4758 3672 4816 humi-

2064 4851 2200 4908 liter
2255 4851 2664 4923 expostulans,
2711 4851 3054 4922 psalterium
3103 4849 3369 4907 ecclesia
3428 4846 3667 4904 reddidit.

2065 4939 2295 4997 Obtulit
2325 4941 2500 4996 etiam
2525 4955 2630 5012 pro
2662 4939 3291 4997 satisfactionelibrum
3327 4952 3495 4993 unum
3516 4948 3674 4993 sacra-

2065 5036 2416 5099 mentorum,
2451 5045 2545 5101 qm
2583 5033 2785 5100 postea
2811 5028 3064 5084 donatus
3097 5031 3188 5083 est
3222 5025 3488 5083 ecclesia
3520 5025 3672 5080 beata

2065 5133 2296 5190 semper
2329 5117 2572 5188 virginis
2603 5117 2812 5188 Maria,
2836 5132 2962 5188 qua
2994 5131 3096 5174 sua
3123 5115 3236 5187 (84)
3267 5119 3352 5172 est
3384 5113 3534 5170 beati
3585 5112 3672 5167 Hu-

2069 5207 2222 5264 bcrti
2253 5208 2407 5280 apud
2431 5207 2752 5264 Gabelium.

1888 5302 2118 5360 NOTIE.

381 5410 488 5478 (8οι
516 5407 750 5465 Anlz’er.
791 5410 862 5465 Β.

381 5481 494 5559 (81)
527 5479 791 5564 Quis‘hic
825 5479 1019 5564 fuerit,
1042 5495 1331 5564 nusquam
1367 5479 1554 5564 inveni
1583 5498 1598 5546 ;
1628 5495 1698 5538 eo
1728 5481 1958 5564 nomine

310 5551 572 5619 episcopi
609 5551 882 5608 Alburum
919 5551 1353 5618 Maritimarum,
1386 5555 1550 5610 Zara
1578 5555 1839 5621 cecc/tia,
1903 5554 1956 5608 in

312 5619 614 5680 Dalmatia.
675 5629 734 5677 et
785 5621 1058 5679 Albarum
1117 5621 1420 5680 Iuliarum.
1503 5624 1848 5680 dar/abeo.
1903 5624 1957 5679 in

312 5639 614 5688 uaiuwua,
675 5639 734 5677 ei.
785 5639 1058 5679 amarum
1117 5639 1420 5692 JUllal‘llln,
1503 5639 1848 5693 var/.s'ou‘g,
1903 5639 1957 5679 in

311 5689 748 5772 Transylvania,
783 5694 984 5772 nescio
1003 5693 1284 5772 acetiam
1309 5695 1469 5772 Alba
1504 5696 1562 5748 Βι
1584 5695 1714 5764 gia,
1746 5693 1959 5772 διαλι-

311 5759 742 5832 weisaenburg,
766 5763 852 5818 usi
884 5768 1038 5820 sunt.
1057 5765 1200 5821 Num
1226 5765 1468 5835 Belgrad
1495 5781 1545 5819 v.
1587 5759 1787 5837 'supra
1839 5765 1953 5822 col.

2141 5481 2254 5552 (82)
2285 5479 2662 5537 Prumienses
2710 5479 3024 5552 aliquando
3088 5477 3488 5549 Andaginense
3517 5487 3674 5532 mona-

2070 5552 2576 5628 steriu.n_rexisse
2609 5553 2895 5608 feruntur.
3223 5626 3230 5628 _

2142 5627 2254 5694 (83)
2289 5622 2609 5678 Heilewide
2634 5628 2880 5680 vocatur
2927 5639 2956 5680 a
3021 5622 3301 5689 Wiberto,
3327 5617 3601 5677 comitissa
3619 5622 3672 5675 ut

2069 5693 2286 5762 ferunt,
2320 5693 2775 5764 Dasburgeusis.

2142 5766 2255 5835 (86)
2286 5765 2327 5822 Ι.
2360 5778 2410 5822 e.
2448 5764 2706 5836 propria.
