3936 6504
333 543 359 603 1
377 539 497 603 869

1343 535 1816 604 CHROV‘ICON
1847 536 1912 601 Ξ.
1949 531 2314 600 HUBEHTI
2337 536 2610 601 ANDAC
2623 538 2726 600 IN.

3587 529 3605 595 l
3619 529 3734 595 3'70

327 692 666 750 deserviret
696 690 1107 748 monachorum
1143 691 1399 758 utilitati,
1436 691 1569 747 licet
1601 692 1707 747 hoc
1738 693 1975 761 frustra,
2007 671 2064 734 Α
2093 691 2537 748 exhortantibus
2561 692 2754 760 cessit,
2789 694 2844 748 et
2870 705 2998 748 cum
3023 685 3333 746 Godefrido
3357 685 3426 745 ad
3452 686 3730 744 scrinium

326 785 483 839 sicut
513 789 569 838 et
597 783 708 836 alia
739 784 922 836 omnia
959 798 1118 851 prene
1155 783 1373 836 fecerit.
1407 784 1540 835 Nam
1568 783 1637 836 ab
1662 783 1888 849 abbate,
1920 787 1978 836 ut

329 873 758 934 destinaverat,
817 872 1128 925 Virdnnum
1163 872 1471 938 deduc'us,
1525 887 1653 926 cum
1687 872 1870 926 adhuc
1903 872 1982 925 vi-

328 975 480 1015 vens
512 961 726 1015 ibidem
765 967 1112 1026 moraretur,
1149 976 1525 1028 qna‘Cnmqne
1559 962 1899 1030 promiserat
1929 961 1978 1013 ei

332 1050 619 1105 mentitus
675 1057 762 1104 est
816 1050 985 1116 titius,
1030 1055 1087 1103 et
1131 1049 1180 1101 in
1217 1049 1520 1118 (i.tmplltltll
1577 1051 1706 1103 vitm.
1757 1065 1875 1102 sure
1925 1053 1983 1102 et

331 1138 578 1192 honoris
599 1138 818 1192 oblitus
838 1144 923 1191 est
953 1137 1364 1191 miser‘cordbe
1387 1144 1443 1191 et
1465 1138 1745 1194 veritatis.
1776 1139 1981 1192 Factus

331 1226 484 1280 enim
513 1227 629 1294 jam
671 1231 872 1296 potens
903 1225 1249 1280 hereditatis
1286 1233 1561 1295 pateram,
1595 1228 1983 1282 dissimulavit

331 1315 669 1370 meminisse
694 1315 829 1382 quid
867 1329 926 1367 Se
965 1321 1249 1383 pra-sente
1285 1322 1341 1368 et
1378 1315 1646 1369 laudante
1674 1317 1986 1386 depulaVe-

331 1410 425 1459 rat
451 1408 614 1473 pater
634 1403 1016 1471 redemptioni
1040 1403 1239 1455 anima)
1262 1418 1399 1458 sine.
1431 1406 1863 1471 Suggerebatur
1882 1421 1928 1460 ei
1955 1421 1979 1459 a

332 1491 684 1561 quibusdam
714 1505 949 1544 Stloruln
981 1505 1178 1543 revera
1208 1491 1542 1554 inlidelinm,
1577 1493 1736 1560 t’jnasi
1766 1494 1830 1546 ad
1857 1509 1984 1557 gra-

328 1579 496 1642 tiam,
549 1594 658 1632 non
716 1579 926 1632 debere
976 1594 1102 1632 eum
1161 1580 1400 1647 perdere
1455 1581 1695 1634 militum
1749 1596 1981 1635 suorum

329 1666 674 1731 amicitiam,
713 1666 764 1718 in
803 1680 965 1718 manu
1017 1680 1213 1719 eorum
1268 1682 1424 1720 suam
1477 1674 1744 1721 constare
1794 1669 1984 1724 valen-

325 1755 498 1824 tiam,
526 1755 811 1808 defecisse
845 1762 1060 1822 pa'rem
1099 1768 1260 1807 suum
1294 1769 1318 1807 a
1349 1770 1521 1809 sensu
1553 1758 1783 1825 proprio
1812 1758 1862 1810 in
1889 1772 1985 1810 ex-

325 1844 559 1910 tremis,
616 1845 941 1896 consuleret
997 1843 1193 1912 po‘ins
1245 1845 1417 1895 rebus
1451 1846 1590 1902 sitis.
1627 1860 1791 1910 quam
1830 1846 1985 1900 illius

328 1931 765 2001 obtemperaret
791 1930 1205 1983 deliramentis.
1231 1933 1315 1980 Sn-
1335 1931 1619 1983 tlt'tllli'lltS
1642 1946 1669 1985 a
1695 1934 1979 1988 sententia

327 2019 636 2075 servanda:
673 2019 926 2088 pietatis,
962 2019 1030 2071 de
1064 2018 1420 2088 disponenda
1452 2020 1761 2074 elemosina
1801 2023 1982 2090 patris
2015 2025 2065 2083 Β

330 2106 805 2178 interpellantem
829 2123 889 2161 se
911 2109 1174 2160 abbatem
1204 2109 1413 2161 callide
1439 2109 1762 2177 suspendit,
1791 2126 1983 2178 quam-

327 2195 431 2252 diu
467 2197 695 2266 quidem
735 2201 897 2266 pater
933 2197 1272 2261 supervixit.
1321 2198 1650 2264 Supervixit
1685 2213 1822 2253 vero
1866 2201 1982 2255 fere

328 2300 438 2356 per
473 2299 743 2339 mensem.
785 2285 1021 2339 \‘irdnni
1062 2288 1121 2338 13
1161 2285 1441 2338 Kalendas
1467 2286 1717 2338 Januarii
1755 2288 1983 2342 terribi-

331 2373 474 2428 liter
526 2375 728 2428 caelum
784 2373 1053 2434 intonuit,
1092 2379 1144 2425 et
1187 2374 1234 2424 in
1273 2373 1586 2426 crastinum
1630 2374 1744 2427 vita
1787 2376 1982 2428 deces-

328 2462 411 2515 sit
455 2461 570 2524 (an.
621 2466 768 2528 1069,
805 2463 936 2516 Dec.
974 2463 1082 2528 2t).
1128 2463 1278 2514 Tunc
1321 2462 1548 2513 tandem
1579 2461 1774 2525 junior
1805 2463 1982 2516 Crule-

328 2549 520 2604 fridus
545 2551 637 2618 qni
664 2556 818 2603 csSt-t
846 2549 1134 2617 apparuit,
1157 2555 1210 2599 et
1241 2556 1579 2602 recurreute
1599 2549 1665 2601 ad
1690 2566 1749 2603 se
1771 2550 1978 2604 abbate

327 2654 439 2707 pro
470 2643 819 2692 testamento
845 2638 1164 2690 ordinando
1189 2637 1444 2690 defuncti
1470 2640 1672 2707 patris,
1712 2656 1819 2694 non
1857 2647 1978 2694 tau-

327 2733 452 2782 tum
501 2726 805 2781 consilium
842 2733 886 2778 e'
931 2725 1205 2778 auxilium
1258 2739 1420 2778 suum
1460 2727 1540 2780 illi
1578 2731 1823 2796 negavit,
1874 2731 1972 2783 sed

325 2816 507 2870 etiam
543 2813 710 2867 minis
743 2817 796 2866 et
834 2813 1061 2880 injuriis
1092 2829 1116 2865 a
1154 2828 1214 2866 se
1261 2815 1702 2870 absterreudnui
1737 2815 1780 2848 ³ο
1815 2824 1975 2887 puta-

323 2904 432 2958 vit.
466 2903 720 2955 lnferens
746 2901 1002 2967 instanti,
1027 2902 1130 2955 hoc
1154 2904 1444 2969 negotium
1473 2920 1579 2958 non
1608 2905 1732 2971 ejus
1763 2911 1973 2975 tempo-

326 2991 411 3046 ris
435 3006 586 3052 esse,
620 3005 766 3044 nunc
793 3004 901 3042 non
930 3005 1046 3043 sua}
1078 2990 1310 3044 utilitati
1345 2995 1653 3047 convenire
1689 2996 1974 3050 monachi-

326 3094 452 3136 cam
505 3079 1011 3144 congregationem
1071 3080 1410 3148 disponere,
1463 3089 1522 3135 et
1574 3083 1831 3137 militiam
1884 3087 1968 3140 sui

331 3167 654 3224 ducatninis
679 3172 1062 3236 pOstponere;
1097 3183 1221 3236 qn:e
1250 3169 1326 3222 illi
1358 3176 1518 3237 pater
1543 3173 1791 3226 curanda
1819 3189 1970 3227 com-

332 3257 573 3312 miserat
603 3256 744 3309 bene
767 3261 1021 3315 curaret,
1055 3256 1298 3311 alterius
1326 3260 1664 3314 intentionis
1687 3277 1880 3315 curam
1908 3277 1968 3317 se

331 3343 596 3399 actitare.
647 3343 833 3397 Talem
878 3348 1107 3412 tamque
1153 3347 1397 3400 subitam
1437 3363 1623 3401 rerum
1659 3359 1972 3406 counuuta-
2005 3378 2050 3432 (τ

332 3433 548 3488 tionem
575 3431 750 3487 abbas
775 3433 1100 3500 obstupuit,
1137 3437 1191 3487 et
1223 3435 1385 3502 quasi
1413 3442 1727 3490 monstrum
1752 3439 1833 3493 sic
1857 3454 1883 3492 a
1910 3454 1972 3493 se

334 3520 627 3576 diversum
663 3519 995 3588 indignatus
1026 3521 1343 3575 exhorruit.
1378 3524 1454 3575 Ne
1491 3531 1675 3578 tamen
1707 3541 1805 3595 p-r
1831 3527 1973 3583 hanc

333 3607 625 3676 repulsam
671 3608 970 3664 videretur
1012 3609 1290 3665 defecisse
1325 3625 1352 3664 a
1391 3613 1666 3681 promissa
1710 3614 1818 3670 ﬁde
1862 3631 1977 3670 ser-

332 3695 540 3764 vanda,
594 3697 1015 3751 Heribrandum
1067 3698 1353 3752 seniorem
1406 3705 1753 3769 ceterosque
1806 3717 1976 3773 pares

331 3785 529 3854 castri,
581 3800 725 3854 quos
776 3786 1005 3841 fidelius
1057 3786 1257 3842 ducem
1311 3789 1564 3844 coluisse.
1617 3793 1976 3862 meminerat,

330 3872 750 3942 interpellavit,
787 3878 848 3929 ut
882 3889 1074 3929 Secum
1111 3875 1178 3928 de.
1215 3878 1448 3944 negotio
1495 3880 1677 3948 patris
1724 3881 1981 3936 Codcfri-

330 3960 464 4016 dum
508 3963 1080 4017 adratiocinarentur
1122 3979 1223 4019 eos
1266 3965 1563 4021 conduxit.
1617 3967 1716 4023 Ille
1748 3971 1978 4025 tandem

330 4049 551 4120 pudore
585 4051 904 4117 convictus,
953 4053 1254 4120 respondit
1293 4055 1690 4122 possessiones
1730 4057 1982 4112 denomi-

331 4142 520 4205 natas,
557 4153 698 4208 quas
731 4139 946 4194 milites
978 4141 1062 4193 sui
1099 4141 1514 4209 stipendiarias
1565 4145 1858 4209 tenebant,
1918 4162 1980 4202 se

329 4240 435 4282 nec
470 4226 617 4282 velle
648 4241 752 4283 nec
785 4242 954 4296 posse
987 4229 1334 4284 subtrahere
1367 4231 1720 4299 tenentibus,
1753 4235 1982 4290 Astine°

329 4319 449 4366 tum
486 4314 596 4380 (94)
632 4328 766 4368 vero
799 4329 926 4368 cum
965 4316 1149 4369 banno
1174 4322 1227 4369 et
1254 4317 1529 4370 comitatu
1559 4322 1610 4371 et
1639 4319 1788 4371 omni
1827 4320 1982 4372 fami-

334 4401 402 4454 lia
452 4406 510 4455 et
560 4410 808 4471 quiestu,
843 4408 901 4458 et
951 4405 1372 4458 denominatam
1431 4411 1650 4473 partem
1705 4407 1976 4477 (Ihevoni,

334 4487 633 4544 bannalem
667 4505 897 4559 quoque
930 4493 1185 4545 eambam
1225 4491 1590 4548 Bnlonieusis
1631 4494 1816 4559 burgi,
1852 4510 1978 4564 qua;

333 4573 550 4630 nullius
591 4582 757 4631 erant
799 4577 970 4638 feodi.
1015 4579 1344 4634 elemosiure
1389 4582 1568 4649 patris
1604 4583 1692 4635 sui
1725 4598 1784 4637 se.
1822 4598 1978 4638 reco-

330 4675 610 4731 gnoscere
651 4671 707 4720 et
751 4665 1113 4735 confirmare,
1151 4667 1415 4722 relictum
1460 4684 1598 4723 vero
1642 4671 1974 4726 thesaurum

2094 781 2383 835 dividendi
2410 783 2663 837 thesauri
2690 782 2781 835 vix
2807 781 3138 852 compulsus
3168 779 3438 836 accessit.
3475 777 3734 832 Godefri-

2091 868 2199 923 dus
2219 871 2394 925 ablati
2411 889 2428 922 ς
2447 872 2576 925 inde
2597 887 2697 940 sep
2734 871 2982 938 ingentis
3004 869 3252 924 marchis
3274 867 3496 935 argenti
3524 867 3575 920 in
3600 879 3734 920 can-

2095 959 2367 1025 delabris,
2405 961 2458 1014 in
2485 960 2717 1030 scyphis
2740 966 2791 1013 et
2821 959 3084 1015 scutellis
3108 959 3355 1026 aliisque
3380 955 3733 1011 utensilibus

2094 1048 2288 1114 variis,
2321 1049 2513 1102 abbati
2549 1055 2741 1103 cetera
2777 1049 3035 1118 reliquit.
3073 1063 3135 1102 ea
3172 1052 3361 1101 tamen
3397 1043 3731 1100 conditione

2097 1142 2157 1191 ut
2190 1151 2250 1190 ea
2288 1138 2618 1206 disponeret
2661 1144 2926 1206 respectu
2958 1135 3183 1191 consilii
3217 1134 3324 1191 sui.
3363 1131 3617 1188 Consilio
3652 1137 3735 1186 ta-

2095 1241 2218 1278 men
2248 1227 2587 1280 lleribraudi
2613 1227 2912 1282 castellani
2942 1225 3299 1293 aliorumque
3326 1221 3576 1276 ﬁdelium
3602 1234 3734 1275 suo-

2098 1331 2240 1378 rum,
2279 1316 2371 1383 qui
2407 1317 2455 1370 ei
2491 1322 2811 1381 suggerunt
2843 1331 2910 1370 ne
2952 1316 3033 1369 sic
3068 1314 3374 1369 inhumane
3403 1308 3729 1366 annullaret

2094 1403 2461 1459 elemosinam
2516 1406 2696 1473 patris
2728 1406 2812 1460 sui
2850 1419 3025 1471 super
3058 1402 3394 1474 praedictam
3449 1412 3729 1455 summam

2096 1493 2341 1559 argenti,
2403 1494 2688 1560 diSjiosuit
2742 1493 2938 1548 abbati
2994 1498 3051 1546 et
3112 1491 3556 1547 successoribus
3610 1487 3733 1555 ejus

2101 1583 2308 1636 Rellam
2352 1584 2557 1638 vallem
2603 1584 2713 1654 (05)
2753 1599 2879 1638 cum
2925 1582 3133 1636 familia
3166 1585 3221 1635 et
3255 1581 3441 1633 hanno
3471 1580 3528 1632 et
3557 1590 3738 1632 omm-

2098 1671 2204 1725 bns
2255 1671 2462 1726 tinil'ius
2493 1679 2546 1727 et
2580 1673 2951 1739 aequestibns
3001 1671 3140 1736 suis,
3183 1669 3252 1723 ad
3294 1681 3440 1736 opus
3489 1666 3732 1720 fratrum

2096 1761 2547 1814 dcservientium
2599 1764 2710 1815 Deo
2747 1762 2796 1812 iu
2839 1760 3082 1814 ecclesia
3138 1757 3290 1811 beati
3337 1753 3526 1815 Petri;
3581 1749 3732 1820 quod

2096 1849 2324 1902 vadinm
2359 1850 2552 1916 quiete
2585 1852 2654 1903 ab
2685 1849 2770 1903 eis
2804 1863 3129 1918 possessum
3163 1850 3250 1900 est
3281 1841 3548 1913 quamdiu
3584 1840 3732 1894 idem

2097 1937 2442 1991 Godefridns
2467 1939 2702 1991 advixit.

2167 2030 2198 2078 *2
2242 2069 2251 2080 .
2291 2026 2424 2094 (34.)
2462 2028 2596 2080 Erat
2629 2042 2737 2080 non
2779 2026 2948 2088 longe
2981 2040 3007 2078 a
3045 2021 3244 2089 majori
3277 2017 3523 2076 ecclesia
3562 2015 3735 2070 ﬁscus

2098 2113 2436 2168 Caviniaeus
2489 2115 2599 2182 (96)
2651 2129 2719 2168 ex
2753 2111 3099 2183 patrimonio
3149 2106 3441 2163 Ricbeldis
3489 2106 3740 2158 Monten-

2095 2204 2176 2255 sis
2207 2203 2543 2268 comitissae,
2579 2217 2705 2270 quie.
2740 2201 2970 2255 viduata
3013 2197 3291 2253 Balduino
3327 2197 3536 2265 juvene
3577 2191 3740 2246 Flau-

2095 2290 2391 2344 drensium
2443 2290 2654 2344 comite
2704 2289 2821 2352 (an.
2879 2290 3054 2356 t070),
3111 2285 3384 2338 Flandras
3435 2280 3732 2347 amiserat,

2091 2379 2286 2432 occiso
2323 2378 2435 2430 filio
2469 2393 2572 2432 suo
2609 2377 2844 2431 Arnult‘o
2873 2391 2898 2430 a
2937 2383 3142 2444 patruo
3172 2375 3297 2442 ejus
3331 2372 3588 2426 Roberto
3622 2366 3739 2421 Fri-

2093 2482 2232 2520 sone
2267 2467 2384 2522 (an.
2423 2465 2728 2528 l07l,14'cb.
2758 2468 2867 2524 2-2).
2903 2479 3002 2533 per
3036 2476 3237 2517 manus
3265 2459 3563 2522 cujusdam
3601 2457 3730 2510 Ger-

2093 2555 2329 2608 badonis
2362 2554 2422 2608 ‘°.
2460 2555 2561 2617 Qui
2606 2553 2887 2608 Gerhaldo
2919 2568 3025 2606 non
3063 2550 3244 2605 multo
3283 2553 3414 2619 post
3455 2545 3730 2601 confusus

2089 2643 2441 2698 conscientia
2480 2649 2655 2696 tantze
2690 2642 2990 2708 iujustitiie
3023 2643 3082 2693 et
3119 2635 3464 2692 temeritatis
3495 2634 3728 2688 Romam

2089 2731 2276 2800 petiit,
2314 2737 2371 2783 et
2407 2746 2607 2786 manus
2641 2731 2850 2797 quibus
2885 2728 3175 2780 dominum
3221 2739 3382 2779 suum
3428 2719 3734 2776 interfece-

2089 2823 2177 2874 rat
2205 2820 2413 2872 domno
2447 2834 2507 2887 pa
2523 2835 2603 2888 pm
2628 2817 2904 2881 Gregorio
2929 2817 3041 2883 Vll,
3081 2830 3184 2884 pro
3213 2809 3548 2883 poenitentia
3583 2807 3734 2873 ejus-

2087 2909 2213 2961 dem
2240 2908 2501 2961 criminis
2526 2905 2956 2962 detruncamlas
2987 2903 3220 2958 obtulit.
3259 2898 3571 2966 Gregorius
3601 2909 3734 2952 exe-

2086 2996 2322 3051 cutione
2351 3015 2377 3045 u
2414 2997 2583 3058 hujus
2615 2993 3076 3048 detruncationis
3108 2989 3383 3058 magistro
3413 2997 3730 3055 coquorum

2085 3099 2321 3137 suorum
2358 3084 2585 3152 publice
2618 3082 2927 3135 Commisit.
2966 3081 3186 3134 Edueto
3213 3074 3555 3132 Gerbodonc
3587 3069 3633 3103 ‘°
3662 3067 3733 3124 ad

2082 3187 2306 3242 pmnam
2367 3187 2535 3240 quam
2592 3173 2930 3225 decreverat
2985 3169 3124 3237 pati,
3179 3165 3518 3237 praedictum
3571 3157 3731 3213 mini‘

2083 3268 2264 3316 strum
2292 3275 2435 3330 papa
2465 3261 2722 3314 revocari
2755 3258 3050 3328 przecepit,
3075 3257 3244 3324 eique
3267 3257 3497 3309 secreto
3522 3245 3738 3304 edixit-

2085 3356 2142 3403 ut
2181 3349 2223 3404 si
2259 3349 2485 3403 elevato
2521 3349 2673 3402 ferro
2707 3346 2899 3416 aliquo
2942 3347 3108 3401 modo
3150 3343 3414 3398 manibus
3458 3337 3632 3394 motis
3661 3336 3732 3390 ti-

2084 3439 2318 3492 tubaret
2351 3437 2627 3491 continuo
2657 3450 2755 3489 eas
2790 3433 3103 3498 incideret;
3145 3432 3188 3489 si
3223 3445 3360 3486 vero
3388 3429 3730 3484 constanter

2086 3526 2453 3595 persisteret,
2503 3523 2800 3594 patientiae
2841 3521 3216 3591 persistentis
3258 3517 3454 3574 statim
3500 3517 3731 3570 retento

2090 3615 2202 3668 ictu
2244 3619 2527 3682 parceret,
2561 3611 2826 3666 Gerbodo
2860 3610 2925 3664 ad
2963 3611 3139 3665 ictum
3188 3606 3466 3677 perstitit,
3511 3603 3736 3660 statim-

2091 3719 2198 3770 que
2234 3700 2574 3756 incolumem
2610 3703 2924 3769 deputatus
2965 3711 3279 3768 percursor
3320 3708 3483 3765 papa)
3524 3705 3734 3761 repra-

2092 3789 2358 3844 seutavit.
2400 3789 2647 3842 laetatus
2682 3800 2822 3856 papa
2851 3786 2934 3840 sic
2961 3783 3299 3854 provenisse
3333 3777 3730 3850 paenitentiam

2092 3875 2467 3943 Gerbodonis,
2524 3890 2723 3930 manus
2771 3890 2913 3942 quas
2963 3870 3388 3929 detruncandas
3437 3865 3732 3923 obtulerat

2087 3965 2201 4032 jam
2254 3981 2358 4018 non
2410 3980 2540 4020 snas
2591 3964 2690 4019 sed
2742 3963 2960 4018 Domini
3012 3975 3139 4016 esse
3183 3957 3484 4027 judicavit,
3519 3968 3735 4025 praeac-

2097 4054 2293 4122 pitque
2335 4055 2382 4107 ei
2430 4058 2486 4107 ut
2534 4067 2634 4121 per
2678 4052 2970 4107 dominum
3024 4051 3313 4117 Hugonem
3368 4044 3730 4100 Cluniensem

2093 4142 2357 4194 abbatem
2413 4145 2733 4205 revertens,
2794 4140 3034 4196 referret
3077 4137 3127 4192 ei
3173 4149 3395 4190 omnem
3450 4132 3528 4187 rei
3583 4129 3733 4186 ordi-

2093 4243 2239 4294 nem,
2276 4241 2449 4295 scque
2479 4227 2601 4294 ejus
2633 4227 2874 4281 consilio
2903 4225 3191 4280 crederet.
3229 4222 3328 4276 [lle
3361 4221 3431 4275 ad
3463 4220 3728 4274 abbatem

2091 4315 2341 4370 veniens.
2396 4315 2521 4382 ejus
2567 4312 3074 4368 exhortationitms
3123 4309 3390 4375 credidit,
3436 4311 3493 4361 et
3526 4309 3730 4376 postea

2091 4402 2338 4457 eximius
2373 4403 2580 4455 subeo
2615 4402 2928 4454 monachus
2977 4397 3190 4452 claruit
3241 4397 3373 4466 (97).
3426 4392 3729 4449 Comitissa

2092 4504 2229 4543 vero
2270 4489 2457 4555 gratia
2503 4487 2780 4542 Flandras
2825 4485 3229 4554 recuperandi,
3264 4489 3320 4537 et
3357 4481 3532 4538 ﬁlium
3567 4494 3730 4536 suum

2092 4576 2342 4630 oceisnm
2381 4573 2730 4636 vindicandi,
2774 4573 3096 4642 Philippum
3131 4573 3481 4625 Francorum
3513 4581 3729 4636 regem,

2094 4663 2278 4733 ipsum
2315 4676 2541 4730 quoque
2575 4661 2944 4715 Godet‘ridum
2989 4659 3190 4713 ducem
3226 4663 3284 4712 et
3315 4655 3612 4710 Albertum
3643 4668 3735 4709 co-

330 4764 518 4806 rerum
563 4752 689 4821 ejus
732 4754 1025 4809 mobilium
1061 4755 1112 4808 in
1159 4757 1465 4825 praesentia
1499 4773 1698 4811 eorum
1736 4775 1794 4813 se
1830 4760 1977 4815 velle
2008 4731 2059 4791 D
2094 4761 2285 4814 mitem
2337 4761 2747 4812 Namucenscm
2801 4755 3126 4824 multosque
3169 4754 3316 4809 alios
3351 4750 3732 4819 Lotharingiaa

332 4852 457 4894 cum
509 4839 720 4896 abbate
771 4841 1060 4908 dividere;
1113 4843 1219 4898 hoc
1253 4845 1332 4898 illi
1369 4846 1475 4913 jam
1511 4847 1820 4913 suﬂieeret,
1873 4863 1975 4903 nec

335 4939 392 4980 se
424 4927 673 4998 amplius
704 4944 880 4997 super
921 4931 1032 4986 hiis
1072 4932 1427 4987 molestaret.
1483 4934 1839 4990 Adhortatus
1882 4938 1974 4990 ab—

336 5013 434 5068 bas
469 5021 531 5070 ut
563 5015 792 5070 interim
828 5032 955 5086 qua)
987 5021 1458 5075 concedebantur
1489 5022 1835 5091 susciperet,
1878 5038 1974 5077 ne-

335 5101 725 5170 quejuvenem
753 5105 1098 5176 quandoque
1125 5108 1538 5163 meliorandum
1567 5117 1966 5179 eanperarct,

2090 4854 2146 4901 et
2180 4848 2432 4901 Franciae
2464 4845 2758 4914 principes
2787 4845 3070 4898 adversus
3103 4843 3416 4897 l‘tobertum
3449 4837 3727 4898 condixit,

2092 4940 2287 4989 taxato
2312 4934 2556 5001 singulis
2581 4933 2767 5002 pretio
2791 4932 3045 5002 ejusdem
3077 4927 3482 4985 condictionis.
3520 4927 3726 4980 Fuerat

2087 5028 2277 5077 autem
2304 5022 2619 5093 praedictus
2652 5021 2831 5075 abbas
2864 5019 3033 5087 longo
3067 5024 3200 5074 ante
3231 5022 3494 5086 tempore
3519 5021 3578 5069 et
3606 5013 3728 5068 Bal-

2085 5111 2261 5167 duiuo
2303 5117 2357 5165 et
2404 5108 2659 5165 Richeldi
2713 5109 2855 5162 adeo
2909 5106 3208 5161 familiaris
3246 5110 3304 5160 et
3344 5103 3597 5158 dilectus
3665 5106 3728 5155 ut

1689 5241 1922 5296 VARLE
1967 5242 2359 5297 LECTIONES.

399 5327 444 5362 "
477 5331 929 5390 absternendum
972 5339 1014 5389 t.
1097 5335 1140 5367 ‘°
1170 5337 1258 5393 ita
1293 5341 1338 5390 1·

1924 5461 2140 5516 ΝΟΤιιΕ.

282 5583 513 5710 -Ηέξέ
575 5587 866 5659 Assenoy,
936 5595 995 5645 et
1063 5591 1354 5662 θὶυοαηθ,
1421 5593 1585 5661 juxta
1658 5593 1968 5649 Sedanum.

401 5723 513 5796 (95)
579 5728 957 5786 Bellonam.
997 5731 1060 5785 R.

403 5796 513 5865 (96)
586 5798 913 5870 (Ηιέυίθην.
948 5800 1010 5856 R.

2161 5593 2273 5664 (97)
2305 5593 2604 5664 Aruulfum
2636 5607 2663 5646 a
2700 5590 3451 5664 Gerbodoncinterfectum
3483 5603 3642 5664 esse,
3669 5595 3726 5664 et

2090 5658 2268 5721 totam
2296 5666 2365 5720 de
2390 5663 2498 5720 boc
2525 5664 2911 5718 narrationem
2945 5660 3164 5716 eisdem
3191 5661 3308 5716 fere
3335 5660 3529 5717 verbis
3555 5658 3730 5714 refert

2091 5735 2456 5860 Giséegertus
2493 5736 2544 5789 in
2580 5735 2784 5789 Chron.
2825 5731 3153 5800 Hannonis),
3188 5733 3278 5786 od.
3316 5734 3394 5787 Dn
3430 5731 3733 5788 Chasteler

2092 5822 2144 5876 Ρ·
2215 5846 2230 5873 ν
2302 5847 2313 5860 ο
2916 5871 2918 5873 ,
3591 5858 3594 5860 .

2135 5846 2313 5873 .ν,..
