3936 6508
238 453 383 519 18³71

1245 447 1726 520 GHRONICON
1755 449 1824 517 Β.
1858 445 2236 518 HUBERTI-
2255 445 2651 517 A-NDAGIN.

3505 453 3680 516 1372

231 604 579 668 multotiens
629 605 704 666 ab
747 604 832 665 eis
881 611 1183 678 exoratus,
1234 605 1572 680 aliquandiu
1624 605 1892 666 Flandris
1920 587 1979 650 Α
2005 603 2196 677 ciniis,
2229 621 2360 664 cum
2390 621 2461 665 ex
2488 606 2599 665 hoc
2639 604 2780 664 nihil
2822 605 2950 680 ipse
2993 605 3327 679 profecerit,
3367 593 3674 667 ballidiori

232 700 562 754 moraretur
593 711 723 754 cum
759 696 893 768 illis,
929 702 990 754 et
1019 701 1237 770 praeter
1270 696 1450 754 multa
1497 697 1735 754 donaria
1769 697 1892 768 qui-

233 785 341 843 bus
395 785 468 842 ab
521 789 773 857 utroque
820 787 1054 844 redibat
1103 787 1448 857 honoratus,
1495 787 1610 844 duo
1653 786 1886 854 allodia,

233 874 457 932 scilicet
480 873 839 932 Sulmodium
865 878 978 947 (98)
1002 875 1147 934 satis
1165 876 1504 946 contiguum
1533 877 1890 934 monasterio

225 967 283 1021 et
322 965 537 1020 Tavers
575 963 630 1020 in
673 965 980 1036 Hasbania,
1030 964 1202 1036 legali
1253 965 1570 1022 donatione
1621 965 1888 1023 ecclesias

230 1052 382 1111 beati
417 1053 660 1110 Huberti
695 1054 750 1110 in
781 1059 1128 1128 perpetuum
1160 1053 1372 1112 collata
1405 1056 1674 1126 Optinere
1705 1069 1886 1112 mere-

229 1147 392 1199 retur
411 1144 545 1214 (99).
569 1144 786 1200 Etcum
805 1145 1066 1201 eamdem
1090 1144 1447 1202 comitissarn
1471 1144 1610 1200 licet
1631 1160 1659 1201 a
1687 1146 1887 1217 priore

227 1235 522 1305 potestate
581 1230 863 1304 dejeetam
920 1235 1136 1305 saepius
1191 1239 1381 1290 tamen
1443 1234 1750 1304 reviseret,
1815 1249 1887 1291 ex

226 1321 407 1393 priori
438 1322 691 1379 amicitia
724 1323 1037 1380 occasione
1067 1323 1365 1395 praedictae
1396 1323 1806 1381 conductionis
1843 1305 1886 1356 ⁴¹

225 1409 597 1468 Caviniacum
627 1410 830 1469 iiscum
857 1411 952 1468 illa
978 1411 1030 1469 ei
1054 1412 1109 1468 in
1137 1412 1308 1470 vadio
1341 1412 1746 1484 accipiendum
1781 1427 1886 1484 per

222 1497 593 1556 Lambertum
643 1501 920 1572 majorem
971 1502 1203 1558 obtulit.
1261 1502 1514 1559 laetatus
1555 1503 1736 1558 abbas
1772 1501 1884 1579 sibi

221 1587 420 1646 offerri
469 1589 864 1661 Caviniacnm,
912 1605 1079 1662 quem
1127 1591 1242 1661 jam
1293 1591 1393 1648 diu
1439 1589 1882 1648 desideraverat

221 1676 490 1734 ecclesiae
523 1678 960 1749 acquirendum,
996 1685 1282 1751 praesente
1313 1683 1372 1736 et
1407 1685 1700 1736 annuente
1736 1679 1886 1737 duce

222 1763 536 1823 Godefrido
575 1767 924 1837 quingentos
965 1769 1254 1826 bizantios
1295 1770 1424 1827 auri
1458 1771 1530 1826 de
1563 1768 1882 1826 elemosina

219 1855 404 1924 patris
459 1857 548 1912 sui
609 1857 917 1912 Caviniaco
975 1859 1380 1930 superposuit,
1433 1864 1490 1914 et
1543 1860 1626 1916 sic
1677 1859 1880 1917 llscnm

2004 695 2306 753 aversione
2355 695 2749 756 imminentem
2802 696 2913 754 sibi
2962 698 3158 755 acrius
3205 697 3392 755 vitare
3440 697 3659 771 cmpit.

2004 786 2255 842 Coactus
2278 787 2510 843 tandem
2535 788 2716 844 abbas
2739 788 2812 844 de
2832 801 2900 844 eo
2922 787 3256 859 desperare,
3284 792 3344 845 ut
3368 792 3496 844 erat
3517 788 3669 844 ami-
3767 823 3788 832 ο

2001 873 2278 931 cissimus
2315 875 2547 932 domino
2589 877 2938 934 Herimanno
2975 877 3314 934 Metensium
3353 877 3660 949 episcopo,

2003 961 2296 1034 disposuit
2323 979 2454 1020 cum
2475 979 2544 1022 eo
2567 965 2803 1022 Romam
2829 965 2913 1020 ire
2937 965 3104 1036 (102),
3127 965 3329 1022 volens
3351 965 3421 1022 de
3437 971 3660 1023 eventu

2001 1066 2194 1109 rerum
2249 1067 2452 1124 papam
2507 1053 2845 1124 Gregorium
2899 1055 2993 1110 Vll
3045 1053 3372 1126 consulere,
3404 1059 3461 1110 et
3497 1054 3662 1112 inter

1999 1140 2250 1198 eundum
2287 1141 2358 1199 de
2388 1141 2605 1199 eisdem
2645 1157 2816 1213 agere
2861 1157 2991 1200 cum
3035 1143 3348 1200 marchissa
3387 1143 3659 1201 Beatrice

2001 1229 2120 1298 (an.
2161 1232 2344 1302 1074).
2381 1233 2630 1302 ingressi
2685 1232 2834 1288 viam
2885 1233 3079 1288 Romae
3129 1247 3301 1304 pasca
3347 1231 3660 1290 celebrare

1998 1319 2326 1386 certabant,
2381 1319 2479 1376 scd
2539 1320 2908 1378 tardantibus
2967 1335 3068 1378 eos
3127 1321 3488 1393 quibusdam,
3550 1321 3655 1392 qui

1999 1407 2247 1464 obsonia
2271 1407 2548 1480 episcopo
2573 1411 2843 1466 certatim
2870 1409 3300 1482 impendebant,
3333 1411 3404 1468 ad
3430 1411 3655 1468 Lunen-

1997 1511 2116 1554 sem
2143 1505 2373 1570 portuni
2401 1507 2796 1572 pervenerunt
2830 1501 3066 1572 majoris
3096 1501 3470 1557 hebdomadze
3500 1501 3652 1558 feria

1999 1585 2196 1656 quinta
2233 1588 2392 1658 (Apr.
2425 1590 2530 1658 17).
2570 1589 2650 1644 lbi
2676 1589 2934 1645 occurrit
2966 1587 3081 1645 illis
3109 1589 3337 1658 legatus
3368 1588 3654 1646 marchis-

1997 1688 2076 1731 aai
2105 1675 2408 1746 Beatricis,
2441 1693 2569 1732 cum
2602 1678 2878 1750 precibus
2905 1677 3079 1733 etiam
3111 1677 3241 1734 filiae
3270 1677 3395 1748 ejus
3422 1676 3653 1735 Matbil-

1999 1761 2108 1833 dis,
2155 1767 2217 1820 ut
2263 1765 2423 1822 Pisas
2458 1766 2841 1836 divorterent,
2889 1769 2948 1822 ut
2991 1765 3139 1838 apud
3179 1779 3279 1822 eas
3323 1767 3645 1837 proximum

1999 1865 2168 1923 pasea
2189 1852 2727 1926 solleuipnizarent.
2751 1853 3064 1912 Consultus
3077 1855 3258 1912 abbas
3275 1854 3346 1911 ab
3364 1855 3647 1928 episcopo

219 1945 486 2001 eumdem
538 1944 772 2002 interim
803 1947 914 2002 sub
945 1947 1202 2004 testibus
1249 1947 1547 2018 legitimis,
1604 1947 1880 2005 videlicet
1911 1947 1964 2007 B
1997 1941 2136 2012 quid
2169 1941 2302 1998 inde
2329 1943 2633 2000 videretur
2655 1943 2785 2013 sibi,
2823 1943 3124 2016 respondit
3159 1943 3256 2000 ille
3287 1957 3396 2000 non
3425 1943 3646 2002 debere

221 2031 496 2102 Segardo,
535 2033 796 2104 Aruulfo,
831 2034 1105 2106 Gozuino,
1132 2041 1189 2093 et
1213 2036 1537 2108 Tictboldo,
1569 2037 1620 2092 in
1647 2037 1879 2095 vadium

219 2122 462 2184 accepit.
489 2121 790 2180 Richeldis
812 2137 952 2180 vero
977 2138 1104 2180 cum
1131 2125 1366 2182 amissis
1387 2130 1474 2182 tot
1497 2127 1774 2198 expensis
1798 2128 1882 2182 ni"

219 2210 336 2267 cbil
370 2211 739 2283 profecisset,
783 2213 982 2284 fugato
1013 2213 1187 2270 etiam
1224 2215 1492 2288 Philippo
1524 2222 1876 2272 Francorum

217 2313 354 2370 rege
389 2316 418 2358 a
451 2301 712 2358 Rohcrto
746 2302 1006 2374 Frisone,
1039 2303 1110 2360 ad
1145 2304 1443 2361 dominum
1478 2305 1875 2360 'l'heoduinum

214 2387 584 2448 Leodiensem
617 2391 956 2464 episcopum
991 2407 1056 2449 se
1085 2393 1358 2462 contulit,
1394 2398 1453 2449 et
1485 2395 1540 2450 ei
1573 2395 1874 2450 Montense

215 2481 473 2535 castrum
516 2494 646 2536 cum
689 2479 841 2536 omni
885 2481 1104 2538 honore
1137 2479 1219 2537 illi
1261 2483 1530 2553 subjecto
1558 2481 1624 2553 ",
1657 2487 1873 2540 sancta

217 2567 408 2624 Mariae
450 2574 771 2639 sanctoque
813 2569 1119 2626 Lamberto
1159 2571 1426 2627 eumdem
1457 2570 1694 2628 obtulit.
1735 2571 1872 2638 Quae

217 2657 509 2728 coemptio
567 2657 848 2716 ecclesias
910 2658 1194 2730 episcopii
1265 2659 1466 2716 amixit
1526 2660 1874 2730 gravissime

215 2741 474 2817 (100-1),
535 2751 795 2802 nostram
860 2761 1090 2818 quoque
1158 2747 1434 2818 spoliavit
1495 2763 1566 2804 ex
1625 2749 1870 2808 maxima

216 2837 400 2904 parte.
434 2835 782 2892 lntendebat
807 2835 957 2892 enim
1001 2836 1300 2894 cumitissa
1344 2837 1570 2894 viribus
1611 2837 1868 2909 episcopi

214 2919 497 2980 adversus
547 2923 863 2980 Robertum
900 2937 963 2980 se
1003 2922 1222 2996 aliquid
1277 2939 1448 2996 posse
1499 2924 1709 2995 moliri,
1765 2925 1868 2982 sed

214 3023 324 3066 non
360 3009 686 3084 praevaluit.
722 3011 1033 3070 Venditum
1066 3015 1258 3069 tamen
1291 3019 1549 3070 castrum
1583 3029 1712 3070 cum
1746 3013 1870 3070 suis

214 3099 570 3171 appenditiis
603 3101 656 3156 in
687 3099 920 3158 feodum
953 3102 1198 3174 recepit.

231 3219 252 3228 -
277 3209 366 3262 25.
401 3206 538 3278 (35.)
571 3208 960 3264 Grassabatur
988 3208 1209 3266 interea
1241 3208 1552 3266 discidium
1583 3187 1747 3265 inter.
1771 3210 1868 3266 ab-

1993 2029 2224 2098 gravari
2245 2028 2639 2100 dignationem
2662 2045 2880 2101 magnas
2901 2031 3222 2103 petitionis,
3248 2043 3432 2102 neque
3450 2030 3645 2088 differ-

1993 2121 2082 2172 ret
2115 2116 2398 2175 invitatus
2430 2134 2762 2188 occurrere,
2793 2134 2922 2176 cum
2949 2119 3243 2189 negotium
3268 2119 3512 2178 adeundi
3537 2133 3642 2177 eas

1990 2205 2356 2264 incumberet
2393 2209 2676 2280 utrisque.
2713 2210 2806 2266 Sic
2827 2208 3192 2266 divertentes
3211 2209 3374 2266 Pisas
3397 2209 3642 2266 honora-

1990 2293 2190 2351 biliter
2231 2299 2490 2368 suscepti
2533 2304 2672 2354 sunt
2702 2313 2730 2355 a
2766 2304 2950 2354 matre
2989 2303 3048 2356 et
3081 2314 3112 2354 a
3141 2297 3278 2370 filia,
3319 2299 3462 2356 satis
3499 2299 3640 2356 emi-

1985 2385 2288 2442 nentiores
2313 2388 2531 2444 ceteris
2561 2387 2885 2444 curialibus
2915 2387 3100 2444 habiti
3134 2388 3188 2444 in
3219 2387 3417 2446 eadem
3449 2389 3630 2446 curia.

1985 2473 2045 2528 ln
2078 2473 2450 2532 exsolvendis
2498 2475 2834 2548 pascalibus
2883 2475 3084 2533 ofﬁciis
3133 2481 3522 2533 convenerant
3552 2477 3634 2534 ibi

1982 2567 2207 2633 septem
2241 2564 2527 2636 episcopi,
2564 2564 2792 2636 hiisque
2821 2565 3092 2622 omnibus
3121 2565 3461 2636 postpositis
3485 2565 3636 2623 cele-

1983 2647 2170 2708 britas
2192 2651 2502 2708 missarum
2526 2651 2833 2710 dominicae
2855 2653 3311 2710 resurrectionis
3331 2654 3451 2726 (an.
3473 2656 3628 2724 1076,

1979 2740 2124 2812 Apr.
2159 2744 2268 2800 20.)
2314 2740 2510 2798 oblata
2541 2747 2636 2798 est
2665 2741 2884 2812 agenda
2920 2742 3266 2798 Herimanno
3293 2743 3628 2800 Metensium

1979 2827 2278 2902 episcopo.
2313 2829 2558 2887 Videres
2581 2836 2799 2902 praeter
2819 2831 3184 2889 saecularium
3215 2831 3628 2888 confluentium

1981 2917 2339 2990 multiplices
2365 2918 2604 2990 glorias,
2640 2919 2992 2976 clericorum
3025 2919 3238 2977 diversi
3270 2919 3492 2978 ordinis
3523 2921 3630 2977 fre-

1981 3005 2299 3078 quentiam,
2335 3007 2732 3064 ecclesiastici
2775 3007 3082 3065 ministerii
3123 3023 3258 3064 vasa
3297 3008 3423 3066 auri
3459 3012 3515 3064 et
3543 3023 3630 3065 sr-

1976 3094 2136 3164 genti
2172 3095 2620 3167 quamplurima,
2656 3096 2873 3152 diversi
2908 3101 3225 3169 apparatus
3248 3100 3445 3154 vestes
3469 3111 3629 3170 pere-

1977 3183 2194 3253 grinas,
2233 3184 2556 3240 Beatricem
2589 3189 2650 3240 et
2681 3185 3011 3241 Mathildem
3045 3184 3434 3258 procedentes
3463 3187 3625 3257 quasi

214 3295 402 3352 batem
424 3301 487 3353 et
509 3295 735 3366 ducem,
769 3296 914 3354 duce
947 3297 1177 3368 quidem
1205 3314 1234 3352 ε]
1263 3298 1372 3354 fide
1398 3299 1548 3370 patri
1578 3299 1864 3370 promissa
1898 3301 1946 3364 (ι
1977 3281 2281 3370 cuiusdam
2335 3281 2750 3370 dominationis
2801 3283 3208 3370 praefecturas.
3255 3282 3540 3370 Episcopo
3567 3281 3624 3338 in

209 3384 440 3442 omnino
465 3385 792 3453 deficiente,
821 3386 1034 3442 abbate
1058 3401 1194 3444 vero
1219 3394 1279 3443 ut
1302 3402 1426 3444 eam
1450 3387 1780 3444 exsolveret
1811 3388 1864 3443 in

207 3473 647 3544 emancipandis
679 3473 966 3532 eondictis
1006 3477 1078 3532 ab
1119 3491 1190 3532 eo
1231 3477 1703 3548 possessionibus
1735 3492 1868 3534 con-

209 3566 436 3619 stanter
453 3563 742 3632 exigente.
767 3563 877 3620 Sed
897 3579 1085 3636 neqne
1109 3566 1385 3622 frustrata
1410 3572 1500 3622 est
1520 3565 1867 3638 imprecatio

207 3651 411 3722 patris,
440 3666 630 3723 quam,
659 3658 718 3708 ut
739 3652 957 3710 dictum
977 3660 1088 3722 est,
1115 3653 1234 3710 filio
1254 3655 1574 3712 moriturus
1597 3655 1863 3724 ingessit,

207 3738 477 3810 imposita
507 3740 841 3798 conditione
862 3741 998 3798 vitm
1022 3757 1140 3800 suae
1163 3749 1220 3798 et
1249 3743 1516 3808 honoris;
1553 3757 1683 3799 nam
1718 3757 1868 3800 uxor

205 3827 331 3896 eius
361 3828 614 3885 Matildis
655 3843 725 3886 eo
767 3829 976 3886 relicto
1020 3830 1473 3900 Langobardiam
1517 3830 1710 3900 rediit,
1764 3845 1869 3888 ste-

205 3905 454 3980 piusque
506 3909 819 3966 mandante
871 3909 1079 3966 marito
1114 3915 1176 3966 ut
1208 3910 1449 3975 rediret,
1507 3924 1621 3967 non
1676 3911 1864 3968 solum

207 4009 318 4052 non
341 3997 794 4067 obtemperavit,
831 4013 1028 4054 verum
1053 3997 1238 4054 edixit
1265 3999 1584 4064 mandanti,
1621 4006 1683 4056 ut
1706 4000 1774 4056 ad
1803 4014 1868 4056 se

204 4082 302 4143 ille
325 4085 572 4152 veniret,
607 4090 664 4142 et
693 4085 845 4142 sicut
868 4101 930 4143 se
953 4093 1187 4144 curaret
1221 4102 1454 4158 capsam
1485 4088 1864 4160 reliquiarum

205 4173 388 4244 patris
416 4173 504 4232 sui
539 4174 820 4232 Bonifacii
851 4175 960 4232 sibi
993 4175 1270 4232 deferret.
1307 4176 1598 4234 Seductus
1631 4176 1728 4234 ille
1763 4191 1866 4249 spe

202 4263 583 4320 concilianda)
617 4263 730 4320 sibi
775 4263 1058 4334 conjugis,
1091 4267 1391 4338 praefatam
1424 4281 1661 4338 eapsam
1693 4269 1868 4324 ebur~

202 4363 364 4406 uram
393 4367 523 4408 cum
557 4352 819 4423 reliquiis
851 4352 1047 4408 abbati
1079 4353 1370 4410 volenter
1401 4355 1645 4411 abstulit
1667 4361 1727 4411 et
1749 4356 1859 4411 Ma-

203 4438 369 4495 thildi
393 4439 618 4510 retulit,
653 4441 859 4497 relicto
883 4446 1076 4498 tamen
1102 4441 1273 4499 altari
1300 4443 1448 4514 quod
1479 4443 1669 4500 fuerat
1695 4458 1856 4515 papa)

197 4527 498 4585 Johannis.
537 4527 644 4585 Sed
679 4543 784 4586 nec
816 4531 899 4586 Ec
931 4530 1161 4600 quidem
1186 4532 1338 4602 apud
1371 4546 1496 4588 eam
1531 4531 1856 4588 maritalem

1981 3368 2080 3424 tali
2117 3383 2322 3440 pompa
2347 3369 2555 3425 missas
2579 3369 2937 3440 celebrante,
2972 3371 3154 3428 abbas
3175 3369 3231 3426 in
3255 3369 3501 3442 quodam
3530 3384 3626 3427 an-

1975 3457 2112 3528 gulo
2135 3472 2197 3513 se
2217 3456 2470 3527 celabat,
2489 3462 2698 3530 cperto
2717 3460 2907 3530 capite
2929 3459 3077 3516 satis
3104 3459 3400 3516 humiliter
3419 3472 3624 3516 vacans

1978 3545 2322 3618 psalmodiae
2373 3561 2503 3604 cum
2561 3547 2866 3604 Lamberto
2917 3548 3132 3618 majore
3163 3555 3220 3603 et
3253 3549 3487 3604 minore.
3522 3549 3624 3602 Ma-

1981 3635 2186 3690 thildis
2217 3635 2697 3708 circumspiciens
2730 3635 3116 3708 deprehendit
3146 3637 3414 3692 abbatem
3445 3637 3623 3694 latere

1980 3721 2366 3794 laborantem,
2396 3728 2453 3782 et
2490 3725 2662 3781 nichil
2697 3724 2918 3795 glorias
2959 3730 3072 3782 tam
3119 3726 3338 3782 festivae
3377 3729 3625 3782 ostenta-

1978 3811 2158 3869 tionis
2188 3820 2510 3870 curantem.
2548 3815 2880 3870 Assistebat
2915 3829 3056 3870 vero
3087 3814 3137 3870 ei
3165 3815 3218 3869 in
3251 3814 3624 3871 decantandis

1981 3898 2218 3971 psalmis
2233 3900 2506 3958 dominus
2529 3902 2838 3958 Anselnius
2858 3907 2995 3973 post
3015 3901 3400 3959 Alexandrum
3423 3915 3619 3974 papam

1979 3989 2286 4045 ordinatus
2308 3989 2582 4046 Lucensis
2605 3989 2939 4062 episeolius,
2965 3990 3053 4047 vir
3071 3991 3375 4048 admodum
3402 3989 3622 4062 religio-

1979 4102 2098 4155 sus,
2133 4091 2189 4144 et
2216 4101 2326 4143 non
2353 4087 2536 4143 multo
2565 4093 2694 4157 post
2721 4087 2870 4144 felici
2895 4103 3138 4146 excessu
3173 4089 3621 4145 clarescentibus

1980 4175 2274 4234 miraculis
2307 4176 2460 4231 inter
2492 4182 2729 4233 sanctos
2753 4191 2782 4234 a
2807 4177 3047 4234 Domino
3079 4183 3432 4234 assumptus.
3467 4178 3620 4234 Hunc

1979 4267 2046 4321 ad
2078 4266 2349 4321 abbatem
2384 4264 2564 4334 misit,
2597 4270 2656 4321 et
2692 4271 2755 4322 ut
2785 4267 3060 4338 superius
3101 4266 3442 4323 ascenderet
3475 4279 3622 4323 man-

1977 4353 2154 4410 davit.
2181 4355 2402 4410 Etcum
2425 4353 2725 4410 obedienti
2749 4353 2922 4411 sedes
2945 4354 3200 4424 deesset,
3228 4355 3517 4412 Mathildis
3540 4369 3624 4410 as-

1975 4457 2220 4514 surgens
2241 4442 2292 4498 ei
2317 4457 2500 4513 suam,
2539 4446 2596 4499 ut
2629 4448 3004 4514 eratparata,
3042 4443 3388 4513 transmisit,
3426 4442 3624 4498 miran-

1974 4532 2136 4588 tibus
2185 4530 2418 4587 cunctis
2448 4545 2574 4602 quae
2607 4537 2764 4588 esset
2797 4545 3045 4602 persona
3073 4534 3254 4588 tanta
3307 4530 3456 4603 apud
3505 4545 3620 4588 eam

197 4615 446 4686 gratiam
493 4616 768 4690 optinuit,
821 4623 1179 4690 Spretusque
1210 4621 1282 4676 ab
1316 4636 1378 4676 ea
1412 4625 1467 4674 ct
1507 4620 1737 4677 iuactns
1783 4621 1857 4676 ab
1888 4659 1940 4718 υ
1975 4619 2300 4690 dignitatis.
2320 4619 2987 4676 Discessurnsautemin
3005 4619 3326 4676 crastinum
3345 4619 3620 4692 (Apr.2l),

204 4703 364 4761 ltalia
399 4703 824 4777 Lotharingiam
863 4706 1054 4763 rediit.
1100 4708 1382 4765 Conscius
1418 4723 1556 4764 vero
1589 4725 1649 4764 se
1685 4709 1864 4764 abba-

202 4796 316 4848 tem
340 4794 579 4865 gravins
599 4794 912 4852 oﬂ'endisse
936 4811 1042 4867 pro
1065 4795 1279 4854 ablatis
1301 4801 1640 4853 sanctorum
1667 4802 1859 4869 patro-

1972 4722 2104 4765 cum
2138 4707 2189 4762 ei
2225 4707 2378 4762 inter
2417 4711 2614 4764 cetera
2658 4707 3074 4764 familiaritatis
3111 4707 3419 4779 colloquia,
3467 4707 3623 4763 dece-

1976 4801 2136 4868 ptum
2159 4811 2218 4852 se
2237 4811 2266 4851 a
2289 4794 2608 4852 Godefrido
2625 4795 2696 4852 de
2715 4795 3028 4853 elemosina
3049 4796 3238 4868 patris
3255 4795 3318 4864 “,
3339 4795 3436 4852 illa
3455 4809 3623 4867 super

1579 4887 1814 4943 νΑΙὶιΑς
1850 4885 2248 4944 LECTIONES.

270 4979 311 5012 “
364 4980 474 5053 leg.
517 4981 926 5038 condietionis.

189 5052 387 5122 paret.

1023 4982 1068 5014 ⁴²
1115 4982 1474 5040 contradens
1511 4983 1809 5042 excidisse
1844 4983 2104 5042 videtur.

2203 4981 2248 5015 ⁸³
2296 4986 2764 5054 conquereretur
2804 4982 2898 5040 vel
2933 4982 3113 5040 aliud
3143 4981 3264 5038 tale
3293 4982 3488 5040 deesse
3517 4996 3612 5052 ap-

1796 5124 2018 5182 ΝΟΤίΕ.

277 5219 390 5290 (98)
426 5219 572 5276 alias
598 5221 803 5279 Sinus.
843 5222 904 5276 ll.

275 5291 762 5364 (99)ADonationis
808 5296 1166 5364 praeceptum
1199 5308 1242 5347 s.
1279 5291 1334 5347 d.
1370 5292 1686 5364 ediderunt
1726 5295 1866 5364 Fop-

206 5361 664 5435 ρεηξῆηρΙὶιωί
709 5361 880 5435 Ορρη
912 5361 1059 5435 Dipl.
1097 5362 1186 5428 IV,
1226 5365 1344 5430 185,
1382 5362 1636 5420 Mai-tene
1667 5369 1726 5418 et
1758 5361 1867 5421 Du-

208 5431 350 5506 rand
387 5431 830 5506 Coll.7Ampl.‘l,
864 5431 986 5489 487.

281 5503 509 5568 (100-1)
543 5503 753 5561 Eadem
811 5505 931 5560 fere
991 5505 1166 5560 verba
1225 5504 1442 5561 habent
1501 5504 1869 5562 Gislebertus

210 5587 262 5654 p.
297 5577 348 5654 9,
383 5580 441 5654 et
473 5574 734 5654 Aﬁgidins
767 5578 974 5654 Aurem
1003 5574 1193 5654 Vallis,
1217 5589 1266 5632 e.
1311 5581 1362 5644 3,
1401 5576 1495 5646 qui
1522 5575 1725 5632 damna
1755 5589 1869 5630 ma-

205 5643 352 5712 joris
384 5643 662 5704 Ecclesia
697 5645 864 5703 Leod.
900 5653 1222 5702 enumerat.

285 5713 434 5796 (l9?)
471 5715 632 5795 tionf.
671 5717 864 5796 yitam
895 5716 1118 5796 _Theod.
1165 5718 1254 5786 ιν,
1295 5719 1494 5796 ἔρξω.⁸
1525 5715 1607 5772 lbi
1639 5729 1868 5796 quoque

213 5785 582 5856 privilegium
608 5801 636 5842 a
665 5785 947 5859 Gregorio
975 5801 1238 5860 prmsens
1269 5787 1598 5845 obtinuisse
1631 5785 1866 5855 dicitur,

2020 5221 2129 5278 uod
2182 5221 2301 5277 Kal.
2356 5221 2518 5278 Maiis
2573 5224 2711 5278 1073
2763 5222 2959 5278 datum
2993 5226 3104 5278 est.
3135 5223 3213 5277 Eo
3247 5227 3436 5278 autem
3480 5236 3617 5276 anno

2027 5291 2293 5364 regor-ius
2323 5292 2513 5364 eral.
2550 5293 2676 5364 Mai.
2713 5293 2941 5364 electus
2972 5300 3084 5363 est,
3120 5291 3414 5364 paschalis
3447 5291 3620 5364 Domi-

1978 5363 2136 5434 nica
2162 5363 2270 5434 fuit
2303 5377 2342 5419 ll
2375 5362 2494 5418 Kal.
2539 5363 2778 5434 Aprilis.
2829 5362 3222 5421 Theodericus
3270 5378 3410 5433 ergo
3442 5363 3490 5418 si
3521 5377 3620 5418 cte-

1979 5440 2102 5490 tera
2129 5433 2220 5489 hic
2247 5440 2408 5490 recte
2433 5433 2666 5490 narrata
2690 5439 2846 5501 sunt,
2869 5435 3104 5490 Romam
3128 5441 3262 5491 ante
3284 5433 3616 5490 electionem

1977 5504 2239 5575 Gregorii
2291 5503 2550 5574 reliquit.
2605 5505 2728 5572 Quo
2781 5508 2843 5561 lit
2893 5512 2952 5562 ut
3005 5505 3116 5561 iter
3145 5505 3272 5574 ejus
3301 5520 3352 5560 a.
3396 5507 3524 5562 1074
3548 5505 3618 5560 sit

1977 5575 2692 5646 attribuendum,’nescio
2723 5592 2793 5646 an
2826 5577 3002 5632 etiam
3055 5575 3438 5646 privilegium.
3491 5575 3616 5630 Nam

1978 5659 2028 5700 a.
2067 5649 2206 5770 1:75
2237 5645 2504 5702 excludit
2533 5644 2785 5717 epistola
2818 5644 3077 5717 Gregorii
3120 5663 3247 5702 mox
3289 5659 3620 5702 commemo-

1979 5731 2080 5770 rau
2129 5729 2178 5770 3.

1979 5729 2178 5773 rauaa.
