3936 6500
335 511 486 572 18⁸78

1337 495 1817 567 CHRONICON
1851 495 1918 561 Β.
1954 494 2318 560 HUBFRTI
2350 491 2739 560 ANDAGIN.

3590 483 3732 550 13⁸74

327 675 442 731 hiis
472 673 769 730 dominum
805 689 1009 744 papam
1044 673 1463 728 consulendum
1497 670 1818 742 respondit,
1841 674 1894 726 et
1927 673 1988 724 ut
2020 631 2070 690 Α
2100 661 2293 728 vigilia
2330 658 2779 730 sollempnitatis
2835 655 2986 715 beati
3034 656 3275 715 Huberti
3309 669 3439 713 cum
3497 653 3737 713 honesta

331 765 652 820 faciliorem
672 764 889 818 aditum
910 764 1196 818 inveniret
1215 765 1361 831 apud
1384 778 1510 817 cum
1528 761 1986 832 optinendi,quze

332 854 530 918 vellet,
587 854 818 908 litteras
847 855 894 907 ei
959 855 1399 921 deprecatorias
1460 853 1810 921 eon'iposuit,
1847 865 1989 918 quas

331 943 662 1013 apostolico
689 943 895 996 redder
923 948 955 994 -t
982 958 1050 997 cx
1079 943 1304 998 nomine
1334 942 1636 998 Mathildis.
1686 941 1899 995 indicta
1934 947 1989 1002 ei

332 1031 675 1087 conditione
703 1049 732 1098 p
779 1048 802 1084 r
827 1048 887 1085 se
918 1032 1291 1098 redeunduet
1319 1029 1985 1099 quesibieveuirentilli

331 1121 649 1176 referendi.
704 1123 950 1176 Veniens
977 1136 1113 1186 ergo
1159 1123 1386 1175 Romam
1416 1137 1542 1174 cuin
1569 1121 1862 1188 epiSeOpo,
1901 1119 1990 1172 lit—

333 1216 495 1266 teras
528 1211 820 1266 Mathildis
873 1213 1249 1280 prmsentavit
1287 1211 1633 1279 apostolico.
1666 1213 1721 1266 et
1761 1226 1860 1276 per
1894 1224 1991 1263 cas

331 1312 461 1353 com
475 1301 779 1355 mendatus
800 1307 1100 1364 gratanter
1126 1306 1434 1369 susceptus
1455 1306 1543 1353 est
1573 1301 1750 1353 abeo.
1775 1301 1880 1352 Per
1904 1314 1990 1352 se-

331 1391 491 1456 ptem
515 1394 703 1443 autem
741 1391 864 1443 dies
899 1391 949 1443 in
986 1392 1135 1444 Urbe
1169 1390 1522 1453 demoratus,
1551 1394 1607 1442 et
1635 1389 1803 1454 cujus
1834 1393 1988 1442 esset

329 1475 470 1531 vitae
495 1484 554 1530 et
588 1479 893 1544 probitatis
925 1485 1288 1547 perspectus,
1318 1478 1460 1530 adeo
1488 1479 1675 1530 fretus
1707 1481 1796 1531 est
1832 1491 1988 1544 papae

328 1562 609 1624 dilectus.
637 1573 693 1621 ut
721 1568 811 1621 die
847 1568 1084 1635 quadam
1131 1570 1200 1619 ab
1232 1568 1369 1619 hora
1401 1569 1577 1635 prima
1610 1567 1660 1618 in
1699 1581 1859 1618 saera
1894 1581 1988 1618 ca-

331 1653 487 1722 pella
522 1671 646 1723 qure
705 1657 920 1710 dicitur
953 1657 1018 1710 ad
1082 1660 1347 1709 sani-tum
1411 1654 1776 1708 Laurentium
1815 1654 1984 1730 (1031,

332 1746 431 1800 ubi
469 1760 595 1800 cum
632 1743 907 1798 sandaliis
941 1744 1242 1796 dominicis
1279 1743 1603 1796 retinentur
1628 1743 1817 1808 capita
1855 1756 1988 1808 apri-

331 1834 620 1888 stolorum
657 1833 809 1885 Petri
845 1837 899 1883 et
951 1831 1134 1892 Pauli,
1191 1831 1412 1899 pariter
1444 1830 1550 1883 Soli
1613 1829 1986 1882 considentes

335 1922 516 1977 amica
544 1920 950 1974 virissitudiue
983 1919 1194 1972 divinis
1217 1920 1466 1987 eloquiis
1494 1918 1880 1976 intenderent.
1917 1933 1985 1969 eo

329 2026 522 2079 nsque
559 2015 620 2064 ut
651 2015 818 2063 nocte.
866 2024 1092 2077 supervi
1122 2008 1314 2061 niente
1351 2013 1607 2060 armatus
1643 2007 1812 2060 Urbis
1847 2022 1988 2074 prre-
2017 1981 2068 2038 Β

333 2102 526 2155 fectus
564 2114 704 2167 papa
758 2098 999 2162 jubente
1034 2098 1098 2149 ad
1134 2096 1446 2165 hospitium
1514 2112 1679 2147 suum
1716 2095 1983 2148 abbatem

329 2203 461 2243 cum
499 2188 618 2242 suis
668 2187 994 2240 reduceret.
1045 2186 1202 2238 Unde
1238 2191 1293 2237 et
1333 2185 1480 2238 inter
1523 2188 1720 2236 cetera
1755 2199 1879 2250 qum
1915 2185 1984 2236 ab

330 2292 402 2332 eo
437 2276 621 2344 gratia
661 2275 1075 2328 familiaiitatis
1107 2274 1350 2341 expetii,
1414 2272 1777 2342 privilegiui'n
1810 2272 1980 2325 etiam

331 2364 676 2433 apostolicae
728 2363 1077 2417 defensionis
1111 2362 1376 2416 ccclesim
1410 2377 1526 2413 sum
1561 2361 1981 2415 auctorizatum

333 2454 611 2523 optinuit,
650 2457 709 2507 ut
740 2452 1005 2505 ecelcsim
1043 2453 1305 2503 Romamn
1339 2453 1557 2503 tirmata
1595 2455 1652 2502 et
1684 2449 1980 2502 delirusata

334 2542 552 2597 auxilio
577 2547 631 2593 et
659 2541 1032 2600 auctoritate,
1054 2539 1283 2591 immota
1312 2537 1633 2590 stabilitate
1663 2536 1981 2589 mi’inastico

333 2631 524 2687 ordini
557 2630 606 2682 in
636 2633 975 2697 perpetuum
1004 2626 1370 2694 persisteret.
1399 2629 1453 2677 et
1479 2625 1526 2677 ei
1551 2625 1660 2688 jam
1689 2625 1898 2678 donata
1925 2628 1980 2676 et

335 2719 545 2773 ainodo
572 2715 830 2770 donanda
860 2715 1224 2768 anathemate
1255 2718 1474 2767 a-terno
1508 2713 1857 2782 interposito
1895 2713 1983 2766 lir-

336 2808 512 2860 miter
562 2807 915 2858 constarent.
953 2803 1069 2855 Hoc
1105 2802 1249 2855 idem
1285 2801 1645 2868 privilegium
1684 2816 1824 2868 papa
1860 2815 1888 2854 a
1922 2815 1980 2854 se

341 2895 626 2949 dictatum
676 2891 817 2944 etin
876 2890 1105 2957 publico
1165 2890 1521 2944 consistorio
1578 2891 1984 2942 Laterauensis

341 2981 543 3054 palatii
579 2981 725 3047 quod
755 2979 988 3033 dicitur.
1038 2979 1112 3031 Ad
1142 2979 1461 3047 Speculum,
1495 2993 1686 3032 coram
1722 2977 1986 3047 pluribus

340 3073 634 3145 episcopis
659 3078 715 3125 et
739 3071 1136 3126 eardinalilms
1160 3071 1422 3126 eeelesize
1440 3073 1706 3124 Romamn
1731 3070 1985 3135 recogni-

341 3160 1235 3227 tumetrelectum.subscripsit
1265 3176 1426 3212 manu
1455 3148 1982 3228 propria-:JIiscv'ai

342 3253 531 3307 tiones
556 3251 618 3304 tu
645 3265 686 3317 ιο,
739 3249 1001 3310 Domine,
1042 3263 1216 3317 super
1264 3250 1461 3303 omnia
1484 3263 1650 3315 opem
1679 3249 1804 3302 tuo.
1849 3251 1982 3301 Cum

2102 751 2492 822 processione,
2526 749 2956 817 responsorium
3003 748 3176 804 Cives
3209 747 3604 814 apostolorum
3645 747 3738 801 de-

2100 847 2388 899 eantante.
2422 839 2682 893 ecclesia)
2719 838 2931 893 intul‘t.
2970 839 3036 892 Et
3069 851 3134 892 ex
3169 842 3306 891 tunc
3341 837 3392 890 in
3420 836 3618 890 eadem
3645 834 3738 890 die

2098 928 2786 985 eumcommemoratione
2815 926 3045 994 Benigni
3073 925 3340 996 martyris
3361 923 3735 990 Divionensis,

2103 1018 2320 1072 C‘andii
2378 1032 2606 1087 quoque
2655 1016 3053 1071 celebritatem
3112 1014 3388 1084 agendam
3449 1011 3735 1068 communi

2101 1122 2344 1161 assensu
2380 1105 2849 1174 congregationis
2886 1103 3153 1160 instituit.

2171 1235 2262 1285 26.
2302 1232 2447 1297 (36.)
2475 1231 2609 1284 Cum
2651 1244 2788 1283 vero
2822 1229 3152 1284 Th‘oduino
3179 1225 3474 1283 Leodiensi
3510 1226 3732 1296 episco-

2103 1337 2172 1390 po
2209 1319 2436 1373 litteras
2471 1333 2630 1387 papae
2663 1335 2765 1387 pro
2795 1317 3101 1372 Goderrido
3133 1316 3182 1370 ci
3228 1316 3432 1372 m‘ssas
3467 1314 3735 1370 tradidis-

2101 1416 2210 1476 set,
2245 1414 2292 1460 et
2339 1406 2506 1477 paulo
2540 1412 2668 1476 post
2698 1407 3057 1476 privilegium
3094 1407 3406 1459 Romanum
3437 1403 3588 1472 quod
3608 1403 3734 1470 ejus

2099 1494 2475 1549 Concessione
2507 1499 2563 1548 et
2593 1495 2762 1549 laude
2814 1493 3074 1549 ccclesim
3133 1491 3281 1547 beati
3318 1490 3556 1546 Hnberti
3590 1491 3736 1559 opti-

2101 1587 2324 1640 nuerat.
2361 1584 2522 1651 quasi
2547 1584 2928 1646 congavisuro
2954 1581 3285 1641 obtulisset.
3319 1579 3387 1634 de
3421 1594 3586 1634 manu
3612 1578 3736 1644 ejus

2099 1672 2325 1740 accepit
2352 1671 2490 1724 illud
2541 1670 2980 1725 archidiaconus
3012 1671 3175 1734 Rose,
3207 1667 3297 1722 cui
3337 1667 3599 1722 etomnia
3633 1682 3733 1722 sua

2099 1759 2462 1828 procuranda
2516 1759 2658 1813 idem
2690 1758 3000 1828 episcomis
3040 1755 3372 1812 crediderat
3402 1755 3731 1824 specialius,

2101 1853 2160 1902 ut
2195 1863 2212 1898 ι’
2232 1854 2320 1900 rat
2366 1848 2668 1901 confectus
2703 1846 2880 1900 senio.
2919 1846 3066 1900 ldem
3104 1847 3249 1899 Boso
3280 1843 3607 1912 abbatijam
3635 1842 3731 1897 diu

2103 1936 2357 1989 infensus
2387 1941 2531 2000 erat,
2567 1950 2634 1989 eo
2694 1934 2846 2003 quod
2883 1933 3248 2003 prmbendam
3284 1947 3449 1985 unam
3508 1930 3733 1985 cuidam

2100 2024 2296 2093 nepoti
2329 2039 2432 2077 suo
2478 2024 2734 2077 Nasz‘inire
2775 2022 3102 2092 expetierat
3151 2035 3252 2074 nec
3299 2020 3735 2088 impetraverat,

2101 2114 2249 2165 und:-
2283 2119 2336 2165 et
2395 2111 2641 2166 collecto
2677 2110 2855 2164 livore
2916 2109 3277 2164 occasionem
3314 2122 3375 2162 se
3407 2106 3734 2161 vindicandi

2097 2201 2386 2253 attentius
2425 2201 2738 2267 qua-rebat.
2778 2197 3055 2266 Explicita
3105 2211 3243 2264 ergo
3295 2199 3452 2251 carta
3478 2200 3536 2249 et
3567 2193 3740 2248 offen-

2098 2303 2194 2340 sus
2220 2288 2432 2351 ignotis
2460 2285 2567 2339 sibi
2593 2286 2662 2340 ad
2695 2286 2998 2348 Iegemlum
3025 2285 3196 2346 notis,
3243 2284 3453 2352 quibus
3479 2283 3743 2338 conscri-

2097 2375 2312 2427 buntur
2349 2374 2642 2443 privilegia
2678 2375 2944 2427 Romamn
2969 2373 3341 2428 auctoritatis
3378 2372 3736 2439 t105):1\*’022,

2097 2463 2147 2515 in
2160 2480 2187 2530 q
2201 2463 2557 2529 uit,¢lubz.';mz.
2571 2463 2713 2532 quia
2733 2463 2872 2518 [tino
2889 2463 3066 2516 lateof
3079 2477 3110 2515 (ι
3123 2459 3735 2531 lieujusfi'audisprw

2091 2551 2552 2619 εἰὶθί-αηι,’ᾳτιοίί
2583 2551 2788 2618 uti/12w
2821 2551 2975 2606 celat
3002 2549 3302 2605 barbaries
3334 2547 3547 2603 lterum
3575 2548 3739 2603 nota-

2091 2654 2241 2692 rem.
2280 2641 2520 2706 Raptum
2555 2639 2626 2691 ab
2652 2654 2751 2692 ore
2776 2640 2900 2706 ejus
2934 2637 3170 2691 Verbum
3207 2637 3369 2706 quasi
3391 2636 3459 2690 ad
3492 2635 3736 2701 gratiam

2095 2726 2343 2780 dicentis
2375 2725 2644 2796 palatium
2677 2741 2848 2780 canes
2877 2731 3253 2794 exceperunt,
3286 2728 3590 2779 censentes
3614 2722 3740 2776 dili-

2094 2815 2324 2881 gentius
2344 2815 2722 2883 perscrutand
2738 2814 3006 2881 um,quod
3028 2819 3084 2868 ut
3103 2812 3328 2866 difﬁcile
3347 2811 3412 2866 ad
3432 2810 3734 2876 legendum

2095 2904 2401 2957 videbatur
2436 2903 2739 2957 incertum.
2777 2901 3020 2956 Tandem
3064 2901 3291 2955 easdem
3327 2903 3494 2954 notas
3526 2897 3739 2953 sensim

2099 2997 2538 3060 perscrutantes
2559 2991 2629 3042 hii
2651 2990 2743 3058 qui
2763 2987 3742 3057 interclericosjactitabanturper-

2098 3080 2472 3149 spicaciores,
2493 3079 3004 3148 (ῙΟΡΓΕΙῚΟΠ1101⁸11111
3027 3092 3140 3131 rem
3165 3081 3224 3130 ut.
3247 3081 3392 3144 erat,
3414 3074 3636 3129 scilicet
3657 3088 3742 3128 ec-

2098 3167 2332 3222 clesiam
2355 3167 2502 3221 beati
2525 3166 2760 3221 llnberti
2780 3164 3491 3234 speeialiusmancipatam
3511 3164 3738 3232 aposto-

2097 3256 2220 3310 licm
2247 3255 2588 3323 defensioni,
2613 3258 2948 3322 aeternoque
2972 3254 3338 3308 anathemate
3365 3251 3736 3307 interdictum

345 3354 482 3396 vero
517 3352 545 3392 a
596 3338 829 3393 condita
890 3337 1198 3391 Godefrido
1260 3337 1636 3405 promissione
1692 3336 1870 3390 abbas
1927 3351 1986 3389 se
2019 3333 2065 3393 C
2097 3343 2440 3410 cuicumque
2469 3357 2729 3412 personte
2755 3341 2841 3397 vel
2870 3340 3166 3411 potestati,
3204 3341 3422 3408 nequis
3452 3339 3501 3393 ei
3529 3353 3742 3410 praasu-

343 3427 759 3483 absolvendum
818 3430 1181 3494 exposceret,
1220 3426 1350 3494 quia
1385 3427 1435 3478 in
1471 3440 1533 3479 ea
1566 3425 1847 3493 explenda
1886 3424 1984 3478 lilii

341 3517 469 3584 ejus
519 3515 793 3570 auxilium
855 3514 960 3567 sibi
996 3515 1244 3581 deesset,
1298 3513 1657 3583 apostolicus
1715 3528 1820 3566 non
1855 3529 1988 3565 cnn-

343 3603 550 3670 scnsit,
611 3604 710 3658 sed
764 3602 981 3656 Annoni
1018 3601 1342 3656 Coloniensi
1377 3607 1430 3656 et
1464 3601 1795 3656 Theoduino
1855 3603 1987 3654 Leo-

344 3692 530 3746 dieusi
566 3692 902 3761 apostolicae
951 3691 1319 3745 anetoritatis
1379 3692 1652 3745 formatas
1712 3689 1988 3759 epistolas

344 3780 679 3845 destinavit,
729 3786 790 3834 ut
822 3779 1192 3833 Godelridum
1224 3779 1290 3832 ad
1325 3780 1429 3833 hoc
1461 3793 1571 3847 quo
1600 3779 1607 3828 l
1636 3778 1784 3847 patri
1823 3777 1986 3832 mori-

345 3875 478 3924 turo
527 3869 864 3924 condixerat
893 3866 1324 3933 exsolvemlum,
1353 3866 1442 3920 vel
1474 3867 1718 3921 consilio
1755 3865 1988 3921 inclina-

349 3963 495 4015 rent.
523 3956 612 4010 vel
634 3957 1033 4011 cccleSFastico
1051 3956 1373 4010 ministerio
1400 3955 1821 4010 inobedicntcm
1839 3968 1962 4007 com

345 4044 652 4115 pellerent.
682 4047 971 4098 Reversus
996 4045 1173 4098 abbas
1199 4059 1300 4112 per
1326 4043 1674 4106 Mathildi‘un,
1695 4048 1750 4096 ut
1779 4047 1826 4096 ei
1854 4057 1988 4096 con-

345 4133 594 4198 dixerat,
645 4133 891 4188 exsolvit
943 4133 992 4186 ei
1045 4131 1562 4187 commendationis
1593 4147 1709 4185 su:c
1739 4129 1980 4197 gratias,

349 4222 603 4277 referens
639 4238 764 4290 quae
820 4237 888 4275 ex
943 4221 1232 4275 sententia
1267 4221 1346 4274 illi
1379 4220 1565 4275 omnia
1599 4218 1747 4288 apud
1781 4233 1982 4287 papam

350 4316 768 4380 provenerant;
833 4309 925 4363 illa
959 4310 1090 4363 licet
1126 4309 1412 4363 nolentem
1469 4306 1821 4375 aliquamdiu
1856 4321 1982 4360 eum

347 4413 542 4453 secum
576 4398 836 4464 retinuit,
889 4404 948 4451 et
977 4397 1171 4452 casula
1208 4413 1315 4452 una
1351 4396 1476 4450 alba
1514 4411 1638 4463 qua:
1675 4396 1857 4449 fuerat
1889 4395 1985 4448 do-

347 4486 482 4541 mini
518 4501 679 4556 papze
716 4485 920 4541 Leonis
956 4487 1042 4543 IX.
1088 4484 1485 4539 subdiaconali
1515 4498 1743 4552 quoque
1791 4482 1983 4536 tunica

348 4589 510 4645 papae
543 4574 813 4643 Stephani
865 4573 958 4643 qui
1013 4573 1207 4627 dictus
1241 4573 1373 4626 olim
1431 4572 1755 4625 Fridericus
1807 4571 1986 4623 frater

349 4663 533 4718 fuerat
578 4661 742 4717 ducis
775 4660 1068 4715 Godet‘ridi
1108 4661 1370 4726 majoris;
1406 4676 1433 4715 a
1471 4676 1530 4715 se
1565 4659 1982 4729 digredientem

347 4751 670 4806 honoravit.
710 4752 817 4806 Nec
850 4753 1073 4803 tantum
1125 4751 1230 4803 hac
1261 4749 1382 4804 sola
1437 4750 1560 4803 vice
1591 4748 1774 4817 gratia
1809 4747 1986 4802 curia:

346 4839 504 4894 illius
527 4838 792 4894 ecclesiae
818 4844 1030 4892 nostra)
1057 4838 1296 4906 profuit.
1325 4837 1422 4891 sed
1459 4841 1513 4891 et
1544 4843 1799 4905 tempore
1828 4850 1986 4904 papze

348 4926 659 4981 Alexandri
695 4927 758 4991 ll,
794 4942 921 4980 cum
959 4925 1102 4979 idem
1137 4926 1315 4980 abbas
1341 4927 1515 4978 Roma
1545 4923 1984 4978 redieusdiver-

344 5019 499 5069 teret
529 5013 597 5069 ad
631 5018 869 5068 matrem
918 5018 975 5067 et
1011 5012 1182 5066 tiliam
1223 5013 1374 5082 apud
1409 5013 1781 5067 Fraxinutum
1816 5012 1985 5079 (104),

348 5118 460 5172 quo
506 5106 957 5158 construxerant
1007 5101 1422 5156 monasterium
1483 5097 1894 5155 monachorum
1932 5100 1984 5154 in

345 5191 589 5262 Alpibus
619 5190 959 5262 Appennini,
1010 5206 1108 5260 per
1164 5195 1384 5260 septem
1422 5191 1545 5244 dies
1578 5189 1869 5257 detentus,
1909 5189 1986 5243 ibi

273 5353 276 5356 ,
345 5280 560 5336 cotidie
586 5279 762 5350 pallio
788 5293 901 5334 uno
946 5285 1281 5334 muneratus
1303 5279 1611 5334 estabeis.
1639 5281 1699 5332 In
1726 5279 1816 5332 die
1851 5292 1986 5332 vero

347 5366 725 5436 digressionis
749 5382 865 5422 sua)
890 5367 1022 5422 data
1039 5374 1125 5422 est
1143 5383 1314 5437 capsa
1333 5382 1437 5422 una
1455 5369 1709 5422 eburnea
1729 5365 1988 5436 reliquiis

348 5454 566 5511 Claudii
593 5455 866 5524 martyris
899 5455 1171 5525 pretiosa,
1211 5471 1377 5524 quam
1402 5469 1595 5510 secum
1629 5457 1908 5510 revehens
1932 5455 1986 5507 in

2099 3435 2210 3485 mat
2237 3430 2540 3500 dampnmn
2566 3431 2777 3483 inl‘erre-
2801 3428 2890 3483 vel
2917 3428 3199 3495 injuriam,
3238 3427 3326 3482 vel
3351 3427 3403 3482 in
3431 3425 3739 3494 acquisitis

2099 3519 2186 3573 vel
2222 3519 2271 3572 in
2304 3517 2693 3588 acquirendis,
2757 3523 2935 3586 utque
2972 3516 3342 3571 monachicus
3369 3516 3510 3569 ordo
3573 3513 3648 3568 ibi
3685 3515 3736 3568 in

2098 3613 2440 3677 perpetuum
2461 3609 2571 3661 Deo
2598 3605 2887 3660 deserviat
2915 3605 3062 3659 liber
3085 3605 3271 3660 totius
3297 3601 3734 3671 im‘juietudinis.

2101 3697 2182 3750 Ad
2214 3697 2333 3751 hmc
2371 3698 2514 3751 Ruso
2551 3700 2712 3765 rapta
2765 3695 3066 3749 occasione
3116 3691 3504 3757 iusimulandi,
3565 3696 3741 3761 caput

2100 3801 2262 3840 suum
2300 3785 2566 3853 quatiens
2617 3799 2744 3838 cum
2778 3782 3070 3852 suspiriis,
3105 3786 3163 3837 et
3224 3780 3464 3836 maxima
3494 3780 3609 3849 jam
3644 3779 3740 3834 diu

2099 3881 2289 3942 coepta
2324 3873 2715 3938 indignatione
2747 3871 3143 3934 succlamavit,
3193 3871 3458 3925 abbatem
3491 3867 3741 3923 Theode-

2100 3962 2279 4016 ricum
2335 3961 2626 4016 abbatiam
2662 3961 2845 4016 sancti
2885 3959 3120 4016 ‘:‘ubcrti
3156 3958 3383 4013 omnino
3416 3955 3742 4027 prodidisse

2099 4051 2354 4103 Romano
2381 4049 2656 4118 pontifici,
2676 4048 2982 4103 ecclesiam
3019 4047 3391 4102 Leodicnsem
3411 4045 3461 4099 in
3489 4045 3595 4100 hoc
3620 4043 3742 4114 ipso

2101 4137 2419 4191 incurrisse
2445 4138 2751 4206 dampnum
2783 4135 3172 4203 intolerabile,
3198 4140 3273 4202 et,
3300 4134 3407 4188 nisi
3432 4133 3744 4202 cpiscopus

2097 4222 2337 4292 ejusque
2365 4223 2563 4276 ﬁdeles
2592 4223 2875 4276 maturius
2901 4221 3308 4284 advngilarent,
3338 4219 3511 4275 nichil
3537 4219 3645 4274 sibi
3672 4219 3741 4274 de

2098 4315 2258 4364 tanto
2284 4310 2501 4364 honore
2528 4310 2804 4365 hactenus
2828 4310 3022 4364 habito
3042 4308 3412 4363 remansisse.
3450 4305 3745 4361 intellexit

2096 4414 2164 4453 ex
2200 4398 2426 4469 privato
2459 4399 2593 4453 odio
2628 4399 2806 4452 abbas
2839 4397 3126 4468 publicam
3161 4397 3270 4451 sibi
3297 4395 3570 4453 suscitari
3607 4395 3745 4450 invi-

2099 4487 2270 4553 diam,
2315 4491 2370 4540 ct
2417 4486 2750 4554 indignatus
2782 4501 2842 4539 se
2876 4485 3170 4540 criminari
3207 4489 3418 4555 praeter
3451 4483 3745 4540 conscien-

2099 4576 2260 4642 tiam,
2297 4575 2598 4643 rcspondit
2632 4577 2973 4629 constanter
3002 4572 3172 4642 hujus
3202 4572 3583 4642 malignitatis
3615 4587 3746 4626 con-

2015 4683 2068 4743 D
2097 4664 2379 4733 jecturam
2413 4677 2514 4716 nec
2548 4677 2608 4716 se
2643 4661 2940 4730 qu:esissc,
2973 4675 3071 4715 nec
3097 4660 3482 4730 apostolicum
3511 4674 3746 4715 conces-

2101 4752 2280 4816 sisse;
2307 4752 2570 4805 venirent
2592 4749 2940 4819 quicumque
2963 4748 3322 4818 eligerentur
3346 4747 3637 4803 ﬁdeliores
3656 4762 3746 4803 ec-

2101 4840 2293 4894 clesia:
2314 4838 2663 4905 Lcodiensis,
2686 4842 2946 4907 paratum
2974 4853 3035 4891 se
3060 4838 3294 4892 Romam
3315 4835 3524 4903 redire,
3547 4835 3743 4905 ibique

2100 4928 2184 4981 eis
2208 4929 2586 4997 probaturum
2617 4925 2843 4995 publice
2873 4925 3091 4980 crimen
3115 4925 3267 4994 quod
3291 4924 3396 4978 sibi
3424 4923 3744 4993 imputaba-

2100 5020 2196 5070 tur
2220 5015 2394 5070 nichil
2427 5030 2589 5080 esse;
2620 5029 2684 5068 ea
2717 5019 2906 5068 tamen
2941 5013 3295 5082 conditione,
3332 5017 3396 5068 ut
3427 5011 3741 5067 secundum

2100 5119 2298 5159 sacros
2328 5118 2580 5158 canones
2615 5116 2813 5172 poenas
2851 5102 3004 5155 falsa)
3038 5100 3481 5167 criininationis,
3515 5113 3575 5154 se
3613 5115 3743 5169 pur-

2097 5197 2249 5260 gato,
2287 5191 2688 5246 eriiuimitorcs
2726 5190 3113 5246 exsolverent.
3153 5188 3465 5244 Priescnsit
3500 5189 3648 5242 Boso
3681 5203 3742 5240 sc

2100 5296 2204 5336 suo
2234 5280 2577 5350 capiendum
2611 5279 2839 5347 laqueo,
2891 5281 3201 5347 actmnque
3234 5277 3303 5332 de
3337 5291 3417 5345 sc,
3474 5276 3519 5330 si
3553 5277 3744 5332 Romae

2101 5371 2556 5439 pl'iJSCt'ltlL‘l‘Cttlt'
2615 5367 2843 5420 abbatis
2875 5363 3211 5420 rcclamatio
3275 5365 3449 5434 (106).
3491 5363 3744 5418 Locutus

2101 5458 2294 5526 itaque
2326 5470 2453 5510 cum
2484 5453 2747 5522 consilio,
2777 5469 2886 5508 non
2937 5468 2996 5506 se
3021 5457 3318 5508 assuetum
3341 5453 3612 5520 Romano,
3641 5452 3741 5520 ait,

1933 5556 2150 5610 ΝΟΤίΕ.

418 5652 564 5714 1³103)
601 5651 655 5702 In
691 5649 907 5719 palatio
939 5649 1329 5704 Lateranensi.

418 5723 567 5789 (104)
600 5722 975 5788 Γναδδίηονο,
1009 5721 1061 5774 in
1097 5720 1312 5776 ducatu
1345 5722 1668 5778 Mutinensi.

416 5793 563 5862 (105)
601 5791 1046 5862 Langobardicis
1078 5789 1313 5849 litteris.

2174 5653 2320 5719 (tuo)
2356 5651 2584 5704 Factum
2622 5653 2809 5704 tamen
2842 5653 2963 5712 est;
2997 5663 3122 5703 nam
3170 5647 3483 5716 Gregorius
3514 5646 3749 5719 episto-

2107 5722 2155 5776 la
2184 5717 2254 5788 11,
2282 5717 2368 5785 61,
2393 5735 2518 5790 quze
2543 5721 2676 5774 data
2724 5726 2810 5775 cst
2848 5735 2878 5774 x
2901 5720 3019 5774 Kal.
3050 5723 3182 5790 Apr.
3209 5735 3259 5774 a.
3292 5723 3444 5790 107:5,
3471 5717 3751 5773 Theodui—

2107 5807 2235 5847 num
2265 5789 2533 5847 hortatur
2557 5805 2626 5845 ue
2650 5791 2918 5848 abbatem
2943 5789 3229 5862 privilegii
3256 5789 3413 5846 illius
3432 5803 3606 5846 causa
3633 5803 3747 5843 am-
