3936 6444
224 414 376 481 13⁵75

1220 409 1702 481 CHRONICON
1731 411 1798 479 Β.
1832 409 2205 480 HUBERTI
2235 409 2632 480 ANDAGIN.

3484 412 3662 475 1878

221 544 327 604 sed
346 540 645 605 Leodiensi
660 543 914 619 judicio;
947 540 1159 603 nemini
1192 541 1370 602 licere
1393 541 1750 603 audientiam
1781 557 1869 601 re-
1896 524 1951 580 Α
1979 523 2048 619 ίζι
2069 523 2309 619 cla-icto
2326 521 2453 619 {mo
2474 516 3058 619 Τξεράετξσριαρῡφτί
3076 520 3661 619 monasterium“!

219 634 469 694 clamare
496 640 614 693 tam
648 638 865 707 subito,
891 637 1001 693 nisi
1031 638 1287 708 episcopi
1317 637 1431 707 sui,
1464 636 1709 693 maxime
1730 650 1868 692 vero

223 726 651 796 metropolitani
667 733 1013 797 gravaretur
1027 725 1629 795 judicio.Reeognovit
1644 725 1869 797 episeo-

224 830 331 885 pus
364 814 496 871 lieet
526 831 705 872 senex
736 816 1021 873 invidiose
1053 816 1436 887 calumpniari
1469 816 1774 882 abbatem;
1800 830 1867 870 ue

225 907 411 959 tamen
457 904 756 961 videretur
796 906 1188 963 indiscussum
1232 905 1685 975 praetermittere
1715 903 1865 973 quod

223 992 535 1063 putabatur
552 994 934 1066 dampnosum
959 995 1500 1066 ecclesiae,przefixit
1521 993 1672 1049 diem
1697 990 1869 1061 hujus

221 1080 603 1139 diseussionis
620 1085 877 1153 agendae.
914 1087 1162 1141 Retento
1196 1086 1373 1153 igitur
1408 1099 1605 1139 secum
1639 1080 1872 1153 privile-

218 1169 334 1239 gio,
361 1171 632 1227 abbatem
674 1173 913 1243 dimisit,
945 1179 1002 1229 et
1034 1180 1265 1230 ceteros
1306 1174 1548 1227 abhates
1584 1168 1870 1241 episeOpii

220 1272 346 1314 cum
364 1259 884 1323 archidiaconismt
903 1262 970 1318 ad
991 1263 1220 1334 praeﬁxa
1235 1280 1281 1316 ιη
1299 1263 1447 1318 diem
1463 1261 1879 1317 venirentcon‘

222 1348 466 1403 vocavit.
503 1350 730 1406 Interea
761 1352 905 1407 Boso
939 1352 1268 1407 declamare
1295 1352 1346 1406 in
1379 1351 1559 1419 clero,
1595 1362 1871 1420 Spargere

222 1451 394 1493 voces
420 1437 475 1492 in
496 1440 731 1509 populo,
768 1445 981 1510 quanta
1017 1440 1366 1509 malignatus
1389 1446 1481 1495 est
1514 1438 1783 1494 inimicus
1817 1437 1869 1491 in

161 1541 165 1546 ·
219 1532 441 1595 sancto,
491 1528 587 1596 qui
620 1530 991 1585 commissam
1036 1530 1143 1585 sibi
1179 1530 1469 1585 abbatiam
1523 1525 1872 1584 subduxerit

221 1620 438 1670 sanctae
463 1616 651 1672 Maria)
676 1623 996 1687 sanctoque
1022 1619 1345 1673 Lamberto.
1366 1620 1620 1685 Vagante
1658 1630 1870 1686 passun

222 1706 279 1759 ut
314 1718 483 1760 suum
518 1721 648 1761 eum
685 1708 827 1761 fama
882 1708 1231 1775 vulgabatur
1263 1706 1492 1761 abbatis
1523 1703 1774 1770 infamia,
1815 1710 1869 1757 et

222 1788 355 1847 licet
380 1793 531 1863 apud
578 1810 640 1848 se
694 1795 838 1850 bene
867 1795 977 1850 sibi
1003 1795 1297 1851 conscium
1325 1809 1455 1849 vera
1492 1797 1757 1849 tueretur
1791 1791 1873 1845 in-

1978 614 2150 671 Petri
2161 613 2478 686 sanctique
2496 613 2561 669 H
2561 610 2754 669 uberti
2767 610 3045 683 Andagin
3055 611 3211 668 ensis
3229 610 3293 668 in
3309 611 3658 670 Arduenna

1978 703 2310 774 constituti,
2326 703 2574 775 suisque
2586 700 3026 759 successoribus
3037 700 3654 773 regulariter-ibidem

1976 790 2405 849 “intrantibus
2421 793 2859 863 inperpetuum.
2880 791 3056 849 Nulli
3058 790 3337 859 fidelium
3355 790 3517 848 estin
3534 790 3653 849 du-

1980 878 2073 937 bio
2092 882 2243 953 quin
2261 882 2427 938 sedes
2450 881 2796 952 apostolica,
2821 895 2882 936 eo
2905 880 3063 950 quod
3085 879 3130 912 ⁸⁵
3146 879 3495 937 zmieersalis
3510 896 3649 937 ma-

1982 969 2068 1025 ter
2080 969 2407 1026 etomnium
2430 971 2817 1028 ecclesiarum
2820 971 3103 1040 princeps
3116 969 3221 1031 est,
3242 968 3508 1026 omnibus
3532 969 3651 1027 hoc

1970 1058 2197 1128 jureac
2208 1057 2409 1115 debita
2426 1058 2734 1115 sollicitud
2744 1061 2756 1099 ί
2764 1073 2833 1114 ne
2836 1071 3096 1129 praesse
3118 1056 3341 1126 debeat,
3366 1072 3480 1114 non
3505 1059 3577 1113 ut
3597 1057 3649 1089 “

1983 1160 2083 1203 eas
2106 1147 2338 1203 tantum
2365 1149 2673 1205 cat/iolicce
2699 1146 3020 1217 religionis
3048 1146 3274 1204 unitate
3299 1147 3642 1217 concludat,

1981 1234 2086 1291 sed
2099 1235 2374 1303 generali
2395 1236 2913 1306 circumspectione
2944 1236 3125 1293 etiam
3157 1234 3230 1290 ab
3256 1234 3376 1292 hiis
3396 1248 3525 1307 quae
3540 1249 3648 1291 ea:-

1985 1321 2277 1379 trinsecus
2295 1324 2713 1393 promoventur
2723 1338 2838 1393 pro
2858 1337 2970 1380 sua
2992 1321 3348 1379 auctoritate
3365 1322 3559 1379 saltet
3584 1322 3653 1378 et

1983 1410 2236 1467 muniat.
2262 1412 2425 1467 Inter
2447 1426 2600 1483 quas
2623 1412 2822 1467 tamen
2853 1426 2981 1468 cum
2998 1410 3202 1482 plures
3224 1410 3641 1477 inteniantur,

1983 1511 2115 1568 quae
2136 1500 2384 1569 speciali
2417 1501 2468 1555 et
2491 1502 2742 1571 propria
2773 1500 3273 1557 commendatione
3302 1501 3368 1557 in
3387 1499 3643 1556 tutelam

1985 1594 2245 1663 ejusdem
2268 1596 2430 1651 sedis
2453 1597 2784 1666 apostolica
2804 1612 2864 1653 se
2887 1595 3280 1663 contulerunt,
3308 1595 3375 1651 ut
3390 1594 3638 1667 speciali

1984 1683 2241 1738 caritate
2258 1684 2378 1740 etsl
2385 1684 2486 1740 udi
2492 1699 2521 1738 o
2539 1699 2660 1741 sure
2674 1684 2887 1740 matris
2905 1683 3193 1756 amplexa
3207 1698 3641 1755 usquequaque

1982 1773 2311 1829 securiores
2326 1775 2382 1828 et
2393 1774 2700 1831 liberiores
2713 1788 2746 1829 a
2757 1773 2787 1829 b
2799 1775 2957 1830 omni
2968 1774 3356 1846 infestatione
3367 1774 3643 1831 consiste-

224 1860 511 1943 uoccntia,
568 1881 979 1949 indignabatur
1015 1887 1206 1938 tamen
1244 1882 1606 1937 mendaciter
1637 1882 1869 1951 gravari
1900 1877 1955 1951 B
1984 1860 2437 1951 “fntiquasnut
2458 1864 2703 1935 ᾱέαηιιηι
2727 1863 2975 1932 aratri!“
3000 1863 3262 1920 Romana
3281 1863 3641 1934 Swwpit‘c'

224 1965 528 2021 nicliiltale
545 1969 822 2024 merentis
841 1970 1139 2038 patientia.
1163 1972 1403 2025 Przelixa
1422 1970 1513 2024 die
1528 1971 1874 2025 convenien-

226 2052 377 2109 tibus
399 2056 682 2122 evocatis,
711 2057 832 2127 ipse
867 2074 1093 2128 quoque
1125 2076 1253 2114 eum
1276 2058 1627 2113 Theoderico
1652 2074 1876 2128 praepo-

224 2144 338 2199 sito
372 2149 427 2199 et
458 2150 705 2215 utroque
731 2147 1035 2203 Lamberto
1061 2149 1213 2204 omni
1241 2148 1409 2203 modo
1439 2148 1673 2203 veritati
1698 2148 1876 2204 conli-

223 2246 323 2287 sus
355 2232 537 2288 at‘l‘uit.
567 2235 927 2291 Discutiendi
948 2236 1120 2292 etiam
1151 2236 1438 2307 privilegii
1463 2237 1762 2307 exemplar
1786 2254 1875 2292 sc-

221 2334 347 2375 cum
374 2321 607 2385 detulit,
636 2329 697 2379 ut
724 2324 853 2392 quia
879 2325 1375 2396 calumpniatores
1406 2325 1531 2394 ejus
1552 2340 1745 2381 secum
1774 2326 1873 2381 tin-

223 2416 429 2465 xerant
452 2410 669 2480 aliquid
691 2418 1121 2469 monstruosum
1146 2414 1361 2483 ignotis
1384 2415 1435 2469 in
1463 2430 1531 2471 eo
1563 2414 1740 2470 celari
1776 2430 1874 2471 no-

227 2498 320 2565 tis,
355 2500 586 2555 eunetis
618 2501 812 2567 legere
844 2501 1178 2557 volentibus
1204 2503 1598 2559 innotesccret
1624 2505 1875 2559 assuetis

223 2587 619 2658 conscriptum
655 2589 890 2645 litteris.
938 2592 1108 2646 Lecto
1144 2591 1327 2661 palam
1363 2592 1616 2661 itemque
1652 2592 1871 2648 relecto

226 2674 549 2744 privilegio,
570 2682 629 2732 et
645 2692 773 2733 eum
796 2678 991 2733 delato
1006 2678 1320 2749 exemplari
1340 2681 1517 2735 verbo
1534 2680 1605 2735 ad
1630 2681 1869 2736 verbum

221 2769 579 2833 comparato,
603 2766 1527 2838 ventilantibusquibusqueinter
1544 2785 1605 2825 se
1626 2769 1872 2839 pruden-

225 2851 381 2907 tibus
424 2868 805 2924 quaacumque
839 2855 891 2909 in
916 2871 985 2910 eo
1018 2859 1487 2925 continebantur,
1516 2857 1689 2913 nichil
1719 2858 1770 2913 in
1802 2873 1871 2914 eo

225 2939 529 2997 Leodiensi
545 2942 808 2999 ecclesiae
825 2942 1165 3013 deperiisse,
1196 2945 1370 2999 nichil
1386 2946 1654 3001 abbatem
1672 2946 1801 3001 δαν(
1819 2962 1872 3002 r-

222 3044 323 3085 sus
347 3044 471 3085 eam
503 3030 930 3100 deprehensum
955 3039 1046 3089 est
1080 3034 1472 3097 machinasse;
1504 3041 1560 3089 et
1594 3052 1723 3091 cum
1752 3035 1868 3105 jam

224 3133 333 3173 non
367 3132 439 3173 ex
473 3120 715 3175 llosonis
773 3121 930 3190 odio,
984 3121 1084 3177 sed
1119 3137 1189 3178 ex
1245 3127 1619 3178 evocatorum
1648 3124 1869 3193 judicio

1924 1948 1935 1955 '
1985 1948 2187 2018 etesia,
2219 1952 2781 2023 tantaqueprotexit
2805 1952 3066 2022 undique
3080 1951 3419 2022 diligentia,
3442 1952 3639 2008 utem-

1982 2036 2162 2094 nibus
2196 2041 2877 2111 niuni/nentapriesidii,
2906 2041 3210 2097 nonnullis
3231 2054 3459 2113 quoque
3489 2054 3637 2111 gra-

1986 2126 2125 2181 tiam
2164 2129 2463 2200 conferret
2499 2130 2780 2200 augendi.
2831 2131 3023 2199 Cujus
3059 2128 3151 2184 rei
3161 2129 3435 2200 plurima
3462 2128 3636 2187 nobis

1982 2217 2254 2285 euempla
2283 2219 2652 2276 sanctissimi
2675 2219 2795 2274 tiri
2815 2219 2970 2288 reliq
2982 2218 3213 2286 uerunt,
3237 2216 3507 2290 qui,ante
3525 2231 3634 2276 nos

1982 2312 2045 2367 in
2068 2310 2183 2367 illa
2206 2322 2385 2379 quam
2403 2307 2672 2364 diximus
2690 2306 3018 2378 apostolica
3038 2306 3168 2363 sede
3177 2306 3504 2378 fulgentes,
3520 2320 3630 2379 pro

1981 2399 2197 2455 honore
2220 2398 2603 2454 ecclesiarum
2621 2398 2730 2453 Dei
2751 2397 2807 2452 et
2828 2396 3195 2452 exultatione
3212 2408 3414 2452 earum
3435 2395 3631 2466 magis

1981 2502 2158 2559 quam
2178 2501 2287 2557 pro
2302 2486 2431 2541 cita
2452 2486 2561 2541 aut
2580 2485 2779 2543 salute
2807 2499 2922 2541 sua
2947 2485 3199 2542 solliciti
3215 2484 3510 2557 fuerunt;
3527 2498 3627 2541 su»

1980 2576 2299 2647 scipientes
2321 2575 2685 2631 monasteria
2724 2575 2781 2631 et
2800 2573 3173 2631 eenerabilia
3198 2575 3321 2630 loca
3339 2575 3407 2631 in
3424 2572 3631 2645 patro-

1981 2664 2210 2722 cinium
2238 2664 2575 2735 apostolicae
2606 2662 2992 2735 defensionis,
3025 2662 3083 2717 et
3107 2662 3519 2732 con/irruentes
3557 2674 3631 2718 ea

1976 2755 2243 2825 propriis
2267 2753 2634 2823 privilegiis,
2678 2751 2971 2821 quatinus
3011 2766 3086 2806 δίε
3124 2751 3425 2808 cotidiana
3468 2751 3630 2807 tran-

1979 2842 2290 2914 quillitate
2311 2841 2626 2898 ardentius
2656 2844 2721 2896 in
2749 2840 3048 2896 decotione
3078 2839 3296 2896 divina
3322 2840 3630 2897 servitutis

1979 2930 2037 2987 et
2073 2932 2139 2987 in
2178 2930 2336 2986 omni
2377 2930 2518 2987 bono
2548 2930 2925 3001 proﬁcerent.
2967 2930 3096 2994 Qua
3129 2927 3193 2985 in
3218 2943 3285 2985 re
3310 2943 3485 3001 quam
3504 2930 3623 3001 pie,

1977 3035 2155 3093 quam
2174 3019 2683 3091 sancte/ecerunt,
2711 3020 2769 3073 et
2786 3021 2806 3075 i
2816 3020 2838 3074 l
2852 3021 3031 3074 'orum
3044 3017 3211 3075 nobis
3232 3018 3490 3076 ostendit
3501 3018 3627 3091 glo-

1973 3110 2097 3177 ria,
2136 3114 2193 3164 et
2225 3110 2413 3179 ipsius
2442 3110 2535 3166 rei
2565 3109 2686 3164 tam
2713 3108 3023 3168 fructuosa
3045 3108 3276 3178 gratia.
3313 3108 3469 3165 Nam
3496 3121 3626 3165 cum

217 3220 389 3261 causa
426 3208 704 3277 penderet
741 3210 992 3279 abbatis,
1028 3211 1081 3265 in
1116 3210 1219 3266 hoc
1244 3211 1472 3268 tandem
1506 3211 1771 3281 majoruu‘

2069 3198 2247 3255 itoria
2270 3199 2335 3254 in
2359 3211 2505 3269 pace
2536 3198 2595 3253 et
2618 3196 3064 3268 tranquillitate
3093 3195 3417 3254 consistunt
3460 3196 3517 3251 et
3542 3209 3623 3252 ec-

2076 3287 2318 3307 -.-J.--
2345 3287 2367 3307 ι
2460 3288 2620 3307 -Δ-ε-
2943 3285 3170 3307 HL-.-“
3192 3284 3473 3307 μυδηέημι
3506 3284 3621 3307 LM

223 3294 522 3352 meliorum
573 3299 865 3353 sententia
924 3300 1243 3363 consensit,
1278 3302 1542 3357 Reinanze
1600 3302 1867 3359 ecclesiae

221 3385 517 3455 proprium
537 3401 667 3441 esse
692 3387 761 3442 de
779 3389 1050 3444 omnibus
1068 3389 1355 3459 judicare,
1380 3389 1555 3447 nullis
1574 3406 1710 3447 vero
1735 3392 1869 3447 liee-

220 3488 279 3528 re
311 3473 378 3528 de
410 3475 535 3545 ejus
576 3475 815 3543 judiciis
846 3482 1206 3534 retractare:
1260 3493 1369 3533 non
1402 3482 1865 3537 sucecnsendum

216 3562 432 3625 abbati,
452 3564 602 3632 quod
620 3562 883 3620 ecclesiae
902 3580 1021 3621 sua:
1050 3566 1423 3636 procuraveri
1438 3571 1455 3619 t
1470 3566 1865 3623 defensionem

215 3654 273 3703 et
304 3650 578 3706 auxilium
635 3653 973 3722 apostolicae
1029 3655 1417 3724 auctoritatis,
1477 3671 1605 3711 cum
1670 3672 1774 3713 nec
1810 3658 1865 3713 in

216 3753 391 3795 sensu
415 3754 519 3795 nec
545 3739 596 3795 in
626 3742 803 3796 verbo
826 3742 1146 3799 excluserit
1171 3743 1425 3798 debitam
1443 3744 1864 3813 subjectionem

212 3829 479 3884 ecclesia:
524 3830 879 3887 Leorliensis.
918 3832 1259 3899 Indignatus
1292 3832 1375 3888 sic
1404 3849 1564 3889 suam
1593 3837 1738 3891 Boso
1772 3835 1867 3891 ad-

215 3931 423 3971 versus
438 3918 707 3974 abbatem
732 3920 1127 3987 conjecturam
1155 3921 1731 3993 estenuari,arrepto
1754 3925 1865 3995 pri-

217 4004 428 4073 vilegio
463 4004 532 4061 de
559 4006 746 4061 medio
769 4023 1051 4063 COilSL‘:Sll
1077 4024 1139 4063 se
1172 4007 1471 4065 subduxit.
1509 4012 1640 4081 Ipso
1671 4026 1865 4069 tamen

213 4094 492 4164 episcopo
522 4094 877 4150 reclamante
906 4101 960 4151 et
998 4096 1335 4166 indignante
1360 4114 1489 4154 cum
1515 4102 1730 4157 ceteris
1762 4119 1868 4159 cur

213 4182 384 4238 talem
412 4183 679 4253 iujuriam
710 4185 923 4239 taceret
951 4186 1171 4253 abbati,
1202 4186 1379 4241 vellet
1403 4188 1605 4257 nol|et,
1637 4190 1869 4260 privile-

208 4271 363 4339 gium
402 4272 630 4341 publice
683 4273 980 4329 laudatum
1016 4278 1075 4329 et
1106 4274 1534 4331 auctorinatum
1574 4278 1857 4335 reddidit.

210 4360 406 4415 Soluta
430 4362 827 4431 contentione,
846 4363 1025 4419 abbas
1050 4363 1356 4421 absolutus
1379 4365 1644 4436 recessit,
1664 4368 1744 4423 sic
1770 4383 1867 4424 e.\'~

214 4448 428 4502 inunita
463 4449 894 4505 existimatione
950 4452 1030 4506 illi
1066 4453 1312 4523 object-.e
1344 4453 1772 4509 criminationis
1806 4463 1861 4511 rt

208 4538 581 4607 comprobata
606 4554 741 4607 erga
766 4538 1072 4595 ecclesiam
1098 4544 1353 4597 nostram
1373 4543 1731 4598 auctoritate
1760 4546 1865 4601 Ro-

212 4640 390 4680 mana.-
407 4626 784 4683 defensionis.
812 4629 911 4685 Est
934 4636 1126 4685 autem
1145 4630 1474 4699 hujusmodi
1495 4631 1859 4701 privnlegium

210 4712 260 4766 in
289 4712 570 4783 superiori
600 4715 801 4789 pagina
828 4716 1247 4787 conscriptum,
1272 4717 1421 4787 qdod
1448 4717 1537 4771 hic
1562 4724 1653 4773 est
1682 4720 1863 4774 inier-

208 4802 533 4873 ponendum
560 4822 571 4856 :

278 4952 604 5022 Gregorius
623 4952 947 5021 episcopus,
965 4964 1171 5008 serens
1182 4965 1491 5009 servorum
1506 4953 1617 5009 Dei
1626 4952 1862 5019 ,dilecto

1978 3287 2319 3345 clesiastica
2339 3287 2623 3357 beneficia
2632 3296 2923 3357 pauperes
2940 3285 3172 3343 Christi
3188 3284 3484 3353 nutriunt,
3503 3284 3626 3341 tum

1978 3389 2110 3431 vero
2141 3376 2274 3432 laus
2304 3376 2423 3431 Deo
2465 3375 2645 3445 digne
2655 3374 2978 3445 promitur,
3014 3374 3073 3429 et
3093 3372 3355 3430 remedia
3369 3373 3626 3444 peccato-

1976 3478 2113 3519 rum
2136 3465 2259 3519 tam
2280 3464 2436 3520 ciris
2458 3477 2635 3535 quam
2666 3463 2971 3536 defunctis
3000 3460 3438 3533 impenduntur.
3466 3460 3625 3517 Unde

1978 3566 2081 3608 nos
2104 3553 2168 3607 in
2199 3552 2402 3607 eadem
2428 3551 2565 3608 sede
2593 3551 2941 3622 apostolica,
2982 3565 3097 3607 non
3125 3550 3344 3607 nostris
3370 3549 3620 3605 meritis‘

1976 3640 2082 3697 sed
2095 3641 2303 3697 dicina
2320 3640 2499 3696 locati
2514 3642 2745 3711 gratia,
2763 3640 3019 3710 suscepti
3032 3637 3475 3709 oﬁciidebitum
3497 3651 3622 3693 con-

1976 3729 2334 3799 siderantes,
2363 3728 2688 3800 priefatum
2719 3728 3161 3797 monasterium,
3195 3727 3292 3783 cui
3318 3728 3400 3795 tu,
3422 3726 3624 3782 dilecte

1965 3819 2071 3889 ﬁli
2094 3820 2153 3874 et
2178 3818 2612 3889 pranominate
2632 3817 2802 3883 abba,
2833 3830 3091 3888 praeesse
3112 3816 3498 3887 dignosceris,
3532 3815 3624 3870 tuo

1975 3907 2193 3977 rogatu
2208 3907 2271 3961 in
2286 3906 2532 3962 tutelam
2553 3904 2891 3976 apostolica
2910 3905 3071 3962 sedis
3093 3906 3421 3961 etnostram
3439 3905 3623 3960 etsuc-

1979 4009 2269 4053 cessorum
2283 3996 2621 4053 nostrorum
2634 3995 3035 4067 defensionem
3046 3994 3419 4063 suscepimus,
3428 4006 3532 4050 con
3537 3993 3623 4056 ﬂr-

1977 4086 2208 4141 mantes
2219 4085 2275 4139 et
2292 4082 2734 4140 corroborantes
2755 4082 2877 4140 sibi
2885 4098 2998 4153 per
3015 4096 3168 4153 pnes
3192 4099 3233 4136 ἠ
3246 4082 3325 4138 tis
3342 4082 3619 4153 paginam

1974 4174 2308 4244 pririleg‘i,
2355 4171 2664 4227 ecclesiam
2691 4172 2911 4228 sanctae
2929 4170 3145 4226 Maria:
3163 4185 3338 4241 super
3360 4174 3616 4225 Amanum

1977 4254 2161 4310 sitam
2181 4256 2197 4311 (
2210 4257 2227 4306 ί
2238 4258 2327 4321 07)
2343 4252 2400 4307 et
2411 4251 2723 4308 ecclesiam
2734 4252 2929 4308 sancti
2941 4251 3201 4321 Sulpitii
3212 4263 3387 4320 super
3396 4247 3617 4306 Mosam

1979 4342 2128 4411 (108)
2160 4342 2505 4410 ceterasque
2532 4342 2934 4411 possessiones
2972 4340 3093 4395 tam
3132 4340 3197 4396 in
3234 4339 3404 4395 ciliis
3444 4351 3616 4409 quam

1977 4429 2242 4487 castellis
2283 4429 2602 4500 ceteris'iue
2625 4429 2890 4485 ecclesiis
2924 4429 2979 4483 et
3002 4429 3181 4485 terris
3211 4427 3391 4484 cultis
3408 4427 3513 4481 aut
3531 4426 3615 4480 in-

1976 4518 2157 4575 cultis
2182 4532 2284 4574 seu
2316 4520 2379 4573 in
2400 4517 2669 4573 omnibus
2697 4518 2872 4573 rebus
2896 4515 3207 4573 nz'ibitibus
3229 4515 3286 4570 et
3311 4513 3615 4571 immobili-

1895 4602 1944 4661 D
1978 4607 2102 4675 bus,
2128 4620 2282 4677 quas
2301 4620 2458 4662 nunc
2472 4606 2621 4675 jure
2645 4607 2908 4676 possi’let
2926 4604 3092 4661 “aut
3107 4607 3172 4661 in
3189 4606 3490 4676 posterum
3513 4604 3618 4657 Deo

1973 4697 2296 4752 miserante
2343 4696 2634 4767 nequiret,
2678 4696 2964 4766 quatinus
3022 4697 3221 4751 omnia
3260 4694 3338 4750 ad
3377 4706 3617 4750 commu-

1974 4798 2103 4841 nem
2122 4785 2209 4840 uti
2219 4786 2448 4840 lilatem
2456 4784 2740 4855 fratrum
2768 4784 2923 4841 inibi
2943 4780 3616 4856 Deofamulantiumsub

1975 4875 2072 4929 tuo
2113 4874 2459 4943 tuor-umque
2492 4886 2893 4929 successorum
2931 4873 3227 4943 regimine
3265 4872 3322 4928 et
3358 4883 3613 4940 congrua

1974 4953 2656 5023 dispensationesemper
2666 4953 2795 5009 inca
2804 4954 3016 5009 neu/sa
3028 4952 3385 5022 illibataque
3392 4962 3614 5021 perma-

1971 5040 2171 5097 neant.
2195 5042 2275 5098 Si
2294 5043 2428 5113 quis
2447 5055 2584 5097 vero
2603 5054 2828 5110 regum,
2845 5040 3227 5109 socerdotum,
3249 5040 3607 5104 clericorum,

273 5197 604 5271 “canonice
622 5174 799 5255 addit
830 5204 872 5254 l.
913 5199 1074 5270 quod
1085 5200 1384 5269 glossema
1407 5200 1553 5268 ejeci
1576 5128 2518 5271 hujus
2530 5199 2865 5269 pricilegii,
2884 5199 3041 5271 quod
3053 5214 3128 5256 ω
3150 5213 3255 5255 ms.
3271 5200 3337 5256 S.
3361 5195 3605 5271 Hubrerti

198 5269 517 5341 ediderunt
546 5271 809 5341 Fippens
843 5269 1141 5328 in’Mircei
1181 5274 1319 5341 Opp.
1342 5272 1488 5339 dipl,
1518 5272 1627 5340 IV,
1652 5276 1703 5341 6,
1727 5285 1752 5326 e

1535 5272 1627 5340 Γιν,
1652 5276 1703 5341 6,
1727 5269 1982 5327 ειῦίανι.
2022 5273 2081 5326 et
2100 5270 2435 5326 Durandin
2469 5272 2616 5341 Coll.
2655 5272 2843 5341 Ampi.
2881 5269 2931 5341 I,
2967 5275 3089 5326 513.

197 5339 241 5371 ⁴⁰
270 5342 360 5398 ita
390 5339 643 5409 correni,
672 5341 866 5397 eadem
892 5339 1286 5406 auctoritate}
1317 5348 1380 5398 ut
1412 5357 1519 5397 non
1573 5339 1673 5397 eas
1694 5339 1859 5399 'cath.
1898 5348 1944 5397 1.

3170 5271 3213 5303 ⁸⁵
3233 5285 3282 5325 a.
3318 5284 3445 5339 quae
3480 5268 3597 5323 illi.

2026 5341 2068 5373 ⁸⁷
2092 5342 2182 5397 ita
2208 5356 2423 5397 omnes.
2502 5340 2546 5372 ⁸⁸
2569 5342 2667 5398 liic
2680 5340 2904 5399 desinit
2920 5340 3227 5413 exemplar
3256 5340 3431 5397 illud.

1798 5411 2019 5468 ΝΟΤᾸΞ.

200 5480 353 5554 plius
379 5482 688 5538 molestare
719 5482 881 5538 velit.
921 5484 1295 5554 Compertum
1315 5483 1406 5540 est
1426 5482 1847 5551 nobis.'inquit,

198 5552 252 5625 te
272 5553 663 5625 contumelias
684 5552 1073 5625 quorundam
1089 5555 1338 5611 consilio
1358 5554 1635 5610 intulisse
1646 5554 1851 5610 abbati

197 5622 267 5678 de
286 5624 352 5696 S.
382 5624 642 5696 Iluberto
659 5622 893 5695 propter
906 5626 1299 5696 privilegium
1330 5626 1489 5696 quod
1509 5641 1547 5680 (ι
1568 5624 1735 5683 nobis
1755 5640 1850 5681 su-

195 5694 1201 5765 scepit,sede:ccusamuse’um,quod
1213 5694 1418 5752 contra
1432 5696 1850 5752 detrimentum

197 5765 255 5822 et
275 5765 550 5823 honorem
571 5767 829 5824 ecclesia
849 5768 964 5825 tua
976 5765 1140 5823 nihil
1138 5767 1382 5839 fecerit.
1410 5766 1574 5823 Unde
1595 5767 1849 5825 temone-

1961 5497 2093 5540 mus
2137 5485 2196 5539 et
2258 5495 2539 5553 roga-mus
2582 5483 2647 5538 ut
2698 5484 3013 5553 per-uittas
3055 5497 3184 5539 eum
3207 5484 3268 5539 in
3288 5494 3433 5553 pace
3471 5481 3606 5535 etin

1961 5556 2122 5610 omni
2152 5554 2468 5625 tranquilli
2479 5554 2611 5608 late.

2033 5628 2182 5761 ἓΙΟῚ)
2217 5626 2275 5679 1η
2314 5625 2757 5679 Ιςῡθνηθίουινῑο.

2063 5698 2181 5761 108)
2216 5695 2542 5749 Pirenscm.

2063 5698 2181 5761 108)
2216 5695 2542 5749 Pirenscm.
