3948 6418
175 374 278 430 2&5

896 511 1216 551 EXPOSITIO.

253 583 634 640 Obsecramus
666 585 986 654 adjuvantes
1022 603 1034 638 :
1070 600 1170 640 nos
1193 592 1372 640 autem
1402 592 1459 639 ut
1490 581 1799 640 eﬁiciamini

183 674 387 743 justitia
426 675 529 729 Dei
559 675 886 744 adjuvantes
946 690 1045 744 per
1102 673 1464 728 ministerium
1533 672 1798 743 pradica-

189 763 351 817 tionis
383 763 606 818 Domini
637 763 692 817 in
723 763 898 818 vobis.
960 762 1060 818 Vel
1098 763 1434 833 adjuvantes
1464 776 1562 816 vos
1591 762 1798 815 instru-

191 851 367 907 ctione
398 859 451 908 et
481 852 819 908 orationibus
840 852 909 907 ad
935 853 1130 917 Deum,
1165 853 1541 908 exhortamur
1568 866 1686 916 vos,
1728 866 1800 904 ne

193 943 446 1010 gratiam
475 942 575 997 Dei
605 943 668 996 in
698 957 939 996 vacuum
987 941 1280 1011 recipiatis
1313 960 1330 996 :
1361 940 1519 1011 quasi
1551 939 1756 994 diceret
1783 952 1795 991 :

194 1031 305 1084 Vos
336 1029 524 1102 utique
555 1030 784 1102 gratiam
818 1030 916 1084 Dei
948 1029 1257 1099 recepistis,
1291 1030 1391 1084 sed
1421 1028 1599 1084 videte
1645 1043 1712 1082 ne
1744 1027 1800 1081 in

190 1133 444 1186 vacuum,
481 1119 537 1173 id
568 1128 668 1184 est,
703 1134 771 1173 ne
804 1118 1050 1173 inutilem
1084 1119 1241 1174 vobis
1271 1117 1620 1188 receperetis.
1655 1118 1799 1172 Bene

188 1207 315 1263 dico
372 1207 608 1279 gratiam
652 1225 664 1261 :
704 1223 850 1263 nunc
879 1207 1024 1262 enim
1055 1215 1138 1262 est
1167 1207 1360 1280 gratia.
1393 1207 1488 1262 Ait
1507 1208 1662 1262 enim
1693 1207 1794 1260 Pa-

187 1305 271 1351 ter
290 1297 362 1350 ad
395 1296 669 1352 Christum
701 1297 980 1366 integrum
1037 1313 1160 1352 cum
1189 1296 1452 1351 membris
1512 1295 1644 1359 suis,
1679 1311 1802 1366 quae

191 1394 272 1439 est
304 1385 555 1440 Ecclesia
599 1386 753 1457 :Ego
784 1386 1051 1440 exaudiui
1077 1390 1151 1449 te,
1176 1384 1231 1439 id
1262 1393 1342 1440 est
1365 1383 1632 1455 complevi
1653 1382 1800 1454 quod

192 1473 513 1544 postulabas
546 1473 870 1529 dimittendo
913 1482 1159 1544 peccata.
1212 1473 1496 1541 Exaudivi,
1555 1473 1796 1544 inquam,

192 1570 243 1616 te
274 1565 340 1617 in
375 1567 626 1634 tempore
657 1567 886 1635 accepto
917 1582 935 1618 :
966 1570 1019 1618 et
1043 1563 1159 1617 Deo
1189 1562 1276 1617 cui
1306 1562 1361 1616 in
1393 1577 1458 1617 eo
1486 1561 1686 1633 placuit
1706 1560 1803 1614 mi-

190 1651 368 1706 sereri
434 1651 641 1706 homini
678 1666 689 1705 :
727 1659 779 1706 et
810 1659 1033 1722 accepto
1081 1651 1319 1715 homini,
1353 1650 1482 1722 quia
1527 1651 1582 1704 in
1644 1665 1710 1704 eo
1741 1665 1800 1704 se

192 1739 432 1794 solutum
456 1756 485 1794 a
516 1747 690 1795 morte
713 1741 923 1810 peccati
951 1739 1009 1795 1
1032 1739 1186 1796 ’76
1211 1740 1467 1812 gravisus
1489 1747 1588 1795 est.
1619 1740 1800 1793 Exau-

794 369 1177 429 EXPOSITIO
1216 370 1290 426 IN
1327 368 1710 427 EPISTOLAS
1753 368 1984 425 PAULI.
2020 398 2090 409 —
2119 368 2192 423 IN
2228 367 2450 424 EPIST.
2501 369 2547 424 II
2585 368 2680 424 AD
2719 366 2880 424 COR.

1813 493 1865 554 A
1898 493 2077 548 Simus
2104 492 2339 548 ministri
2370 493 2488 558 Dei,
2517 493 2571 546 in
2603 493 2846 548 castitate
2877 500 2930 548 et
2958 491 3012 546 in
3054 489 3299 556 scientia,
3333 489 3390 546 id
3420 497 3503 546 est

3394 365 3500 423 246

1901 582 1956 636 in
1986 589 2139 637 casta
2161 582 2389 637 scientia
2421 600 2435 636 :
2469 598 2575 636 non
2609 582 2676 635 sit
2706 581 3014 652 versipellis
3044 580 3268 636 scientia
3287 587 3497 646 nostra,

1901 679 1958 725 ut
1989 671 2219 726 scientia
2247 671 2766 741 pseudodoctorum.
2827 671 3008 725 Simus
3056 670 3219 725 etiam
3257 666 3493 724 ministri

1901 759 2000 814 Dei
2033 762 2095 814 in
2129 761 2586 830 longanimitate.
2622 759 2779 828 Quod
2813 759 2858 813 si
2887 758 3133 814 differtur
3153 773 3374 825 corona,
3397 772 3497 828 pa-

1901 848 2100 903 tienter
2119 857 2297 903 tamen
2316 849 2646 904 sustinemus
2669 864 2855 904 onera.
2883 848 3062 903 Simus
3084 847 3244 902 etiam
3265 845 3502 901 ministri

1903 937 2002 991 Dei
2033 939 2096 992 in
2123 938 2429 1004 suavitate,
2465 937 2519 991 id
2552 937 2705 991 estin
2726 937 2835 991 leni
2855 936 3273 992 mansuetudine
3293 935 3499 1000 habita,

1904 1027 1967 1081 in
1999 1026 2226 1097 Spiritu
2256 1030 2474 1094 sancto,
2511 1040 2620 1080 non
2681 1025 2988 1080 adulatoria
3019 1025 3296 1080 suavitate.
3328 1023 3502 1080 Exhi-

1903 1115 2128 1170 beamus
2159 1115 2355 1170 iterum
2388 1131 2489 1170 nos
2521 1115 2620 1170 Dei
2651 1114 2948 1181 ministros,
2983 1116 3044 1170 in
3073 1115 3356 1170 charitate
3385 1129 3502 1168 non

1899 1205 2053 1272 ﬁcta,
2078 1211 2135 1258 ut
2184 1220 2314 1258 vere
2376 1204 2670 1276 diligamus
2727 1205 2902 1258 Deum
2953 1212 3006 1258 et
3063 1203 3368 1274 proximum
3403 1218 3414 1256 :
3448 1209 3502 1257 et

1901 1293 1963 1347 in
1996 1293 2154 1348 verbo
2187 1294 2469 1357 veritatis,
2506 1301 2561 1347 ut
2586 1293 2640 1346 in
2672 1309 2810 1363 pura
2838 1292 3074 1347 veritate
3107 1300 3301 1346 sonent
3332 1291 3504 1346 verba

1902 1389 2103 1436 nostra:
2132 1381 2532 1452 praedicationis
2570 1397 2581 1435 :
2611 1398 2721 1436 non
2753 1389 2810 1436 ut
2840 1382 3051 1452 pseudo
3083 1381 3176 1452 qui
3206 1380 3500 1434 intendunt

1902 1469 2092 1524 fallere
2123 1471 2481 1525 mendacibus
2512 1470 2716 1525 verbis.
2766 1470 2946 1525 Simus
2999 1470 3164 1524 etiam
3193 1469 3320 1524 boni
3384 1468 3494 1523 mi-

1901 1558 2056 1612 nistri
2083 1561 2148 1619 in
2182 1559 2395 1614 virtute
2425 1561 2541 1624 Dei,
2568 1567 2626 1613 ut
2656 1575 2756 1629 per
2773 1559 2928 1630 signa
2946 1558 3329 1614 miraculorum
3352 1573 3503 1614 com-

1903 1648 2130 1717 probem
2162 1664 2249 1703 me
2283 1665 2406 1702 esse
2437 1648 2694 1702 idoneum
2723 1649 3072 1720 magistrum.
3132 1648 3500 1702 Exhibeamus

1903 1737 2068 1791 etiam
2099 1752 2199 1791 nos
2220 1736 2496 1791 ministros
2528 1737 2626 1791 Dei
2649 1754 2748 1808 per
2768 1754 2930 1792 arma
2945 1738 3213 1806 justitiar,
3239 1737 3504 1790 habentes

186 1828 294 1884 divi
325 1837 405 1897 te,
440 1828 764 1884 dimittendo
793 1837 1042 1899 peccata.
1073 1830 1276 1900 Adjuvi
1298 1828 1460 1883 etiam
1490 1833 1543 1883 te
1575 1827 1800 1884 confor-
1824 1859 1873 1918 B
1899 1824 2168 1892 justitiam
2202 1824 2324 1880 loco
2353 1840 2630 1879 armorum
2661 1843 2695 1879 a
2717 1826 2939 1880 dextris
2969 1830 3024 1880 et
3067 1843 3102 1880 a
3139 1826 3417 1890 sinistris,
3450 1824 3505 1878 id

187 1926 364 1972 tatum
395 1919 465 1972 ad
499 1918 637 1974 bona
668 1933 838 1988 opera
867 1918 1116 1972 similiter
1145 1917 1198 1971 in
1244 1925 1489 1987 tempore
1527 1924 1753 1987 accepto
1788 1931 1800 1970 :

192 2005 251 2058 in
282 2004 403 2067 die,
438 2002 492 2056 id
523 2010 606 2057 est
633 2002 689 2056 in
718 2002 961 2057 claritate
992 2018 1137 2056 verae
1181 2001 1512 2074 cognitionis
1543 2001 1798 2073 positum.

194 2093 310 2160 Die,
348 2091 504 2157 dico,
538 2093 763 2157 salutis,
789 2091 911 2162 quia
957 2107 1057 2162 per
1082 2106 1267 2146 veram
1299 2091 1671 2162 cognitionem
1700 2091 1804 2144 iter

195 2188 276 2234 est
306 2179 375 2234 ad
437 2188 701 2235 aeternam
761 2180 1008 2234 salutem.
1070 2181 1185 2235 Hoc
1236 2179 1436 2252 legitur
1477 2179 1532 2234 in
1565 2179 1699 2234 Isaia
1727 2180 1799 2249 (c.

194 2284 390 2334 XLVIII,
430 2285 484 2322 v.
520 2270 596 2337 8).
627 2269 785 2323 Modo
808 2269 1005 2322 Paulus
1039 2269 1258 2340 quando
1299 2270 1400 2324 hoc
1458 2277 1672 2339 tempus
1702 2283 1802 2324 ac-

199 2366 420 2428 ceptum
477 2357 900 2430 intelligendum
950 2358 1038 2424 sit,
1098 2358 1347 2429 exponit,
1385 2357 1462 2413 sic
1493 2373 1505 2412 :
1540 2358 1687 2412 Deus
1731 2358 1802 2412 ait

192 2455 438 2518 tempore
475 2455 723 2518 accepto,
766 2455 818 2500 et
850 2463 974 2503 ecce
1004 2446 1197 2502 fratres
1227 2464 1404 2513 nunc,
1426 2446 1479 2500 id
1503 2455 1604 2513 est,
1629 2462 1661 2502 a
1683 2462 1802 2517 pas-

198 2537 348 2591 sione
382 2535 608 2604 Christi,
643 2535 699 2589 in
731 2544 1014 2606 posterum
1065 2542 1147 2590 est
1194 2536 1324 2590 illud
1373 2541 1596 2607 tempus
1636 2553 1800 2592 acce-

192 2627 404 2699 ptabile
426 2645 446 2680 :
471 2632 524 2680 et
545 2641 670 2680 ecce
691 2642 845 2681 nunc
868 2630 951 2681 est
972 2625 1060 2680 illa
1083 2625 1200 2680 dies
1221 2627 1450 2690 salutis,
1484 2625 1540 2680 in
1561 2642 1664 2697 qua
1686 2627 1800 2681 Deo

192 2722 479 2786 acceptum
511 2722 593 2769 est
621 2714 880 2770 exaudire
915 2722 965 2769 et
998 2715 1278 2783 adjuvare.
1313 2716 1381 2770 Et
1408 2714 1534 2770 ideo
1566 2715 1647 2770 sic
1701 2731 1800 2770 ex-

194 2804 483 2860 hortamur
512 2819 612 2858 vos
647 2821 660 2857 ε
692 2819 793 2858 nos
822 2805 1044 2858 nemini
1065 2804 1265 2859 dantes
1305 2805 1486 2860 ullam
1541 2804 1801 2874 o/Tensio-

196 2910 344 2959 nem,
379 2892 438 2947 id
462 2900 568 2958 est,
596 2892 675 2948 sic
692 2908 792 2948 nos
812 2892 1077 2948 habentes
1096 2893 1336 2948 moribus
1354 2893 1523 2948 verbo
1547 2893 1800 2948 ethabitu

194 2991 246 3037 ut
287 2982 421 3037 nulli
464 2997 795 3053 generemus
826 2980 1205 3048 offensionem,
1267 2982 1322 3036 in
1369 2981 1550 3054 aliquo
1579 2982 1796 3037 horum.

195 3067 321 3124 Ideo
380 3082 492 3122 non
553 3067 747 3122 dantes
778 3065 1167 3136 oilensionem,
1204 3071 1270 3123 ut
1300 3083 1414 3124 non
1443 3069 1802 3140 vituperetur

197 3157 592 3212 ministerium
632 3160 911 3223 nostrum,
949 3156 1004 3210 id
1044 3164 1126 3212 est
1158 3173 1227 3211 ne
1255 3156 1589 3228 apostolatus
1609 3164 1798 3211 noster

1903 1921 2004 1980 est,
2038 1928 2071 1967 a
2101 1913 2379 1984 prosperis
2410 1921 2464 1968 et
2493 1913 2562 1968 ab
2594 1913 2861 1978 adversis,
2896 1913 3040 1985 quod
3072 1929 3173 1968 nec
3228 1913 3508 1984 prosperis

1905 2002 2236 2057 seducamur
2258 2018 2360 2057 nec
2391 2018 2491 2072 per
2521 2002 2758 2056 adversa
2787 2002 3128 2072 dejiciamur.
3154 2000 3289 2070 Quae
3309 2001 3507 2057 amodo

1904 2100 2226 2162 sequuntur,
2260 2100 2447 2162 partes
2482 2099 2605 2145 sunt
2637 2091 2816 2146 dextri
2848 2091 2935 2146 vel
2965 2091 3191 2146 sinistri.
3225 2093 3270 2146 Λ
3301 2091 3508 2146 dextris

1902 2180 2027 2235 dico
2057 2188 2116 2234 ut
2144 2197 2246 2253 per
2275 2181 2539 2248 gloriam,
2574 2181 2720 2251 quod
2749 2181 2799 2234 si
2825 2180 2991 2251 aliqui
3029 2179 3337 2252 glorificant
3379 2196 3501 2246 nos,

1902 2276 1960 2322 ut
1990 2269 2066 2322 ibi
2115 2269 2336 2340 quando
2393 2270 2678 2324 voluerunt
2705 2269 2755 2324 ei
2812 2267 3088 2324 aedificare
3136 2285 3283 2332 aras,
3318 2269 3372 2323 in
3404 2270 3504 2325 hac

1901 2357 2071 2428 gloria
2107 2358 2462 2413 exhibeamus
2501 2373 2602 2413 nos
2661 2366 2916 2429 tanquam
2971 2357 3070 2413 Dei
3125 2358 3422 2413 ministros.
3457 2359 3503 2413 A

1902 2446 2138 2500 sinistris
2167 2447 2305 2502 sicut
2337 2463 2438 2519 per
2469 2447 2908 2517 ignobilitatem,
2946 2455 3003 2500 ut
3034 2447 3254 2518 quando
3306 2447 3497 2502 detra-

1901 2535 2033 2588 hunt
2080 2535 2258 2601 nobis,
2310 2535 2556 2590 dicentes
2613 2551 2715 2589 nos
2765 2534 2900 2589 falsa
2958 2535 3274 2606 prmdicare.
3309 2536 3368 2590 In
3399 2536 3500 2592 hac

1899 2623 2240 2695 ignobilitate
2281 2624 2636 2678 exhibeamus
2657 2639 2758 2678 nos
2778 2624 2916 2679 sicut
2938 2624 3036 2678 Dei
3058 2623 3353 2679 ministros.
3389 2626 3498 2680 lte-

1901 2729 2017 2766 rum
2036 2728 2139 2785 per
2168 2713 2472 2784 infamiam
2494 2729 2616 2784 quae
2645 2727 2776 2783 pars
2809 2711 3044 2768 sinistra:
3067 2720 3168 2778 est,
3193 2721 3250 2766 ut
3280 2713 3498 2785 quando

1900 2801 2183 2855 dicebatur
2213 2801 2261 2856 ei
2289 2817 2300 2855 :
2336 2821 2357 2851 ι
2385 2801 2613 2866 Insanis,
2649 2800 2812 2856 Paule
2845 2802 2987 2871 (Act.
3022 2815 3184 2865 xxvr,
3216 2802 3329 2870 24).
3367 2823 3389 2851 »
3423 2803 3496 2857 Et

1900 2890 2094 2945 iterum
2120 2905 2224 2961 per
2253 2891 2459 2946 bonum
2485 2893 2704 2961 famam
2734 2910 2752 2945 :
2781 2898 2839 2945 ut
2870 2889 3089 2962 quando
3118 2890 3185 2944 ab
3207 2890 3328 2944 aliis
3356 2906 3497 2961 prae-

1899 2978 2100 3034 dicatio
2131 2979 2248 3048 ejus
2281 2978 2658 3046 extollebatur,
2693 2995 2790 3049 per
2812 2979 2928 3034 hazc
2976 2987 3204 3050 utraque
3236 2979 3497 3034 exhibea-

1899 3085 2022 3122 mus
2069 3084 2172 3123 nos
2221 3068 2358 3124 sicut
2407 3069 2508 3124 Dei
2565 3068 2864 3124 ministros.
2915 3069 3031 3124 Nos
3075 3069 3271 3124 iterum
3327 3068 3498 3124 habiti

1900 3161 1966 3212 ut
1997 3157 2336 3227 seductores,
2374 3165 2428 3212 et
2481 3157 2550 3212 ab
2580 3157 2700 3213 aliis
2730 3157 2898 3212 habiti
2929 3161 2994 3213 ut
3052 3173 3294 3224 veraces,
3337 3157 3497 3213 exhi-

195 3245 568 3318 vituperabilis
592 3245 683 3312 sit,
710 3245 855 3316 quod
884 3245 1069 3318 utique
1094 3254 1258 3311 esset,
1279 3222 1324 3300 si
1366 3245 1513 3317 quod
1531 3245 1669 3300 bene
1691 3245 1796 3301 do-
1820 3222 1866 3283 Ο
1897 3247 2123 3301 beamus
2152 3262 2252 3301 nos
2275 3222 2414 3302 sicut
2443 3247 2544 3302 Dei
2575 3246 2873 3313 ministros,
2905 3247 3020 3302 Nos
3047 3247 3240 3302 iterum
3270 3222 3490 3304 1’77

195 3349 310 3400 ceo,
335 3335 390 3389 in
415 3335 632 3406 meipso
655 3350 764 3388 non
786 3335 1152 3390 ostenderem.
1167 3335 1386 3389 Nullam
1403 3335 1596 3388 damus
1617 3333 1796 3390 offen-

195 3425 398 3480 sionem
426 3443 441 3490 ;
467 3424 567 3479 sed
601 3424 918 3479 exhibemus
939 3440 1039 3479 nos
1070 3423 1350 3479 ministros
1382 3423 1482 3479 Dei
1509 3443 1522 3490 ;
1573 3431 1626 3479 et
1655 3431 1712 3478 ut
1742 3423 1798 3477 in

195 3529 256 3569 eo
278 3529 698 3585 permaneamus
728 3514 877 3568 Deus
905 3515 1008 3568 hoc
1025 3513 1304 3580 concedat,
1339 3520 1397 3567 ut
1441 3513 1797 3568 exhibeamus

203 3603 572 3674 nosmetipsos
617 3601 672 3656 in
718 3602 970 3658 omnibus
1011 3619 1132 3675 qua:
1167 3601 1441 3673 loquimur
1477 3609 1530 3656 et
1557 3601 1794 3675 agimus,

191 3693 356 3758 sicut,
391 3692 447 3747 id
471 3700 579 3758 est,
613 3707 743 3746 vere
773 3693 1074 3747 ministros
1105 3693 1224 3758 Dei,
1253 3700 1310 3746 ut
1341 3690 1431 3746 ubi
1455 3691 1610 3763 quasi
1635 3690 1796 3746 modo

194 3781 375 3851 geniti,
410 3780 623 3836 scilicet
655 3783 717 3836 in
746 3781 1033 3852 patientia
1061 3782 1269 3846 multa,
1295 3780 1347 3834 id
1381 3787 1483 3847 est,
1532 3779 1795 3850 multipli-

193 3871 320 3926 citer
348 3869 608 3940 patiendo
666 3885 900 3940 corpore
953 3878 1005 3924 et
1053 3869 1236 3925 animo
1295 3869 1653 3924 exhibeamus
1694 3885 1796 3925 nos

195 3959 287 4014 Dei
319 3959 625 4014 ministros.
668 3959 862 4013 Subdit
890 3967 1069 4030 partes
1101 3958 1372 4030 patientia:
1399 3974 1410 4012 :
1435 3958 1492 4013 in
1513 3959 1676 4013 multa
1694 3974 1795 4029 pa-

199 4048 377 4103 tientia
408 4049 558 4117 dico,
583 4047 770 4104 habita
801 4050 864 4104 in
888 4049 1372 4116 tribulationibus,
1395 4055 1451 4102 ut
1473 4063 1797 4120 quocunque

196 4138 351 4192 modo
383 4155 588 4209 corpus
619 4145 868 4193 nostrum
897 4137 1202 4203 tribuletur,
1234 4137 1612 4209 requanimiter
1655 4137 1795 4193 tole-

197 4242 387 4281 remus.
422 4227 618 4282 Habita
640 4226 801 4282 etiam
832 4226 1090 4297 patientia
1122 4228 1185 4282 in
1236 4227 1796 4292 necessitatibus,~ne

197 4315 374 4387 aliqua
403 4315 710 4388 indigentia
737 4314 1075 4371 deﬁciamus.
1098 4315 1292 4370 Habita
1315 4315 1508 4370 iterum
1538 4317 1798 4387 patientia

200 4405 257 4458 in
285 4406 568 4475 angustiis
591 4406 794 4469 animi,
820 4411 873 4459 et
902 4406 965 4460 in
995 4405 1179 4477 plagis
1211 4404 1481 4474 corporis,
1508 4412 1560 4458 et
1580 4405 1642 4459 in
1664 4421 1795 4460 car-

198 4495 424 4549 ceribus.
451 4493 719 4548 Patientia
749 4492 910 4548 etiam
941 4492 997 4546 in
1029 4493 1389 4547 seditionibus
1422 4509 1558 4564 quas
1592 4493 1796 4548 adver-

1896 3335 2086 3404 habiti,
2149 3338 2299 3391 sicut
2361 3337 2458 3408 qui
2520 3337 2700 3406 ignoti
2771 3337 2890 3392 sint
2934 3336 3071 3401 Deo,
3112 3344 3165 3391 et
3194 3337 3495 3392 secundum

1896 3425 2036 3480 alios
2112 3423 2281 3478 habiti
2364 3432 2624 3496 tanquam
2685 3426 2801 3480 Deo
2855 3426 3088 3497 cogniti,
3133 3425 3188 3480 in
3263 3435 3496 3499 utroque

1897 3513 2253 3570 exhibeamus
2296 3529 2398 3568 nos
2449 3513 2589 3568 sicut
2643 3513 2744 3569 Dei
2798 3513 3100 3570 ministros.
3157 3515 3272 3570 Nos
3300 3515 3497 3571 iterum

1897 3602 2064 3658 habiti
2120 3605 2270 3659 sicut
2303 3603 2632 3668 morientes,
2668 3601 2723 3658 id
2754 3611 2836 3658 est
2865 3602 2922 3658 in
2952 3602 3256 3660 criminalia
3289 3605 3496 3660 caden-

1897 3701 1978 3748 tes
2011 3692 2312 3748 secundum
2355 3692 2643 3764 quosdam,
2677 3697 2732 3749 et
2783 3710 2908 3749 ecce
2939 3693 3241 3749 secundum
3271 3693 3408 3749 alios
3438 3694 3495 3750 in

1891 3781 2095 3849 justitia
2124 3783 2364 3837 vivi-mus
2395 3802 2412 3836 :
2443 3781 2499 3835 in
2546 3789 2780 3854 utroque
2823 3781 3180 3838 exhibeamus
3208 3799 3309 3838 nos
3359 3783 3494 3840 sicut

1897 3871 1997 3926 Dei
2036 3870 2334 3926 ministros.
2369 3871 2483 3926 Nos
2515 3871 2709 3926 iterum
2761 3871 2931 3927 habiti
2965 3877 3027 3927 ut
3059 3874 3355 3944 castigati,
3399 3889 3495 3930 se-

1897 3960 2134 4016 cundum
2166 3961 2460 4032 quosdam,
2496 3961 2588 4032 qui
2617 3970 2738 4032 post
2768 3961 2912 4015 illata
2954 3960 3113 4016 nobis
3145 3962 3380 4018 verbera
3408 3961 3496 4018 di-

1898 4057 2085 4105 cerent
2118 4064 2130 4103 :
2164 4051 2306 4105 Ecce
2338 4065 2448 4104 non
2487 4049 2722 4121 amplius
2751 4051 3030 4106 audebunt
3073 4051 3223 4122 loqui
3256 4069 3269 4106 :
3303 4060 3354 4107 et
3401 4067 3495 4108 se-

1897 4139 2133 4194 cundum
2161 4138 2298 4194 alios
2354 4138 2526 4194 habiti
2583 4155 2693 4194 non
2751 4139 3003 4212 castigati
3051 4139 3142 4212 qui
3199 4140 3492 4197 dicerent:

1896 4229 2189 4298 Nunquam
2248 4235 2536 4298 propterea
2589 4228 2893 4284 reticebunt
2937 4228 3037 4283 Dei
3092 4229 3343 4299 verbum,
3377 4247 3499 4302 qua:

1898 4316 2180 4388 castigatio
2209 4324 2355 4371 esset
2376 4315 2718 4372 mortificatio
2754 4335 2768 4372 :
2802 4325 2854 4372 et
2875 4317 2999 4372 ideo
3021 4317 3096 4372 ait
3118 4319 3454 4388 mortiﬁcati
3480 4337 3494 4374 :

1897 4404 1952 4460 in
1992 4413 2226 4477 utroque
2256 4404 2612 4460 exhibeamus
2628 4420 2729 4461 nos
2759 4405 2896 4461 sicut
2926 4405 3025 4460 Dei
3059 4405 3358 4462 ministros.
3382 4408 3499 4464 Nos

1899 4494 2096 4549 iterum
2152 4493 2318 4548 habiti
2357 4495 2519 4565 quasi
2580 4495 2777 4550 tristes
2851 4495 3153 4550 secundum
3204 4495 3494 4566 quosdam,

200 4598 312 4637 sum
343 4599 443 4638 nos
472 4582 752 4638 concitant
783 4580 1049 4636 infideles.
1087 4581 1349 4638 Patientia
1387 4582 1585 4637 iterum
1617 4582 1868 4648 habitaD
1899 4584 2046 4655 quod
2103 4582 2491 4640 contristemur
2547 4583 2796 4639 adversis
2859 4598 3092 4654 corpore
3162 4583 3249 4640 vel
3305 4584 3500 4656 spiritu

197 4671 253 4725 in
286 4673 564 4728 laboribus
597 4691 615 4728 :
649 4671 898 4726 manibus
929 4671 1075 4726 enim
1115 4671 1316 4726 nostris
1358 4671 1694 4737 laboramus,
1729 4688 1798 4726 ne

200 4759 424 4832 aliquem
484 4776 784 4834 gravemus
815 4760 865 4831 (Ι
900 4761 1082 4817 Thess.
1108 4775 1166 4828 ιι,
1201 4760 1277 4831 9).
1313 4759 1576 4814 Patientia
1615 4759 1798 4815 habita

201 4847 353 4903 etiam
398 4851 461 4904 in
524 4850 763 4920 vigiliis,
824 4848 1143 4920 plerumque
1183 4848 1328 4904 enim
1387 4865 1510 4904 eum
1568 4849 1798 4921 vigilare

203 4939 426 5006 Oportuit
467 4939 839 5009 disputantem
868 4938 936 4993 de
965 4935 1090 4993 fide.
1125 4938 1321 4992 Habita
1352 4938 1511 4993 etiam
1540 4937 1797 5009 patientia

205 5026 258 5079 in
289 5029 531 5098 jejuniis
565 5046 582 5082 :
616 5027 740 5098 quia
771 5026 1047 5081 multoties
1105 5043 1228 5081 eum
1255 5026 1501 5095 jejunare
1543 5027 1792 5098 oportuit,

208 5116 356 5171 modo
377 5116 686 5183 coactione,
722 5116 887 5171 modo
921 5115 1246 5189 indigentia,
1303 5117 1467 5171 modo
1498 5116 1794 5172 voluntate.

209 5202 324 5260 ilzec
352 5205 535 5260 omnia
566 5205 850 5276 praemissa
879 5212 1064 5276 partes
1115 5212 1242 5260 sunt
1279 5205 1573 5277 patientiae,
1601 5213 1798 5261 caetera

210 5306 501 5366 coaequzeva
532 5301 660 5349 sunt
689 5293 782 5348 illi.
816 5294 1184 5350 Exhibeamus
1215 5309 1316 5349 nos
1360 5295 1496 5350 sicut
1544 5294 1645 5350 Dei
1690 5295 1798 5349 mi-

209 5380 394 5437 nistros
424 5386 485 5439 in
517 5384 810 5449 castitate,
844 5384 988 5455 quod
1019 5383 1153 5438 casti
1177 5384 1348 5439 simus
1379 5384 1559 5440 animo
1589 5392 1640 5439 et
1668 5400 1798 5440 cor-

211 5485 349 5538 pore.
383 5473 753 5528 Exhibeamus
781 5488 882 5528 nos
912 5472 1075 5527 etiam
1097 5472 1376 5528 ministros
1397 5474 1515 5540 Dei,
1541 5476 1602 5529 in
1623 5474 1799 5529 scien-

213 5559 304 5623 tia,
347 5569 401 5614 ut
441 5560 780 5617 sufﬁcienter
809 5562 876 5616 de
906 5561 1160 5616 omnibus
1192 5562 1334 5617 docti
1366 5563 1555 5617 simus.
1593 5562 1707 5627 Vel,
1743 5568 1801 5616 ut

210 5649 490 5707 castitatem
529 5659 582 5708 et
631 5650 915 5708 scientiam
961 5667 1128 5708 unum
1167 5652 1471 5709 membrum
1503 5652 1748 5708 dicamus
1781 5665 1792 5708 :

1896 4673 2066 4728 habiti
2098 4680 2279 4728 autem
2338 4672 2638 4728 secundum
2704 4671 2841 4726 alios
2916 4688 3139 4744 semper
3188 4674 3498 4744 gaudentes

1897 4777 2131 4833 corpore
2163 4770 2215 4817 et
2246 4761 2439 4832 spiritu
2475 4777 2486 4815 :
2523 4761 2578 4815 in
2609 4770 2844 4833 utroque
2897 4761 3255 4817 exhibeamus
3285 4778 3386 4818 nos
3418 4763 3498 4818 si-

1896 4859 1989 4908 cut
2035 4852 2136 4907 Dei
2168 4851 2468 4907 ministros.
2507 4852 2623 4906 Nos
2666 4851 2832 4906 etiam
2878 4850 3181 4907 secundum
3226 4851 3496 4922 quosdam

1896 4940 2064 4995 habiti
2139 4945 2384 5011 egentes,
2425 4940 2513 4996 vel
2573 4940 2846 5012 corporali
2877 4940 3022 4996 bono
3071 4941 3156 4996 vel
3229 4941 3500 5012 spirituali

1899 5031 2197 5086 secundum
2230 5030 2368 5086 alios
2399 5039 2577 5086 autem
2644 5029 2817 5085 habiti
2883 5029 3038 5102 quasi
3084 5031 3497 5103 locupletantes

1897 5121 2107 5177 multos
2137 5119 2192 5174 in
2225 5119 2598 5191 spiritualibus
2628 5119 2786 5174 bonis
2823 5135 2834 5172 :
2869 5119 2924 5174 in
2947 5128 3180 5190 utroque
3229 5120 3494 5176 exhibea-

1899 5226 2022 5264 mus
2059 5225 2160 5264 nos
2193 5209 2331 5265 sicut
2370 5209 2471 5265 Dei
2502 5209 2797 5264 ministros.
2830 5207 2945 5264 Nos
2977 5210 3176 5264 iterum
3205 5209 3498 5265 existimati

1902 5304 2176 5370 tanquam
2209 5297 2357 5354 nihil
2387 5298 2604 5368 penitus
2657 5298 2922 5354 habentes
2972 5298 3100 5352 boni
3160 5298 3495 5368 temporalis,

1899 5405 1995 5442 seu
2016 5386 2317 5458 spiritualis
2335 5387 2638 5442 secundum
2661 5387 2924 5457 quosdam
2951 5402 2962 5441 :
2987 5396 3042 5442 et
3069 5387 3368 5442 secundum
3393 5386 3499 5441 ali-

1899 5493 1963 5532 os
1982 5475 2267 5530 existimati
2285 5484 2542 5548 tanquam
2565 5477 2777 5540 omnia,
2806 5475 2861 5530 id
2892 5484 2972 5531 est
3002 5477 3173 5530 Deum
3193 5476 3498 5547 posseden-

1903 5570 1986 5621 tes
2009 5585 2026 5619 :
2048 5565 2102 5619 in
2122 5572 2350 5636 utroque
2391 5565 2744 5620 exhibeamus
2771 5579 2869 5619 nos
2892 5564 3030 5620 sicut
3062 5563 3162 5618 Dei
3196 5563 3494 5618 ministros.

1902 5655 1968 5711 Ut
1987 5653 2456 5728 pseudodoctores
2503 5653 2558 5710 in
2607 5661 2904 5727 conspectu
2937 5661 3118 5711 vestro
3145 5651 3444 5725 deprimam
3483 5667 3496 5709 :
