3936 6500
378 514 525 580 1377

1372 510 1843 575 CHRONICON
1874 510 1939 571 S.
1980 507 2337 573 HUBERTI
2370 512 2759 575 ANDAGIN.

3542 538 3545 539 ν
3616 518 3767 582 1378

366 671 733 727 iudicumac
752 667 1133 725 saecularium
1144 680 1534 738 personarum
1560 664 1715 721 lianc
1735 662 2014 720 constitu-
2045 660 2100 715 Α
2135 661 2374 718 busdam
2415 664 2733 721 curialibus
2763 666 2889 721 suis
2920 667 3150 721 vadium
3182 667 3520 726 humillima;
3543 670 3769 726 satisfa-

366 759 555 816 tionis
566 758 781 814 nostra
788 757 1075 828 paginam
1091 755 1525 824 agnoscentes,c
1544 755 1702 810 ‘ntra
1723 766 1851 809 eam
1860 752 2018 807 ceni-

2130 752 2342 809 ctionis
2372 767 2520 821 genu
2551 753 2698 808 ﬂexo
2732 754 3011 825 porrexit,
3041 770 3099 811 se
3127 770 3378 827 errasse,
3409 772 3471 814 se
3492 772 3770 827 peccasse

362 861 436 903 re
455 848 850 917 temptaverit,
880 846 1191 915 potestatis
1224 845 1581 914 honorisque
1601 845 1698 899 sui
1722 842 2021 912 dignitate
2130 839 2189 894 in
2224 843 2398 895 Deum
2432 845 2487 895 et
2523 847 2743 911 patrem
2776 857 2941 898 suum
2975 848 3065 898 est
3122 846 3451 911 confessus,
3508 860 3767 903 errorem

365 934 598 1002 careat,
620 948 975 1005 reumqucsr
996 934 1200 989 divino
1209 935 1244 1003 j
1250 934 1409 988 udici
1415 945 1444 986 0
1460 931 1714 987 eaistere
1736 930 1804 985 de
1821 942 2019 998 perpe-

369 1024 540 1079 trata
560 1022 889 1092 iniquitate
909 1024 1231 1092 cognoscat,
1257 1028 1308 1076 et
1336 1021 1458 1077 nisi
1478 1021 1571 1076 vel
1589 1033 1658 1076 ea
1679 1034 1809 1089 qure
1820 1017 1894 1075 ab
1918 1017 2021 1073 illo

369 1109 1263 1174 suntmaleablatarestituerit,
1286 1111 1379 1164 vel
1389 1111 1489 1179 xlip
1498 1123 1576 1164 na
1588 1108 1936 1176 paenitentia
1950 1107 2022 1161 il-

373 1199 546 1257 licita
572 1200 711 1256 acta
734 1199 1055 1269 defleverit,
1081 1214 1117 1253 a
1138 1197 1548 1255 sacratissimo
1566 1209 1797 1266 corpore
1815 1195 1871 1251 et
1887 1208 2021 1251 san-

364 1289 560 1358 guine
579 1288 691 1344 Dei
715 1287 938 1343 domini
950 1286 995 1320 ⁸⁸
1012 1286 1402 1357 redemptoris
1424 1287 1613 1341 nostri
1632 1285 1779 1341 Jesu
1793 1282 2025 1339 Ultristi

371 1376 616 1433 alienus
630 1377 754 1443 ttat,
772 1377 953 1446 atque
964 1376 1031 1432 in
1041 1375 1254 1432 aeterno
1268 1374 1542 1430 examine
1556 1373 1845 1430 districta
1856 1372 2026 1427 ultio-

367 1465 440 1521 ni
456 1463 782 1536 subjaceat.
804 1464 1047 1521 Cunctis
1062 1466 1259 1520 autem
1260 1466 1296 1534 j
1302 1465 1436 1519 usta
1447 1460 1817 1519 servantibus
1838 1460 2025 1515 eidem

372 1555 518 1624 loco,
534 1567 666 1625 pale
686 1552 911 1610 domini
928 1552 1122 1609 nostri
1138 1553 1282 1608 Jesu
1298 1552 1550 1616 Ulli-isti,
1568 1550 1739 1606 uthie
1745 1549 2027 1620 fructum

372 1641 537 1699 bona
557 1643 814 1699 actionis
825 1641 1207 1711 recipiant,et
1221 1640 1383 1710 apud
1404 1639 1745 1696 districtum
1756 1636 2025 1709 judieem

356 1733 620 1800 pramia
648 1731 880 1788 externa
901 1731 1058 1791 pacis
1079 1730 1413 1797 inveniant,
1438 1732 1635 1783 Amen.
1665 1723 2021 1794 Subscripsit

368 1825 569 1875 autem
620 1834 790 1875 manu
821 1817 1058 1889 prepria
1100 1816 1345 1873 domnus
1384 1828 1570 1885 papa:
1602 1812 2024 1871 Miserationes

375 1907 511 1975 tua,
555 1908 819 1976 Domine,
851 1920 1031 1975 super
1056 1906 1256 1961 omnia
1283 1918 1460 1975 opera
1485 1904 1606 1960 tua.
1630 1904 1779 1959 Bene
1799 1900 2012 1957 valete.

2133 943 2543 997 quoquesuum
2578 930 2785 985 amodo
2814 945 2876 985 se
2903 937 3303 989 correcturum
3332 933 3649 1002 professus.
3678 936 3771 990 Mi-

2134 1024 2297 1073 ratus
2322 1019 2503 1073 abbas
2546 1024 2605 1073 et
2632 1018 2864 1075 laetatus
2891 1020 2945 1074 in
2973 1020 3227 1090 Domino,
3246 1021 3341 1091 qui
3366 1021 3435 1076 ad
3461 1022 3612 1092 quod
3643 1023 3770 1079 vult

2134 1105 2375 1159 inclinat
2416 1106 2596 1161 corda
2638 1107 2891 1161 omnium
2937 1107 3185 1163 ﬁliorum
3221 1109 3531 1179 hominum,
3565 1125 3771 1181 sugge-

2135 1201 2300 1250 rente
2327 1194 2603 1265 episcnpo
2628 1195 2759 1250 duci
2784 1196 3095 1252 recredidit
3121 1198 3274 1266 quod
3293 1198 3400 1254 sibi
3426 1205 3770 1269 porrexerat

2134 1282 2651 1350 vadium,inverho
2678 1283 2902 1339 scilicet
2944 1286 3191 1341 viventis
3220 1286 3405 1343 adhuc
3439 1287 3622 1359 patris
3656 1288 3766 1360 sui,

2136 1384 2250 1439 quo
2274 1385 2404 1426 eum
2430 1371 2797 1440 adjuraverat
2822 1372 2884 1442 ιι,
2912 1374 3045 1429 vitae
3069 1388 3189 1429 sum
3220 1380 3277 1430 et
3312 1375 3548 1431 honoris
3572 1378 3771 1433 condi-

2138 1459 2294 1513 tione
2310 1460 2654 1530 interposita
2676 1478 2689 1524 ;
2716 1461 2909 1516 statim
2934 1460 3031 1516 ille
3057 1477 3160 1531 pro
3176 1463 3425 1533 hiisqure
3439 1464 3510 1519 de
3529 1465 3769 1535 prmfato

2138 1548 2414 1603 thesauro
2436 1548 3024 1619 subduxeratabbati,
3047 1550 3256 1606 Bellam
3276 1551 3482 1607 vallem
3509 1552 3579 1608 ad
3599 1568 3766 1609 usum

2138 1638 2379 1692 fratrum
2410 1637 2461 1693 ei
2520 1637 2809 1707 deposuit,
2843 1644 2903 1695 et
2932 1639 3238 1695 ecclesiam
3290 1641 3495 1696 Montis
3526 1642 3771 1698 Madien-

2138 1724 2219 1780 sis
2250 1726 2392 1793 (109)
2452 1739 2579 1781 cum
2608 1727 2800 1781 tribus
2847 1727 3063 1783 mansis
3095 1733 3267 1784 terra:
3304 1731 3473 1785 beato
3505 1731 3679 1786 Petro
3712 1731 3769 1786 in

2139 1818 2480 1884 perpetuum
2516 1802 2920 1884 pessidendam
2955 1816 3222 1885 legaliter
3246 1817 3511 1873 tradidit.

2206 1902 2291 1955 28.
2330 1901 2465 1972 (39.)
2498 1902 2707 1957 Eodem
2770 1918 2916 1959 anno
2967 1904 3147 1975 (1075,
3195 1905 3336 1961 Jun.
3369 1905 3460 1978 23)
3494 1907 3800 1964 Theodui--

377 1994 605 2051 Datum
635 1995 953 2052 Lateranis
993 1996 1059 2051 in
1079 1993 1125 2027 ⁸ο
1141 1994 1286 2050 Kal.
1320 1992 1479 2050 Maii
1497 2007 1596 2047 per
1616 2004 1829 2048 manus
1851 1990 2022 2046 Petri
2055 2005 2105 2062 Β
2137 2004 2245 2045 nus
2281 1990 2610 2046 Leodiensis
2660 1991 2972 2062 episcopus
3019 1993 3133 2047 vita
3193 1993 3468 2051 decessit.
3526 2001 3769 2066 ortaque

376 2083 603 2141 sanctae
623 2085 904 2151 Romana
912 2082 1167 2139 ecclesia
1169 2081 1488 2153 presbiteri
1501 2082 1754 2138 cardina
1762 2081 1837 2136 lis
1857 2091 1929 2135 ac
1941 2076 2023 2133 bi-

378 2169 777 2240 biiothecarii,
794 2185 950 2227 anno
957 2170 1156 2241 primo
1164 2170 1339 2241 ponti
1335 2170 1557 2241 ﬂcatus
1574 2169 1797 2224 domini
1812 2164 2025 2237 Grego-

374 2259 466 2315 rii
499 2258 632 2327 VII,
648 2272 841 2330 papa,
866 2259 1193 2316 indictione
1220 2258 1558 2315 undecima.

448 2349 537 2402 27.
573 2350 710 2418 (38.)
736 2348 962 2404 Interea
1001 2348 1255 2403 monitus
1283 2345 1628 2401 Godel’ridus
1653 2360 1725 2400 ex
1756 2343 2025 2399 mandato

383 2449 550 2507 papa
580 2450 609 2491 a
642 2435 970 2492 Coloniensi
1004 2436 1258 2504 itemque
1301 2434 1598 2490 Leodiensi
1636 2433 1927 2503 pontiﬁce,
1965 2436 2025 2488 ut

384 2522 714 2580 condictam
741 2522 890 2592 patri
908 2521 1211 2577 veritatem
1228 2524 1288 2575 et
1317 2520 1488 2575 ﬁdem
1520 2518 1870 2587 exsolveret,
1905 2519 2027 2575 ille-

383 2624 500 2680 que
518 2625 621 2667 nec
638 2613 940 2665 monentes
955 2622 1060 2663 nec
1075 2610 1388 2676 arguentes
1402 2607 1604 2662 audire
1616 2610 1870 2675 curaret,
1889 2620 1987 2661 acc
1999 2607 2031 2659 i-

383 2698 473 2754 (ιιι
506 2704 568 2754 ut
595 2698 839 2754 domnus
864 2694 1265 2762 Herimannus,
1297 2694 1569 2751 Metensis
1598 2694 1929 2765 episcopus,
1957 2695 2028 2751 ad

381 2800 517 2842 eum
535 2784 833 2841 Bulonium
846 2783 1443 2839 veniret.Eratautem
1458 2783 1728 2838 dominici
1745 2782 2029 2840 adventus

383 2872 675 2929 dominica
707 2872 983 2939 secunda,
1009 2876 1070 2928 et
1096 2876 1155 2927 ut
1186 2886 1353 2927 suum
1378 2876 1469 2927 est
1497 2871 1623 2941 ejus
1646 2872 1945 2942 temporis,
1971 2872 2028 2927 in

384 2962 695 3017 horruerat
712 2960 925 3031 passim
946 2960 1129 3015 hiems
1155 2960 1491 3030 asperrima.
1514 2962 1805 3031 Exceptus
1829 2974 1857 3015 a
1883 2959 2028 3015 duce

385 3056 453 3107 ut
484 3049 727 3105 decebat
762 3053 986 3105 tantum
1012 3048 1367 3120 pontiﬁcem,
1402 3063 1531 3104 cum
1563 3054 1689 3119 post
1720 3063 1942 3105 coenam
1973 3049 2029 3103 in

385 3139 541 3193 lecto
566 3136 730 3193 ducis
753 3142 1047 3207 pausaret,
1075 3136 1221 3194 duce
1253 3136 1601 3193 altrinsecus
1632 3136 1686 3191 in
1707 3136 1908 3192 eadem
1939 3151 2031 3193 ca-

386 3239 545 3282 mera
569 3225 936 3296 quiescente,
961 3225 1144 3295 primo
1162 3224 1457 3293 gallicinio
1478 3224 1627 3295 apud
1648 3232 1913 3281 sanctum
1934 3226 2031 3281 Pe-

2138 2079 2284 2146 (110)
2318 2078 2691 2134 contentione
2740 2081 2890 2135 inter
2923 2095 3183 2151 quosque
3235 2086 3504 2152 potentes
3534 2083 3771 2152 agenda

2137 2166 2460 2235 electionis,
2514 2167 2646 2222 dum
2703 2167 2897 2235 plures
2930 2167 3050 2223 ﬁeri
3107 2168 3429 2224 voluissent
3487 2171 3766 2242 episcopi,

2139 2253 2279 2308 nulli
2311 2268 2511 2309 eorum
2546 2259 2607 2309 ut
2638 2255 2954 2325 episcopus
2990 2255 3150 2310 ﬁeret
3185 2257 3449 2326 contigit.
3485 2259 3622 2313 Nam
3653 2258 3768 2314 dux

2139 2342 2504 2411 Godefridus,
2533 2342 2625 2411 qui
2653 2347 2791 2397 tunc
2818 2343 2964 2398 forte
2990 2344 3327 2400 morabatur
3349 2360 3476 2399 cum
3503 2346 3771 2403 Heinrico

2141 2444 2294 2498 rege,
2354 2444 2481 2485 cum
2522 2430 2616 2484 vix
2676 2431 2930 2487 tenuiter
2990 2433 3372 2500 persensisset
3432 2434 3768 2506 episcopum

2137 2518 2368 2581 obiisse.
2422 2518 2694 2589 precibus
2731 2519 2854 2573 suis
2885 2519 3139 2590 optinuit
3172 2520 3320 2590 apud
3371 2535 3522 2591 eum,
3558 2524 3767 2578 nemini

2138 2605 2569 2663 concedendum
2598 2606 2808 2662 donum
2835 2608 3136 2678 episcopii,
3176 2608 3281 2664 nisi
3308 2623 3475 2679 quem
3502 2609 3598 2665 ille
3631 2626 3772 2682 prm-

2139 2700 2400 2752 sentaret
2431 2696 2482 2750 ei
2511 2712 2524 2759 ;
2588 2710 2835 2766 moxque
2867 2694 2936 2751 ad
2970 2696 3296 2752 lleinricum
3354 2698 3768 2756 Virdunenscm

2139 2783 2607 2839 archidiaconum
2641 2782 2685 2815 ⁶¹
2715 2784 2889 2852 misit,
2942 2789 2998 2839 et
3053 2784 3102 2839 ei
3138 2789 3201 2840 ut
3232 2792 3452 2841 remota
3508 2789 3658 2842 omni
3692 2790 3774 2844 di-

2140 2870 2353 2927 latione
2384 2871 2454 2926 ad
2484 2886 2546 2927 se
2580 2872 2800 2927 veniret
2836 2872 3146 2927 mandavit.
3176 2874 3498 2931 Festinavit
3521 2876 3618 2932 ille
3640 2875 3768 2933 duci

2140 2974 2471 3029 occurrere,
2505 2961 2763 3015 incertus
2789 2962 3017 3015 omnino
3043 2961 3181 3031 quid
3205 2961 3400 3018 vellet.
3430 2963 3774 3021 Leodienses

2139 3062 2279 3103 vero
2311 3064 2414 3119 pro
2437 3048 2812 3105 contentione
2836 3050 3076 3119 przefata
3096 3049 3249 3105 nulla
3275 3052 3463 3107 adhuc
3485 3051 3771 3108 electione

2142 3136 2388 3205 ﬁrmata,
2453 3151 2522 3192 ne
2563 3137 2866 3192 videretur
2925 3138 3267 3208 injuriosum
3328 3140 3470 3209 regi,
3507 3139 3770 3197 baculum

2142 3224 2530 3295 pontiﬁcalem
2566 3225 2737 3296 paulo
2772 3226 3059 3282 morosius
3088 3227 3325 3294 deferri,
3353 3233 3565 3282 uteum
3599 3229 3775 3284 refer-

386 3321 539 3371 trum
560 3317 943 3370 surrexerunt
968 3312 1037 3368 ad
1063 3313 1291 3382 vigilias
1311 3313 1911 3382 fratres,Theoderico
1935 3315 2031 3369 ab-
2063 3341 2110 3403 Ο
2143 3318 2232 3368 ret
2265 3312 2641 3383 injunxerunt
2676 3312 3029 3368 Theoderico
3060 3312 3276 3368 abbati.
3314 3313 3551 3380 Quidam
3583 3321 3773 3371 autem

387 3406 520 3459 bate
550 3408 687 3459 tunc
736 3416 866 3458 cum
898 3402 980 3458 eis
1011 3401 1089 3457 ibi
1140 3402 1498 3457 demorante.
1535 3402 1775 3458 Miratus
1805 3402 2029 3474 episco-
2075 3400 2095 3403 ⁷
2144 3400 2215 3455 de
2264 3400 2498 3457 clericis
2536 3401 2687 3457 alter
2719 3401 2963 3457 alterum
3000 3401 3325 3472 anticipans
3356 3403 3574 3458 curiam
3608 3403 3784 3477 irrep-

387 3506 495 3562 pus
515 3504 583 3545 ea
604 3489 704 3545 tali
721 3491 857 3544 hora
881 3503 942 3545 se
960 3503 1269 3559 campanas
1292 3489 1516 3559 audire,
1534 3490 2032 3561 interrogavitdu-

390 3593 538 3648 cem,
570 3592 685 3649 quo
720 3576 810 3635 vel
840 3576 910 3633 ad
936 3575 1074 3647 quid
1100 3582 1392 3633 sonarent.
1421 3577 1737 3647 Respondit
1774 3578 1892 3634 dux
1922 3580 2031 3633 fra-

389 3671 514 3721 tres
537 3663 689 3736 apud
712 3668 975 3719 sanctum
1010 3665 1241 3719 Petrum
1267 3664 1337 3721 ad
1370 3664 1599 3735 vigilias
1622 3679 1885 3735 surgere,
1909 3679 2031 3721 eos-1

389 3766 501 3824 que
514 3765 587 3808 ex
616 3751 930 3808 elemosina
955 3752 1138 3823 patris
1158 3752 1247 3807 sui
1272 3751 1485 3808 ibidem
1510 3753 1730 3810 locatos
1751 3753 2030 3810 consiste-

392 3856 473 3899 re.
500 3842 585 3898 Ad
609 3841 731 3896 hmo
752 3839 1063 3911 episcopus
1085 3840 1261 3895 altius
1287 3841 1703 3910 ingemiscens:
1731 3845 1795 3912 0,
1822 3842 2029 3912 inquit,

388 3942 494 3987 nos
511 3929 803 3998 infelices,
829 3942 974 4000 quos
987 3930 1053 3985 in
1072 3930 1258 3985 tantis
1271 3929 1508 3986 deliciis
1535 3946 1562 4000 ει
1576 3932 1892 3987 uiescentes
1914 3932 2033 3987 Deo

389 4016 813 4091 condempnant
831 4016 980 4073 tales
999 4018 1247 4086 vigilia.
1276 4017 1500 4075 Felices
1513 4020 1749 4075 econtra
1762 4033 1908 4089 quos
1929 4033 2035 4077 nec

392 4109 589 4177 torpor
598 4105 807 4163 medice
816 4106 1021 4174 noctis,
1030 4119 1132 4161 nec
1144 4105 1237 4161 lio:
1250 4119 1349 4162 νον
1362 4105 1544 4176 lzujus
1556 4109 1901 4178 asperrima
1912 4108 2033 4164 liie-

386 4196 505 4252 mis
518 4195 796 4266 reprimit
815 4208 854 4251 a
876 4193 1155 4250 laudibus
1176 4193 1436 4251 omnium
1463 4196 1750 4252 creatoris
1776 4196 1905 4267 Dei.
1946 4197 2034 4252 Tu

388 4297 622 4354 guoque
632 4282 938 4340 infelicior
952 4282 1412 4355 infelicissimis,
1422 4295 1593 4353 quem
1604 4284 1851 4341 necdum
1862 4284 2033 4341 emol-

391 4371 841 4445 liuntceltimor
863 4371 971 4427 Dei
991 4369 1083 4426 eet
1110 4384 1276 4427 amor
1273 4370 1480 4441 patris
1502 4371 1611 4439 tui,
1645 4373 1752 4443 qui
1772 4371 2032 4429 elemosi-

386 4474 527 4517 nam
539 4459 668 4530 eius
679 4458 1537 4531 defraudaveris.et/ratrious
1552 4461 1672 4515 tam
1685 4460 1908 4518 devotis
1928 4460 2033 4517 ad-

387 4548 989 4606 huceamdetrareeris
1006 4557 1026 4602 ,ι
1052 4560 1086 4602 Α
1099 4546 1133 4602 d
1149 4546 1271 4604 haec
1286 4546 1516 4604 Godefri
1528 4548 1635 4604 -lus
1648 4555 2031 4620 compunctus

387 4638 444 4693 in
459 4635 1255 4708 lacrimaserupit,etgratias
1270 4651 1447 4706 agens
1461 4636 1793 4693 rationabili
1808 4636 1934 4706 ejus
1947 4653 2034 4694 ca-

2146 3494 2365 3557 serant,
2394 3488 2897 3558 speransquisque
2929 3487 3018 3542 vel
3040 3487 3146 3543 sibi
3180 3494 3783 3559 proventurumeven-

2142 3583 2264 3631 tum
2283 3576 2385 3644 rei,
2404 3577 2493 3631 vel
2513 3581 2750 3647 paratus
2763 3575 2951 3644 gratia
2978 3576 3396 3633 vicissitudinis
3413 3578 3562 3633 ferre
3578 3578 3781 3634 suﬁ‘ra-

2140 3663 2499 3733 giumalteri.
2527 3663 3058 3733 lntereasuggessit
3100 3663 3504 3721 duxclericum
3553 3667 3774 3737 adesse,

2143 3752 2233 3807 cui
2260 3752 2618 3823 episcopium
2654 3753 2983 3806 donandum
3013 3751 3397 3818 destinasset;
3440 3752 3780 3823 dignaretur

2142 3847 2341 3909 rex,ut
2354 3846 2447 3896 est
2461 3840 2509 3910 ej
2523 3855 2586 3897 us
2600 3839 2932 3896 donationis
2946 3841 3315 3911 agendae,pro
3330 3841 3607 3897 tribunali
3621 3841 3784 3898 sede-

2146 3936 2293 3998 re,et
2312 3929 2537 3985 vocatis
2552 3928 3319 4000 Leodiensibusrpiscopum
3335 3928 3784 3987 illisconstituc-

2144 4030 2225 4071 re.
2264 4017 2613 4072 Leodienses
2644 4016 3039 4085 evocati,licet
3082 4017 3490 4073 morderentur
3530 4018 3782 4076 latenter

2145 4104 2357 4159 nemini
2392 4104 2623 4160 illorum
2640 4105 2790 4173 quod
2816 4109 3196 4174 speraverant
3222 4106 3579 4176 provenisse,
3606 4121 3675 4163 ne
3701 4113 3783 4163 ta-

2144 4206 2270 4247 men
2286 4191 2574 4248 voluntati
2597 4192 2769 4260 regiaa
2793 4206 2920 4261 quae
2945 4192 3000 4246 in
3025 4192 3256 4261 negotio
3271 4194 3777 4266 przeponderabat,

2143 4280 2487 4337 viderentur
2508 4280 2734 4348 deesse,
2750 4280 3102 4335 Theoderico
3123 4281 3318 4336 abbati
3344 4296 3414 4337 ex
3432 4282 3679 4338 consilio
3695 4298 3783 4340 re-

2146 4369 2438 4426 ferendam
2470 4370 2875 4439 imposuerunt
2901 4367 3112 4422 domini
3130 4368 3381 4425 Heinrici
3410 4369 3777 4427 electionem.

2144 4458 2251 4526 Qui
2285 4473 2413 4515 cum
2446 4456 2660 4514 ceteris
2694 4456 2983 4512 assistens
3012 4455 3152 4525 regi,
3180 4460 3236 4511 ul
3267 4462 3396 4512 erat
3421 4458 3509 4513 vir
3546 4458 3782 4515 urbana:

2144 4548 2469 4618 elegantias,
2513 4550 2933 4619 promptusque
2963 4544 3198 4601 Latialis
3236 4545 3616 4617 eloquentiae:
3656 4549 3783 4605 Eli-

2140 4638 2269 4709 pat,
2302 4637 2508 4707 inquit,
2532 4650 2662 4693 eum
2681 4637 2861 4704 Deus,
2885 4633 3034 4691 etab
3056 4648 3118 4689 eo
3128 4634 3508 4707 praelectum
3523 4650 3628 4693 nos
3643 4652 3783 4708 quo-

388 4724 705 4797 stigationi,
724 4701 1209 4795 quicquidcixhoc
1225 4701 2031 4797 neélexerat,emendaturum
2064 4701 2115 4761 D
2140 4701 2265 4799 'que'
2283 4701 2623 4783 voluntarie
2652 4701 2988 4795 eligendum
3015 4701 3396 4780 decrevimus.

387 4814 596 4870 amodo
621 4828 677 4869 se
702 4813 989 4884 promisit.
1038 4814 1097 4868 in
1122 4814 1442 4871 crastinum
1468 4821 1716 4887 uterque
1764 4817 2031 4874 abbatem

386 4902 706 4972 mandavit,
740 4902 994 4957 venienti
1028 4915 1167 4957 vero
1200 4902 1317 4958 dux
1342 4903 2035 4963 oﬁlciosissimeassurre-

386 4990 560 5051 xit,et
575 4989 882 5047 nichiltale
897 4991 967 5048 de
980 5006 1048 5048 eo
1062 4992 1319 5063 speranti
1345 5005 1539 5049 coram
1558 4994 1830 5065 pontiﬁce
1842 5001 1899 5052 et
1915 4997 2034 5067 qui-

2214 4819 2303 4870 29.
2337 4813 2473 4885 (41.)
2507 4814 2596 4868 Sic
2627 4812 2774 4884 (111)
2835 4812 3081 4868 domnus
3141 4810 3423 4867 Henricus
3482 4811 3783 4883 cpiscopio

2146 4905 2415 4974 donatus,
2440 4907 2498 4958 et
2514 4903 2874 4971 obsequente
2899 4899 3040 4955 duce
3070 4900 3126 4954 in
3156 4900 3357 4954 urbem
3382 4898 3783 4956 favorabiliter

2143 4997 2443 5066 reneptus,
2480 5005 2590 5047 non
2639 4990 2822 5047 multo
2873 4993 3002 5059 post
3038 5001 3067 5043 a
3099 4987 3308 5043 domno
3363 4991 3596 5044 Annone
3624 4989 3786 5044 Colo-

1730 5139 1966 5197 VARUE
2006 5138 2417 5200 LECTIOMES.

456 5249 657 5327 ‘_’__t_ege_
686 5257 745 5306 et
777 5249 1014 5327 domini.
1090 5249 1137 5284 ⁸ο
1162 5249 1336 5327 pel_in
1364 5251 1459 5327 cel
1476 5253 1550 5327 lll
1577 5253 1947 5327 legipotest,
2004 5255 2050 5290 η
2069 5256 2370 5327 adjuverat
2396 5266 2447 5327 (ὲ
2500 5249 2578 5327 _‘f_
2592 5253 2901 5319 cognatum
2932 5261 3118 5315 suum,
3147 5247 3333 5301 virum
3358 5246 3473 5301 vita
3494 5251 3554 5300 et
3569 5259 3785 5313 genere

389 5320 836 5391 nobiliSsimum,
871 5320 1051 5378 ﬁlium
1092 5322 1215 5377 scil.
1253 5322 1544 5379 Frederici
1566 5320 1800 5381 comitis
1829 5320 2349 5398 Tullensisfaddit
2370 5321 2669 5391 Epidius.

1975 5456 2175 5515 NOTAE
2187 5499 2202 5515 .

491 5610 612 5677 109)
640 5601 979 5677 Montmedy
1010 5620 1097 5677 ou
1115 5603 1340 5676 Μαίνῃ.

492 5674 615 5746 110)
646 5677 859 5734 Eadem
909 5674 1234 5733 invenimus
1284 5674 1443 5746 apud
1487 5674 1772 5746 Egidium
1832 5679 2037 5736 Aurem

391 5745 574 5808 Vallis
595 5745 647 5806 c.
683 5751 862 5819 10,_et
881 5746 1151 5819 breviora
1173 5746 1231 5803 in
1254 5745 1464 5803 Chron.
1491 5746 1544 5803 S.
1564 5745 1875 5807 Laurentii
1899 5748 2039 5807 Leo-

392 5819 631 5881 diensis.
664 5817 1064 5877 “(Lastheni
1093 5818 1240 5879 Ann.
1274 5819 1428 5877 1075.

2219 5607 2366 5679 (111)
2405 5606 2813 5679 Totumcaput
2851 5600 3100 5679 totidem
3131 5601 3328 5679 verbis
3359 5601 3604 5679 legimus
3633 5603 3786 5679 apud

2145 5671 2415 5805 Egitdﬁc.
2462 5681 2557 5742 11;
2610 5676 2664 5730 in
2700 5671 2897 5731 multis
2916 5672 3188 5729 convenit
3217 5687 3349 5729 cum
3380 5671 3511 5731 Chr.
3549 5671 3610 5731 S.
3648 5671 3788 5736 Lau-

2148 5763 2250 5806 ren
2284 5764 2342 5806 ιι.
