3936 6482
253 447 407 514 13⁸19

1213 431 1217 434 ’
1253 448 1732 514 CHRONICON
1765 449 1832 512 s.
1867 445 2240 511 HUBERTI
2267 445 2657 510 ANDAGIN.

3509 448 3532 507 1
3544 449 3674 510 880

239 605 426 662 niensi
450 605 726 678 pontiﬁce
749 603 1154 676 sollempniter
1184 607 1696 670 estconsecratus;
1717 618 1748 660 a
1783 619 1897 675 quo
1931 584 1980 639 Α
2013 599 2280 657 marcbas
2335 601 2563 672 argenti
2594 599 2917 657 moriturus
2946 599 3187 658 mittens
3243 599 3505 658 ecc.esiae
3557 615 3667 658 no-

239 695 414 752 etiam
469 695 776 767 adjuratus
813 701 901 750 est
955 695 1063 751 sub
1121 694 1456 750 testimonio
1497 693 1728 750 collatae
1783 694 1894 750 sibi

245 784 692 854 benedictionis,
730 789 789 840 ut
835 784 960 854 ejus
990 798 1220 855 quoque
1253 789 1487 840 utamur
1517 783 1743 838 verbis:
1778 783 1896 838 Per

241 874 720 943 benedictionem,
738 873 946 944 inquit,
956 875 1158 944 patris
1185 875 1276 930 tui
1297 874 1562 930 Aneonis
1575 872 1826 929 obtestor
1842 874 1896 928 te

235 965 306 1022 ut
321 965 598 1023 destructa
618 964 962 1036 superbiam
983 965 1041 1020 et
1061 964 1446 1021 insolentium
1471 961 1888 1020 Guolbodonis.

233 1056 372 1110 Erat
389 1060 584 1110 autem
601 1053 904 1110 Guolbodo
917 1053 1100 1108 abbas
1115 1051 1383 1110 ecclesiae
1399 1053 1553 1108 beati
1577 1051 1888 1121 Laurentii,

234 1142 351 1213 qui,
396 1141 633 1198 nimium
685 1143 945 1198 confisus
999 1141 1204 1211 gloriae
1247 1156 1366 1198 suae
1397 1147 1456 1198 et
1501 1141 1792 1197 nobilitati
1825 1139 1887 1210 ⁸³,

230 1229 398 1300 longe
421 1243 484 1286 se
506 1229 680 1286 aliter
704 1230 958 1286 habebat
979 1244 1150 1300 quam
1181 1229 1517 1285 conveniret
1539 1228 1890 1286 monachicae

229 1319 600 1391 professioni.
656 1319 772 1374 Nec
817 1317 912 1374 diu
974 1324 1238 1374 moratus
1288 1317 1602 1389 episcnpus
1646 1316 1890 1388 privatis

227 1407 391 1464 illum
414 1408 932 1465 ammonitionibus
965 1407 1282 1478 corrigere,
1318 1422 1447 1464 cum
1481 1407 1709 1463 videret
1741 1422 1802 1462 se
1833 1406 1887 1461 in

228 1498 337 1554 hoc
369 1513 482 1554 non
512 1496 696 1554 solum
749 1512 860 1552 non
893 1496 1202 1568 proficere,
1238 1496 1342 1552 sed
1399 1495 1560 1551 illum
1605 1495 1786 1565 magis
1817 1495 1889 1551 ad

226 1586 523 1643 deteriora
555 1600 627 1642 ex
662 1585 1061 1655 indignatione
1096 1585 1366 1655 deiicere,
1393 1584 1705 1640 constituit
1735 1583 1886 1639 diem

225 1675 295 1731 ad
323 1674 749 1732 discussionem
783 1675 911 1746 ejus
939 1675 1250 1746 publicam.
1277 1673 1770 1729 Convenientibus
1793 1675 1890 1728 ab-

225 1763 463 1820 batibus
509 1764 682 1838 (Οει.)
716 1769 774 1819 et
809 1762 1243 1819 archidiaconis
1295 1778 1426 1818 cum
1474 1777 1537 1818 se
1585 1762 1888 1818 Guolbodo

225 1865 336 1908 non
368 1859 568 1924 posset
621 1866 872 1924 purgare
914 1867 944 1906 a
974 1851 1317 1907 criminibus
1345 1849 1614 1921 objectis,
1647 1851 1885 1907 decreta

2011 697 2177 747 strae.

2078 707 2099 746 r
2166 734 2177 746 .

2078 706 2172 836 3319.
2214 782 2362 852 (43.)
2397 782 2454 836 1η
2491 780 2755 850 sequenti
2787 779 3230 852 sollempnilate
3261 779 3528 836 dominici
3559 794 3662 836 na-

2007 871 2146 926 talis
2179 871 2298 926 dux
2330 870 2679 926 GOdt‘fl'idUS
2714 869 3034 926 natalitiam
3085 869 3302 926 curiam
3333 868 3661 926 celebravit

2006 975 2062 1015 in
2097 973 2301 1029 magna
2349 960 2532 1030 gloria
2592 959 2862 1029 Trajeeti,
2925 958 3126 1014 infelix
3155 965 3316 1015 certe
3368 963 3427 1014 et
3483 957 3661 1013 nimis

2007 1048 2370 1120 improvidus
2402 1049 2512 1117 sui,
2537 1055 2592 1104 et
2620 1049 2712 1104 cui
2748 1047 2948 1104 ultima
2976 1047 3085 1104 fuit
3110 1061 3316 1118 pompa
3339 1045 3508 1115 hujus
3529 1060 3657 1102 suae

2005 1139 2447 1195 ostentationis.
2495 1152 2622 1193 nam
2660 1137 2792 1192 inde
2821 1137 3183 1193 descendens
3216 1135 3470 1206 Frisiam,
3514 1135 3654 1191 dum

2005 1229 2155 1299 apud
2185 1233 2441 1283 castrum
2478 1225 2816 1296 Flardengis
2851 1232 3198 1295 moraretur,
3237 1238 3339 1296 per
3371 1225 3656 1294 quosdam

2003 1315 2374 1372 necessarios
2405 1315 2642 1372 Roberti
2673 1315 2904 1372 comitis
2936 1315 3307 1370 Flandrensis
3330 1314 3383 1368 in
3407 1327 3655 1370 secessu

2002 1421 2108 1477 per
2125 1406 2449 1478 posteriora
2470 1419 2788 1476 percussus
2809 1403 3001 1460 interii
3015 1413 3032 1458 ι
3046 1408 3334 1474 (αφιΛΟἹΰ,
3351 1401 3514 1459 Febr.
3533 1405 3648 1474 '27).

2003 1496 2180 1566 Cujus
2204 1495 2479 1550 interitus
2527 1495 2796 1565 equidem
2829 1493 3134 1562 dolendus,
3167 1492 3321 1548 omni
3355 1491 3655 1548 ltotharin-

2000 1586 2110 1655 gim
2133 1585 2275 1640 adeo
2300 1583 2407 1640 fuit
2427 1583 2704 1652 exitialis,
2741 1586 2804 1638 ut
2831 1582 3061 1652 justitia
3091 1589 3148 1638 et
3179 1597 3310 1653 pax,
3343 1596 3468 1652 quae
3493 1581 3652 1636 ultra

2004 1673 2336 1728 memoriam
2365 1687 2564 1728 eorum
2591 1673 2688 1742 qui
2711 1679 2880 1727 erant
2903 1673 3030 1742 ejus
3057 1671 3354 1742 temporis,
3388 1671 3651 1741 profece—

2001 1768 2133 1816 rant
2162 1763 2270 1818 sub
2303 1777 2392 1831 co,
2427 1762 2482 1816 in
2517 1763 2677 1817 brevi
2700 1762 2828 1831 ejus
2851 1761 3083 1816 delectu
3105 1761 3408 1817 eveniente
3439 1759 3651 1813 delice-

2005 1856 2131 1906 rent
2163 1867 2292 1907 cum
2325 1866 2416 1906 eo.
2449 1852 2624 1923 Cujus
2655 1864 2890 1921 corpus,
2927 1850 3078 1906 sicut
3110 1849 3310 1904 vivens
3341 1847 3644 1918 disposue-

225 1941 558 1998 omnimoda
613 1956 707 1998 res
767 1942 894 2012 ejus
943 1941 998 1996 in
1050 1945 1347 2011 potestate
1381 1945 1440 1994 et
1495 1941 1968 2011 dispositioneB
2000 1947 2088 1996 rat
2152 1941 2391 1996 Virduni
2438 1942 2504 1995 ad
2548 1941 2911 2010 sepulturam
2973 1935 3454 2006 transferendum,
3508 1935 3646 1992 dum

223 2030 505 2102 episcOpi.
542 2031 886 2102 Episcopus,
924 2045 993 2086 ne
1016 2029 1704 2100 accelerandojuslitiam
1731 2029 1886 2085 vide-

221 2124 387 2176 retur
408 2134 724 2176 evacuasse
759 2119 1241 2188 misericordiam,
1275 2119 1491 2175 obtulit
1519 2119 1572 2174 ei
1609 2119 1801 2175 locum
1825 2125 1882 2176 et

221 2213 452 2281 tempus
482 2209 722 2280 agenda
754 2209 1140 2280 poenitentiae,
1177 2208 1558 2278 decrevitque
1589 2209 1728 2264 eiut
1765 2210 1884 2264 Vir-

219 2297 435 2354 dunum
450 2299 604 2370 apud
619 2303 886 2354 sanctum
905 2298 1212 2368 Agericum
1235 2297 1588 2369 aliquamdiu
1617 2299 1882 2368 privatus

217 2386 542 2457 secederet,
581 2392 638 2442 et
675 2387 830 2444 inter
853 2387 1162 2456 religiosos
1185 2386 1342 2442 viros
1375 2386 1453 2440 ibi
1488 2387 1716 2442 noviter
1748 2403 1882 2443 con-

213 2482 492 2547 gregatos
523 2481 670 2550 (112)
713 2477 1177 2533 satisfactonem
1229 2490 1392 2532 suam
1434 2476 1665 2546 dignam
1709 2478 1880 2533 mise-

214 2565 496 2628 ricordia;
531 2567 962 2638 comprobaret.
1000 2566 1300 2622 Concessit
1325 2565 1422 2620 ille
1452 2568 1697 2638 primum
1726 2567 1878 2638 judi-

210 2655 666 2726 ciosapientium
710 2661 770 2710 et
807 2654 1130 2726 episcopali
1177 2657 1418 2711 decreto
1459 2673 1520 2710 se
1561 2671 1876 2712 consensu-

213 2757 372 2811 rum;
413 2745 517 2800 sed
551 2744 623 2800 ad
655 2745 854 2800 horam
891 2743 1122 2800 locutus
1159 2743 1507 2814 quibusdam
1539 2745 1684 2814 suis,
1719 2745 1872 2814 quod

215 2832 380 2904 prius
395 2834 1135 2906 promiseratexequi,post
1158 2834 1389 2904 publica
1408 2835 1872 2890 contradictione

213 2923 532 2978 recusavit.
569 2924 862 2994 Episcopo
911 2923 1182 2992 exigente
1217 2933 1273 2978 ut
1307 2924 1548 2980 daretur
1578 2927 1867 2980 sententia

209 3009 345 3066 huic
375 3010 600 3068 resulta
636 3013 752 3067 ioni
785 3017 846 3066 et
877 3011 1309 3081 iuobedicntiae,
1346 3014 1645 3068 decretum
1669 3021 1757 3070 est
1794 3015 1866 3068 ab

205 3100 358 3156 omni
389 3105 705 3167 conventu,
760 3109 824 3157 ut
873 3101 926 3155 in
986 3116 1088 3156 sua
1143 3115 1204 3156 se
1267 3110 1738 3172 recognosceret,
1797 3102 1862 3173 δι,

210 3188 514 3260 ipsamque
545 3190 839 3245 abbatiam
865 3188 1049 3245 libere
1073 3191 1142 3244 ad
1169 3189 1446 3260 placitum
1471 3206 1639 3246 suum
1673 3191 1864 3262 dispo-

2002 2029 2288 2100 perlatum
2314 2035 2470 2085 esset
2507 2029 2806 2096 Leodium,
2836 2027 3122 2083 llenrieus
3153 2027 3463 2098 episcopus
3481 2028 3649 2080 tanto

1999 2118 2184 2174 amico
2218 2119 2562 2188 deSiitutus,
2596 2118 2649 2172 in
2677 2132 2887 2189 pompa
2920 2117 3148 2172 maximi
3175 2117 3392 2172 coloris
3416 2130 3648 2186 proces-

1995 2207 2071 2262 sit
2103 2209 2154 2264 ei
2189 2224 2318 2264 cum
2349 2209 2510 2264 clero
2541 2214 2602 2263 et
2635 2207 2848 2279 populo
2897 2208 3082 2262 totius
3113 2205 3388 2274 civntatis,
3423 2218 3645 2275 perque

1993 2298 2254 2368 singulas
2298 2299 2786 2368 congregationes
2837 2312 3095 2368 praesens
3129 2297 3249 2366 ipse
3280 2293 3641 2350 circumferri

1985 2387 2184 2457 jussit,
2217 2395 2582 2458 exceptoque
2634 2387 3042 2458 sollempniter
3093 2398 3300 2442 missas
3351 2383 3634 2440 celebrari

1991 2475 2270 2532 instituit.

2060 2569 2146 2619 32.
2197 2565 2346 2637 (44.)
2400 2565 2618 2621 Deinde
2650 2569 3001 2638 prosecutus
3057 2579 3186 2621 eum
3219 2577 3400 2632 usque
3451 2561 3636 2618 Vitan—

1990 2655 2126 2710 tiam
2163 2656 2332 2725 (uol,
2369 2671 2488 2726 pra:
2523 2656 2702 2711 nimio
2733 2656 2938 2712 dolore
2980 2655 3325 2723 inﬁrmatus,
3361 2653 3632 2722 progredi

1987 2744 2141 2800 ultra
2185 2759 2295 2799 non
2330 2744 2546 2814 potuit,
2582 2750 2640 2798 et
2669 2745 3024 2800 Theoderico
3073 2744 3268 2799 abbati
3301 2743 3370 2797 ad
3418 2755 3633 2812 corpus

1987 2834 2388 2890 deducendum
2420 2835 2578 2890 vices
2611 2849 2747 2890 suas
2798 2835 3110 2890 commisit.
3145 2834 3272 2904 Ipse
3303 2832 3529 2889 delatus
3559 2833 3630 2888 ad

1983 2923 2295 2978 ecclesiam
2315 2925 2468 2978 beati
2493 2923 2754 2992 lluberti,
2773 2925 2959 2979 donec
2973 2923 3406 2979 convalesceret
3423 2922 3628 2978 ibidem

1986 3013 2112 3067 fuit.
2152 3013 2278 3067 Fuit
2307 3019 2498 3068 autem
2522 3029 2550 3068 a
2571 3015 2823 3068 secunda
2859 3013 3145 3069 dominica
3173 3013 3628 3082 quadragesima:

1981 3115 2166 3170 usque
2197 3107 2327 3172 post
2361 3109 2600 3157 octavas
2630 3103 2707 3157 ibi
2739 3103 3021 3158 celebrati
3055 3117 3243 3173 pascas
3275 3102 3320 3172 (l
3342 3104 3448 3173 lli).
3489 3103 3626 3156 Nam

1978 3189 2308 3246 delectatus
2330 3192 2608 3260 religiosa
2627 3194 2869 3248 fratrum
2894 3194 3623 3248 conversationeeteorum

207 3281 394 3348 neret,
429 3277 596 3348 cujus
624 3279 806 3334 abbas
835 3279 1142 3334 convictus
1183 3278 1528 3335 criminibus
1559 3279 1743 3335 nollet
1776 3281 1861 3336 illi
1895 3312 1942 3371 Ο
1977 3281 2221 3350 probata
2243 3296 2378 3350 erga
2403 3297 2462 3337 se
2487 3283 2714 3336 sincera
2739 3282 3070 3352 dilectione,
3099 3281 3250 3337 nulla
3279 3296 3511 3338 suorum
3534 3281 3622 3337 vel

204 3366 277 3422 ad
309 3367 774 3423 emendationem
811 3368 1074 3444 obedire.
1111 3369 1224 3424 Nec
1265 3374 1524 3424 moratus
1557 3369 1860 3426 Guolbodo

208 3455 279 3513 ad
295 3471 491 3527 regem
513 3459 819 3514 Heuricum
835 3457 1000 3528 abiit,
1017 3457 1261 3528 ejusque
1284 3459 1561 3515 violentia
1577 3459 1863 3518 adversus

211 3546 550 3618 episcopum
584 3552 830 3604 conatus
860 3554 948 3604 est
982 3563 1045 3604 se
1075 3549 1246 3604 tueri.
1283 3548 1389 3614 Qui
1424 3551 1557 3605 dum
1591 3551 1861 3607 ecclesia-

202 3635 411 3692 sticam
435 3635 726 3707 justitiam
759 3638 1027 3694 saeculari
1061 3639 1374 3694 audientiae
1413 3639 1738 3710 prostituit,
1775 3656 1860 3696 sc-

201 3725 454 3783 cundum
487 3741 686 3783 sacros
727 3742 982 3783 canones
1013 3742 1240 3782 omnem
1294 3727 1405 3782 sibi
1441 3728 1662 3784 aditum
1696 3745 1862 3786 recu-

196 3816 524 3888 perationis
556 3817 876 3874 obstruxit.
915 3817 1054 3872 Nam
1089 3832 1196 3872 nec
1237 3818 1414 3886 regiis
1445 3820 1724 3890 precibus
1753 3835 1860 3876 nec

194 3905 368 3962 minis
427 3906 616 3977 potuit
649 3906 965 3976 episcopus
993 3906 1208 3960 attrahi
1240 3911 1300 3961 ut
1332 3923 1461 3962 eum
1496 3915 1838 3965 restitueret

197 3995 535 4051 obtestatus
559 4008 622 4050 se
648 3995 818 4050 malle
834 3994 1193 4066 episcopium
1222 3996 1293 4051 ad
1321 4003 1551 4069 tempus
1574 4000 1834 4056 intermit

198 4089 344 4154 tere,
371 4099 542 4156 quam
583 4083 861 4154 ejusmsdi
888 4084 1259 4140 insolentiam
1306 4093 1424 4157 pati
1452 4088 1577 4143 sine
1602 4105 1860 4160 congrua

195 4173 618 4230 satisfactione.
653 4173 744 4230 Sir
791 4172 1092 4230 Guolbodo
1123 4174 1472 4246 desperans
1502 4177 1855 4249 [iungat-iam

194 4261 510 4330 concessit,
529 4261 780 4332 indeque
805 4260 875 4315 ad
890 4275 1086 4330 regem
1114 4277 1386 4320 reversus
1405 4265 1464 4320 in
1479 4268 1855 4337 expeditione

197 4349 401 4407 Italica
433 4351 712 4424 positum,
772 4350 843 4406 ad
875 4356 1121 4408 mortem
1155 4367 1341 4425 usque
1396 4356 1591 4412 domui
1621 4359 1854 4416 Henrici

195 4439 459 4512 episcopi
497 4445 758 4496 moratus
787 4447 878 4496 est
906 4441 1059 4512 apud
1089 4457 1242 4499 eum.

269 4531 354 4586 30.
389 4530 504 4602 (42)
537 4531 661 4585 Ili.s
711 4529 856 4602 (113)
907 4533 1056 4587 actis
1105 4533 1261 4589 circa
1294 4533 1667 4592 Leodiensem
1702 4538 1852 4596 sino-

198 4618 354 4688 dnm,
405 4633 534 4690 quae
566 4619 762 4689 agitur
793 4620 847 4675 in
881 4621 1029 4677 festo
1073 4622 1475 4694 apostolorum
1509 4625 1756 4684 Simonis
1790 4635 1850 4684 et

191 4706 377 4777 Iudas,
411 4707 466 4762 in
492 4708 762 4778 sequenti
785 4711 1038 4766 adventu
1061 4721 1310 4768 domnus
1343 4715 1505 4770 Auno
1535 4715 1848 4786 religiosus

193 4797 458 4868 pontifex
490 4797 745 4854 Coloniae
778 4799 894 4855 vita
929 4800 1182 4856 decessit
1215 4802 1374 4870 (Dec.
1407 4801 1464 4875 4)
1509 4804 1560 4858 in
1597 4807 1846 4862 maxime

189 4883 438 4958 dampno
496 4887 682 4944 totius
741 4887 901 4945 illius
961 4891 1277 4962 provinciae
1339 4891 1526 4965 (114),
1589 4897 1844 4967 quinque

1879 4675 1932 4736 D

1973 3369 2323 3424 clericorum
2345 3370 2433 3426 vel
2457 3373 2783 3442 principum
2807 3373 2996 3442 potuit
3019 3373 3205 3427 evinci
3225 3371 3617 3440 suggestione,

1975 3458 2111 3528 quin
2161 3467 2296 3514 ante
2351 3461 2639 3531 pascalem
2689 3464 3144 3518 celebrationem
3199 3462 3374 3518 vellet
3434 3460 3619 3517 locum

1975 3556 2220 3604 mutare.
2250 3551 2583 3605 Morabatur
2613 3558 2751 3606 tunc
2778 3551 2976 3621 junior
3000 3553 3346 3608 Godel‘ridus
3369 3550 3618 3607 marcbio

1975 3652 2105 3692 cum
2132 3637 2250 3710 illo,
2277 3640 2395 3709 qui,
2431 3642 2701 3696 avunculi
2734 3644 2822 3698 sui
2855 3642 3179 3699 destitutus
3227 3641 3459 3709 auxilio,
3495 3639 3616 3710 ejus

1976 3727 2376 3798 demcpisCOpi
2397 3732 2673 3786 tuebatur
2699 3732 3054 3803 patrocinio;
3080 3745 3247 3802 quem
3262 3746 3390 3788 cum
3407 3731 3616 3801 smpius

1975 3825 2248 3888 argueret
2262 3819 2331 3874 de
2346 3820 2561 3876 allodio
2574 3822 2950 3892 Tellus,quod
2973 3823 3334 3879 Bulionensis
3349 3821 3614 3878 violentia

1968 3907 2082 3978 jam
2101 3909 2197 3964 diu
2221 3911 2581 3966 subduxerat
2604 3913 2891 3982 ecclesias,
2918 3913 3114 3969 dicens
3135 3914 3307 3969 etiam
3331 3927 3390 3970 se
3415 3911 3614 3969 timere

1974 3997 2058 4052 illi
2085 3999 2394 4054 vindictam
2422 4002 2873 4072 liujusjustitiae:
2918 4003 3262 4058 Godefridus
3285 4002 3526 4059 consilio
3555 4009 3615 4058 et

1975 4093 2209 4144 nortatu.
2233 4095 2578 4160 optimatum
2605 4107 2844 4147 suorum
2860 4093 3134 4164 episcopo
3157 4092 3356 4162 cessit,
3382 4097 3437 4148 et
3463 4093 3608 4162 quod

1971 4192 2138 4234 suum
2186 4186 2315 4236 erat
2348 4181 2518 4236 beato
2553 4183 2810 4238 llubcrto
2865 4181 3193 4240 voluntarie
3245 4181 3602 4252 recognovit.

1969 4267 2266 4325 Dominica
2316 4275 2510 4326 autem
2544 4287 2673 4342 qua;
2697 4271 2912 4330 dicitur
2935 4273 2990 4328 in
3017 4273 3224 4344 palmis
3262 4272 3463 4344 (Mart.
3499 4273 3606 4342 20),

1967 4363 2102 4428 post
2127 4360 2505 4432 sollempnem
2522 4361 2648 4432 ejus
2660 4361 2770 4417 diei
2789 4362 3240 4434 processionem,
3266 4375 3611 4434 prosequen-

1968 4448 2128 4504 tibus
2161 4449 2456 4505 nohiliuus
2509 4466 2634 4508 SUIS
2693 4458 2941 4523 uterque
2998 4453 3245 4508 accessit
3305 4453 3372 4508 ad
3432 4465 3610 4520 majus

1966 4535 2152 4592 altare
2191 4539 2342 4592 beati
2373 4539 2530 4594 Petri
2555 4542 2830 4610 apostoli,
2855 4551 2914 4596 et
2940 4542 3205 4598 baculum
3230 4555 3395 4597 suum
3419 4544 3607 4611 pasto-

1967 4626 2147 4682 ralem
2166 4632 2402 4684 tenente
2416 4629 2712 4702 episcopo,
2731 4639 2972 4688 nextera
2987 4634 3112 4703 ejus
3128 4632 3424 4687 dexteram
3447 4643 3604 4686 suam

1967 4717 2318 4774 Godefridus
2364 4723 2764 4791 superposuit,
2798 4728 2856 4778 et
2895 4739 3025 4779 cum
3059 4737 3127 4777 eo
3160 4722 3498 4792 praedictum
3529 4719 3604 4776 al-

1963 4811 2180 4867 lodium
2221 4827 2398 4882 super
2424 4811 2562 4867 illud
2589 4814 2808 4882 absque
2840 4813 2952 4870 ulla
2977 4813 3301 4884 calumpnia
3328 4813 3598 4883 reposuit.

1963 4901 2242 4972 Imposita
2266 4902 2443 4956 etiam
2468 4903 2578 4957 sibi
2611 4903 2925 4974 cpiscopus
2954 4904 3104 4960 stola
3130 4901 3502 4973 sacerdotali,
3534 4913 3602 4957 ne

1567 4994 1805 5052 νΑΒΙτΕ
1841 4999 2240 5054 LECTIONES.

1567 4999 1805 5052 VARle
2123 5001 2133 5026 τ
2227 5041 2240 5054 .

331 5074 482 5167 quia
496 5075 919 5134 venerabilium
949 5107 1019 5118 —
1047 5077 1341 5135 extollens
1371 5079 1596 5140 inserit
1609 4999 2266 5162 Δᾎίάιὶξὲἷιΐῖεῗῗα
2290 5089 2432 5149 C’Itr.
2456 5091 2524 5149 ις’.
2553 5091 2872 5151 Laurentii
2893 5092 3136 5151 exhibet
3153 5107 3201 5153 ο.
3233 5097 3320 5167 43,
3396 5093 3443 5127 ⁸⁴
3468 5091 3595 5152 scil.

1769 5231 1973 5290 NOTAE
1987 5277 1999 5290 .

193 5149 505 5204 sententia.

260 5317 409 5390 (112)
469 5317 880 5375 Monasterium
939 5319 1166 5376 ordinis
1217 5321 1403 5378 sancti
1460 5323 1757 5384 Benedicti
1811 5344 1842 5385 a

185 5387 1838 5483 §Er_b.é.'£9£23§9992iusseris???19447fundatum.

182 5460 335 5585 gincde
359 5469 416 5588 et
443 5460 669 5588 hchviri
700 5461 964 5532 religiosi
998 5463 1214 5520 ibidem
1243 5467 1475 5524 naviter
1495 5460 1840 5542 congregati

286 5546 356 5588 un
392 5548 480 5588 ur.
575 5573 586 5586 .

225 5539 480 5590 icuntur.
518 5539 586 5588 Μ.

256 5604 402 5676 (11s)
433 5605 646 5676 Eadem
678 5617 769 5675 ap.
805 5603 989 5676 ,Εεῆᾴ
1029 5605 1064 5660 1.
1099 5607 1138 5661 1.

253 5671 402 5749 (11.4)
426 5671 781 5749 Ρνρυρηοίὶε,
795 5671 1180 5749 sepultusque
1192 5679 1354 5737 estin
1363 5679 1618 5740 eoenobio
1637 5683 1840 5743 Siber-

172 5744 371 5836 122‘}:
389 5743 720 5836 ZE‘L‘E".
734 5743 1356 5836 Ψεὲῖϊὲξεέίὲνιμυίέθυε
1390 5754 1834 5836 mima-’96”!-

178 5812 364 5888 Egid.
389 5812 500 5890 'qui
531 5812 666 5875 inae
696 5812 766 5877 aa
795 5812 1192 5882 Tiudonensra
1219 5823 1457 5883 transit.
1495 5825 1577 5884 cr.
1614 5812 1836 5890 cans;

1955 5329 2130 5390 Latir.
2169 5351 2226 5390 e.
2266 5337 2358 5392 44.

2025 5446 2104 5511 (11
2118 5445 2172 5515 ὅ)
2224 5444 2506 5514 Vit/(mre,
2539 5446 2569 5503 a
2603 5443 2757 5501 deux
2813 5446 2998 5504 lienes
3059 5445 3130 5504 de
3161 5446 3492 5515 St-Ilubert,
3525 5444 3594 5503 ou

1950 5513 2301 5642 péagdui‘ii-ease
2333 5513 2602 5587 voyaient
2635 5531 2846 5574 encore
2878 5519 2964 5574 les
2995 5527 3188 5576 restes
3220 5521 3354 5577 d’uu
3377 5513 3597 5576 mancir

2007 5600 2041 5640 ο
2088 5604 2116 5639 a
2149 5625 2162 5638 .
2247 5627 2260 5640 .

2007 5600 2162 5640 Oﬂal.
2197 5600 2260 5640 ﬂ.

2020 5684 2246 5765 (116)1.
2283 5695 2342 5765 e.
2399 5699 2434 5765 7a
2483 5686 2901 5765 d_ie_2‘1A_Feb.
2968 5689 3057 5765 ad_
3097 5689 3424 5765 3__Aprilis.
3476 5687 3596 5765 ‘Sed

1943 5753 2256 5887 amnem
2295 5761 2448 5816 teste
2495 5757 2928 5819 Godet‘ridusiv
2959 5758 3090 5820 Kal.
3145 5753 3316 5821 Ila'rt.
3365 5761 3594 5825 occisus
