3936 6486
297 469 442 532 1381

1290 469 1767 536 (:HRONICON
1798 469 1867 532 S.
1900 466 2259 532 AUBERTI
2287 471 2671 537 ANDAGIN.

3544 480 3695 543 1882

292 623 431 693 quis
465 622 609 680 illud
647 621 897 696 amplius
939 623 1208 682 ecclesia:
1252 626 1625 696 subduceret,
1658 626 1767 683 sub
1797 626 1959 681 obte-
1988 608 2041 659 Α
2072 622 2449 693 concedente,
2505 625 2752 683 domnus
2807 626 3190 685 Herimannus
3246 628 3300 684 in
3358 630 3499 687 feria
3543 639 3707 691 sexta

295 712 557 768 statione
592 712 771 768 divini
807 714 1054 769 nominis
1088 714 1413 786 interdixit,
1450 720 1505 770 et
1542 714 1958 786 imprecatione

286 800 504 857 salerni
549 802 940 857 anathematis
982 804 1536 869 excommunicavit;
1581 804 1956 860 Godefridum

290 904 443 946 vero
474 890 707 962 culpam
733 876 891 946 suam
917 907 1269 963 suorumque
1302 898 1740 949 antecessorum
1777 894 1959 949 humi-

288 975 437 1035 liter
488 980 764 1035 fatentem
804 979 1073 1050 absolvit,
1108 985 1165 1036 et
1203 982 1353 1037 facto
1388 982 1617 1052 publico
1651 982 1955 1053 privilegio

289 1065 324 1119 h
354 1068 473 1137 ijus
502 1067 945 1137 recognitionis,
965 1085 1063 1124 sua
1091 1068 1231 1123 illud
1255 1075 1311 1123 et
1336 1086 1569 1126 suorum
1596 1069 1951 1141 aistipulata

292 1156 699 1224 assignatione
756 1157 1141 1212 conﬁrmavit.
1198 1159 1253 1211 In
1309 1159 1574 1228 sequenti
1623 1174 1759 1213 vero
1812 1158 1952 1213 feria

291 1244 500 1315 quinta
536 1244 741 1315 (Mart.
779 1244 868 1314 ‘24)
900 1245 1056 1300 circa
1086 1246 1283 1300 horam
1318 1251 1559 1312 sextam,
1603 1252 1802 1317 parata
1838 1247 1950 1303 sibi

305 1335 450 1390 sede
483 1333 541 1388 in
578 1332 763 1404 portis
795 1332 1016 1403 templi,
1053 1333 1339 1390 deductos
1362 1335 1436 1389 ibi
1465 1336 1812 1405 poenitentes
1834 1335 1952 1406 epi-

288 1407 481 1493 scopii
549 1438 677 1479 cum
738 1422 981 1477 maxima
1044 1425 1365 1479 reverentia
1420 1435 1478 1479 et
1528 1423 1782 1480 lacrimis
1837 1425 1951 1479 Deo

290 1510 721 1580 reconcnliavit,
760 1517 819 1565 et
852 1512 1239 1567 communioni
1292 1518 1506 1569 sancta:
1552 1513 1813 1568 ecclesia:
1849 1528 1949 1583 per

289 1613 501 1655 manus
543 1598 1090 1655 archidiaconorum
1143 1600 1249 1656 sibi
1297 1602 1738 1669 reconsignatos
1784 1601 1950 1657 resti-

289 1689 436 1745 tuit.
473 1688 688 1743 Deinde
720 1688 1125 1759 sollempniter
1159 1688 1437 1745 infulatus
1462 1690 1669 1746 missas
1691 1689 1949 1745 celebra-

286 1782 468 1833 turus
518 1776 935 1848 episcopaliter
983 1778 1289 1848 processit,
1344 1771 1562 1834 habens
1606 1778 1659 1833 in
1693 1778 1948 1834 ministe-

294 1866 454 1922 rium
496 1866 963 1922 ecclesiasticum
997 1865 1221 1922 electos
1252 1883 1322 1923 ex
1358 1868 1639 1923 fratribus
1671 1873 1947 1939 septenos

2071 713 2288 783 pascali
2324 712 2484 785 (Apr.
2517 715 2565 781 1)
2599 729 2725 783 quae
2749 715 3067 771 obvenerat
3090 717 3145 772 in
3172 717 3443 774 Kalendis
3468 721 3704 793 Aprilis,

2071 799 2361 856 dedicavit
2385 802 2702 858 oratorium
2730 818 2901 859 unum
2932 805 3081 874 quod
3115 805 3329 861 dicitur
3350 807 3419 862 ad
3446 815 3705 866 sanctam

2066 889 2411 958 Jerusalem,
2456 905 2524 945 eo
2565 892 2715 960 quod
2750 892 2818 946 ad
2856 878 3095 948 modum.
3133 894 3399 950 dominici
3450 897 3703 967 sepulcri

2067 977 2388 1043 conditum,
2426 978 2605 1048 ipsam
2641 993 2870 1049 quoque
2902 980 3027 1049 ejus
3057 982 3291 1037 formam
3326 991 3705 1054 repraesentet

2068 1064 2360 1121 devotioni
2396 1066 2680 1132 fidelium;
2713 1068 2765 1122 in
2799 1070 3060 1138 sequenti
3091 1070 3334 1125 sabbato
3361 1070 3513 1127 aliud
3550 1073 3704 1142 quod

2065 1159 2193 1208 erat
2216 1153 2451 1225 duplex,
2474 1155 2529 1210 in
2551 1156 2836 1226 superiori
2862 1157 3167 1212 continens
3193 1158 3524 1214 memoriam
3548 1160 3701 1216 beati

2065 1240 2303 1311 Nicolai,
2342 1243 2395 1297 in
2432 1243 2695 1301 inferiori
2742 1259 2879 1299 vero
2926 1244 3079 1301 beati
3134 1246 3376 1302 Andreae
3426 1248 3699 1318 apostoli,

2066 1328 2220 1398 quod
2256 1329 2323 1385 ad
2355 1331 2463 1387 hoc
2492 1330 2736 1389 maxime
2782 1332 3176 1389 aediﬁcaverat
3220 1334 3353 1391 olim
3404 1336 3603 1406 abbas,
3637 1343 3698 1393 ut

2065 1416 2142 1471 ibi
2177 1418 2494 1487 Specialius
2527 1426 2801 1489 ageretur
2845 1422 3083 1477 fratrum
3128 1423 3422 1493 memoria,
3458 1438 3698 1494 quorum

2061 1518 2305 1577 corpora
2337 1507 2543 1563 ihidem
2564 1508 2761 1577 jaceat
2785 1509 3067 1565 translata
3091 1511 3162 1566 ab
3180 1511 3393 1567 effosso
3414 1513 3700 1569 cimiterio

2066 1608 2167 1663 pro
2188 1594 2373 1665 cripta
2397 1594 2742 1666 amplianda.
2770 1596 2876 1663 Qui
2898 1597 3031 1652 dum
3053 1598 3272 1667 paratis
3291 1598 3458 1655 donis
3475 1599 3700 1671 episco-

2062 1695 2193 1751 pum
2228 1682 2591 1739 decrevisset
2632 1686 2919 1740 honorare
2949 1700 3057 1755 pro
3088 1684 3193 1741 hac
3222 1686 3410 1755 gratia
3441 1688 3698 1758 impensa

2058 1770 2345 1840 ecclesiae,
2423 1773 2736 1843 episr-Opus
2796 1788 2905 1829 non
2964 1774 3149 1830 solum
3220 1789 3333 1830 non
3409 1777 3696 1847 acquievit

2060 1858 2366 1928 quicquam
2395 1861 2525 1915 inde
2552 1862 2834 1931 accipere,
2864 1863 2961 1917 sed
2987 1867 3226 1918 econtra
3257 1863 3509 1920 casulam
3539 1879 3696 1921 suam

289 1955 759 2026 uniuscujusque
793 1955 1035 2015 ordinis.
1080 1955 1382 2011 duodecim
1418 1971 1647 2026 quoque
1679 1956 1946 2013 sacerdo-
1976 1951 2027 2009 Β
2056 1947 2450 2017 Ροηιίδεθιθῐη
2482 1964 2611 2005 Cum
2646 1951 2793 2005 ειοίθ
2827 1955 2886 2005 θῐ
2916 1950 3169 2019 ὒθηῗὶθον
3210 1951 3437 2009 duom”
3467 1967 3696 2024 αυοαυθ

288 2050 388 2098 tes
407 2042 458 2097 in
479 2049 640 2099 veste
663 2043 1015 2099 sacerdotali
1040 2044 1492 2100 circumstantes
1513 2060 1662 2109 eum,
1686 2044 1753 2101 ad
1776 2060 1946 2116 expe-

288 2131 615 2186 ctationem
648 2132 995 2188 conficiendi
1031 2132 1082 2187 in
1120 2132 1247 2203 ipso
1278 2148 1498 2190 canone
1533 2134 1678 2190 sacri
1713 2133 1946 2190 erisma-

296 2218 400 2275 tis.
438 2220 611 2276 Tanta
648 2226 785 2277 tunc
821 2221 1100 2293 temporis
1131 2226 1257 2277 erat
1293 2222 1619 2292 frequentia
1652 2222 1943 2291 religiosa)

288 2308 791 2378 congregationis,
842 2315 904 2366 ut
948 2309 1061 2365 hiis
1117 2312 1382 2381 exceptis
1438 2316 1726 2367 conventu
1784 2325 1944 2366 exse-

286 2396 507 2466 quendi
534 2397 756 2453 ordinis
778 2413 887 2453 non
904 2398 1206 2454 videretur
1231 2398 1425 2453 minui.
1447 2399 1623 2454 Tanta
1644 2413 1943 2455 ornamen-

286 2490 486 2540 torum
511 2486 674 2556 copia
701 2485 1037 2541 abundabat
1059 2485 1345 2555 ecclesiae,
1374 2492 1437 2541 ut
1462 2487 1738 2557 pretiosis
1766 2488 1944 2543 vesti-

286 2574 401 2628 bus
432 2578 624 2629 ornati
659 2574 871 2642 singuli
906 2573 1294 2643 procederent
1330 2574 1382 2629 in
1418 2589 1525 2631 suo
1558 2575 1784 2641 ordine,
1820 2575 1940 2646 ipse

286 2660 471 2716 etiam
524 2662 834 2732 episcOpus
883 2661 1006 2717 suis
1058 2662 1401 2733 postpositis
1451 2662 1705 2719 casulam
1752 2662 1937 2719 albam

285 2748 583 2817 indueret,
622 2764 750 2818 quae
776 2749 962 2805 fuerat
988 2750 1195 2806 Leonis
1220 2765 1403 2822 papae,
1436 2750 1590 2820 data,
1626 2757 1689 2808 ut
1718 2751 1939 2808 dictum

281 2839 374 2890 est
412 2832 580 2905 (H7),
617 2834 812 2889 abbati
836 2835 1194 2893 Theoderico
1220 2851 1249 2892 a
1277 2838 1535 2894 Beatrice
1560 2843 1615 2893 et
1643 2838 1933 2894 Mathilde.

284 2921 517 2988 Quanta
540 2936 678 2977 vero
703 2921 1014 2979 devotione
1047 2924 1392 2980 dominicam
1425 2927 1747 2997 passionem
1773 2931 1826 2982 et
1854 2940 1940 2981 se-

292 3008 592 3081 pulturam
623 3011 907 3080 exegerit,
944 3027 1052 3083 qua
1084 3012 1388 3069 alacritate
1411 3029 1537 3069 cum
1565 3013 1796 3084 publica
1832 3014 1942 3069 fra-

287 3102 447 3153 trum
490 3100 887 3169 processione,
929 3101 1320 3158 ambientibus
1352 3117 1480 3157 eum
1514 3102 1939 3159 archidiaconis

297 3185 446 3254 suis,
482 3186 538 3240 in
570 3186 695 3257 ipso
730 3193 931 3244 sancto
960 3189 1206 3245 sabbato
1236 3191 1388 3246 sacri
1425 3191 1788 3263 baptismatis
1823 3192 1939 3247 fon-

2058 2035 2424 2093 candelabris
2464 2043 2521 2093 et
2564 2053 2676 2093 uno
2731 2039 2906 2110 pallio
2955 2038 3171 2095 obtulit
3216 2039 3477 2097 habenda
3530 2041 3697 2098 beato

2056 2123 2344 2180 Huberto.

2124 2214 2210 2267 34.
2250 2214 2384 2283 (46.)
2428 2214 2638 2268 Exacta
2694 2214 2905 2284 paseali
2956 2214 3272 2271 ebdomada
3319 2231 3448 2273 cum
3488 2218 3543 2272 in
3583 2233 3690 2275 suo

2055 2297 2317 2368 digressu
2370 2300 2722 2357 valediceret
2774 2302 3070 2372 fratribus,
3107 2318 3178 2359 ex
3212 2304 3444 2376 pietatis
3482 2304 3689 2363 affectu

2054 2387 2261 2457 singuli
2287 2393 2589 2459 coeperunt
2615 2390 2752 2444 ﬂere
2777 2390 3156 2457 altrinsecus;
3194 2392 3469 2448 Henricus
3499 2398 3690 2450 autem

2054 2475 2318 2546 amplius,
2356 2477 2517 2546 quasi
2551 2492 2621 2533 ex
2652 2478 3027 2533 desiderabili
3070 2479 3180 2535 sibi
3224 2480 3418 2550 quiete
3459 2495 3692 2539 revoca-

2052 2567 2148 2619 tus
2179 2564 2247 2619 ad
2280 2570 2395 2620 tam
2432 2565 2784 2637 multiplices
2813 2566 3178 2624 saecularium
3212 2569 3573 2637 negotiorum
3603 2576 3692 2627 tu-

2052 2652 2288 2708 multus.

2121 2743 2205 2795 35.
2244 2743 2378 2811 (47.)
2414 2740 2761 2799 Adhaerebat
2801 2745 2851 2799 ei
2899 2744 3237 2801 familiarius
3285 2745 3516 2816 quidam
3566 2747 3689 2803 Vir-

2049 2826 2329 2884 dunensis
2348 2844 2525 2885 senex
2545 2830 2935 2901 Eleutherius,
2958 2833 3047 2888 vir
3065 2834 3331 2904 equidem
3356 2833 3685 2906 religiosus,

2048 2919 2103 2970 et
2130 2917 2223 2986 qui
2248 2918 2320 2972 ab
2343 2917 2579 2974 ineunte
2603 2923 2775 2975 zetate
2801 2920 3160 2977 instruxerat
3185 2935 3315 2977 eum
3338 2922 3601 2979 honestis
3630 2929 3688 2979 et

2049 3004 2230 3059 castis
2261 3006 2539 3063 moribus.
2577 3009 2677 3062 ilic
2707 3007 3001 3065 sollicitus
3032 3010 3243 3066 salutis
3272 3015 3331 3065 et
3364 3010 3597 3067 honoris
3626 3011 3689 3067 il-

2050 3091 2182 3162 lius,
2205 3095 2488 3151 attentius
2508 3098 2860 3165 suggerebat
2878 3098 2929 3152 ei
2951 3099 3329 3154 ordinandam
3353 3113 3484 3155 esse
3506 3100 3689 3156 eccle-

2049 3181 2191 3237 siam
2227 3184 2377 3239 beati
2413 3185 2721 3253 Laurentii,
2755 3200 2882 3255 quae
2910 3186 3247 3257 aliquandiu
3280 3188 3515 3245 viduata
3544 3189 3687 3245 indi-

295 3278 391 3329 tes
408 3288 507 3330 ore
524 3276 762 3347 proprio
784 3279 1239 3349 consecraverit,
1264 3280 1437 3350 quali'
1453 3296 1514 3335 er
1532 3280 1639 3335 hoc
1660 3280 1805 3336 idem
1828 3281 1934 3352 pri-

2106 3269 2220 3323 ibat
2251 3270 2615 3340 providentia
2646 3272 2890 3328 abbatis.
2920 3273 3025 3339 Qui
3051 3273 3183 3330 dum
3209 3282 3537 3333 moraretur
3556 3292 3683 3334 cum

297 3360 572 3431 vilegium
596 3364 802 3420 matris
824 3365 1088 3421 ecclesiae
1113 3383 1212 3423 sua
1232 3370 1586 3423 auctoritate
1614 3368 1937 3425 laudaverit

290 3455 345 3504 et
368 3451 725 3520 probaverit,
747 3459 965 3523 quanta
983 3460 1042 3509 et
1062 3455 1214 3524 quali
1236 3456 1418 3525 gloria
1438 3461 1496 3512 et
1519 3456 1718 3513 laetitia
1743 3456 1938 3528 pasca-

291 3538 405 3593 lem
439 3538 930 3611 sollcmpnitatem
971 3543 1360 3599 celebraverit
1392 3549 1571 3615 (1076,
1604 3544 1785 3602 Mart.
1822 3548 1933 3617 27),

290 3625 427 3681 olim
460 3626 706 3685 relatum
732 3631 827 3685 vix
850 3631 1132 3687 credibile
1160 3631 1455 3688 videbitur
1488 3634 1758 3703 posteris.
1797 3634 1935 3689 Cum

285 3717 344 3771 et
390 3714 501 3785 ipsn
545 3716 801 3773 curiales
842 3718 1121 3790 episcopii
1163 3720 1496 3791 posthabita
1536 3722 1680 3776 urbe
1719 3722 1789 3776 ab
1818 3722 1937 3794 epi-

291 3813 467 3872 scopo
498 3815 559 3857 se
593 3817 753 3873 quas:
790 3804 844 3859 in
880 3805 1195 3861 solitudine
1228 3807 1299 3862 ad
1331 3822 1459 3863 eum
1486 3811 1828 3867 convenisse
1854 3811 1935 3866 in-

286 3888 691 3961 dignarentur,
732 3906 838 3948 nec
877 3897 1069 3949 tamen
1113 3893 1204 3951 vel
1237 3896 1292 3951 in
1328 3897 1540 3954 divims
1575 3898 1935 3972 sollempniis

286 3976 376 4033 vel
408 3976 464 4033 in
499 3992 690 4035 rerum
732 3981 1091 4039 exteriorum
1132 3984 1317 4055 copiis
1356 4001 1415 4041 se
1448 4001 1575 4041 esse
1615 3986 1933 4044 diminutos

293 4064 665 4122 mirarentur.
707 4069 1056 4126 Elaborabat
1096 4086 1324 4141 quoque
1363 4073 1673 4145 episcopus
1705 4090 1774 4131 ne
1808 4091 1934 4146 pro-

286 4157 421 4224 pter
455 4154 838 4225 frequentiam
873 4158 1150 4214 curialem
1185 4161 1327 4216 ordo
1358 4160 1658 4231 religionis
1681 4163 1931 4234 aliquam

284 4247 587 4312 pateretur
608 4245 1066 4316 inquietudinem
1088 4267 1101 4315 ;
1120 4249 1220 4305 sed
1246 4250 1356 4305 etsi
1385 4250 1613 4319 quando
1634 4253 1820 4320 gratia
1847 4267 1934 4308 re-

288 4329 607 4400 frigerandi
631 4333 911 4392 fratribus
926 4336 1014 4392 vel
1033 4337 1085 4392 in
1103 4336 1353 4393 lectione
1366 4338 1456 4396 vel
1474 4340 1529 4393 in
1542 4340 1932 4397 eolloeutione

287 4418 583 4476 interesse
614 4421 867 4494 volebat,
901 4432 1249 4482 executores
1280 4441 1415 4484 suos
1447 4428 1501 4483 in
1533 4429 1658 4499 ipso
1687 4427 1931 4485 claustri

287 4506 448 4563 aditu
485 4521 515 4562 a
545 4523 606 4564 se
635 4510 957 4581 rejiciebat,
1002 4518 1060 4567 et
1102 4520 1229 4584 post
1263 4530 1322 4571 se
1355 4515 1668 4573 accludens
1710 4516 1927 4587 valvas,

286 4594 450 4665 quasi
484 4597 714 4666 quidam
750 4598 1013 4670 privatus
1037 4600 1503 4672 adgaudentibus
1526 4604 1632 4661 sibi
1660 4619 1934 4663 reveren-

286 4688 381 4738 ter
417 4687 825 4743 conveniebat.

356 4775 443 4828 33.
478 4771 613 4844 (45.)
641 4775 761 4832 Jam
797 4774 890 4831 die
923 4776 1073 4834 festo
1106 4778 1394 4837 mediante
1420 4782 1801 4840 Herimannus
1825 4783 1934 4839 Me-

282 4861 536 4918 tensium
569 4864 880 4934 episcopus
912 4866 1077 4921 venit
1107 4883 1234 4924 eum
1269 4868 1542 4941 invisere,
1568 4877 1629 4927 et
1649 4877 1932 4944 exceptus

283 4948 356 5005 ab
390 4949 517 5021 ipso
547 4965 677 5007 cum
708 4952 1036 5011 honorabili
1072 4957 1472 5029 processione,
1504 4962 1684 5017 tanta
1709 4961 1935 5018 sollem-

285 5037 530 5110 pnitatis
562 5040 870 5097 videbatur
911 5041 1173 5099 laetitiam
1207 5046 1461 5104 auxisse.
1496 5048 1565 5104 Et
1599 5050 1731 5120 quia
1765 5050 1934 5121 longo

290 5131 423 5182 ante
455 5133 717 5200 tempore
750 5132 1135 5191 amicissimus
1166 5141 1295 5191 erat
1325 5137 1523 5193 abbati
1554 5139 1930 5212 Theoderico,

286 5214 413 5285 ejus
445 5218 883 5288 congregationi
917 5220 972 5277 in
1005 5223 1263 5281 crastino
1290 5237 1491 5282 eorum
1528 5229 1836 5285 conventui
1870 5243 1933 5286 se

290 5303 436 5361 satis
457 5304 724 5361 hilariter
749 5312 1147 5383 praesentavit,
1180 5313 1379 5371 dicens
1400 5316 1510 5372 sibi
1532 5330 1664 5373 esse
1685 5316 1847 5374 cordi
1870 5323 1935 5374 ut

288 5390 536 5463 aliquam
576 5394 823 5464 gratiam
870 5397 956 5453 eis
993 5399 1350 5471 relinqueret
1393 5403 1565 5474 hujus
1595 5404 1666 5461 ad
1695 5418 1798 5462 eos
1837 5406 1934 5462 ad-

294 5486 502 5538 ventus
532 5482 642 5539 sui.
678 5484 833 5542 Tunc
856 5502 927 5543 ex
950 5489 1221 5547 consultu
1252 5492 1541 5549 communi
1563 5494 1635 5549 ab
1656 5494 1934 5567 episcopo

293 5569 537 5628 Henrico
560 5572 743 5630 abbas
760 5577 1030 5649 expetiit,
1052 5584 1114 5636 ut
1130 5581 1257 5652 ejus
1271 5597 1558 5640 consensu
1576 5582 1691 5641 duo
1707 5584 1934 5642 dicaret

285 5657 398 5714 Deo
427 5657 634 5717 altaria
665 5676 695 5717 a
723 5678 785 5720 se
814 5672 1157 5728 constructa
1190 5670 1435 5729 noviter.
1470 5671 1633 5739 Quod
1655 5672 1932 5745 episcopo

2046 3358 2342 3428 episcopo,
2380 3359 2567 3415 factus
2599 3366 2684 3414 est
2722 3361 3023 3418 familiaris
3054 3363 3358 3420 Lamberto
3382 3365 3597 3435 juniori
3627 3372 3683 3422 et

2048 3446 2373 3515 Berengero
2408 3448 2607 3518 priori,
2653 3448 2805 3505 inter
2849 3465 2995 3520 quos
3033 3457 3412 3509 concreverat
3440 3453 3554 3522 jam
3588 3453 3684 3511 diu

2044 3535 2229 3603 gratia
2252 3550 2402 3591 verae
2424 3535 2476 3590 in
2498 3537 2611 3591 Deo
2624 3538 2910 3607 caritatis,
2930 3539 3058 3609 quia
3082 3539 3281 3596 inolita
3300 3542 3485 3609 gratis
3501 3539 3683 3599 libera

2045 3628 2170 3678 erat
2198 3624 2384 3679 totius
2412 3624 2801 3681 necessitatis.
2839 3627 3057 3683 Etcum
3083 3629 3296 3699 saepius
3318 3629 3685 3687 Eleutherius

2043 3710 2483 3781 colloqueretur
2516 3714 2840 3783 Lamberto,
2880 3716 3025 3772 forte
3050 3717 3201 3771 inter
3227 3717 3573 3787 loquendum
3604 3734 3686 3775 ln-

2044 3798 2186 3854 cidit
2215 3800 2301 3855 eis
2332 3807 2662 3857 memoratae
2695 3803 2943 3860 abbatiae
2973 3805 3205 3875 mentio,
3237 3810 3292 3861 et
3325 3806 3426 3861 illo
3454 3807 3682 3864 dicente

2045 3886 2115 3942 de
2164 3888 2290 3956 ejus
2339 3889 2707 3947 ordinatione
2750 3907 2811 3949 se
2845 3893 3178 3949 multotiens
3228 3910 3357 3951 cum
3406 3895 3685 3967 episcopo

2045 3976 2387 4047 contulisse,
2413 3978 2746 4051 episcopum
2767 3996 2905 4037 vero
2923 3981 3258 4054 sollicitum,
3281 3984 3383 4040 sed
3403 3984 3684 4042 incertum

2044 4065 2137 4120 cui
2169 4067 2586 4123 convenienter
2606 4083 2729 4123 eam
2753 4071 3168 4142 committeret,
3202 4073 3501 4144 respondit
3536 4074 3691 4130 Lam-

2045 4153 2269 4222 bertus,
2305 4155 2520 4224 optime
2552 4171 2677 4211 eam
2709 4159 3183 4215 committendam
3224 4162 3573 4232 Berengero,
3604 4175 3691 4218 sa-

2043 4241 2223 4311 pienti
2258 4242 2525 4312 equidem
2551 4250 2606 4298 et
2632 4245 2814 4314 proba
2830 4251 2896 4302 lae
2926 4247 3165 4303 virtutis
3198 4248 3338 4304 viro.
3376 4248 3478 4304 Ille
3509 4251 3685 4306 semel

2044 4333 2212 4399 rapto
2263 4331 2460 4399 verbo,
2512 4333 2736 4401 gratias
2786 4333 2906 4402 egit
2954 4334 3213 4405 Domino,
3250 4340 3309 4391 et
3341 4338 3687 4407 quantocius

2043 4418 2336 4487 suggessit
2362 4419 2662 4490 episcopo,
2689 4425 2752 4477 ut
2779 4424 3163 4493 Berengerum
3187 4425 3297 4480 sibi
3321 4425 3688 4483 commodan-

2043 4504 2176 4561 dum
2202 4511 2508 4578 expeteret
2530 4508 2602 4563 ab
2625 4509 2834 4564 abbate
2858 4510 3233 4584 Theoderico,
3259 4528 3427 4584 quem
3453 4514 3684 4571 interim

2043 4594 2309 4651 ecclesiae
2353 4595 2505 4651 beati
2552 4596 2839 4652 Laurentii
2884 4598 3010 4656 loco
3048 4600 3263 4670 prioris
3294 4607 3681 4676 praeponeret,

1962 4656 2014 4716 Π
2045 4681 2225 4738 donec
2250 4697 2353 4755 per
2376 4698 2673 4741 accessum
2701 4687 2986 4757 temporis
3013 4688 3236 4745 certius
3263 4656 3397 4746 inde
3418 4656 3527 4746 sibi
3551 4656 3684 4748 con:

2044 4770 2232 4827 silium
2287 4772 2637 4843 proveniret.
2698 4773 3023 4847 Episcopus
3067 4791 3194 4834 eum
3245 4784 3523 4849 expetere
3570 4794 3680 4836 non

2043 4858 2294 4931 distulit,
2326 4865 2383 4916 et
2407 4860 2502 4917 vix
2524 4877 2678 4931 aegre
2700 4864 2771 4919 ab
2793 4864 3003 4920 abbate
3028 4865 3401 4937 impetratum
3425 4874 3484 4923 et
3508 4871 3684 4925 intro-

2042 4946 2278 5005 ductum
2321 4949 2580 5007 ecclesia:
2622 4953 2848 5008 vacanti
2888 4954 3140 5023 priorem
3178 4970 3309 5011 esse
3349 4957 3677 5014 constituit.

2046 5037 2426 5107 Berengerus,
2460 5042 2521 5095 ut
2551 5044 2678 5093 erat
2708 5040 2796 5096 vir
2824 5041 3116 5099 discretus
3140 5049 3195 5097 et
3229 5044 3500 5115 prudens,
3531 5051 3684 5102 sata-

2041 5126 2213 5193 gebat
2237 5125 2502 5182 consulte
2525 5127 2714 5184 omnia
2742 5143 3075 5199 procurare,
3099 5130 3457 5200 singulorum
3480 5147 3545 5189 se
3570 5146 3683 5189 mo-

2043 5213 2207 5269 ribus
2253 5218 2714 5286 contemperarc,
2769 5217 3051 5274 neminem
3100 5219 3264 5289 quasi
3313 5221 3684 5292 importunus

2041 5316 2304 5374 gravare,
2332 5303 2594 5360 doctrina
2628 5311 2687 5360 et
2718 5306 2984 5376 exemplo
3017 5308 3321 5376 graviores
3351 5310 3680 5382 informare,

2041 5388 2295 5448 leviores
2326 5407 2395 5449 ne
2426 5393 2968 5451 scandalizarentur
2997 5395 3224 5453 interim
3258 5398 3681 5471 dispensatoris

2043 5480 2325 5551 patientia
2359 5480 2746 5539 dissimulare.

2114 5591 2199 5644 36.
2251 5586 2384 5659 (48.)
2433 5589 2548 5645 Nec
2598 5588 2779 5646 multo
2836 5594 2966 5662 post
3024 5594 3471 5663 superveniente
3529 5595 3682 5653 festo

2043 5672 2202 5733 beati
2234 5676 2520 5734 Lamberti
2553 5678 2737 5750 (Sept.
2775 5681 2883 5753 l7),
2915 5695 3045 5737 cum
3076 5680 3338 5741 ediceret
3367 5683 3681 5762 episcopus

1812 5785 1819 5793 '
1871 5772 2073 5835 NOTAE
2088 5813 2103 5832 .

351 5832 501 5923 (117)
533 5837 668 5912 Cap.
701 5836 791 5898 au.
