3936 6486
314 396 467 459 1383

1315 384 1790 450 CHRONICON
1823 384 1889 447 S.
1926 381 2286 446 AUBERTI
2315 380 2690 444 ANDAGiN.

3568 381 3737 444 1384

310 531 625 590 abbatibus
656 534 713 586 et
748 527 1176 587 archidiaconis
1218 524 1574 582 reddendum
1616 524 1723 582 Sibi
1767 522 1954 580 CODSi'
1987 523 2039 577 Α
2071 535 2395 605 largissjma
2429 534 2555 604 ejus
2582 534 2715 590 anni
2748 533 3083 605 ριιονςηίρθι
3115 534 3343 592 messis,

306 622 447 681 lium
474 622 545 679 de
568 620 891 678 ordinanda
914 617 1160 676 ecclesia
1187 617 1340 674 beati
1368 616 1684 685 Laurentii,
1717 629 1955 685 respon-

307 712 519 769 derunt
552 710 634 766 illi
666 710 723 767 in
753 723 1055 767 commune
1086 706 1481 764 consulendos
1523 707 1736 761 fratres
1773 704 1955 776 ipsius

306 800 799 872 congregationis,
837 800 1037 870 eisque
1069 798 1420 853 offerendam
1448 796 1772 866 regularem
1797 800 1853 849 et
1879 793 1956 849 le-

302 889 563 961 gitimam
580 889 927 946 electionem
947 888 1195 943 abbatis.
1217 887 1539 958 Episcopus
1559 886 1613 940 in
1632 884 1952 940 crastinum

302 977 599 1035 deducens
619 992 719 1034 eos
744 992 939 1034 secum
965 976 1034 1033 ad
1061 975 1246 1031 locum
1275 975 1450 1044 venit,
1485 981 1545 1029 et
1580 974 1860 1029 fratribus
1893 976 1951 1028 ut

304 1067 575 1125 abbatem
623 1066 735 1124 sibi
782 1066 1066 1137 eligerent
1117 1065 1409 1121 mandavit
1476 1064 1562 1119 llli
1599 1063 1779 1119 locuti
1822 1077 1952 1118 cum

301 1154 569 1227 consilio,
602 1170 732 1211 eum
763 1155 1075 1211 abbatibus
1103 1159 1164 1210 et
1196 1152 1623 1209 archidiaconis
1647 1152 1950 1220 elegerunt

302 1245 692 1315 Berengerum
725 1258 1018 1301 consensu
1047 1242 1321 1300 unanimi.
1361 1245 1611 1298 Latatus
1640 1242 1950 1312 episcopus

301 1347 502 1390 eorum
534 1331 883 1390 electionem
915 1332 1229 1388 convenire
1261 1331 1545 1388 voluntati
1579 1345 1720 1399 sua,
1753 1329 1949 1386 abbati

299 1420 655 1480 Theoderico
687 1421 866 1493 capit
898 1422 1273 1477 vehementer
1305 1421 1544 1476 innuero
1574 1425 1637 1475 ut
1673 1421 1952 1488 Berenge-

300 1521 428 1566 rum
460 1508 573 1566 sibi
614 1510 943 1567 absolutum
988 1509 1283 1565 redderet.
1327 1510 1575 1565 Econtra
1610 1523 1736 1563 cum
1771 1508 1953 1562 abbas

301 1598 671 1670 reclamaret,
707 1614 769 1656 se
803 1613 905 1656 nec
934 1598 1081 1654 velle
1115 1613 1218 1655 nec
1252 1613 1421 1670 posse
1449 1597 1551 1653 tali
1579 1597 1703 1653 viro
1725 1610 1946 1664 carere,

301 1702 420 1744 sua
452 1688 636 1758 magis
675 1687 936 1745 ecclesia
979 1701 1108 1743 eum
1148 1687 1461 1743 convenire
1505 1700 1673 1757 quam
1714 1683 1948 1749 aliena;

298 1776 397 1831 vix
427 1777 683 1849 optinuit
715 1777 1028 1848 episcopus
1062 1776 1214 1846 quod
1249 1777 1482 1848 petebat
1514 1775 1667 1831 omni
1694 1773 1791 1829 illo
1816 1788 1951 1828 con-

2141 628 2226 680 38.
2262 624 2397 695 (50.)
2432 623 2548 678 Sub
2588 623 2790 678 rodem
2834 628 3095 694 tempore
3138 624 3321 679 adfuit
3360 622 3733 679 Theoderico

2068 713 2266 769 abbati
2300 713 2514 782 legatio
2547 712 2809 767 Elinandi
2841 712 3239 768 Laudunensis
3269 711 3548 783 episcopi,
3581 716 3651 767 ut
3675 712 3727 768 si

2069 802 2206 872 quid
2255 801 2407 872 apud
2456 815 2585 856 eum
2637 807 2837 871 posset
2878 800 2965 856 vel
3002 801 3126 871 ipse
3157 801 3244 856 vel
3277 799 3525 856 ecclesia
3558 815 3724 855 com-

2068 889 2266 959 missa,
2291 890 2638 944 concederet
2673 889 2910 944 fratrem
2942 904 3117 944 unum
3148 903 3264 944 sua
3298 888 3716 957 institutionis,

2068 994 2236 1048 quem
2276 978 2576 1034 ordinaret
2612 978 2880 1033 abbatem
2920 978 3185 1033 ecclesia:
3230 977 3383 1033 beati
3426 978 3718 1032 Vincentii

2066 1068 2359 1137 martyris.
2395 1067 2453 1122 ld
2488 1082 2617 1123 cum
2652 1068 2831 1122 abbas
2864 1067 3095 1122 omnino
3134 1070 3449 1135 recusaret,
3489 1067 3723 1137 episco-

2067 1172 2175 1227 pus
2219 1170 2355 1211 vero
2394 1156 2499 1211 hoc
2537 1157 2719 1227 ipsum
2757 1156 2845 1211 bis
2877 1162 3085 1226 terque
3126 1155 3510 1225 importunius
3550 1169 3721 1226 repo-

2067 1250 2282 1312 sceret,
2329 1245 2560 1300 tandem
2605 1245 2790 1299 relato
2830 1245 3077 1300 consilio
3117 1243 3186 1299 ad
3228 1258 3582 1299 communem
3618 1258 3721 1300 au-

2065 1333 2343 1388 dientiam
2368 1332 2653 1405 eapitolii,
2679 1333 2932 1389 unanimi
2960 1333 3201 1389 fratrum
3226 1332 3511 1388 electione
3534 1331 3720 1393 domi-

2065 1436 2198 1478 num
2236 1423 2660 1478 Adalberouem
2695 1421 3030 1477 Laudunum
3071 1420 3330 1492 deduxit,
3373 1434 3619 1491 eumque
3651 1435 3715 1476 se

2067 1516 2356 1582 prasente
2379 1511 2649 1566 abbatem
2674 1509 2942 1567 ecclesia
2967 1510 3122 1566 beati
3144 1510 3427 1566 Vincentii
3452 1508 3713 1565 ordinari

2064 1601 2377 1657 concessit.

2138 1694 2222 1746 39.
2254 1690 2386 1762 (51.)
2414 1690 2482 1745 Et
2507 1693 2569 1745 ut
2595 1692 2949 1746 memoretur
2974 1687 3122 1744 idem
3148 1686 3434 1744 Adalbero
3458 1688 3586 1759 quis
3609 1694 3715 1745 aut

2065 1779 2217 1834 unde
2253 1776 2446 1849 fuerit,
2493 1779 2602 1835 fuit
2653 1778 2866 1834 nobilis
2918 1777 3198 1849 prosapia
3232 1776 3449 1833 Saevus
3478 1782 3536 1832 et
3566 1777 3713 1833 mul-

301 1869 474 1919 ventu
510 1864 888 1934 suffragante,
922 1870 981 1919 et
1014 1865 1245 1920 tandem
1284 1865 1609 1932 Berengero
1639 1877 1832 1918 coram
1867 1865 1949 1917 at-
1979 1878 2033 1939 Β
2066 1866 2286 1938 tiplicis
2317 1867 2599 1933 scientia,
2637 1866 3100 1923 Constantiensis
3127 1866 3392 1922 ecclesia
3422 1865 3702 1922 clericus.

303 1957 515 2023 tracto,
537 1953 830 2009 abhatiam
856 1952 1041 2009 sancti
1069 1953 1361 2009 Laurentii
1388 1952 1522 2008 licet
1550 1952 1646 2008 diu
1673 1952 1948 2007 renitenti

299 2040 612 2113 episcopus
643 2041 927 2098 violenter
971 2042 1236 2113 ingessit,
1274 2042 1327 2097 id
1364 2056 1567 2099 revera
1602 2042 1949 2113 disponente

297 2129 486 2201 gratia
535 2130 655 2200 Dei,
708 2145 836 2202 qua
869 2130 924 2186 in
959 2130 1119 2187 brevi
1150 2132 1260 2187 hoc
1293 2146 1353 2187 se
1385 2130 1747 2202 disposuisse
1800 2146 1950 2187 com-

300 2219 590 2292 probavit,
644 2219 775 2276 dum
828 2219 987 2277 illius
1042 2219 1239 2276 labore
1290 2226 1349 2275 et
1403 2220 1633 2290 ingenio
1689 2220 1949 2276 accrevit

296 2308 547 2365 interius
578 2308 813 2381 optima
847 2309 1149 2380 religionis
1179 2310 1575 2379 congregatio,
1601 2314 1656 2365 et
1684 2309 1947 2365 exterius

295 2396 603 2469 multiplex
635 2412 830 2455 rerum
862 2399 1397 2456 ecclesiasticarum
1431 2398 1765 2470 acquisitio.

368 2490 454 2544 37.
499 2487 633 2556 (49.)
677 2488 770 2563 [Ρ.
814 2488 1023 2544 ΤΙιεοιί.
1058 2504 1108 2545 c.
1147 2488 1197 2560 4]
1254 2491 1416 2544 Anno
1467 2489 1613 2557 (118,
1643 2488 1946 2544 dominica

297 2575 718 2633 incarnationis
748 2581 880 2633 107d
902 2577 1246 2647 gravissima
1273 2578 1457 2633 hiems
1482 2577 1766 2647 incubuit,
1800 2578 1945 2634 adeo

297 2668 360 2721 ut
402 2664 458 2720 in
492 2663 693 2722 Galliis
731 2666 975 2733 Ararim,
1022 2666 1342 2733 Rodanum,
1390 2669 1628 2735 Renum,
1675 2667 1943 2737 Ligerim,

295 2751 350 2808 in
377 2754 679 2810 Germania
705 2753 926 2823 Albam,
965 2755 1207 2811 Visclam
1232 2762 1286 2810 et
1314 2757 1655 2825 Danubium,
1694 2755 1747 2810 in
1784 2755 1945 2811 Italia

292 2840 604 2898 Eridanum
630 2842 1017 2913 pet-maximos
1046 2844 1269 2912 tluvios,
1298 2849 1357 2900 ut
1384 2850 1649 2900 taceatur
1674 2843 1743 2900 de
1771 2845 1946 2901 mino-

294 2928 475 2999 ribus,
520 2936 684 2986 tanto
723 2931 858 3000 gelu
902 2932 1358 3001 constringeret,
1403 2935 1555 3003 quod
1600 2933 1946 2989 mirantibus

292 3016 891 3075 circummanentibns
915 3019 1123 3075 incolis
1148 3021 1313 3090 quasi
1343 3035 1443 3091 per
1462 3021 1704 3076 solidam
1725 3028 1943 3077 terram

294 3106 479 3176 pervii
506 3106 730 3163 ﬁerent.
761 3108 876 3162 lloc
898 3106 1031 3176 gelu
1059 3108 1288 3163 tandem
1313 3108 1366 3163 in
1389 3124 1522 3163 vere
1549 3108 1793 3164 remisso
1820 3109 1938 3175 (an.

291 3197 473 3267 1077),
519 3201 679 3254 tanta
724 3196 1015 3252 successit
1058 3197 1294 3253 siccitas
1336 3198 1506 3265 aeris,
1547 3203 1607 3253 ut
1639 3200 1946 3255 arentibus

290 3283 451 3340 arvis
481 3298 629 3355 pene
655 3283 1071 3355 despcraretur
1104 3294 1424 3357 proventus
1455 3287 1660 3342 mchis
1696 3288 1933 3343 futura.

287 3370 676 3430 Theodericus
720 3374 901 3429 abbas
952 3379 1088 3430 tunc
1121 3374 1175 3430 in
1209 3376 1652 3445 quadragesima
1707 3377 1940 3433 Romam

286 3461 475 3531 gratia
505 3462 790 3519 orationis
816 3463 1137 3534 profectus,
1162 3463 1216 3518 in
1244 3464 1542 3520 redeundo
1574 3466 1765 3522 Remis
1789 3466 1939 3537 apud

289 3548 523 3607 beatum
566 3551 889 3621 Remigium
940 3551 1309 3608 familiariter
1358 3553 1696 3623 aliquandiu
1749 3555 1943 3612 lassus

289 3638 530 3708 quievit.
547 3639 795 3709 Vulgato
815 3645 1006 3696 autem
1029 3655 1128 3712 per
1145 3642 1344 3697 urbem
1365 3643 1507 3696 tanti
1532 3643 1637 3697 viri
1662 3643 1939 3712 adventu,

287 3724 413 3798 ipse
444 3728 738 3785 Manasses
775 3736 912 3786 tunc
951 3730 1260 3785 Remorum
1306 3732 1587 3801 pontifex,
1627 3747 1942 3804 omnesque

288 3830 451 3887 pane
478 3815 741 3886 ejusdem
773 3817 1114 3887 metr0p01is
1139 3818 1385 3886 majores
1412 3819 1570 3873 illum
1597 3820 1942 3891 suppliciter

286 3904 574 3960 adeuntes
595 3904 892 3974 petierunt
913 3911 973 3960 ut
993 3906 1063 3960 de
1084 3906 1404 3960 imminenti
1426 3906 1590 3977 plaga
1613 3908 1942 3981 desperatis

286 3990 451 4048 daret
484 3991 813 4060 consilium,
842 3991 1129 4063 simulque
1153 3995 1519 4050 orationibus
1542 3997 1835 4067 optineret
1861 3999 1940 4053 di-

283 4078 432 4136 vina
457 4080 881 4137 consolationis
905 4081 1203 4137 auxilium.
1231 4083 1327 4137 Ille
1354 4082 1487 4139 licet
1512 4086 1730 4143 invitus
1757 4089 1940 4159 preci-

285 4168 395 4226 bus
428 4176 619 4226 tanien
651 4170 1105 4242 surplicantiutn
1142 4173 1352 4243 victus,
1400 4174 1694 4244 publicum
1736 4177 1937 4249 populi

283 4264 632 4316 conventuin
655 4259 711 4315 iu
738 4259 978 4316 hasicha
1006 4261 1208 4331 majori
1231 4269 1447 4319 saneta
1473 4265 1662 4322 Maria
1686 4281 1938 4337 semper-

282 4359 395 4419 que
428 4348 671 4418 virginis
709 4349 1014 4420 genitricis
1046 4350 1145 4406 Dei
1180 4353 1473 4408 mandavit
1511 4353 1656 4422 fieri,
1690 4360 1750 4411 et
1784 4356 1937 4413 inter

282 4436 587 4494 missarum
621 4438 964 4510 sollempnia
994 4453 1241 4497 exessus
1274 4456 1597 4499 sermonem
1625 4460 1729 4515 pro
1755 4446 1937 4515 quali-

280 4528 404 4581 tate
432 4526 676 4597 periculi
702 4528 971 4585 omnibus
994 4528 1393 4587 indifferenter
1420 4533 1590 4588 unius
1616 4532 1727 4588 diei
1752 4537 1936 4591 conti-

2063 1955 2165 2011 Hic
2189 1956 2321 2013 duci
2348 1955 2661 2011 Godefrido
2682 1954 2897 2026 juniori
2922 1956 2993 2010 ab
3018 1952 3180 2010 Italia
3211 1954 3521 2010 revertenti
3549 1955 3711 2010 fami-

2063 2043 2289 2101 liariter
2320 2044 2589 2114 adhaesit,
2623 2044 2719 2115 qui
2752 2042 3025 2114 quamdiu
3058 2043 3299 2112 advixit,
3346 2043 3576 2100 habitus
3614 2049 3710 2100 est

2062 2134 2214 2204 apud
2235 2148 2365 2189 eum
2387 2133 2681 2189 amicitior
2704 2132 3092 2188 amicissimis.
3125 2133 3234 2187 Sed
3255 2130 3353 2186 illo
3375 2131 3707 2201 interfecto,

2060 2236 2187 2276 cum
2224 2237 2284 2277 se
2320 2221 2610 2277 Adalbero
2647 2221 2938 2290 junxisset
2980 2220 3289 2276 Godefrido
3327 2220 3703 2291 adolescenti,

2061 2324 2227 2380 quem
2252 2309 2576 2367 avunculus
2600 2312 2788 2365 adhuc
2812 2310 3009 2365 vivens
3034 2310 3409 2380 adoptaverat
3436 2308 3705 2364 heredem

2060 2400 2191 2468 sibi,
2222 2399 2373 2455 inter
2398 2399 2557 2455 illum
2583 2404 2641 2455 et
2670 2399 2969 2454 Albertum
2995 2399 3409 2454 Namuccnsem
3438 2398 3704 2454 comitem

2060 2492 2187 2543 orta
2213 2494 2303 2543 est
2326 2489 2671 2557 gravissima
2696 2488 2818 2542 diss
2844 2488 2987 2542 insio
3012 2502 3117 2558 pro
3141 2487 3381 2543 castello
3402 2485 3704 2542 Bulonien-

2059 2576 2125 2632 si.
2172 2577 2292 2643 Qua
2336 2577 2406 2633 de
2451 2594 2511 2633 re
2556 2577 2849 2633 nominato
2891 2577 3041 2648 apud
3085 2581 3341 2632 sanctum
3386 2577 3701 2632 Hubertum

2060 2666 2210 2721 inter
2240 2672 2549 2736 utrumque
2574 2665 2887 2735 colloquio,
2919 2681 3046 2721 cum
3075 2664 3383 2720 Godefrido
3410 2664 3588 2719 adfuit
3619 2664 3699 2719 ibi

2057 2760 2113 2809 et
2140 2755 2728 2811 clericUS‘Adalbero.
2755 2754 2859 2819 Qui
2890 2758 2947 2809 ut
2967 2761 3091 2809 erat
3118 2754 3425 2825 perspicax
3448 2754 3503 2807 in
3527 2753 3701 2810 rebus

2059 2843 2219 2913 deprt
2245 2844 2583 2912 hendcndis,
2618 2859 2747 2898 cum
2792 2843 3189 2913 perspexissd
3224 2842 3277 2897 in
3310 2842 3586 2897 fratribus
3618 2842 3698 2897 in-

2060 2930 2757 2986 remissamintentionem
2777 2932 3101 3001 exequendi
3124 2930 3363 2998 ordinis,
3380 2946 3505 2986 cum
3524 2929 3697 2985 etiam

2059 3029 2412 3099 pervidisset
2435 3046 2504 3085 ex
2531 3030 2653 3100 ipsa
2682 3030 2791 3085 loci
2827 3028 3264 3099 opportunitate
3301 3043 3412 3083 non
3442 3028 3696 3099 indigere

2057 3118 2392 3189 solitudine,
2440 3119 2487 3175 si
2533 3120 2661 3189 quis
2705 3117 2876 3174 vellet
2921 3119 2999 3173 ibi
3041 3120 3153 3173 Deo
3195 3118 3463 3187 militare,
3507 3118 3698 3174 divino

2059 3213 2334 3277 reSpectu
2366 3213 2749 3278 compunctus
2780 3207 3097 3262 destinavit
3130 3207 3277 3278 apud
3304 3222 3363 3261 se
3387 3206 3696 3262 vanitatem

2057 3296 2253 3351 mundi
2281 3311 2581 3367 respuere,
2617 3311 2784 3366 quam
2812 3302 2895 3351 tot
2917 3296 3149 3351 casibus
3172 3295 3463 3351 subditam
3490 3294 3695 3351 nemini

2054 3384 2366 3441 videbatur
2386 3401 2514 3441 esse
2535 3385 2879 3440 durabilem.
2906 3385 3157 3441 Locutus
3177 3399 3314 3454 ergo
3335 3383 3550 3455 abbati,
3566 3397 3696 3439 con-

2056 3472 2202 3529 dixit
2219 3474 2298 3528 illi
2318 3474 2467 3529 diem
2488 3475 2553 3529 ad
2573 3490 2699 3528 cuin
2717 3489 2788 3529 ex
2806 3479 2927 3528 toto
2949 3473 3299 3541 revertendi,
3321 3473 3693 3542 collectisque

2057 3577 2183 3633 qua
2208 3567 2375 3618 erant
2410 3564 2462 3617 in
2498 3570 2768 3633 promptu
2804 3564 2981 3618 rebus
3013 3563 3155 3631 suis,
3183 3561 3344 3631 juxta
3368 3562 3693 3617 condictum

2056 3650 2111 3706 in
2129 3651 2386 3721 capitulo
2409 3668 2468 3707 se
2492 3652 2816 3722 prostravit
2840 3667 2997 3707 more
3017 3652 3253 3721 agenda
3278 3650 3686 3706 conVersionis.

2054 3739 2297 3795 Videres
2319 3741 2599 3797 neminem
2622 3757 2685 3796 se
2707 3756 2878 3811 posse
2900 3741 3198 3795 continere
3222 3755 3248 3794 a
3274 3739 3543 3808 lacrimis,
3565 3754 3688 3795 eum

2054 3833 2348 3885 tantarum
2380 3831 2552 3901 paulo
2582 3838 2714 3885 ante
2749 3830 3340 3898 deliciarumjuvenis
3366 3836 3473 3885 tam
3499 3830 3687 3885 subito

2055 3923 2313 3973 mutatus
2353 3918 2422 3973 ad
2467 3921 2657 3974 mundi
2712 3925 3109 3990 contemptum
3161 3919 3305 3974 adeo
3338 3932 3399 3974 se
3432 3918 3687 3986 accinge-

2054 4014 2164 4076 ret,
2214 4013 2272 4063 ut
2315 4010 2779 4079 pretiosissimas
2823 4007 3190 4063 oloscricalis
3232 4009 3464 4063 habitus
3503 4014 3687 4063 vestes

2050 4111 2180 4152 cum
2207 4100 2401 4153 tunica
2426 4097 2707 4153 oloscriea
2736 4104 2943 4168 sponte
2964 4112 3067 4153 sua
3088 4097 3373 4167 spoliatus
3394 4096 3682 4166 abjiceret,

2052 4184 2246 4240 annuli
2277 4200 2509 4256 quoque
2539 4187 2697 4242 aurei
2724 4187 2924 4255 digits
2948 4185 2991 4217 ⁵⁸
3012 4186 3296 4241 abstracti
3322 4192 3377 4240 et
3402 4185 3455 4240 in
3481 4191 3684 4240 terram

2049 4272 2296 4345 projecti
2318 4276 2707 4331 clarissimum
2737 4276 3006 4330 tinnitum
3037 4276 3366 4342 redderent,
3387 4273 3503 4345 ipse
3519 4271 3681 4328 etiam

2051 4362 2458 4419 conversionis
2480 4380 2598 4419 sua:
2623 4364 3045 4435 profesSioncm
3071 4363 3165 4417 vix
3190 4362 3557 4434 permittente
3580 4361 3684 4416 sin-

2047 4449 2218 4520 gultu
2251 4454 2567 4508 enunciarc
2609 4452 2923 4509 sufﬁceret.
2963 4453 3063 4507 llic
3095 4465 3203 4507 non
3239 4450 3417 4507 multo
3448 4454 3593 4521 post,
3625 4453 3685 4505 ut

2051 4540 2270 4596 dictum
2312 4547 2424 4611 est,
2469 4543 2621 4612 apud
2664 4541 2996 4597 Laudunum
3047 4541 3342 4597 Clavatum
3393 4539 3683 4595 ordinatus

281 4625 455 4670 unum
483 4614 764 4685 jejunium
789 4616 1019 4687 indixit,
1040 4625 1098 4673 et
1120 4618 1789 4691 ut.darentpauperibus
1807 4638 1934 4694 qua
1965 4602 2019 4665 D
2050 4629 2232 4684 abbas
2270 4602 2537 4686 ecclesa
2580 4634 2767 4686 sancti
2809 4628 3117 4699 Vincentii,
3160 4630 3435 4698 quantum
3467 4628 3579 4683 Deo
3603 4625 3683 4696 ju-

278 4703 705 4760 subtrahebant
738 4705 870 4762 sibi.
908 4705 1131 4773 Quanta
1163 4711 1356 4763 autem
1390 4709 1562 4765 fuerit
1590 4710 1645 4765 in
1666 4711 1936 4769 exhorta-

280 4790 438 4849 tione
462 4795 754 4851 sermonis
778 4795 905 4866 ejus
930 4796 1205 4866 omnium,
1234 4796 1488 4868 ipsorum
1512 4800 1689 4855 etiam
1710 4800 1936 4859 Judao-

280 4893 409 4938 rum
454 4885 849 4955 compunctio,
906 4898 1075 4955 quam
1127 4884 1339 4941 alacris
1387 4886 1594 4944 indicti
1639 4890 1843 4960 ,ejunii
1875 4894 1934 4947 et

281 4968 729 5029 elemosinarum
763 4975 1055 5044 executio,
1089 4982 1517 5045 consequenter
1545 4980 1799 5034 ostendit
1833 4980 1932 5037 Dei

280 5059 703 5131 omnipotentis
749 5062 1069 5118 miseratio.
1114 5063 1252 5118 Nam
1285 5064 1342 5119 in
1369 5066 1688 5122 crastinum
1720 5068 1934 5125 abbate

281 5148 490 5207 missas
522 5150 884 5222 celebrante,
927 5153 1124 5210 statim
1160 5160 1222 5209 ut
1251 5168 1350 5211 eas
1382 5155 1737 5228 terminavit,
1773 5164 1934 5215 tanta

279 5239 517 5313 tamque
541 5240 798 5300 salubris
821 5243 1015 5315 pluvia
1040 5245 1255 5317 erupit,
1289 5250 1348 5301 ut
1376 5247 1592 5318 passim
1628 5248 1936 5305 revirenti-

280 5325 389 5385 bus
420 5331 663 5403 campis,
690 5332 808 5403 jam
843 5333 939 5389 diu
970 5334 1281 5407 desperata
1313 5336 1415 5392 Dei
1443 5338 1632 5407 gratia
1657 5338 1930 5410 donante,

2048 4724 2222 4773 vante
2255 4717 2381 4775 loco
2416 4720 2752 4790 profecerit,
2786 4723 3043 4775 testatur
3074 4718 3315 4773 fratrum
3338 4713 3680 4774 nobilissima

2048 4807 2254 4876 religio
2288 4810 2359 4864 ab
2401 4824 2470 4864 eo
2504 4809 2798 4879 instituta,
2843 4809 3150 4863 informata
3194 4805 3458 4875 interius,
3499 4819 3680 4863 rerum

2050 4896 2512 4967 quoqueeteella
2527 4913 2646 4954 rum
2667 4898 2977 4969 multiplex
2996 4896 3392 4965 augmentatio
3407 4894 3675 4954 exterius.

2119 4988 2205 5041 40.
2265 4985 2418 5060 (52.)
2481 4989 2643 5045 Anno
2703 4992 2831 5045 1081
2895 4986 3199 5043 dominica
3259 4983 3674 5056 incarnationis,

2049 5073 2370 5134 indictione
2400 5079 2451 5147 4,
2493 5077 2885 5135 Theodericus
2922 5077 3103 5133 abbas
3139 5075 3205 5130 ad
3240 5074 3677 5131 consecrandam

2047 5164 2295 5235 criptam
2318 5181 2484 5236 quam
2507 5168 2900 5223 adificaverat
2918 5165 3225 5222 lleuricum
3246 5163 3455 5220 accivit
3471 5164 3680 5236 episco.

2048 5268 2205 5325 puni,
2231 5255 2612 5327 ejusdemque
2643 5254 3106 5314 consecrationis
3139 5253 3287 5309 diem
3323 5252 3585 5325 pratixit,
3610 5253 3680 5311 vi-

2048 5341 2262 5398 delicet
2284 5344 2342 5399 in
2358 5343 2557 5402 Idibus
2569 5346 2847 5405 Januarii.
2865 5344 3190 5416 EpiscOpus
3208 5341 3363 5412 quod
3382 5343 3677 5412 petebatur

1644 5435 1881 5492 νΑιυλΕ
1921 5438 2215 5496 LECTION
2223 5442 2322 5497 ES.

346 5516 390 5553 "
423 5517 479 5574 d.
517 5533 750 5591 quoque
781 5533 831 5575 a.
868 5535 913 5578 ο.

1858 5616 2060 5676 ΝΟΤΔΕ
2073 5660 2089 5676 .

1858 5616 1903 5672 N
2073 5660 2089 5676 .

349 5706 499 5779 (118)
532 5707 616 5764 Cf.
652 5708 803 5766 Ann.
836 5707 1007 5768 Leod.
1044 5712 1212 5779 M76;
1246 5709 1450 5783 Laub.,
1482 5718 1541 5769 et
1571 5616 2121 5778 Annalistsnng‘ax.
2155 5721 2315 5781 1077.
