3936 6410
259 376 415 440 1885

1241 362 1725 431 ΟΗΗΟΝΙΟΟΝ
1769 364 1834 426 S.
1878 358 2245 426 HUBERTI
2285 359 2680 423 ANDAGIN.

3519 359 3673 422 1386

259 529 530 588 hilariter
557 524 960 598 exequendum
983 519 1702 591 decrevit,comitatusque
1727 518 1899 573 Fran-
1931 495 1988 558 Α
2018 527 2149 570 num
2180 517 2238 568 et
2259 511 2596 569 Tieboldum
2620 511 2840 581 effecit,
2867 514 2932 568 ut
2955 508 3298 598 abbreviato
3328 508 3526 598 labore
3548 515 3664 567 tam

257 633 403 678 cone
433 618 712 690 episcopo
742 612 1189 683 Bellagradensi,
1225 625 1447 666 necnon
1501 608 1742 663 maxima
1796 608 1904 662 fre-

259 709 496 781 quentia
522 706 871 763 clericorum
899 708 955 758 et
991 701 1298 757 curialium
1323 699 1642 767 suorum,in
1672 696 1906 768 epipha-

261 797 352 853 nia
368 795 676 853 Dominiad
697 793 883 848 locum
904 788 1350 855 venit.Quantus
1366 795 1558 844 autem
1584 800 1907 841 concursus

262 902 374 942 non
425 884 614 942 solum
664 882 937 948 afﬁnium,
973 879 1073 934 sed
1107 884 1166 933 et
1207 885 1544 932 exterorum
1588 873 1906 946 promiscui

263 989 444 1032 sexus
457 980 514 1029 et
549 971 742 1028 {etatis
764 970 808 1002 ⁵⁸
831 969 1298 1040 eXpectatieucm
1325 971 1500 1021 tanta:
1520 963 1912 1034 sollempnita-

264 1063 341 1119 tis
365 1060 726 1126 convenerit,
753 1065 966 1129 quanta
1001 1057 1411 1128 przedictorum
1449 1053 1783 1124 pontilicum
1818 1051 1912 1106 de-

265 1151 526 1218 votione,
561 1154 778 1219 quanta
813 1145 1212 1201 Leodiensinm
1263 1143 1806 1198 archidiaconorum
1853 1145 1909 1195 et

265 1237 593 1310 frequentia
625 1241 681 1292 et
712 1233 1406 1302 obsecundatione,quam
1439 1230 1620 1298 largis
1642 1233 1698 1283 et
1721 1228 1916 1284 multi-

267 1327 523 1400 plicibus
552 1325 812 1382 obsoniis
843 1323 1043 1377 eadem
1067 1320 1428 1376 consecratio
1457 1319 1750 1375 celebrata
1780 1331 1915 1372 con-

265 1417 511 1483 stiterit,
537 1415 584 1470 si
617 1414 746 1484 quis
779 1416 1066 1480 narraret,
1091 1410 1187 1465 vix
1210 1409 1550 1465 crederct'ir
1575 1424 1603 1463 a
1640 1405 1912 1478 posteris,

268 1503 599 1578 praesertim
631 1516 763 1558 cum
790 1501 1178 1568 degenerante
1209 1498 1423 1553 szeculo
1447 1497 1678 1551 deﬁciat
1707 1495 1916 1566 passim

267 1609 382 1650 non
417 1594 603 1648 solum
635 1590 824 1662 copia,
861 1589 965 1644 sed
997 1594 1056 1643 et
1108 1589 1230 1658 ipsa
1280 1601 1498 1642 morum
1551 1585 1810 1656 probitas
1859 1588 1920 1638 et

268 1683 508 1752 antiqua
545 1679 894 1736 moralitatis
929 1680 1223 1734 honestas.

343 1773 430 1828 41.
467 1771 603 1840 (53.)
637 1767 801 1840 Apud
854 1767 1229 1822 Calvitiacum
1287 1764 1608 1820 advocatus
1664 1763 1916 1834 quidam,

2016 600 2204 670 longm
2237 600 2408 670 hujus
2432 599 2776 667 evectionis,
2807 599 3156 670 sepeliretur
3174 597 3227 653 in
3246 596 3494 654 ecclesia
3518 597 3670 654 beati

2018 688 2279 744 Huberti.
2318 688 2493 758 Cujus
2546 689 2628 743 rei
2673 687 2864 757 gratia
2915 685 3210 741 Gerardus
3261 691 3320 740 et
3364 686 3676 743 Gozwinus

2021 776 2121 831 ﬁlii
2146 775 2268 845 ejus
2289 776 2666 832 contulerunt
2683 775 2950 831 ecclesiae
2967 773 3237 842 legaliter
3255 773 3304 828 in
3323 779 3674 846 perpetuum

2021 865 2319 920 habendos
2351 879 2454 920 sex
2484 879 2717 921 mansos
2748 863 2948 920 allodii
2995 861 3148 933 apud
3212 862 3440 918 Bridam
3503 865 3674 934 (122),

2021 967 2150 1023 qua)
2174 953 2279 1008 sub
2303 952 2566 1022 Trajeeto
2589 953 2700 1007 sita
2726 957 2814 1008 est
2843 952 2898 1006 in
2917 949 3257 1006 Taxandria.
3297 953 3501 1006 Actum
3529 966 3678 1008 anno

2023 1039 2309 1096 incarnati
2337 1041 2505 1097 Verbi
2541 1045 2698 1098 1052.
2735 1042 2850 1097 Hoc
2898 1040 3100 1097 eodem
3145 1053 3295 1096 anno
3356 1039 3680 1097 reﬁrmavit

2023 1129 2338 1203 episcopus
2361 1131 2645 1186 Henricus
2677 1135 2939 1187 castrum
2965 1127 3214 1185 Mirvolt.

2098 1238 2183 1291 43.
2219 1237 2355 1308 (55.)
2389 1236 2856 1292 lncrescentibus
2908 1240 3102 1291 autem
3164 1234 3489 1291 inimicitiis
3530 1236 3682 1292 inter

2029 1323 2332 1381 Albertum
2351 1327 2762 1382 Namucensem
2778 1331 2838 1380 et
2853 1323 3225 1380 Godefridum
3253 1323 3681 1396 Buloniensem,

2029 1413 2308 1470 Albertus
2378 1429 2480 1486 pro
2512 1429 2723 1484 guerra
2785 1413 3115 1470 Buloniensi
3159 1415 3543 1470 Mirvoldense
3591 1429 3688 1470 ca-

2031 1508 2218 1559 strum
2249 1505 2500 1559 latenter
2535 1503 2834 1559 reﬁrmare
2867 1501 3687 1574 diSposuitJdcumHenricus

2031 1593 2344 1664 episcopus
2377 1592 2882 1662 deprehendisset,
2915 1597 3035 1648 tum
3071 1592 3204 1662 quia
3233 1592 3545 1648 Godefrido
3569 1608 3690 1649 om-

2033 1680 2284 1737 nimodis
2317 1681 2695 1751 favebat,tum
2726 1681 2900 1736 etiam
2934 1681 3066 1752 quia
3103 1695 3206 1752 per
3228 1681 3338 1736 hoc
3363 1681 3686 1738 vexandum

2035 1769 2395 1841 episcopium
2429 1769 2692 1838 timebat,
2727 1769 3074 1840 anticipavit
3134 1769 3456 1840 praevenire
3499 1769 3688 1826 inten-

271 1859 547 1917 Albricus
579 1857 825 1926 nomine,
863 1857 915 1912 in
946 1856 1234 1925 exigendo
1267 1854 1376 1910 sibi
1426 1853 1715 1908 indebitas
1755 1853 1922 1908 chor-
1953 1856 2006 1916 Β
2038 1860 2253 1914 tionem
2285 1858 2531 1928 A:berti,
2555 1863 2615 1914 et
2644 1873 2674 1914 a
2711 1857 2987 1914 Richelde
3043 1858 3346 1914 comitissa
3409 1858 3690 1916 Montensi

273 1947 606 2016 veias(119)
641 1947 784 2002 adeo
810 1946 1142 2000 imminebat
1190 1943 1614 2000 ecclesiasticae
1669 1943 1774 1996 fam
1805 1941 1918 2010 “l0,

277 2037 422 2095 utin
459 2035 672 2092 arando
705 2049 877 2090 vacca
929 2033 1230 2102 cujusdam
1291 2031 1566 2103 pauperis
1615 2029 1920 2098 abortiret,

273 2125 520 2196 ejusque
552 2125 675 2180 vice
711 2139 809 2194 per
843 2129 1027 2178 totu.n
1062 2122 1212 2176 diem
1240 2122 1438 2189 jugun
1485 2119 1807 2175 sustineret
1846 2117 1926 2172 al-

276 2215 575 2270 trinsecus
633 2228 867 2284 panper.
916 2213 1149 2266 Tantavn
1209 2218 1441 2280 tamque
1504 2207 1774 2277 injustam
1832 2222 1927 2260 ex-

277 2303 772 2360 actionemabbas
796 2300 1037 2366 audivit,
1071 2305 1129 2354 et
1179 2299 1392 2354 Albrici
1448 2296 1926 2353 inbumanitatem

279 2392 938 2462 exhorruit,properans
970 2390 1168 2444 Divum
1204 2390 1372 2457 (12)),
1403 2385 1720 2441 Adclonem
1756 2399 1930 2454 cxpe-

280 2481 466 2551 tiit,et
483 2479 771 2552 quomodo
783 2494 848 2534 su
860 2478 964 2533 bad
977 2481 1218 2532 vocatus
1233 2477 1360 2546 ejus
1379 2475 1646 2530 familiam
1665 2472 1929 2530 ecclesias

279 2573 593 2637 tractaret,
620 2567 766 2623 satis
799 2565 1066 2620 dolenter
1095 2564 1356 2635 ingessit,
1393 2569 1633 2634 paratus
1683 2563 1929 2632 probare

279 2655 931 2729 hujusmodiangariam
963 2667 1064 2707 nec
1124 2652 1205 2707 illi
1267 2668 1370 2706 nec
1429 2651 1598 2706 alteri
1651 2649 1925 2705 debitam.

277 2747 625 2815 Indignatus
692 2742 868 2798 Adclo
922 2741 1201 2797 adversus
1261 2739 1578 2802 Albricum,
1614 2739 1721 2794 hoc
1769 2737 1931 2792 illum

284 2836 498 2892 fecisse
531 2832 786 2898 erubuit,
822 2835 878 2886 et
925 2829 1317 2900 expostulatie
1365 2827 1726 2900 probationis
1781 2826 1932 2882 diem

287 2925 404 2981 abb
443 2921 486 2976 ti
541 2919 876 2976 constituit.
920 2919 1262 2974 lleribertus
1321 2917 1552 2988 quidam
1609 2916 1933 2972 ammodum

292 3011 484 3069 ﬁdelis
514 3016 572 3066 et
606 3012 823 3081 probus
853 3013 980 3064 erat
1015 3013 1151 3063 tunc
1183 3007 1633 3063 llalvwiacensis
1686 3005 1932 3062 villicus.

293 3103 397 3158 Hic
430 3100 521 3156 die
552 3099 784 3172 praeﬁxa
836 3098 986 3152 inter
1019 3098 1287 3153 abbatem
1328 3103 1384 3152 et
1441 3096 1750 3152 Adelonem
1781 3095 1938 3150 testi-

2041 1946 2225 2018 ipsum
2249 1955 2501 2003 montem
2532 1961 2662 2004 cum
2689 1947 2972 2004 comitatu
3006 1951 3067 2003 et
3115 1948 3302 2002 banno
3358 1950 3415 2002 et
3476 1948 3693 2004 ceteris

2037 2035 2166 2104 ejus
2199 2035 2569 2108 appenditiis,
2603 2037 2718 2091 duo
2754 2049 2984 2105 quoque
3018 2033 3147 2103 ejus
3196 2033 3432 2102 allodia,
3467 2035 3693 2092 scilicet

2041 2123 2185 2179 Braz
2212 2131 2272 2180 et
2296 2125 2707 2195 Gruispontem
2728 2139 2859 2180 cum
2880 2124 3150 2180 omnibus
3169 2123 3524 2180 utilitatibus
3566 2125 3692 2184 suis

2038 2218 2097 2267 et
2130 2212 2341 2267 familia
2379 2218 2575 2268 taxato
2609 2215 2798 2285 pretio
2823 2212 3691 2283 comparavit,sicquecaslrum

2041 2301 2305 2357 maximis
2355 2301 2635 2372 impensis
2679 2301 3017 2357 reﬁrmavit.
3055 2301 3156 2357 Cui
3203 2317 3332 2358 cum
3393 2303 3559 2372 quasi
3621 2302 3693 2358 ad

2040 2389 2368 2446 custodiam
2405 2391 2717 2462 provinciae
2744 2391 2956 2446 milites
2973 2389 3693 2462 deputasset,illicogeute

2042 2479 2238 2550 inopia
2269 2480 2404 2535 facti
2430 2485 2564 2536 sunt
2599 2479 2817 2552 publici
2850 2482 3176 2552 praedones,
3207 2493 3316 2535 non
3343 2480 3532 2536 solum
3589 2479 3693 2536 vil-

2043 2567 2228 2624 larum
2261 2583 2562 2640 pauperes,
2598 2570 2699 2625 sed
2732 2569 2906 2625 etiam
2941 2569 3123 2640 ipsam
3161 2569 3452 2624 abbatiain
3501 2571 3690 2626 sancti

2044 2655 2288 2713 lluberti
2318 2659 2571 2714 assiduis
2605 2658 3040 2714 incursionibus
3075 2663 3372 2714 vexantes.
3411 2657 3547 2724 Quze
3605 2674 3700 2716 res

2042 2747 2465 2802 Theoderiduni
2495 2749 2768 2804 abbatem
2805 2761 2984 2817 usqu:
3015 2746 3086 2802 ad
3110 2747 3355 2802 animam
3405 2749 3692 2820 gravavit,

2046 2835 2345 2891 timentem
2382 2851 2489 2892 non
2559 2836 2746 2892 solum
2794 2851 2901 2892 suo
2964 2837 3229 2908 tempori,
3259 2837 3361 2892 sed
3420 2837 3592 2893 etiam
3640 2837 3697 2894 in

2050 2931 2346 2995 posterum
2381 2925 2644 2996 periculo
2697 2926 3042 2994 imminenti,
3076 2932 3132 2980 et
3187 2940 3318 2981 cum
3361 2927 3696 2996 frequenter

2051 3028 2153 3084 pcl‘
2185 3029 2243 3069 s:
2278 3014 2488 3085 ipsum,
2525 3022 2642 3070 tum
2689 3031 2791 3086 per
2843 3031 2990 3088 quos
3051 3019 3282 3086 poterat
3345 3017 3697 3072 mediatores

2047 3099 2383 3177 episcopum
2419 3099 2692 3170 precieus
2722 3099 3063 3167 ainbiret,ut
3086 3105 3202 3153 tam
3233 3105 3452 3168 grande
3487 3099 3692 3154 malum

296 3191 467 3247 ﬁcato
498 3188 764 3259 legaliter
792 3192 1175 3256 sacramento,
1213 3186 1360 3240 idem
1409 3183 1940 3254 sacramentnmju-
1972 3217 2020 3279 Ο
2053 3189 2205 3259 quod
2236 3188 2288 3243 in
2321 3188 2560 3244 exitium
2594 3189 2778 3244 totius
2803 3189 3464 3259 provinciaefirmaverat
3490 3186 3696 3245 dissol-

295 3277 492 3336 diciali
542 3277 970 3333 examinatione
1041 3290 1142 3346 per
1171 3289 1374 3345 aquam
1439 3274 1824 3342 confirmavit,
1881 3277 1940 3327 et

296 3368 713 3424 advocatorum
765 3365 1048 3420 violentas
1107 3364 1460 3428 exactiones,
1501 3363 1744 3418 maxime
1802 3377 1939 3418 vero

294 3455 602 3514 chorvcias
634 3455 714 3509 illi
748 3455 980 3510 omnino
1016 3454 1324 3521 indebilas,
1355 3451 1940 3523 comprobavit.Huic

299 3545 546 3620 publicae
569 3543 1046 3615 comprobatione
1074 3543 1462 3598 interfuerunt
1499 3541 1678 3597 Adclo
1720 3541 1943 3596 Divien-

297 3634 399 3704 sis,
461 3634 815 3689 Rainbaldus
872 3647 1066 3688 comes
1149 3633 1448 3687 Muticnsis
1519 3632 1688 3702 (12l).
1738 3632 1942 3686 Petrus

297 3721 762 3780 Mirowaldensis
806 3737 935 3778 cum
997 3720 1194 3776 multis
1226 3720 1521 3777 nobilibus
1553 3721 1703 3776 aliis.
1739 3721 1942 3776 Actum

301 3826 452 3870 anno
486 3812 766 3868 incarnati
802 3810 972 3867 Verbi
1013 3814 1164 3866 1081.

375 3932 460 3985 42.
497 3929 633 4000 (54.)
669 3929 782 3984 Nec
821 3927 1004 3984 multo
1065 3932 1192 3998 post
1251 3925 1597 3983 Godefridus
1643 3927 1948 3982 Theoderi-

303 4034 433 4077 cum
463 4017 730 4074 comitem
763 4033 870 4087 cep
902 4023 940 4080 t,
969 4016 1065 4086 qui
1114 4015 1266 4071 ﬁlius
1317 4015 1554 4070 Gerardi
1609 4015 1944 4083 Flamcnsis,

306 4109 428 4178 regi
459 4109 632 4164 etiam
667 4107 914 4162 Henrico
943 4106 1267 4160 ammodum
1305 4104 1622 4168 familiaris,
1651 4105 1704 4159 in
1737 4105 1948 4174 quibus

304 4203 541 4272 poterat
569 4196 992 4253 adversabatur
1032 4194 1248 4263 juveni.
1285 4193 1462 4258 Quem
1501 4193 1797 4248 Bulonium
1854 4195 1950 4249 de-

305 4287 548 4344 ductum
577 4285 720 4342 satis
755 4284 1078 4339 liberaliter
1119 4283 1292 4353 jussit
1326 4281 1570 4338 servari.
1609 4283 1948 4338 Lambertns

305 4375 754 4448 quoquejunior
789 4379 926 4429 tunc
975 4378 1035 4429 ut
1096 4377 1224 4427 erat
1280 4371 1630 4443 praepositus
1682 4372 1948 4428 ecclesia)

309 4465 500 4523 sancti
559 4464 732 4532 Petri,
788 4462 1150 4533 frequentius
1214 4466 1445 4532 captum
1507 4461 1832 4532 revisendo,
1891 4461 1946 4516 in

308 4555 520 4628 quibus
575 4557 806 4625 poterat
861 4551 1230 4608 deserviebat
1285 4551 1386 4606 illi.
1423 4551 1523 4607 Hic
1587 4551 1764 4621 igitur
1819 4557 1946 4624 post
1981 4575 2031 4636 Ι)

309 4642 612 4700 dimidium
682 4643 802 4698 fere
857 4655 1065 4696 annum
1118 4640 1171 4695 in
1221 4639 1420 4696 eadem
1477 4638 1746 4710 captione
1802 4641 1949 4697 oblit

311 4730 434 4801 (an.
464 4733 642 4800 1082),
676 4734 732 4784 et
761 4728 877 4798 jam
929 4727 1248 4784 moriturus
1265 4726 1558 4782 Coloniam
1599 4741 1662 4783 se
1691 4727 1954 4784 deferen-

309 4818 445 4876 dum
467 4817 848 4874 familiaribus
867 4817 990 4874 suis
1021 4815 1337 4872 indixit.lbi
1353 4816 1503 4871 enim
1519 4815 1670 4887 apud
1687 4822 1951 4873 sanctum

314 4907 631 4964 Gereonem
663 4905 832 4976 longe
853 4905 1252 4962 destinaverat
1278 4904 1388 4960 sibi
1419 4905 1802 4976 sepulturam.
1837 4905 1956 4963 col-

315 4997 430 5053 lata
475 4995 596 5053 illic
653 5010 845 5052 rerum
879 5010 1113 5052 suarum
1174 4992 1480 5065 multiplici
1538 4994 1949 5052 muniﬁcentia.

311 5085 658 5142 Lambertus
688 5099 829 5142 vero
863 5089 923 5142 ut
955 5099 1184 5158 semper
1213 5087 1341 5140 erat
1385 5083 1656 5141 curiosus
1687 5083 1956 5142 ecclesia;

315 5175 522 5232 matris
553 5189 676 5234 sum
702 5173 1080 5245 utilitatibus,
1107 5188 1210 5246 per
1241 5172 1662 5230 Heribrandum
1693 5173 1959 5231 castella-

2051 3277 2472 3346 veret,sibique
2495 3276 2718 3347 pondus
2743 3277 2887 3332 tanti
2916 3276 3140 3332 timoris
3164 3276 3518 3346 absolveret,
3552 3291 3700 3348 prte-

2053 3365 2297 3421 teudens
2321 3380 2382 3422 se
2407 3366 2726 3421 ineccles.a
2746 3365 2893 3420 beati
2919 3365 3157 3420 llaherti
3175 3366 3457 3422 hactenus
3475 3369 3695 3424 frustra

2052 3452 2373 3523 laborasse,
2407 3454 2499 3510 cui
2535 3460 2661 3525 post
2694 3469 2753 3510 se
2796 3453 3157 3524 relinqueret
3201 3458 3318 3509 tam
3373 3456 3697 3526 proximum

2052 3543 2303 3600 vicinum
2321 3543 2700 3601 desolationis
2717 3543 3060 3602 certissimae
3079 3562 3091 3599 :
3110 3545 3452 3614 compulsus
3473 3547 3701 3617 episco-

2054 3648 2163 3705 pus
2195 3650 2261 3689 ne
2287 3638 2510 3690 tantum
2543 3634 2729 3690 virum
2787 3634 2871 3690 sic
2929 3634 3038 3690 sbi
3098 3633 3488 3706 insistentem,
3522 3641 3581 3691 et
3635 3649 3704 3693 eo

2057 3737 2240 3794 usque
2273 3723 2383 3780 hab
2412 3728 2532 3780 tum
2565 3722 2619 3779 in
2663 3724 2913 3781 amicitia
2976 3724 3316 3780 familiarem
3377 3725 3702 3784 inexorabi-

2055 3812 2586 3882 literoll‘enderet,u
2599 3819 2732 3884 tque
2747 3815 2873 3886 ejus
2889 3813 3147 3871 dolorem
3163 3821 3219 3870 et
3242 3813 3698 3886 indignationem

2057 3907 2376 3974 utcumque
2426 3902 2656 3970 leniret,
2698 3903 2883 3976 ipsum
2943 3909 3200 3960 casti-uin
3245 3919 3377 3961 cum
3432 3905 3702 3963 omnibus

2057 3992 2414 4063 appenditiis
2437 3993 2560 4048 suis
2584 3993 2852 4062 legaliter
2885 3993 3210 4049 habcndum
3243 3995 3490 4050 tradidit
3520 3994 3706 4052 eccle-

2057 4081 2176 4150 sia),
2203 4087 2259 4137 et
2286 4081 2338 4136 in
2363 4081 2610 4137 ecclesia
2644 4082 2798 4136 beati
2824 4081 3117 4138 Michaelis
3142 4097 3249 4138 ase
3271 4084 3344 4138 ibi
3365 4087 3704 4141 constructa

2057 4175 2117 4224 et
2146 4169 2413 4224 dedicata
2446 4170 2658 4226 fratres
2688 4185 2760 4225 ex
2791 4169 3040 4226 ecclesia
3075 4171 3229 4226 beati
3281 4172 3521 4228 Haherti
3571 4187 3708 4230 con-

2059 4257 2274 4328 stituit,
2309 4259 2753 4329 custodiamque
2781 4273 3079 4315 concessae
3113 4260 3451 4318 munitionis
3507 4261 3707 4318 abbati

2060 4350 2381 4406 habendam
2435 4349 2666 4404 indixit.
2719 4353 3034 4404 Asserente
3089 4349 3300 4406 abbate
3359 4366 3419 4407 se
3481 4353 3708 4410 nescire

2060 4446 2320 4497 castrum
2347 4439 2644 4496 custodire
2660 4438 2762 4494 sed
2784 4437 3129 4506 claustrum,
3146 4439 3452 4498 convictus
3476 4443 3708 4500 tandem

2061 4531 2134 4587 ab
2165 4529 2364 4587 amicis
2395 4529 2540 4595 suis,
2571 4529 2818 4586 maxime
2850 4544 2989 4586 vero
3023 4536 3377 4600 suggerente
3405 4531 3708 4590 Lamberto

2064 4620 2287 4692 majori,
2326 4636 2394 4676 ne
2447 4619 2681 4676 interim
2731 4627 3112 4690 exasperat-et
3169 4621 3393 4676 animos
3442 4635 3708 4693 personae

2064 4711 2342 4782 potentis,
2360 4710 2637 4766 indictam
2651 4709 2979 4766 custodiam
2995 4709 3304 4781 diSpositis
3329 4709 3408 4766 ibi
3438 4709 3711 4772 ﬁdelibus

2061 4800 2330 4858 ecclesiae
2360 4800 2692 4872 intercepit.

2135 4910 2228 4964 44.
2268 4908 2404 4980 (56.)
2433 4909 2590 4964 Tunc
2622 4906 2901 4979 temporis
2933 4905 3226 4964 Mathildis
3257 4907 3574 4966 marchissa
3625 4908 3718 4966 ad-

2066 4997 2292 5054 diderat
2325 4996 2601 5068 episcopo
2633 4996 2982 5054 Virdunensi
3019 5001 3082 5054 ut
3113 4995 3568 5055 "Juviniensem
3618 4999 3716 5055 ab-

2069 5086 2282 5144 batiam
2314 5085 2485 5160 (123),
2519 5087 2612 5143 cui
2665 5087 3059 5145 Theodericus
3115 5087 3431 5160 episcopus
3473 5086 3718 5146 Galbur-

2067 5192 2194 5248 gem
2243 5173 2578 5248 religiosam
2637 5177 2920 5249 virginem
2979 5178 3348 5251 praefecerat,
3385 5191 3558 5250 quam
3614 5176 3718 5236 diu

1675 5273 1912 5330 VARME
1951 5274 2350 5332 LECTIONES.

383 5360 430 5401 ⁸⁸
459 5361 532 5422 ad
561 5363 858 5424 cecidisse
884 5361 1140 5424 videtur.
1217 5361 1263 5399 ⁸⁷
1292 5361 1413 5422 Aut
1438 5365 1504 5420 ut
1531 5361 1845 5420 delendum
1872 5365 1977 5434 est,
2009 5366 2121 5423 aut
2140 5364 2381 5422 verbum
2406 5363 2648 5423 excidit.

1898 5455 2118 5513 NOTAE.

417 5595 1114 5680 Ψολιὶιιη-ειιν-Μθτιεθ,
1155 5599 1187 5656 a
1236 5597 1369 5671 cinq
1423 5595 1608 5656 lienes
1663 5595 1735 5680 de
1790 5597 1970 5657 Mont-

417 5526 543 5600 119)
577 5525 808 5586 (lorea.

379 5527 808 5730 liram

415 5669 610 5744 dyJR.
641 5743 690 5750 _
845 5746 850 5750 ι

641 5743 904 5809 ΡΔτιισι..
959 5740 1170 5807 CLIV.

2150 5525 2294 5600 (191)
2325 5525 2552 5600 Mussy.
2593 5529 2636 5583 lt

2176 5601 2298 5672 122)
2329 5601 2485 5656 Bm.
2517 5600 2581 5654 ιι.

2151 5603 2299 5746 (123)
2328 5671 2581 5745 Ιαυὶθπε

2177 5669 2299 5744 123)
2328 5671 2620 5745 Juoz‘gny,
2647 5677 2815 5730 entre
2845 5671 3056 5743 Stenay
3083 5674 3142 5728 et
3169 5669 3515 5806 Montliinfdy.
3547 5671 3608 5728 tl.
