3936 6408
213 403 356 468 1889

1213 393 1693 461 CHRONICON
1738 393 1806 456 S.
1852 388 2215 456 HUBERTI
2256 385 2652 450 ANDAGIN.

3442 381 3593 442 1390

212 563 335 620 dum
356 561 637 620 aecclesiaa
676 576 814 619 suae.
852 560 1085 618 Interim
1111 564 1298 617 tamen
1357 558 1571 615 dubius
1599 572 1666 612 an
1692 556 1838 628 peti-
1869 558 1921 617 A
1953 553 2249 621 meruisse,
2286 553 2348 607 ut
2426 546 2633 628 alienis
2684 543 3003 628 commodis
3062 543 3403 628 deserviens
3434 542 3591 599 illam

213 651 412 707 tionem
448 655 621 707 tantae
668 649 1181 706 ecclesizeomnino
1210 647 1530 716 refelleret,
1564 661 1630 701 an
1666 645 1840 717 depo-

208 730 372 787 situm
403 730 515 786 sibi
543 731 906 787 Lambertum
940 730 1008 785 ad
1059 744 1161 785 sua
1211 728 1567 793 remitteret,
1600 726 1670 780 ad
1722 739 1841 781 rem

209 818 562 877 tractandam
596 820 858 877 inducias
885 820 1071 891 petiit,
1106 824 1164 874 et
1196 818 1350 873 diem
1380 817 1450 872 ad
1476 831 1539 872 se
1562 814 1839 871 redeundi

212 908 396 979 legato
425 909 761 965 constituit.
791 908 976 980 Coepit
1012 908 1233 963 interea
1260 910 1654 977 pertemptare
1691 905 1845 958 Lam-

214 995 433 1053 bertum
464 997 602 1067 quid
637 996 853 1065 mallet,
881 1002 937 1051 et
972 996 1191 1051 hortari
1213 1000 1271 1051 ut
1298 1010 1357 1049 se
1391 991 1726 1049 excusando
1760 990 1842 1046 illi

215 1085 359 1155 quod
391 1087 707 1142 verebatur
733 1085 1399 1141 absolveret.Lamberto
1424 1082 1479 1137 in
1507 1081 1683 1153 priori
1720 1096 1847 1136 sen-

217 1174 385 1230 tentia
411 1174 788 1245 persistente,
828 1173 1058 1229 scilicet
1088 1173 1174 1228 sui
1204 1187 1265 1227 se
1295 1171 1521 1227 arbitrii
1560 1184 1668 1225 non
1694 1183 1843 1237 esse,

216 1262 556 1333 praeciperet
585 1262 705 1333 ipse
730 1262 883 1332 quod
902 1261 1373 1332 vellet,paratum
1390 1274 1451 1315 se
1469 1258 1549 1314 illi
1583 1258 1844 1313 obedire:

216 1350 497 1407 Adalbero
525 1351 756 1423 excepit
791 1351 861 1406 ab
884 1366 952 1407 eo
996 1350 1409 1417 conditionem,
1444 1347 1597 1418 quod
1631 1361 1849 1403 reman-

214 1438 378 1496 datus
400 1455 428 1495 a
452 1439 808 1496 Theoderico
842 1440 1051 1495 abbate
1085 1438 1209 1493 sine
1234 1436 1613 1494 excusatione
1633 1441 1851 1491 utsuus

215 1529 280 1584 ad
311 1544 439 1584 eum
463 1530 703 1597 rediret,
748 1534 808 1585 et
849 1528 901 1582 in
922 1528 1049 1597 ejus
1079 1527 1296 1599 placito
1339 1541 1399 1581 se
1431 1525 1664 1581 omnino
1687 1539 1853 1595 repo-

217 1620 395 1687 neret,
456 1617 795 1687 dimisitque
825 1630 953 1673 eum
988 1616 1060 1672 ad
1094 1614 1387 1686 prmiixam
1430 1613 1580 1667 diem
1661 1612 1853 1681 legato

218 1707 397 1761 sancti
431 1706 672 1775 Remigii
702 1720 804 1776 pro
836 1720 905 1761 eo
951 1704 1252 1761 redeunte.
1292 1702 1392 1757 Ille
1418 1701 1603 1771 gratia
1630 1701 1728 1756 Dei
1762 1702 1855 1757 bo-

219 1800 379 1850 neste
410 1794 698 1851 deductus
727 1798 783 1851 et
816 1792 1200 1849 amicabititer
1227 1788 1739 1861 exceptus,jussu:
1764 1794 1854 1844 est

218 1882 478 1940 ecclesiae
496 1884 849 1940 scolasticus
877 1882 1095 1949 haberi,
1126 1895 1229 1936 nec
1263 1880 1444 1934 multo
1473 1885 1601 1949 post
1629 1878 1855 1933 electus

1953 626 2667 705 postponeret,re3pondit
2699 626 3057 692 Lambertus,
3085 637 3195 677 non
3232 622 3284 676 id
3323 629 3481 678 recte
3504 637 3596 677 ea-

1953 720 2375 793 lumpniatores
2396 730 2535 772 suos
2568 715 2638 770 de
2672 728 2734 770 se
2765 712 3017 778 sentire;
3043 711 3392 781 ubicumque
3412 714 3595 781 esset,

1954 824 2013 866 se
2040 810 2217 864 illium
2250 820 2419 863 suum
2450 802 2708 873 ejusdem
2740 800 3006 856 ecclesiae
3044 814 3116 855 ex
3151 803 3271 855 toto
3324 813 3601 869 recOgno-

1954 901 2207 967 scere,et
2242 901 2301 951 ut
2337 894 2457 966 ipse
2490 892 2695 947 melius
2717 895 2933 959 nosset,
2971 903 3278 959 numquam
3304 902 3367 944 se
3401 888 3599 944 hacte-
3676 944 3685 949 ,

1956 993 2062 1033 nus
2092 975 2338 1031 arbitrio
2370 987 2474 1029 suo
2505 971 2724 1027 vixisse
2748 984 2853 1025 nec
2886 969 3092 1024 amoJo
3118 968 3265 1023 velle
3289 967 3505 1037 vivere,
3535 972 3601 1022 et

1957 1066 2004 1121 si
2036 1063 2631 1132 satisjamexpertum
2650 1057 2835 1113 adhuc
2867 1055 3418 1127 expeririplaceret,
3440 1055 3602 1124 jube-

1958 1160 2049 1209 ret
2072 1150 2425 1224 potestative
2455 1147 2594 1219 quid
2626 1162 2687 1202 se
2715 1146 2901 1201 facere
2926 1143 3144 1200 mallet.
3166 1144 3248 1199 Ad
3265 1144 3386 1200 haec
3418 1144 3600 1200 abbas

1959 1257 2088 1299 cum
2102 1239 2431 1297 assidentes
2448 1238 2500 1292 in
2519 1235 2919 1292 ammiratione
2933 1233 3600 1305 circumSpiceret,quod

1962 1334 2072 1385 tam
2106 1328 2224 1383 cito
2246 1331 2304 1382 et
2336 1323 2666 1381 rationabili
2688 1321 2915 1377 reddita
2939 1320 3164 1376 ratione
3193 1320 3442 1376 omnium
3468 1334 3498 1375 a
3531 1334 3595 1376 se

1958 1416 2320 1488 calumpnias
2343 1412 2711 1482 removisset,
2744 1410 3162 1479 legatiosancti
3212 1409 3455 1479 Remigii
3498 1409 3604 1465 has

1961 1506 2044 1562 illi
2068 1505 2300 1561 litteras
2321 1500 2605 1559 obtulitin
2618 1500 2819 1555 eadem
2834 1498 3236 1554 confessione:
3270 1497 3603 1554 Venerabili

1960 1594 2166 1652 abbati
2189 1592 2537 1649 Theoderico
2544 1591 2755 1662 frater
2767 1589 2843 1644 H.
2863 1589 2923 1643 et
2924 1588 3135 1659 ﬁdelis
3170 1587 3481 1643 illisanc.i
3497 1588 3602 1642 Re-

1959 1685 2138 1754 migii
2154 1680 2532 1753 congregatio
2562 1678 2882 1749 illamque
2903 1679 2994 1733 est
3029 1678 3198 1733 salus
3221 1678 3530 1747 justorum
3566 1689 3606 1733 ιι

1963 1774 2231 1830 Domino.
2251 1768 2425 1839 Apud
2440 1767 2765 1824 karilatem
2775 1780 2995 1835 veram,
3012 1781 3195 1836 quam
3208 1765 3425 1822 credim
3437 1779 3504 1820 us
3515 1778 3605 1820 oe-

1966 1862 2176 1929 stram,
2202 1871 2318 1914 non
2335 1856 2590 1913 multum
2602 1854 2835 1911 laborat
2852 1854 2933 1910 ad
2946 1854 3331 1925 optinendum
3341 1868 3377 1924 ᾳ
3388 1853 3500 1909 uod
3510 1867 3607 1924 pe-

220 1927 478 1940 ---.c......
496 1927 691 1940 we.--
726 1927 848 1939 μη...
878 1927 1095 1949 ....--..,
1126 1927 1228 1936 ..νυ
1263 1927 1440 1934 πη---
1473 1927 1599 1949 ν---
1633 1927 1844 1933 -----__

217 1975 275 2026 et
304 1971 666 2029 constitutus
686 1987 835 2028 unus
857 1986 923 2026 ex
950 1974 1171 2041 septem
1196 1967 1593 2025 cardinalibus
1624 1966 1844 2036 majoris

2000 1949 2052 2005 it
2072 1927 2293 2008 ﬁducia
2298 1947 2612 2019 fraterna.
2634 1944 2744 2001 Sit
2758 1957 2894 2014 ergo
2917 1944 3047 2014 ejus
3063 1943 3255 2013 ipsius
3272 1942 3482 1999 vestra
3502 1942 3605 1999 ka-

220 2060 713 2132 altarii.Dignitas
737 2061 909 2131 hujus
931 2060 1157 2115 ordinis
1186 2058 1411 2113 ﬁrmata
1444 2063 1531 2113 est
1555 2058 1858 2128 privilegio

219 2140 474 2197 Romano
533 2143 721 2198 eidem
778 2140 1043 2197 ecclesia;
1118 2153 1148 2194 a
1206 2138 1415 2194 domno
1472 2138 1655 2193 Leone
1693 2153 1854 2209 papa,

222 2213 451 2288 quando
485 2236 608 2277 eam
640 2220 1119 2289 dedicavit(125),
1158 2223 1217 2275 ut
1252 2233 1359 2273 non
1395 2218 1855 2288 archiepiscopo,

221 2321 327 2363 non
359 2310 662 2381 episcopo,
698 2325 807 2365 non
841 2308 1083 2365 cuilibet
1116 2308 1317 2377 majori
1357 2306 1444 2361 vel
1478 2306 1683 2361 minori
1735 2320 1860 2376 per-

224 2410 377 2454 sonae
410 2398 583 2454 liceat
616 2399 822 2455 missas
854 2397 1155 2453 celebrare
1189 2395 1242 2450 in
1266 2395 1393 2466 ipso
1425 2393 1595 2449 altari
1629 2394 1739 2449 nisi
1772 2408 1862 2449 ar-

222 2484 597 2559 chiepiscopo
629 2486 891 2542 Remensi
917 2492 976 2541 et
1006 2484 1096 2541 cui
1126 2484 1304 2539 abbas
1352 2498 1463 2537 non
1525 2482 1754 2553 quidem
1781 2488 1861 2538 te-

225 2587 400 2641 mere,
438 2576 538 2633 sed
581 2589 870 2631 consensu
927 2574 1167 2628 fratrum
1215 2571 1566 2642 permiserit.
1630 2572 1857 2642 Septem

219 2675 359 2720 vero
380 2662 715 2719 cardinales
749 2662 817 2717 ad
853 2662 1004 2717 hunc
1020 2659 1295 2717 honorem
1325 2659 1603 2729 assumpti
1632 2659 1860 2730 publica

223 2749 520 2807 electione
563 2751 939 2822 praeeminent
975 2750 1027 2804 in
1074 2754 1190 2804 tota
1211 2747 1762 2817 congregatione,et
1797 2748 1864 2804 li-

225 2839 345 2895 beri
391 2855 420 2895 a
455 2839 672 2895 ceteris
704 2838 928 2907 officiis,
972 2837 1184 2907 quibus
1217 2836 1472 2892 vicissim
1506 2838 1863 2909 deputantur

225 2925 341 2996 alii,
361 2927 728 2982 solummodo
753 2926 1094 2983 deserviunt
1122 2924 1605 2993 praedictoaltari,
1626 2926 1678 2979 in
1700 2926 1862 2981 chllS

222 3013 432 3072 diebus
460 3014 977 3081 baltbeisutentes,
1029 3019 1084 3069 et
1121 3012 1294 3068 trium
1332 3012 1707 3068 diaconorum
1731 3013 1864 3069 toti-

226 3102 476 3174 demque
506 3103 992 3160 snbdiaconorum
1034 3107 1091 3158 et
1129 3101 1511 3158 acholitorum
1547 3103 1863 3174 processio-

224 3204 351 3247 nem
384 3192 453 3248 ba
467 3194 690 3249 bentes.

1966 2038 2197 2103 ritatis,
2231 2036 2299 2091 ut
2324 2036 2599 2107 fratrem
2631 2031 3004 2087 Lambertum
3042 2032 3207 2087 nolis
3233 2045 3364 2087 cum
3391 2033 3611 2101 yralia

1969 2128 2168 2184 oesbra
2190 2122 2536 2181 remittatis.
2563 2120 2689 2178 Sed
2705 2133 2893 2189 neque
2908 2120 3004 2175 oet
3030 2119 3194 2176 vobis
3226 2121 3323 2175 oet
3348 2121 3607 2176 ecclesia

1967 2216 2177 2272 vestra
2201 2207 2858 2283 reputeturoueriguod
2891 2208 3180 2278 probatur
3222 2209 3451 2278 bonori,
3503 2222 3610 2265 uec

1967 2302 2353 2362 adscribatur
2367 2300 2637 2369 dampuo,
2659 2296 2715 2354 si
2749 2298 3018 2354 nutritas
3033 2297 3232 2354 labore
3269 2300 3456 2353 vestro
3486 2312 3610 2354 cou-

1965 2392 2133 2451 oenit
2152 2392 2395 2447 idoneus
2436 2392 2626 2444 inesse
2660 2386 2913 2457 apostoli
2936 2386 3303 2443 Francorum
3319 2386 3610 2443 are/timo-

1967 2481 2254 2549 uasterio,
2270 2493 2399 2535 cum
2410 2476 2775 2548 sapientium
2783 2478 2820 2544 j
2826 2475 3021 2532 adicio
3050 2477 3201 2531 utile
3205 2476 3485 2546 postponi
3513 2479 3606 2532 vle-

1973 2571 2108 2627 beat
2133 2567 2392 2625 honesto.
2418 2567 2569 2622 Vale.
2587 2565 2982 2620 Tuncdemum
3001 2564 3180 2620 abbas
3192 2580 3321 2620 cum
3343 2565 3613 2621 Lamber-

1974 2665 2096 2715 tum
2129 2658 2215 2715 sic
2248 2655 2430 2711 sibiin
2455 2654 2726 2711 omnibus
2744 2653 2982 2709 obedire
3009 2659 3272 2724 paratum
3293 2663 3609 2725 perpende-

1976 2754 2085 2816 ret,
2119 2752 2240 2802 tum
2272 2744 2445 2800 etiam
2479 2757 2547 2799 ne
2578 2742 2884 2798 ecclesiam
2920 2746 3097 2799 tanta)
3139 2743 3443 2811 dignitatis
3496 2757 3605 2799 non

1974 2841 2255 2893 exoratus
2286 2834 2626 2900 otl'cnderet,
2660 2830 2819 2887 illum
2852 2847 2982 2888 cum
3013 2833 3203 2901 gratia
3260 2847 3361 2888 sua
3388 2832 3614 2888 remisit

1977 2927 2046 2982 ad
2082 2931 2346 2981 sanctum
2382 2921 2741 2991 Remigium;
2772 2921 2895 2993 ipse
2938 2935 3168 2992 quoque
3197 2924 3269 2976 ad
3330 2937 3495 2979 suum
3526 2936 3611 2979 re-

1976 3029 2186 3072 versus
2214 3020 2305 3069 est
2336 3011 2774 3067 monasterium.

2045 3107 2130 3159 48.
2176 3103 2324 3171 (62.)
2357 3103 2639 3156 Henricus
2669 3100 2983 3170 episcopus
3015 3100 3404 3156 imminentem
3440 3102 3617 3158 domi-

1974 3194 2088 3251 nici
2108 3191 2315 3248 natalis
2330 3189 2820 3261 sollempnitatem
2838 3192 2987 3259 apud
3004 3198 3268 3245 sanctum
3295 3193 3614 3253 llnbertam

293 3284 380 3337 37.
418 3283 567 3350 (59.)
612 3281 819 3337 Audita
852 3286 986 3337 sunt
1009 3282 1196 3337 omnia
1257 3279 1406 3351 apud
1439 3285 1701 3336 sanctum
1757 3283 1866 3337 llu-
1899 3283 1945 3344 C
1975 3282 2297 3340 celebravit
2322 3279 2598 3351 (l2b’).ubi
2620 3283 2675 3333 et
2697 3280 3033 3347 insequenti
3060 3279 3497 3350 quadragedma
3526 3300 3618 3339 ur-

232 3367 460 3426 bertum
490 3385 617 3441 qua:
648 3376 960 3426 evenerant
986 3370 1057 3426 de
1093 3369 1868 3439 Lamberto,quemeeode-

227 3456 384 3515 ricus
413 3458 598 3516 abbas
624 3473 819 3514 secum
850 3460 1123 3515 eductum
1163 3458 1414 3514 Landuni
1473 3459 1864 3529 commiserat,

228 3548 389 3616 quasi
425 3548 497 3603 ad
534 3547 1008 3603 satisfaciendum
1031 3547 1436 3617 episcopo,qui
1460 3546 1765 3603 videbatur
1788 3549 1870 3603 in-

221 3630 487 3701 juriosus
520 3652 623 3708 pro
648 3638 825 3693 verbo
855 3636 1128 3706 superius
1160 3636 1450 3691 incautius
1498 3636 1553 3690 in
1586 3650 1714 3691 eum
1742 3651 1869 3707 pro-

228 3719 365 3779 lato.
402 3724 469 3781 Et
509 3725 947 3795 indignantibus
976 3724 1120 3779 adve
1159 3739 1258 3780 sus
1326 3738 1454 3779 eum
1516 3725 1867 3796 quibusque,

228 3813 487 3870 amarius
521 3829 657 3870 vero
689 3815 990 3869 Lamberto
1030 3814 1264 3883 majore,
1329 3813 1479 3884 quod
1514 3815 1677 3883 quasi
1716 3814 1871 3870 illius

230 3897 554 3971 improvida
580 3903 958 3973 simplicitate
997 3902 1324 3972 bujusmodi
1386 3903 1692 3973 dampnum
1747 3917 1873 3958 eve-

231 3987 410 4046 nisset
440 3991 730 4057 ecclesiae,
758 3995 818 4047 ut
850 3990 1320 4047 “emolumentis
1343 3991 1602 4047 nutritus
1618 3991 1873 4047 deservi-

234 4083 321 4132 ret
352 4079 563 4137 alienis
596 4080 976 4147 utilitatibus,
1010 4079 1193 4151 cmpit
1224 4094 1417 4135 secum
1444 4079 1769 4134 deliberare
1802 4094 1871 4135 an

235 4163 568 4237 depositum
603 4168 954 4225 Adalberoni
978 4169 1297 4224 remandar.
1320 4171 1440 4236 t,an
1470 4182 1571 4238 per
1602 4183 1662 4223 se
1688 4167 1871 4238 ipsum

234 4251 603 4315 Lambertum
657 4258 1004 4328 requireret.
1040 4257 1538 4312 lmminebatvero
1581 4256 1873 4312 dedicatio

235 4343 498 4404 ecclesiae
532 4347 1044 4417 Ebernensis,quze
1072 4351 1161 4401 est
1197 4346 1252 4400 in
1291 4346 1382 4401 die
1406 4344 1591 4401 sancti
1624 4346 1870 4415 Martini,

236 4428 453 4504 illoque
483 4436 666 4492 abbas
690 4435 929 4491 veniens
962 4435 1253 4491 mandavit
1293 4435 1594 4505 Lamberto
1646 4438 1709 4489 ut
1764 4434 1873 4489 sibi

238 4529 606 4581 occurreret.
644 4523 764 4593 ille,
782 4523 982 4580 audito
1007 4524 1279 4580 mandato
1294 4524 1431 4579 hora
1459 4523 1653 4593 tertia,
1674 4537 1877 4579 occur—

1979 3372 2214 3427 dinibus
2238 3370 2482 3437 exactis,
2502 3368 2772 3422 Leodium
2793 3367 3190 3423 re.iiit.Abbas
3215 3383 3352 3425 vero
3370 3372 3486 3439 jam
3513 3373 3611 3429 diu

1978 3473 2297 3531 suspensus
2327 3458 2397 3513 de
2439 3456 2823 3528 promissione
2853 3468 2962 3524 qua
3005 3456 3320 3527 episcopus
3367 3460 3619 3517 deicien-

1978 3550 2111 3606 dum
2145 3552 2403 3605 castrum
2427 3546 2772 3603 condixerat
2803 3544 2909 3615 illi,
2945 3552 3003 3600 ut
3033 3546 3146 3615 jam
3183 3546 3414 3603 tandem
3447 3565 3621 3622 expe-

1981 3640 2197 3695 riretur
2220 3644 2490 3693 eventum
2527 3637 2630 3705 rei,
2666 3638 2983 3706 adgressus
3019 3642 3110 3691 est
3144 3636 3302 3693 illum
3349 3638 3619 3697 Leodium

1983 3728 2279 3800 prosequi.
2318 3730 2374 3782 tn
2406 3731 2610 3798 quarta
2641 3732 2834 3783 autem
2896 3727 3035 3782 feria
3074 3727 3358 3797 paschalis
3409 3730 3621 3785 hebdo-

1983 3820 2167 3875 mada:
2201 3818 2339 3873 hora
2374 3819 2492 3873 fere
2518 3816 2686 3872 tertia
2721 3815 2957 3872 veniens
3003 3816 3307 3887 Tieletum,
3339 3819 3558 3874 audivit
3590 3834 3621 3876 a

1984 3908 2105 3963 suis
2138 3906 2335 3963 Serani
2367 3905 2517 3977 (126)
2541 3920 2675 3961 esse
2706 3906 3067 3977 episcopum,
3103 3920 3461 3977 ascensaque
3494 3909 3624 3964 navi

1986 3985 2234 4052 venitad
2265 4011 2423 4052 eum.
2499 3996 2822 4065 Episcopus
2849 3996 2918 4050 ad
2945 3996 3179 4066 podium
3230 4011 3395 4051 suum
3437 3998 3627 4053 consi-

1986 4087 2170 4151 stens,
2206 4082 2463 4151 delonge
2496 4081 2835 4150 recognovit
2871 4083 3194 4135 venientem
3218 4083 3624 4152 ;cuicumjam

1986 4171 2127 4242 ripm
2159 4169 2453 4226 adlabenti
2481 4169 2669 4240 gratia
2702 4169 3444 4226 salutationisinclamaret:
3477 4173 3627 4229 Sur-

1982 4260 2150 4315 rexit
2167 4258 2457 4315 Dominus
2470 4271 2621 4327 vere,
2638 4273 2665 4313 a
2677 4259 2818 4314 bbas
2831 4258 2880 4313 ei
2910 4258 3231 4329 respondit:
3250 4260 3631 4331 Etappareat

1986 4347 2448 4406 Henrico/torte.
2485 4347 2663 4413 Quem
2686 4347 2998 4419 episcopus
3042 4348 3286 4417 benigne
3316 4355 3625 4420 exceptum

1987 4437 2380 4494 intrOJuxitin
2397 4436 2679 4509 capellam
2705 4450 2874 4507 quam
2898 4436 3045 4492 satis
3067 4436 3367 4506 eleganter
3396 4438 3523 4510 ipse
3550 4438 3627 4495 ibi

1988 4526 2351 4596 condiderat,
2371 4527 2653 4583 neminem
2689 4527 3326 4598 ρνεειθνΐηουαει-ιουιιι
3351 4529 3629 4599 praeposi-

238 4607 316 4664 rit
344 4612 396 4668 ei
417 4629 548 4672 cum
598 4613 889 4683 legatione
933 4612 1194 4669 ecclesize
1218 4612 1405 4668 sancti
1453 4612 1695 4682 Remigii
1738 4615 1877 4668 hora
1908 4644 1958 4705 Ι)
1988 4619 2110 4673 tum
2135 4614 2521 4673 admittensin
2545 4629 2742 4671 causa.
2763 4614 2869 4681 Qui
2894 4614 3107 4671 sed.ns
3121 4614 3475 4685 aliquamdiu
3497 4633 3628 4675 cum

236 4704 421 4758 sexta.
456 4704 713 4759 Laztatus
743 4709 833 4759 est
869 4702 1048 4758 abbas
1088 4708 1202 4757 tam
1248 4702 1366 4758 cito
1388 4702 1498 4759 sibi
1548 4702 1877 4759 occurrisse

238 4783 625 4860 Lambertum,
659 4790 1145 4848 erubescentibus
1171 4790 1517 4861 quibusdam
1538 4791 1880 4862 quiassere-

239 4873 374 4934 bant
399 4881 563 4953 quasi
587 4881 865 4939 rebellem
889 4896 1001 4938 non
1020 4896 1147 4938 esse
1170 4880 1609 4938 venturum.Cui
1634 4896 1762 4938 cum
1786 4896 1879 4938 co-

238 4976 357 5024 ram
374 4972 663 5043 obiceret,
681 4986 795 5029 non
814 4972 925 5029 hoc
948 4970 1255 5030 ecclesiam
1275 4977 1518 5032 matrem
1541 4987 1700 5031 suam
1725 4973 1794 5029 de
1810 4988 1879 5030 eo

1991 4704 2215 4761 vultum
2239 4710 2299 4761 et
2321 4719 2517 4761 vocem
2543 4704 2995 4777 suppressisset,
3014 4704 3216 4761 oculos
3234 4704 3489 4762 lacrimis
3514 4707 3630 4763 sut-

1992 4795 2156 4851 fusos
2188 4793 2438 4851 elevavit
2463 4794 2531 4849 ad
2548 4794 2777 4861 caelum,
2808 4800 3203 4851 etconversus
3249 4794 3321 4850 ad
3360 4796 3633 4853 abbatem

1992 4884 2157 4956 quasi
2188 4885 2243 4939 in
2264 4884 2464 4954 agonia
2489 4884 2897 4941 constitutum:
2918 4885 3079 4955 Seio,
3099 4884 3303 4954 inquit,
3322 4883 3636 4956 quidqua-

1988 4985 2113 5043 τας,
2140 4972 2801 5046 larissimepater,scio
2814 4972 3295 5046 guiddesideras,
3320 4974 3540 5047 quidve
3566 4973 3637 5034 in

1575 5099 1814 5159 VARIE
1874 5098 2283 5163 LECTIONES.

308 5209 355 5248 '°
384 5219 509 5277 suis
527 5218 623 5277 vel
643 5216 828 5292 ipsius
846 5216 1141 5277 excidisse
1163 5215 1426 5277 videtur.

1820 5346 2023 5404 ΝΟΤιλΕ
2036 5390 2054 5408 .

316 5457 465 5545 (124)
584 5458 1159 5545 10t9.‘l_’rivilegium
1197 5462 1258 5520 d.
1300 5462 1439 5523 Oct.
1477 5468 1509 5520 ὅ
1540 5464 1722 5521 edidit
1753 5465 1894 5522 Mar-

246 5518 350 5586 lot'.
389 5518 541 5592 Hist.
582 5518 860 5605 Rem.‘ll,
901 5518 1023 5591 107'.

318 5617 741 5698 (125)Hanci_ibi
773 5624 892 5698 egit
922 5639 980 5681 a.
1016 5628 1176 5696 1082,
1203 5623 1592 5684 ordinationis
1626 5630 1889 5698 suae_a.8,

248 5690 305 5769 et
340 5690 775 5769 tuncallodium
806 5690 959 5769 Erae
985 5711 1088 5769 per
1143 5690 1372 5769 manum
1401 5697 1695 5755 Godet‘ridi
1728 5690 1895 5755 ducis

251 5760 311 5817 et
329 5761 590 5838 ejusdem
603 5767 872 5830 ecclesiae
892 5760 1162 5830 advocati
1175 5768 1350 5841 legali
1364 5769 1675 5829 donatione
1691 5774 1895 5829 sancto

2004 5463 2265 5539 Hruberto
2298 5467 2561 5535 tradidit,
2587 5481 2714 5524 cum
2748 5468 2957 5539 banno,
2992 5470 3241 5539 latrone,
3267 5469 3548 5528 foralibus
3579 5479 3635 5528 et

2005 5538 2259 5620 placitis,
2304 5539 2407 5620 sed
2432 5541 2997 5620 absq_ue.venatione.
3018 5542 3194 5598 Mirmi
3222 5538 3367 5615 Opp.
3394 5543 3639 5620 DileV,

2004 5614 2101 5665 351
2137 5628 2153 5679 ;
2186 5611 2435 5667 Martene
2468 5611 2615 5666 Coll.
2655 5611 2697 5681 Ι,
2732 5610 2856 5667 517.

2078 5699 2225 5773 (126)
2254 5701 2483 5759 Tilleur
2512 5704 2569 5759 et
2597 5701 2880 5778 Seraiuy.
2922 5701 2987 5764 R.
