3936 6416
312 427 463 495 1391

1292 421 1774 490 CHRONICON
1816 422 1884 488 S.
1932 419 2306 487 HUBERTI
2353 421 2751 488 ANDAGIN.

3574 423 3735 491 1392

305 586 608 661 posterum
622 580 1431 654 oerearisea'malitiaquam
1447 580 1612 640 vides
1639 580 1964 652 prasentis
1997 565 2052 622 Α
2085 585 2341 658 malitiae,
2377 585 2680 645 insecutus
2736 601 2862 644 eam
2893 601 3105 660 capere
3145 585 3350 646 voluit.
3403 587 3582 656 Quem
3610 590 3727 648 Deo

315 678 613 749 temporis,
639 675 814 746 cujus
839 673 1290 745 nemichiapud
1307 675 1515 740 Deum,
1535 673 1605 729 ut
1621 672 1966 728 multotiens
2076 678 2318 749 juvante
2345 677 2728 749 cﬂ‘ugiens,ad
2758 676 3065 735 ecclesiam
3102 677 3256 734 beati
3289 679 3729 738 Hubertidiver-

312 766 592 836 minaris,
611 765 940 836 imputetur
953 765 1202 833 occasio,
1227 763 1490 820 castrum
1527 761 1688 833 quod
1715 761 1972 818 deicien-

319 856 454 912 dum
485 854 758 928 afectas,
777 853 1080 911 tuteltodie
1116 853 1414 910 voluntati
1449 852 1509 909 et
1519 849 1812 922 potestati
1834 864 1960 921 per-

311 945 500 1012 mitto,
525 933 844 1016 ipsumque
870 945 1124 1001 montem
1137 957 1269 1002 cum
1309 942 1665 1000 comitatuet
1699 939 1969 998 omnibus

312 1049 444 1110 quae
461 1036 604 1093 sunt
631 1037 762 1107 ejus
781 1034 1035 1092 ditionis
1065 1033 1134 1092 in
1161 1035 1515 1106 pemetuum
1556 1033 1816 1090 ecclesiae
1859 1031 1974 1088 ιιιίε

299 1124 730 1198 possidendum
750 1125 1030 1196 legaliter
1043 1139 1147 1182 con
1155 1123 1348 1194 trado,
1363 1137 1572 1194 meque
1585 1122 1770 1178 totum
1787 1120 1901 1178 tibi
1918 1121 1980 1176 et

302 1213 466 1287 ﬁliis
489 1215 614 1272 tuis
623 1214 840 1287 gratia
880 1214 1062 1286 hujus
1097 1213 1552 1272 vicissitudinis
1586 1211 1823 1269 domino
1853 1213 1972 1268 Deo

316 1303 847 1362 commendandum
859 1304 1205 1376 specialiter
1216 1301 1746 1361 committo.Statim
1771 1300 1970 1371 abbas,

322 1393 664 1451 lacrimatus
683 1409 804 1466 pra:
830 1395 1066 1466 gaudio,
1083 1395 1152 1450 ad
1175 1393 1490 1465 pedesejus
1509 1389 1782 1465 procidit,
1802 1405 1973 1462 quem

316 1483 632 1556 episcopus
662 1489 720 1540 et
755 1483 880 1556 ipse
938 1499 1090 1554 genu
1127 1483 1496 1540 llexolevans
1541 1481 1842 1538 humiliter
1865 1480 1975 1536 hoc

315 1588 445 1630 eum
471 1573 679 1630 fecisse
711 1573 1051 1644 castigavit.
1084 1574 1199 1629 Nec
1231 1578 1498 1629 moratus
1533 1573 1716 1628 abbas
1747 1585 1974 1627 omnem

313 1669 588 1719 eventum
622 1662 707 1718 rei
772 1663 1080 1720 Lamberto
1128 1661 1354 1733 majori,
1411 1677 1580 1733 quem
1611 1661 1682 1718 ad
1712 1667 1975 1718 castrum

313 1748 766 1806 custodiendum
787 1748 1132 1820 reliquerat,
1155 1750 1380 1822 scripto
1414 1749 1728 1818 mandavit,
1749 1753 1879 1804 etut
1906 1747 1977 1802 ad

317 1838 696 1894 evertendam
717 1837 1086 1894 altitudinem
1105 1841 1366 1894 sathana:
1383 1838 1595 1910 quibus
1611 1838 1834 1894 viribus
1848 1852 1979 1908 pos-

2083 765 2241 835 tit,et
2271 765 2516 822 ofﬁciosi
2539 767 2700 822 ssime
2723 765 2794 824 ab
2851 767 3062 823 abbate
3075 765 3429 824 Theoderico
3456 773 3722 840 excepta,

2083 869 2188 926 per
2219 855 2642 912 hebdomadam
2673 855 2728 912 in
2763 855 2894 913 loco
2923 870 3246 928 repausans
3271 856 3560 914 substitit.
3581 859 3728 914 ἠιθ-

2084 945 2189 1000 rim
2219 945 2461 1002 fratrum
2496 945 2780 1016 religione
2807 951 3118 1019 perspecta
3158 945 3559 1017 diligenter,et
3588 948 3728 1005 mul-

2085 1034 2269 1106 tiplici
2287 1035 2574 1107 obsequio
2598 1036 2707 1092 sibi
2735 1035 3277 1109 hilariterimpenso
3301 1037 3606 1106 delectata,
3626 1039 3728 1094 Ca-

2081 1125 2393 1196 viniacum,
2427 1125 2579 1196 quod
2599 1131 2661 1182 ut
2693 1125 2912 1183 dictum
2931 1125 3236 1182 estahbati
3278 1125 3628 1198 deposuerat
3667 1127 3724 1183 in

2084 1213 2336 1284 vadium,
2373 1215 2587 1270 obtulit
2615 1213 2885 1272 ecclesiae
2911 1214 3172 1272 funditus
3209 1215 3530 1272 emendum.
3565 1214 3725 1282 Quod

2082 1310 2212 1352 cum
2229 1295 2716 1366 abbatiomnique
2732 1295 3172 1366 congregationi
3193 1295 3726 1368 placeret,commu-

2084 1386 2139 1441 ni
2157 1401 2442 1442 consensu
2459 1384 2584 1442 dies
2599 1386 2831 1458 przefixa
2857 1393 2948 1442 est
2965 1387 3722 1458 emptionishujusagendze,

2084 1480 2145 1532 et
2175 1476 2284 1532 hoc
2313 1476 2800 1548 coramepiscopo
2823 1475 2976 1548 apud
3009 1481 3265 1533 castrum
3283 1477 3727 1534 Fossense.Pro—

2085 1569 2328 1622 curatus
2359 1571 2451 1621 est
2501 1581 2731 1636 quoque
2753 1565 2834 1620 illi
2857 1581 3051 1622 comes
3087 1565 3361 1623 Albertus
3391 1565 3462 1622 ab
3495 1567 3724 1638 abbate,

2088 1655 2184 1725 qui
2209 1670 2330 1711 eam
2359 1655 2646 1712 reducens
2672 1655 2727 1710 in
2761 1670 2863 1712 sua
2886 1655 3194 1711 constituit
3255 1655 3590 1712 securitate.
3617 1657 3728 1712 Ab-

2090 1759 2224 1800 raso
2241 1747 2436 1800 autem
2462 1750 2708 1814 argento
2733 1746 2886 1814 quod
2905 1744 2959 1800 in
2975 1743 3220 1800 ecclesia
3241 1743 3481 1802 inveniri
3514 1745 3725 1816 potuit,

2092 1833 2388 1903 octoginta
2413 1837 2680 1890 marchas
2695 1849 2888 1890 secum
2913 1833 3184 1891 deferens
3203 1835 3384 1890 abbas
3417 1835 3731 1891 Fossasvc-

323 1932 409 1983 set
431 1925 860 1996 accingeretur,
901 1942 1003 1998 per
1018 1927 1410 1984 obedientiam
1430 1925 1658 1982 indixit.
1698 1925 1981 1983 lnerasti-
2012 1934 2065 1994 Β
2095 1923 2494 1992 nit,treeentis
2525 1923 2655 1980 aliis
2680 1939 2781 1994 per
2803 1924 3166 1980 Lambertum
3194 1923 3465 1994 majorem
3480 1929 3535 1978 et
3559 1924 3734 1980 Theo-

325 2027 460 2070 num
483 2028 708 2070 summo
747 2028 912 2069 mane
940 2013 1313 2070 redditissibi
1365 2013 1603 2084 litteris,
1640 2014 1982 2069 Lambertus

323 2119 566 2160 ascenso
611 2105 1234 2176 equocircumquaque
1252 2104 1598 2175 pervolavit,
1629 2109 1690 2160 et
1751 2102 1982 2175 publica

322 2193 626 2250 exactione
681 2209 1078 2264 quoscumque
1105 2193 1295 2266 potuit
1327 2194 1398 2250 ad
1423 2199 1682 2250 castrum
1736 2198 1988 2264 quanto-

319 2283 448 2341 cius
469 2283 781 2340 convenire
795 2283 1099 2355 compulit,
1145 2288 1294 2339 etne
1313 2283 1442 2355 quis
1465 2286 1861 2355 praetenderet
1889 2297 1987 2338 oc-

319 2371 1530 2443 casionemvelremorandivelexcusandi,
1556 2373 1713 2430 velut
1731 2372 1982 2444 quadam

322 2463 616 2520 anxietate
631 2462 808 2518 animi
843 2461 1222 2520 insimulabat
1242 2463 1548 2520 minaciter
1562 2463 1983 2520 necessitatem

325 2552 642 2609 instantem
690 2551 1349 2624 propcllendipericuli,
1381 2567 1453 2608 ex
1497 2554 1684 2609 hanno
1724 2551 1983 2624 episcopi

327 2641 698 2698 amissionem
715 2656 907 2698 rerum
923 2656 1158 2699 suarum
1202 2642 1558 2715 intemptans
1572 2641 1838 2712 singulis,
1874 2641 1984 2698 nisi

332 2731 606 2790 adessent
634 2733 864 2814 tuendae
878 2733 1182 2789 munitioni
1199 2739 1254 2790 et
1276 2734 1556 2790 firmando
1571 2733 1789 2804 aggeri.
1824 2734 1986 2790 Com-

332 2821 684 2892 motaigitur
739 2822 1114 2892 rusticorum,
1151 2822 1398 2878 maxime
1415 2838 1550 2878 vere
1583 2822 1985 2894 carpentario-

329 2927 477 2981 rum,
513 2910 910 2981 multitudine,
947 2911 1086 2968 hora
1103 2927 1250 2968 nona
1269 2911 1698 2970 Lambertusad
1723 2916 1982 2968 castrum

334 3000 531 3070 rediit,
569 3000 1061 3071 accinctusquein
1082 3000 1424 3072 primiscum
1469 3000 1982 3057 fratribusibidem

331 3089 1073 3161 commorantibus,turrim
1093 3091 1434 3148 ascenditet
1449 3091 1556 3147 nisi
1578 3091 1741 3162 prius
1755 3089 1986 3146 videret

332 3179 772 3252 dejectumcjus
806 3179 1050 3252 apicem,
1105 3195 1167 3236 se
1201 3180 1435 3237 omnino
1469 3195 1578 3236 non
1607 3183 1982 3250 gustaturum

325 3269 572 3340 juravit.
616 3269 858 3324 Videres
894 3269 1152 3326 rusticos
1191 3269 1460 3340 exemplo
1493 3269 1622 3338 ejus
1683 3269 1980 3337 incitatos,
2014 3302 2064 3366 Ο

331 3359 496 3430 quasi
515 3373 577 3414 se
598 3358 758 3430 ipsos
780 3358 1148 3415 vindicantes
1164 3360 1216 3414 in
1238 3357 1532 3430 publicum
1555 3359 1782 3414 hostem
1799 3358 1982 3413 totius

331 3447 650 3520 provincia:
679 3447 949 3504 certatim
972 3448 1385 3522 insurgere,ad
1412 3462 1634 3504 summa
1653 3447 1834 3504 turris
1849 3463 1985 3504 eon-

331 3537 602 3594 volantes
629 3541 852 3594 tectum
877 3553 1006 3594 cum
1029 3539 1298 3595 trabibus
1313 3537 1874 3609 evolvcrc,parietes
1890 3538 1987 3594 ab-

334 3626 526 3699 ruptis
549 3627 932 3699 compagibus
959 3626 1306 3696 diss'ilvere,
1325 3627 1534 3682 mmnia
1559 3627 1680 3698 ipsa
1698 3642 1826 3682 cum
1856 3642 1988 3698 pro-

331 3715 678 3787 pugnaculis
730 3731 938 3772 eversa
993 3715 1254 3772 funditus
1299 3730 1530 3784 eruere,
1571 3721 1658 3771 tot
1691 3715 1986 3786 impensas

333 3809 540 3876 totque
593 3803 826 3860 labores
854 3820 986 3860 cum
1023 3805 1272 3860 maximo
1290 3803 1618 3860 collisionis
1669 3804 1898 3872 fragore
1929 3805 1985 3860 in

339 3894 500 3950 brevi
533 3892 1181 3963 concidisse.Sequenti
1219 3893 1358 3949 feria
1379 3899 1543 3949 sexta
1578 3893 1760 3949 abbas
1784 3895 1988 3966 ahepi-

337 3997 513 4056 scopo
547 3981 798 4049 rediens,
825 3997 954 4038 cum
989 3981 1353 4054 prospiciens
1382 3981 1591 4039 turrim
1619 3997 1724 4038 non
1760 3982 1989 4040 videret

335 4074 488 4130 unde
517 4072 704 4130 videri
739 4072 968 4128 solebat
999 4088 1028 4128 a
1080 4073 1271 4144 longe,
1309 4073 1642 4145 suspicnens
1665 4073 1716 4129 in
1749 4073 1983 4146 coelum,

335 4165 686 4237 quantocius
719 4164 788 4220 dc
818 4179 969 4236 equo
993 4165 1298 4222 descendit
1331 4170 1664 4235 terramque
1689 4165 1989 4222 deoscula-

335 4258 432 4312 tur
460 4253 525 4325 “1,
567 4257 642 4311 Te
673 4257 857 4310 Deum
873 4251 1194 4312 laudamus
1217 4254 1597 4310 devotissimc
1627 4253 1983 4325 decantavit,

335 4344 402 4400 Et
433 4358 563 4400 cum
600 4343 964 4415 pervenisset
992 4343 1062 4400 ad
1095 4349 1379 4413 castrum,
1413 4344 1596 4415 ipsum
1617 4343 1732 4412 jam
1768 4343 1986 4401 nudum

333 4447 603 4503 aggerem
629 4432 874 4503 dejectze
907 4433 1092 4490 turris
1140 4433 1493 4505 susciperet,
1518 4433 1746 4489 elevata
1779 4438 1985 4490 contra

338 4536 470 4578 eum
505 4537 674 4579 manu
702 4541 715 4577 :
744 4521 1130 4593 Lissotcatte,
1151 4522 1558 4594 inquit,cirtus
1571 4523 1990 4594 omnipotentis

336 4612 752 4684 Dei,quinutu
763 4627 868 4670 suo
879 4627 1082 4671 muros
1106 4613 1348 4671 Jherico
1367 4627 1638 4670 corruere
1633 4613 1812 4686 fecit.
1872 4615 1988 4670 Nec

2096 2013 2354 2070 doricum
2375 2014 2750 2086 praepositum
2793 2014 3146 2086 procuratis,
3181 2013 3333 2086 apud
3377 2020 3730 2070 mercatores

2096 2103 2431 2160 etclericos
2481 2103 2824 2160 Leodienses
2884 2103 3132 2160 vadibus
3173 2103 3478 2174 depositis.
3527 2105 3735 2159 Conve-

2097 2192 2292 2248 niente
2323 2207 2465 2262 ergo
2493 2193 2792 2249 comitissa
2823 2191 3086 2248 Richilde
3133 2207 3263 2249 cum
3295 2191 3411 2248 lilio
3465 2206 3571 2248 suo
3606 2191 3732 2246 Bal-

2097 2281 2295 2352 duino,
2321 2287 2598 2338 renovata
2621 2287 2712 2337 est
2732 2295 2925 2337 coram
2945 2281 3221 2353 episcopo
3277 2285 3337 2336 et
3376 2280 3520 2337 duce
3552 2279 3733 2336 Gede-

2098 2371 2248 2426 frido
2281 2371 2591 2427 conventio
2615 2370 2886 2428 condicta
2911 2371 2982 2426 de
3016 2369 3354 2435 Caviniaco;
3377 2369 3543 2440 cujus
3559 2369 3729 2441 pretii

2097 2475 2520 2518 summamcum
2551 2460 2868 2532 episcopus
2919 2460 3308 2516 contraxisset
3353 2458 3425 2515 ad
3469 2459 3732 2515 marchas

2096 2555 2396 2607 trecentas
2416 2555 2631 2622 praeter
2655 2550 3060 2622 septingentas
3078 2564 3224 2621 quas
3253 2548 3388 2606 olim
3446 2548 3624 2604 abbas
3675 2547 3729 2603 in

2094 2643 2326 2700 vadium
2383 2648 2841 2714 superposuerat
2885 2642 2959 2714 ei,
2997 2647 3184 2698 mater
3207 2657 3336 2699 cum
3377 2640 3492 2696 filio
3547 2640 3731 2710 ipsum

2097 2733 2298 2790 iiscum
2337 2738 2620 2805 perpetuo
2652 2733 2980 2790 habendum
3014 2731 3276 2790 ecclesiie
3311 2731 3465 2788 beati
3487 2729 3642 2786 Petri
3677 2730 3734 2784 ct

2098 2823 2252 2879 beati
2287 2823 2526 2879 llubcrti
2562 2838 2665 2894 per
2686 2823 2970 2894 cespitem
3001 2827 3060 2879 et
3083 2837 3300 2879 ramum
3324 2821 3580 2892 ejusdem
3597 2817 3735 2876 allo-

2097 2913 2173 2968 dii
2210 2911 2478 2982 legaliter
2519 2911 2574 2967 in
2609 2927 2814 2968 manus
2855 2911 3116 2984 episcopi
3145 2917 3202 2968 et
3262 2911 3511 2978 abbatis,
3570 2907 3733 2965 ducis

2096 3017 2328 3074 quoque
2362 3002 2659 3059 Godel‘ridi
2698 3001 3086 3059 ecclesiastici
3125 3001 3413 3070 advocati,
3443 2997 3734 3057 contradi-

2096 3090 2525 3162 dit,etpublica
2555 3090 2852 3147 audientia
2878 3089 2990 3146 sibi
3009 3104 3140 3146 eum
3163 3095 3220 3146 et
3242 3089 3564 3160 quibusque
3579 3088 3734 3145 here-

2097 3181 2271 3237 dibus
2297 3180 2420 3236 suis
2453 3186 2699 3250 uterque
2716 3179 2980 3237 funditus
3000 3178 3290 3248 abjuravit
3311 3179 3484 3250 (127).
3509 3179 3730 3234 Etcum

2095 3269 2149 3326 in
2166 3269 2526 3327 exsolvendo
2543 3275 2785 3340 argento
2802 3269 3027 3326 videret
3043 3269 3356 3340 episcopus
3375 3267 3573 3338 viginti
3592 3281 3734 3323 mar-

2094 3361 2234 3416 chas
2255 3360 2480 3429 deesse,
2529 3360 2644 3417 duo
2659 3359 3008 3416 candelabra
3025 3373 3125 3415 sua
3151 3356 3409 3428 ejusdem
3459 3355 3732 3428 ponderis

2095 3449 2366 3521 deposuit
2395 3449 2728 3518 comitissze,
2757 3464 2886 3520 qua:
2911 3452 3112 3520 postea
3136 3461 3208 3503 ex
3234 3447 3466 3518 proprio
3491 3445 3730 3502 redemit

2097 3539 2312 3597 ductus
2345 3553 2540 3596 amore
2563 3538 2848 3596 ecclesiae.
2883 3540 3054 3596 Facta
3083 3541 3275 3594 autem
3317 3542 3374 3592 et
3398 3534 3731 3592 conﬁrmata

2097 3633 2260 3686 carta
2291 3628 2464 3698 hujus
2487 3627 2875 3700 coemptionis
2909 3627 2960 3682 in
2999 3625 3225 3698 publica
3278 3623 3584 3697 prmsentia
3616 3622 3732 3696 epi-

2099 3719 2260 3790 scopi
2295 3723 2354 3774 ct
2385 3717 2638 3787 ducis,et
2659 3717 2886 3786 signata
2920 3716 3173 3772 testibus
3196 3711 3732 3783 idoneis,abbaslae-

2102 3813 2196 3866 tus
2225 3809 2294 3864 ad
2327 3808 2634 3866 ecclesiam
2670 3807 2865 3877 rediit,
2900 3811 2956 3862 et
2981 3805 3328 3861 vestituram
3369 3801 3608 3873 legalem
3633 3816 3733 3873 per

2100 3915 2328 3956 manum
2354 3898 2522 3955 ducis
2547 3898 3045 3968 recipiens,super
3063 3895 3248 3952 altare
3270 3893 3422 3950 beati
3451 3892 3600 3948 Petri
3638 3894 3734 3947 Ca-

2098 3989 2386 4046 viniacum
2422 3994 2607 4045 totum
2635 4002 2762 4044 cum
2803 3985 3015 4042 familia
3049 3989 3109 4041 et
3163 3984 3430 4040 omnibus
3453 3980 3735 4052 acquesti-

2102 4081 2211 4136 bus
2242 4084 2298 4136 et
2335 4078 2691 4151 appenditiis
2721 4077 2845 4134 suis
2871 4082 2932 4134 ut
2966 4075 3264 4148 preprium
3303 4087 3465 4131 suum
3497 4077 3734 4128 aeterna-

2100 4170 2236 4226 liter
2266 4169 2530 4227 ecclcsiae
2563 4167 2933 4225 retinendum
2967 4166 3092 4223 sine
3133 4164 3250 4223 ulla
3280 4161 3732 4221 contradictione

2098 4259 2346 4316 saisivit.

2171 4353 2256 4405 50.
2293 4349 2672 4421 (64.)Postea
2710 4345 3088 4403 remandatus
3148 4343 3329 4401 abbas
3376 4343 3446 4399 ab
3465 4341 3731 4414 episcopo

2102 4439 2307 4495 licium
2333 4437 2720 4507 venit,ibique
2743 4436 2930 4507 gratia
2953 4433 3286 4492 dilectionis
3307 4429 3652 4503 aliquamdiu
3667 4431 3735 4486 ah

2101 4543 2171 4584 eo
2196 4533 2482 4597 retentus,
2509 4541 2640 4584 cum
2676 4524 2908 4595 regredi
2931 4523 3279 4592 destinaret,
3313 4519 3598 4592 suggessit
3623 4517 3739 4590 epi-

2103 4633 2304 4690 scopo,
2368 4615 2522 4688 apud
2556 4616 2744 4688 ipsum
2773 4613 3049 4686 oppidum
3089 4611 3393 4670 ecclesiam
3451 4607 3598 4665 beati
3631 4607 3738 4662 Hu-

338 4679 503 4774 prius
549 4702 784 4758 abstitit
821 4718 992 4774 quam
1053 4702 1358 4759 duodecim
1391 4701 1572 4760 libras
1613 4679 1987 4761 denariorum
2016 4679 2070 4740 D
2105 4679 2254 4765 berti
2288 4679 2442 4764 duos
2469 4679 2832 4762 molendinos
2855 4679 3079 4761 habere
3105 4721 3119 4769 ;
3144 4702 3270 4772 ejus
3314 4701 3514 4771 gratiae
3543 4711 3738 4754 conve-

337 4806 442 4864 pro
474 4791 872 4848 conducendis
928 4792 1216 4864 operariis
1249 4792 1320 4848 ad
1373 4793 1640 4848 eumdem
1697 4792 1987 4850 tumulum

335 4881 1174 4954 complanandumdcputaret,
1212 4888 1538 4954 prmtereos
1575 4882 1835 4954 quitunc
1858 4898 1992 4942 exa-

338 4971 420 5028 cti
447 4970 928 5028 convenerantad
944 4972 1124 5028 castri
1159 4971 1642 5030 destructionem.

405 5062 499 5115 49.
533 5065 677 5132 (63).
717 5061 826 5116 Per
852 5059 1003 5116 idem
1067 5067 1302 5133 tempus
1337 5061 1637 5119 Richeldis
1689 5063 1989 5120 comitissa

336 5148 656 5206 Montensis
691 5149 925 5207 rediens
956 5151 1153 5216 Roma,
1182 5166 1286 5222 per
1311 5151 1511 5208 fiscum
1537 5165 1702 5209 suum
1738 5153 1998 5209 Cavinia-

337 5253 466 5295 cum
533 5239 788 5296 transire
839 5239 1232 5312 disposuerat.
1270 5241 1447 5312 Cujus
1487 5242 1802 5299 transitum
1859 5257 1990 5300 cum

332 5329 618 5387 sensisset
671 5328 951 5387 Arnulfus
985 5331 1438 5403 Chisniacensis,
1477 5337 1541 5390 ut
1593 5339 1722 5390 erat
1753 5333 1995 5392 audacis

2101 4799 2225 4855 nire
2255 4803 2316 4855 ut
2353 4798 2548 4855 sedem
2570 4795 2730 4852 tertii
2763 4792 3140 4851 construendi
3168 4789 3516 4848 monasterio
3537 4800 3737 4844 conce-

2101 4888 2272 4945 deret
2341 4885 2505 4952 Quod
2535 4874 3736 4956 episcopuslibenterconcedens,evocatis

2102 4968 2390 5026 ministris
2421 4965 2789 5036 etjudicibus
2809 4963 3069 5033 ejusdem
3088 4961 3523 5034 oppidi,cquum
3546 4969 3736 5013 ascen-

2103 5060 2209 5130 dit,
2243 5064 2303 5116 et
2335 5057 2406 5114 ad
2442 5055 2719 5129 placitum
2744 5053 2975 5110 abbatis
2996 5051 3270 5124 optimam
3296 5047 3397 5104 sed
3439 5062 3488 5102 m
3529 5043 3737 5102 molen-

2105 5150 2222 5206 dini
2250 5163 2424 5220 super
2449 5145 2714 5202 Hoiolum
2740 5143 3252 5212 diiirmavit,quam
3283 5136 3450 5208 legali
3481 5135 3626 5192 dono
3650 5147 3736 5189 cc-

2105 5239 2304 5296 clesize
2338 5239 2390 5294 in
2417 5239 2764 5309 perpetuum
2785 5231 3198 5305 possidendam
3220 5223 3736 5285 confirmavit.Erat

2106 5345 2177 5388 eo
2211 5336 2476 5401 tempore
2509 5328 2656 5384 Boso
2688 5323 3136 5382 archidiaconus
3157 5320 3340 5378 abbas
3362 5313 3626 5374 Hoiensis
3652 5325 3737 5368 ec-

1694 5459 1933 5516 VARIE
1971 5458 2356 5520 LECTIONES

401 5577 447 5612 “
473 5581 686 5640 malim
725 5580 1103 5639 deosculatus
1117 5623 1130 5642 .

1930 5697 2150 5755 NOTIE.

407 5817 555 5895 (127)
585 5822 668 5879 Cf.
703 5820 1018 5880 Gisleberti
1052 5823 1272 5884 Chron.
1321 5823 1504 5882 Hann.
1541 5839 1594 5896 p.
1627 5827 1715 5884 37.
