3936 6416
281 320 433 385 1393

1257 317 1736 386 CHRONICON
1782 319 1847 384 S.
1896 317 2261 417 HUBERTI
2303 316 2697 382 ANDAGIN.

3524 313 3680 382 1394

277 475 470 535 clesim
492 479 710 532 sanctae
736 475 946 545 Mariae,
975 476 1312 531 Lambcrtus
1347 493 1524 548 nepos
1551 479 1676 546 ejus
1703 477 1894 543 public

2052 470 2172 510 1010
2208 470 2326 511 sine
2348 460 2414 510 32
2455 455 2626 521 (129),
2662 450 3056 508 Theodericus
3090 451 3292 522 abbas,
3325 465 3439 510 non
3491 449 3678 509 solum

272 567 421 638 juris
439 564 984 637 provisoretjudex,
1004 566 1160 621 Dodo
1177 566 1550 637 dispensator
1564 568 1653 639 cpi
1672 567 1917 640 <c0palis

277 670 508 712 mense.

348 750 432 800 51.
472 745 607 816 (05.)
643 745 785 799 Braz
836 759 1065 814 quoque
1095 750 1154 799 et
1204 746 1560 816 GruiSponti,
1621 762 1746 816 qua)
1780 746 1915 801 olim

275 834 540 889 ecclesia:
575 835 998 905 perpetualiter
1031 835 1344 890 donaverat
1382 843 1550 905 (1'28),
1586 837 1765 892 Arsize
1792 852 1918 908 par-

275 927 389 978 tem
417 938 543 992 qme
568 923 824 990 suijuris
845 929 990 987 erat,
1027 939 1094 978 cx
1129 925 1357 979 allodiis
1405 942 1531 994 qu:e
1570 927 1791 980 fuerant
1825 940 1916 980 co-

275 1011 513 1066 mitissze
547 1011 840 1065 Riclieldis
875 1011 1116 1066 addidit.
1156 1015 1216 1066 Et
1273 1028 1339 1067 ne
1373 1014 1499 1081 quis
1531 1015 1730 1068 eadem
1766 1013 1912 1069 dona

274 1113 375 1153 sua
413 1099 618 1153 amodo
661 1099 749 1154 vel
805 1099 1136 1154 immutaret
1179 1101 1265 1154 vel
1304 1108 1646 1170 removeret,
1696 1108 1914 1158 mterno

272 1187 642 1242 anathemate
675 1188 1028 1256 dampnavit.
1081 1191 1231 1244 lianc
1265 1197 1483 1260 partem
1538 1192 1719 1246 Arsia:
1764 1195 1914 1246 (Zeno

272 1275 343 1330 de
379 1276 680 1331 llamerina
715 1275 865 1330 tollit
897 1277 1160 1333 001181ίο
1195 1279 1242 1331 vi
1274 1286 1327 1332 et
1364 1280 1590 1346 injuste.

343 1367 429 1418 5'2.
467 1365 602 1432 (06.)
657 1365 834 1419 Mater
867 1365 1115 1420 ecclesia
1151 1367 1300 1420 beati
1338 1368 1592 1423 Mononis
1644 1369 1914 1438 martyris

270 1453 535 1507 Nasanize
559 1452 602 1484 δ’
627 1469 652 1507 a
681 1455 1009 1509 Gualeaudo
1031 1455 1074 1485 ⁸³
1099 1456 1376 1524 episcopo
1410 1456 1539 1510 data
1571 1459 1754 1512 fuerat
1784 1474 1912 1510 cum

267 1540 542 1596 omnibus
568 1559 694 1609 qua?
720 1544 786 1597 ad
819 1559 940 1597 eam
978 1544 1269 1613 pertinent
1294 1545 1362 1598 ab
1388 1546 1624 1614 antiquo
1648 1546 1912 1600 ecclesia;

270 1630 425 1684 beati
457 1631 694 1686 Huberti
726 1632 774 1684 in
805 1633 1406 1701 poti'rst:_itivaditione.
1437 1635 1571 1702 Ejus
1595 1635 1790 1689 clerici
1825 1653 1915 1690 ac-

273 1720 466 1789 ceptis
497 1721 567 1774 ab
617 1722 827 1775 abbate
881 1723 1228 1790 [ll'tBl_)ClllilS,
1295 1729 1480 1777 tamen
1540 1740 1822 1779 emisi-usu
1857 1730 1911 1778 et

267 1807 444 1862 laude
471 1810 732 1876 fratrum,
760 1810 1028 1865 C(llltlit'itl
1056 1811 1140 1863 eis
1165 1816 1220 1864 et
1256 1811 1444 1867 soluto
1468 1813 1707 1866 servitio
1733 1815 1912 1868 debiti
1948 1815 1999 1872 Β

267 1897 668 1966 honoris,jam
701 1915 769 1952 ex
804 1905 935 1953 tunc
971 1899 1374 1955 detrectabant
1416 1916 1513 1970 per
1549 1902 1915 1958 insolentiam

266 1985 513 2041 subesse
539 1986 784 2054 jnstit‘aa
817 1989 1062 2046 abbatis.
1100 1989 1208 2042 nisi
1245 1989 1296 2044 in
1321 1989 1700 2044 clericalibns
1733 1992 1921 2046 conci-

265 2074 363 2128 liis
401 2076 506 2130 sub
556 2075 920 2131 districtione
949 2077 1282 2146 episcopali.
1325 2080 1478 2133 llanc
1506 2095 1734 2148 quoque
1769 2081 1924 2134 inso-

266 2162 502 2217 lentiam
540 2170 770 2232 petente
817 2167 1026 2220 abbate
1058 2167 1387 2236 cpismpus,
1427 2167 1670 2223 liberum
1706 2169 1924 2223 consti-

271 2257 444 2305 tuens
477 2250 660 2307 altare
694 2253 950 2320 ejusdem
1003 2254 1287 2323 ecclesia),
1321 2255 1595 2321 absolvit,
1628 2263 1684 2310 ct
1718 2272 1916 2311 omnes

259 2339 668 2395 exactioneset
698 2342 957 2409 justitias
991 2341 1357 2412 episcopales
1393 2349 1449 2396 et
1486 2343 1920 2401 arehidiacona-

261 2426 670 2498 les,pr:esente
690 2431 762 2485 ibi
790 2438 844 2485 ct
872 2447 1062 2486 secum
1088 2445 1117 2483 c
1137 2434 1450 2487 mdonante
1479 2434 1706 2487 Bosonc
1732 2436 1920 2489 archi-

258 2514 530 2580 diacono,
557 2519 818 2574 ecclesia}
839 2521 987 2573 beati
1008 2521 1161 2574 Petri
1188 2530 1246 2574 et
1280 2521 1432 2573 beati
1455 2522 1695 2575 lluberti
1717 2523 1767 2576 in
1791 2541 1916 2593 per-

257 2610 501 2674 petuum
522 2607 1576 2676 remisit,eamdemqueremissionem
1600 2609 1770 2672 legali
1802 2614 1915 2667 fac-

254 2697 315 2746 to
346 2694 652 2762 privilegio
685 2695 1082 2749 auetorizavit.
1122 2696 1286 2762 Quod
1324 2701 1515 2751 autem
1553 2713 1691 2767 pace
1729 2699 1913 2756 beatae

254 2782 391 2851 ejus
419 2782 620 2837 anima:
645 2789 975 2852 sancteque
1005 2786 1294 2839 memoria-
1321 2801 1427 2839 non
1454 2786 1681 2856 quidem
1704 2803 1913 2859 expro-

255 2869 579 2930 bando,sed
607 2871 970 2926 condolendo
995 2871 1242 2938 dicatur,
1269 2875 1658 2929 Theodericus
1681 2883 1738 2931 et
1758 2878 1911 2932 Lam-

255 2957 466 3011 bertus
489 2973 614 3026 ejus
647 2960 1006 3029 simplicitati
1033 2961 1177 3018 adeo
1202 2962 1667 3030 dominalmntur,
1698 2969 1759 3019 ut
1794 2982 1910 3021 0m-

255 3045 398 3100 nino
426 3046 510 3101 eis
544 3047 594 3101 in
629 3049 895 3103 omnibus
930 3065 990 3104 se
1022 3050 1310 3115 crederet,
1346 3059 1402 3105 et
1435 3052 1594 3119 quasi
1639 3054 1908 3110 consulto

257 3136 378 3190 Deo
410 3136 641 3192 eosdem
675 3138 1045 3193 consultores
1079 3139 1329 3194 audiret.
1369 3141 1488 3195 iliis
1520 3142 1669 3196 enim
1724 3144 1905 3199 fidens
1939 3176 1986 3235 Ο

258 3226 695 3296 provisoribus,
755 3227 1186 3283 tantointerins
1239 3229 1592 3297 advigilabat
1643 3231 1899 3301 liberius,

259 3319 484 3384 quanto
509 3315 578 3369 de
602 3317 861 3371 externis
887 3317 1203 3371 dormiebat
1222 3319 1500 3373 securius.
1523 3319 1628 3374 Sed
1646 3337 1772 3375 cum
1792 3338 1900 3377 non

262 3400 510 3458 multum
528 3404 701 3458 distet
723 3405 775 3458 in
793 3405 933 3460 vitio
950 3405 1036 3459 vel
1055 3405 1322 3476 decipere
1341 3407 1426 3462 vel
1447 3408 1630 3478 decipi
1653 3411 1900 3479 posse.in

259 3492 371 3548 hoc
407 3492 782 3563 dampnosum
820 3495 984 3550 nimis
1016 3495 1232 3549 crimen
1269 3496 1502 3551 miscuit
1534 3497 1734 3566 gloria)
1760 3514 1898 3566 sua),

261 3580 418 3651 quod
436 3581 836 3652 imprudenter
861 3584 1192 3654 patiebatur
1217 3585 1413 3640 seduci
1438 3601 1634 3640 eorum
1655 3587 1902 3643 miserri-

258 3684 349 3724 ma
369 3671 764 3738 suggestione.
787 3673 918 3726 Nam
939 3672 984 3726 si
1004 3688 1171 3742 quem
1190 3673 1279 3726 vel
1296 3673 1482 3741 gratia
1501 3676 1902 3742 consanguini-

258 3758 402 3814 tatis
425 3759 513 3814 vel
538 3765 792 3830 accept-c
820 3761 1104 3815 mercedis
1119 3762 1329 3817 vellent
1361 3749 1588 3816 noviter
1612 3778 1812 3819 casare
1834 3764 1896 3834 δι,

257 3848 368 3904 hoc
396 3849 463 3904 dc
490 3850 797 3919 priebenda
832 3851 1069 3905 fratrum
1099 3850 1221 3905 sine
1248 3866 1444 3906 eorum
1470 3867 1756 3907 consensu
1789 3869 1899 3909 non

256 3937 602 3992 dubitabant
621 3939 812 3993 abbati
843 3939 1646 4010 persuadere,“lequceorum
1668 3957 1900 4010 persua-

254 4025 402 4081 sioni
436 4041 546 4080 non
601 4027 904 4083 differebat
938 4027 1194 4083 obedire.
1235 4030 1350 4083 lloc
1386 4029 1551 4082 modo
1584 4029 1776 4083 amisit
1809 4045 1900 4085 ec-

252 4112 586 4170 clesiastica
624 4114 849 4171 utilitas
883 4131 950 4170 ex
986 4116 1240 4184 antiquis
1272 4115 1742 4186 possessionibus
1775 4119 1896 4173 suis

253 4202 488 4258 Vineias
520 4210 577 4258 ct
619 4204 1002 4272 Lestcrneias,
1039 4210 1099 4260 et
1131 4221 1201 4258 ex
1252 4205 1558 4274 acquisitis
1590 4205 1660 4259 ab
1690 4205 1893 4261 eodem

253 4292 465 4347 abbate
489 4292 715 4348 novitcr
747 4292 1102 4348 Sulinodium
1138 4293 1192 4348 in
1223 4308 1484 4364 proxnuo
1516 4297 1574 4348 et
1596 4295 1806 4350 Tavers
1839 4294 1890 4349 in

252 4382 584 4531 mss???)
617 4464 778 4517 Anno
803 4461 1020 4517 Domini
1071 4463 1207 4517 1080
1255 4462 1455 4533 [1087],
1509 4461 1892 4517 ordinationis

2033 543 2193 600 senio
2223 544 2324 598 scd
2349 547 2406 597 et
2439 539 3014 610 confectusjejuniis,
3049 541 3421 597 orationibus
3449 545 3508 596 et
3541 541 3681 611 vigi-

2033 633 2147 700 liis,
2183 632 2478 687 laboribus
2511 631 2683 685 etiam
2718 635 2773 684 et
2808 629 2965 686 curis
2995 629 3320 685 commissa:
3351 629 3460 686 sibi
3491 636 3680 700 pasto-

2033 721 2305 788 ralitatis,
2325 736 2350 774 a
2365 722 2394 774 b
2414 721 2534 789 ipsa
2558 720 2696 774 licet
2719 719 2985 790 pertenui
3003 718 3222 774 virtute
3238 719 3506 788 corporis
3523 720 3679 776 circa

2033 824 2288 864 mensem
2311 809 2522 863 Iulium
2551 808 2802 862 deficere
2836 807 3034 876 cmpit,
3074 807 3224 862 unde
3247 812 3302 861 et
3328 807 3515 876 gratia
3545 823 3680 878 pau-

2033 897 2212 953 lulum
2250 897 2598 968 repausandi
2651 898 2816 952 Piros
2851 895 2933 950 illi
2986 895 3261 951 secedere
3297 896 3546 967 placuit;
3584 897 3677 953 ubi

2032 987 2165 1042 dum
2192 1003 2252 1041 se
2288 987 2730 1054 ingravescente
2756 985 2970 1041 sensim
3007 985 3342 1040 infirmitate
3379 986 3679 1053 praesenti-

2034 1075 2202 1129 rctad
2233 1082 2472 1130 mortem
2502 1075 2717 1144 urgeri,
2741 1073 3094 1129 Theoderico
3119 1074 3434 1145 praeposito
3457 1075 3566 1130 sibi
3592 1090 3679 1133 se-

2031 1180 2160 1220 cum
2208 1164 2251 1196 ⁸⁵
2283 1164 2526 1219 moranti
2583 1163 2924 1218 relationem
2959 1178 3118 1218 suam
3157 1162 3225 1217 ad
3261 1164 3676 1220 monasterium

2032 1253 2466 1309 accelerandam
2501 1254 2729 1308 indixit.
2768 1251 3127 1307 Ret‘ercndns
3157 1268 3295 1308 vero
3330 1253 3560 1308 litteras
3585 1253 3675 1308 vel

2031 1343 2469 1412 deprecatorias
2487 1342 2578 1397 vel
2611 1341 3105 1408 emnmonitorias,
3142 1346 3202 1395 ut
3245 1341 3679 1410 cuiqucconve-

2032 1431 3676 1500 niebat,scilicetAdalbcroniLandunensiabbati,1:uirc-

2031 1520 2436 1589 dOPI'LL’pUSilO
2476 1519 2814 1586 Eberncnsi,
2843 1520 2966 1573 Lam
2981 1521 3144 1574 berto
3165 1519 3543 1588 priorisancti
3573 1521 3676 1576 Re-

2032 1609 2208 1676 migii,
2239 1611 2563 1677 Berengero
2589 1609 2782 1663 abbati
2815 1609 2996 1663 sancti
3026 1609 3338 1677 Laurentii,
3369 1609 3473 1679 ipsi
3496 1609 3670 1664 etiam

2033 1696 2276 1750 Henrico
2306 1696 2578 1765 episcopo
2622 1695 2918 1750 Leodiensi
2955 1696 3255 1766 dispositis
3291 1695 3518 1752 nunciis
3547 1695 3672 1750 mit-

2031 1787 2157 1838 tere
2182 1783 2500 1851 festinavit,
2534 1783 2831 1838 humiliter
2855 1799 3182 1853 exposcens
3212 1789 3270 1839 ut
3301 1784 3406 1838 sibi
3431 1789 3674 1854 quanto-

2032 1873 2156 1928 cius
2180 1874 2453 1928 adessent
2473 1879 2531 1926 ct
2559 1873 2841 1927 morituro
2869 1873 3130 1928 ultimum
3153 1873 3278 1928 vale
3306 1875 3578 1928 facerent.
3606 1875 3673 1929 Et

2030 1977 2157 2017 cum
2191 1964 2262 2016 ab
2295 1962 2417 2031 ipsa
2450 1960 2595 2016 eella
2650 1962 3047 2031 transpositus
3079 1962 3134 2016 in
3189 1962 3428 2017 alteram
3489 1961 3672 2032 ripam

2031 2051 2196 2105 Mosae
2227 2051 2448 2118 gratias
2497 2055 2696 2118 ageret
2748 2052 2880 2117 Deo,
2937 2050 3096 2119 quasi
3125 2049 3238 2118 jam
3292 2051 3674 2120 propinquior

2031 2140 2121 2194 eui
2153 2139 2450 2209 aspirabat
2488 2139 2864 2205 monasterio,
2919 2138 3178 2193 occurrit
3211 2138 3293 2192 illi
3327 2139 3672 2195 Lambertus

2031 2227 2212 2295 major
2241 2244 2369 2282 eum
2404 2232 2686 2296 apparatu
2719 2225 3039 2281 revectioni
3071 2226 3197 2293 ejus
3221 2241 3498 2294 congruo.
3531 2229 3669 2284 Cum

2029 2330 2166 2370 vero
2192 2316 2244 2370 in
2268 2316 2524 2371 crastino
2547 2315 2700 2370 circa
2728 2315 2925 2369 horam
2952 2330 3155 2370 nonam
3173 2315 3668 2385 appropinquaret

2031 2405 2406 2470 monasterio,
2431 2404 2667 2459 divertit
2693 2419 2870 2474 super
2893 2406 3158 2459 Lumnam
3187 2403 3420 2458 tluvium
3452 2404 3504 2458 in
3534 2420 3672 2474 quo-

2031 2491 2158 2546 dam
2188 2492 2658 2561 circunijaeentis
2690 2492 2850 2548 silva:
2881 2497 3071 2562 prato,
3108 2507 3176 2546 ne
3211 2491 3338 2562 quis
3370 2491 3534 2546 fieret
3565 2508 3670 2562 pro

2025 2596 2092 2636 eo
2127 2581 2423 2652 popularis
2459 2582 2726 2650 planctus
2759 2587 2855 2637 aut
2895 2580 3292 2635 tumultuatio.
3324 2580 3415 2634 Sic
3451 2581 3666 2636 evitata

2025 2669 2287 2740 populari
2312 2671 2740 2740 expectatione,
2767 2670 2819 2724 in
2847 2670 3026 2740 prima
3053 2669 3250 2738 vigilia
3275 2669 3467 2724 noctis
3490 2669 3671 2725 domi-

2022 2758 2162 2814 nicze
2195 2760 2342 2828 (130)
2376 2764 2660 2828 exceptus
2691 2763 2781 2813 est
2813 2774 2940 2812 eum
2977 2758 3224 2814 maximo
3259 2759 3501 2812 fratrum
3535 2774 3669 2814 mce-

2021 2849 2430 2902 rore.‘Summo
2473 2853 2664 2904 autem
2693 2861 2856 2902 mane
2889 2846 3049 2901 all‘uit
3088 2847 3168 2900 illi
3194 2847 3507 2917 episcopus
3537 2862 3665 2902 cum

2022 2938 2345 3006 Berengcro
2378 2938 2606 2991 abbate.
2646 2937 2734 2991 Ilii
2769 2951 2896 2991 cum
2950 2935 3020 2990 ad
3061 2951 3190 2990 eum
3225 2936 3534 3005 intrarent,
3571 2936 3667 2989 ille

2018 3025 2285 3081 collectis
2315 3026 2538 3081 viribus
2561 3026 2772 3080 sedens
2799 3025 2854 3078 in
2879 3023 3030 3079 lecto
3052 3025 3275 3093 gratias
3301 3025 3416 3080 Deo
3441 3023 3584 3094 egit,
3607 3029 3667 3080 ct

2018 3113 2289 3184 imposita
2317 3114 2424 3169 sibi
2452 3114 2601 3168 stola
2622 3115 2834 3168 fratres
2860 3129 2998 3169 suos
3016 3120 3130 3168 tam
3159 3119 3480 3183 praesentes
3497 3127 3665 3183 quam

2019 3203 2290 3257 absentes
2315 3203 2566 3257 absolvit
2587 3202 2914 3272 divinmque
2938 3201 3354 3257 misericordia:
3377 3216 3665 3257 commen-

2017 3291 2195 3358 davit,
2226 3297 2280 3346 et
2326 3292 2408 3347 sic
2443 3292 2669 3347 demum
2704 3290 3110 3346 ecclesiastico
3142 3305 3298 3345 more
3333 3304 3396 3344 se
3426 3291 3542 3345 Deo
3577 3304 3665 3346 re-

2015 3380 2441 3435 conciliandum
2476 3381 2751 3450 episcopo
2786 3377 3084 3432 humiliter
3117 3377 3352 3432 obtulit.
3391 3377 3513 3434 Hiis
3547 3394 3664 3434 om-

2015 3469 2186 3523 nibus
2212 3469 2346 3523 hora
2368 3469 2485 3523 fere
2507 3468 2680 3522 tertia
2699 3466 2968 3537 expletis,
2995 3465 3204 3520 exinde
3225 3464 3472 3522 studens
3491 3466 3664 3522 silen-

2017 3557 2096 3612 tio
2119 3564 2175 3612 et
2210 3557 2416 3613 divinae
2450 3555 2928 3626 contemplationi
2964 3555 3017 3609 in
3051 3554 3367 3610 crastinum
3398 3554 3538 3612 hora
3570 3570 3665 3611 ea-

2013 3645 2139 3701 dem
2166 3645 2235 3700 ad
2261 3648 2432 3701 Deum
2467 3645 2886 3714 Illigl'3\’it.(a7&.
2941 3649 3096 3711 1087,
3149 3644 3296 3713 Aug.
3333 3643 3442 3713 25).
3483 3644 3660 3714 Cujus

2014 3735 2209 3790 statim
2242 3735 2582 3804 migratione
2617 3732 2870 3802 vulgata,
2929 3737 3248 3788 occurrunt
3284 3734 3553 3788 certatim
3587 3733 3657 3789 ad

2016 3825 2158 3879 tanti
2186 3824 2288 3878 viri
2305 3823 2582 3894 exequias
2603 3821 2950 3878 Godefridus
2978 3821 3360 3888 Buloniensis,
3383 3822 3658 3878 Albertus

2011 3915 2408 3982 Namncensis,
2438 3913 2712 3968 Arnulfus
2745 3911 3195 3980 Chisniacensis,
3241 3912 3396 3966 Cono
3427 3911 3658 3966 Montis-

2011 4004 2164 4057 acuti
2201 4003 2368 4073 (131),
2401 4002 2768 4071 curialcsque
2793 4001 2837 4032 ⁶⁶
2861 4016 2990 4056 011111
3021 3999 3406 4071 popularibus
3436 3999 3658 4055 indiffe-

2011 4097 2208 4145 renter
2240 4090 2502 4157 admixti,
2539 4089 2703 4159 quasi
2740 4082 2965 4158 patrem
2998 4088 3202 4158 patria;
3234 4087 3500 4143 amisisse
3525 4102 3659 4143 con-

2010 4177 2378 4248 querentes“7
2394 4177 2806 4232 lamentatione
2823 4175 3131 4231 communi.
3146 4178 3252 4232 Per
3269 4175 3503 4231 biduum
3519 4191 3658 4232 vero

2007 4267 2359 4334 advigilatus
2399 4265 2679 4335 solempni
2701 4264 3006 4320 missarum
3031 4263 3428 4320 celebratione
3452 4269 3654 4321 010011-

2006 4355 2165 4410 tinua
2195 4354 2543 4426 psalmorum
2566 4353 2998 4423 decantatione,
3017 4356 3247 4408 tandem
3274 4352 3544 4424 sepultus
3559 4359 3654 4410 est

2009 4444 2180 4498 tertia
2217 4444 2306 4499 die
2341 4445 2488 4513 (132)
2523 4445 2576 4497 in
2609 4442 2795 4513 cripta
2832 4456 2976 4497 nova
3013 4456 3183 4512 quam
3217 4440 3563 4498 condiderat
3593 4442 3652 4520 in

1617 4559 1850 4614 VARle
1892 4560 2288 4614 LECTION‘ES.

829 4628 873 4663 ⁸³
902 4630 1114 4686 Gualeo
1153 4635 1196 4684 1.

761 4701 805 4734 ⁸⁷
837 4701 1254 4773 conquirentcs
1286 4707 1333 4757 1.

320 4631 365 4663 ⁸³
393 4630 635 4688 Vasanie
669 4636 714 4686 1.

247 4708 306 4759 2.
345 4720 395 4760 c.
433 4703 528 4773 qui
568 4708 610 4757 1.

1306 4630 1413 4700 “1',
1450 4631 1699 4703 e.feoda
1733 4632 1784 4688 ei
1808 4631 2164 4695 attributae;
2199 4644 2431 4686 cassarc
2459 4634 2504 4684 1.

2619 4628 2883 4685 “secum
2919 4634 2966 4685 1.
2996 4628 3047 4698 Γ.
3085 4627 3162 4683 ibi
3198 4642 3416 4684 secum.
3494 4627 3541 4660 “
3559 4629 3655 4686 ita

1836 4801 2054 4856 ΝΟΤέΕ.

321 4900 494 4971 (128.)
531 4900 790 4955 Alterum
824 4913 974 4954 anno
1021 4901 1171 4964 1082,
1209 4897 1310 4953 sed
1369 4900 1626 4970 Grupont
1664 4899 1891 4954 demum

249 4973 406 5037 1087,
442 4987 494 5026 v.
535 4986 708 5041 supra
744 4971 854 5026 col.
897 4974 1052 5039 1386,
1083 4984 1208 5039 cap.
1238 4972 1322 5023 43.

320 5045 469 5113 (129)
507 5040 634 5096 il:ec
671 5041 822 5096 inter
852 5057 912 5096 se
937 5112 942 5113 γ
969 5041 1279 5113 convenire
1310 5040 1602 5104 videntur,
1656 5040 1752 5095 sed
1791 5055 1893 5110 pro

247 5129 398 5170 anno
427 5117 556 5168 1087
583 5117 743 5168 stant
772 5112 1018 5168 Annales
1047 5112 1392 5167 Lauhienses
1417 5116 1472 5166 et
1496 5115 1701 5166 auctor
1726 5112 1888 5178 Vitas,

247 5184 344 5254 qui
379 5199 526 5240 anno
559 5189 752 5238 a-tatis
784 5189 851 5237 80
895 5183 1140 5238 nondum
1173 5184 1460 5252 completo
1513 5197 1639 5237 eum
1676 5183 1893 5238 obiisse

247 5257 450 5322 refert,
502 5260 697 5309 natum
733 5269 880 5309 anno
932 5259 1086 5322 1007,
1125 5255 1259 5307 Nov.
1303 5258 1380 5307 11.
1423 5255 1656 5307 Accedit
1690 5255 1893 5308 charta

247 5327 317 5381 de
353 5326 720 5395 Gruisponte,
754 5341 901 5394 (11110,
927 5340 995 5380 co
1031 5325 1279 5394 vivente,
1316 5326 1448 5378 data
1475 5339 1602 5378 esse
1637 5325 1886 5379 videtur.

247 5398 461 5453 Contra
495 5397 885 5452 Theodericus
921 5398 959 5449 Il
999 5397 1330 5451 nominatur
1364 5398 1414 5448 in
1451 5397 1762 5449 donatione
1788 5397 1894 5450 Ra-

243 5469 462 5538 ginoldi
499 5483 589 5539 ap.
627 5470 788 5522 Mart.
834 5474 893 5522 et
939 5469 1071 5522 Dur.
1110 5469 1146 5532 i,
1183 5472 1302 5529 519,
1340 5482 1468 5539 (111ιο
1500 5469 1629 5539 data
1665 5472 1753 5521 est
1785 5482 1882 5539 an.

246 5544 402 5608 1080,
444 5537 558 5594 ind.
607 5555 657 5606 x,
691 5554 839 5593 anno
887 5539 1133 5609 Philippi
1188 5553 1333 5600 xxvi,
1373 5537 1632 5592 ltainoldi
1670 5553 1745 5592 111·
1785 5538 1889 5592 Sed

243 5611 561 5667 Rainoldus
586 5626 734 5666 anno
768 5614 890 5666 1091
921 5611 1047 5666 0rd.
1080 5625 1198 5666 sum
1247 5615 1278 5665 7
1313 5610 1650 5664 numerabat
1685 5610 1887 5676 (Gallia

245 5683 374 5741 Chr.
409 5685 474 5754 Χ,
509 5684 598 5754 31)
629 5689 686 5739 01
721 5682 836 5739 ind.
872 5697 907 5738 χ
933 5681 1207 5740 convenit
1235 5697 1361 5738 cum
1395 5695 1445 5736 a.
1485 5684 1636 5736 1087.

2076 4899 2221 4969 (130)
2249 4897 2537 4954 Dominica
2568 4900 2690 4953 erat
2729 4899 2868 4967 Aug.
2906 4901 2992 4954 22.
3027 4899 3197 4953 Teste
3231 4899 3469 4953 auctore
3501 4896 3646 4969 vita?

2006 4985 2168 5024 mane
2204 4972 2356 5024 Venit
2391 4978 2447 5024 et
2503 4971 2634 5026 inde
2668 4971 2758 5023 die
2792 4976 2996 5039 quarta
3033 4978 3297 5039 mortuus
3347 4972 3468 5039 est,
3504 4968 3637 5024 scil.

2008 5045 2147 5109 Aug.
2176 5046 2274 5106 2:5;
2310 5056 2632 5110 quanquam
2690 5041 2764 5094 ibi
2801 5037 2851 5095 in
2887 5040 3014 5095 cod.
3052 5038 3285 5095 Alnensi
3347 5037 3561 5108 legitur
3589 5055 3646 5094 Ix

2005 5113 2130 5167 Kal.
2174 5113 2556 5182 Septembris.
2599 5111 2706 5166 Sed
2741 5113 2802 5166 d.
2863 5127 2958 5166 vui
3012 5111 3136 5166 Kal.
3177 5112 3341 5178 Sept.
3409 5115 3648 5167 tuentur

2006 5185 2167 5308 lSVEclr.
2288 5183 2598 5237 Maximini.
2627 5185 2833 5238 llonth.
2862 5183 3087 5251 Prodr.,
3118 5198 3177 5253 p.
3210 5184 3311 5236 985
3334 5185 3390 5237 et
3421 5182 3645 5238 Missale

2072 5273 2097 5308 a
2127 5271 2180 5308 iu
2213 5297 2250 5308 ..
2286 5269 2396 5308 ms.

2004 5257 2250 5323 Stabul.,
2286 5269 2396 5308 ms.

2075 5321 2568 5395 (131).,1/0ataigu
2599 5325 2746 5380 inter
2782 5323 3137 5395 Leodiumct
3170 5321 3393 5378 Hoium.

2075 5397 2220 5464 (132)
2258 5398 2372 5451 Mos
2423 5394 2635 5466 quippe
2687 5396 2962 5465 antiquus
2995 5394 3098 5466 fuit
3140 5399 3200 5449 ut
3235 5394 3477 5450 abbates
3507 5407 3646 5448 non-

2002 5468 2111 5522 nisi
2145 5467 2315 5521 tertia
2344 5472 2478 5537 post
2511 5465 2730 5522 abitum
2768 5468 2858 5523 die
2891 5465 3208 5537 sepulturae
3244 5466 3639 5537 traderentur,

2003 5546 2064 5594 ut
2098 5535 2622 5594 demonstravimus
2659 5539 2706 5593 in
2751 5539 2845 5592 lib.
2885 5555 2913 5592 v
2946 5535 3020 5592 De
3053 5535 3308 5606 antiquis
3342 5536 3643 5591 monacho-

2001 5625 2127 5665 rum
2164 5611 2374 5666 ritibus
2405 5624 2453 5664 e.
2494 5615 2574 5679 12,
2612 5625 2664 5665 n.
2698 5613 2748 5664 0.
2786 5611 2960 5666 Mam.
