3936 6416
296 341 447 404 1395

1272 339 1747 406 CHRONICON
1793 340 1860 403 S.
1907 337 2272 404 HUBERTI
2311 338 2703 405 ANDAGIN.

3547 345 3716 415 1896

291 499 569 557 honorem
598 498 784 554 beata
806 497 864 551 et
887 490 1164 565 gloriosa
1188 508 1421 566 semper
1443 493 1685 563 virginis
1716 494 1937 550 Maria.
1973 473 2030 536 Α
2131 496 2217 550 55.
2254 491 2390 565 (69.)
2421 493 2744 567 Episcopus
2772 497 2965 552 autem
3014 495 3169 555 circa
3202 496 3391 557 locum
3414 514 3486 557 ex
3514 503 3710 561 veteri

294 593 473 649 Cu'us
503 588 842 658 obsequium
889 602 1020 645 cum
1073 586 1392 656 episcopus
1421 584 1514 640 vix
1548 585 1836 655 expleret,
1870 582 1947 640 la-

293 683 492 742 crimis
522 687 578 738 et
613 681 832 743 gemitu
882 692 1084 735 vocem
1117 678 1245 749 ejus
1275 674 1728 743 intercludente,
1762 674 1948 731 incre-

295 774 470 832 dibile
492 771 791 828 videbitur
823 768 1078 842 posteris
1103 767 1155 822 in
1181 772 1430 838 quantos
1456 765 1726 838 planctus
1747 779 1950 821 omnes

294 879 356 923 se
387 862 830 927 suscitaverint,
883 864 1238 930 quantisque
1278 855 1639 913 clamoribus
1668 853 1858 912 dolori
1889 854 1945 910 in

294 966 602 1013 commune
634 967 675 1007 s'
700 950 1067 1007 tisfacerent.

362 1047 448 1101 δι.
483 1044 620 1114 (68.)
653 1044 733 1098 Eo
790 1039 1024 1097 tandem
1062 1037 1318 1109 sepulto,
1366 1036 1681 1108 episcOpus
1729 1032 1946 1090 obtulit

295 1130 844 1202 fratribuseligendi
878 1128 1110 1185 abbatis
1126 1128 1446 1199 optionem,
1484 1126 1851 1196 protestatus
1866 1122 1949 1178 in-

294 1224 364 1281 de
381 1223 537 1281 nolle
552 1221 853 1287 recedere,
875 1219 986 1275 nisi
1004 1217 1234 1276 eisloco
1250 1215 1509 1275 defuncti
1526 1214 1826 1271 ordinaret
1852 1226 1949 1284 pa-

295 1318 463 1373 trem.
493 1312 774 1370 Convenit
805 1311 859 1366 in
896 1325 1061 1367 unam
1088 1307 1437 1366 sententiam
1473 1309 1533 1360 et
1560 1305 1801 1360 fratrum
1834 1302 1950 1359 ele-

293 1406 411 1463 ctio
429 1409 490 1459 et
510 1403 817 1461 curialium
840 1400 1147 1458 attestatio
1169 1403 1226 1455 et
1251 1395 1550 1469 pepularis
1581 1393 1946 1461 acclamatio,

297 1494 627 1552 donandam
644 1493 903 1549 eamdem
930 1482 1948 1555 abbatiamTheoderieopraposito;

296 1584 449 1657 quod
477 1583 616 1639 licet
641 1582 738 1639 ilie
760 1581 1066 1659 videretur
1088 1580 1287 1651 reniti,
1321 1593 1502 1647 seque
1526 1577 1811 1635 fateretur
1836 1586 1949 1628 non

294 1674 608 1732 convenire
637 1676 819 1730 tanta
861 1670 1274 1741 assumptioni,
1308 1669 1455 1726 adeo
1489 1667 1738 1726 increvit
1768 1661 1946 1721 semel

296 1766 527 1822 emotus
560 1762 814 1818 omnium
850 1762 1012 1816 favor
1042 1757 1106 1821 ⁸³.
1139 1766 1203 1815 ut
1236 1758 1307 1816 de
1350 1773 1411 1814 re
1442 1759 1660 1826 agenda
1696 1770 1799 1811 nec
1843 1752 1947 1821 ipsi

2060 581 2151 655 pia
2180 582 2602 640 consuetudine
2631 582 2943 655 sollicitus,
2975 599 3105 642 cum
3139 587 3363 645 audiret
3403 604 3431 645 a
3464 592 3711 664 quibus-

2058 670 2186 727 dam
2221 687 2349 742 qua
2402 673 2761 743 gerebantur
2790 673 2943 730 inter
2971 674 3239 733 abbattm
3289 682 3347 736 et
3383 680 3607 752 fratres,
3642 687 3705 739 et

2056 762 2253 817 audita
2281 760 2658 819 dissmulans
2684 778 2743 818 n'
2760 778 2875 834 sse,
2899 764 3098 821 eadem
3122 771 3386 839 speraret
3409 784 3709 842 corrigen-

2057 848 2128 905 da
2162 848 2252 906 vel
2284 856 2547 922 tempore
2588 851 2679 907 vel
2710 852 2958 923 ratione,
3012 853 3187 925 idque
3222 856 3451 914 minime
3496 875 3708 932 prove-

2057 938 2229 1007 niret,
2259 939 2595 1007 indignatus
2614 940 2850 998 sibimet
2874 957 3054 1014 super
3074 943 3177 1000 tali
3192 943 3555 1005 ordinatione
3567 964 3703 1005 cum

2059 1030 2483 1099 maroregravi
2511 1049 2523 1086 :
2557 1031 2726 1101 Ecce,
2766 1030 2975 1103 inquit,
3000 1033 3161 1104 quod
3195 1034 3435 1092 verebar
3457 1039 3704 1111 accidit,

2058 1131 2183 1177 ecce
2203 1134 2385 1190 quam
2398 1120 2625 1195 infelix
2638 1122 2733 1180 ezi
2744 1122 2837 1179 tus
2852 1135 2928 1178 ea:
2938 1122 3063 1179 tam
3074 1122 3227 1182 latis
3240 1126 3437 1185 initiis
3452 1130 3464 1182 !
3489 1128 3602 1185 Nec
3616 1133 3706 1187 ta-

2059 1223 2185 1265 men
2217 1210 2466 1281 abstitit,
2504 1210 2639 1282 quin
2674 1210 2891 1282 sapius
2924 1210 3113 1269 locum
3147 1213 3452 1284 reviseret,
3489 1217 3706 1275 fratres

2059 1298 2397 1370 corrigeret,
2434 1314 2528 1357 res
2583 1299 2849 1357 ecclesia
2893 1314 2961 1356 ne
2991 1300 3389 1360 minuerentur
3417 1307 3706 1363 attentius

2058 1392 2314 1452 curaret,
2342 1390 2610 1447 abbatem
2646 1390 2700 1445 in
2727 1389 2939 1461 quibus
2961 1404 3089 1446 eum
3116 1382 3706 1464 deprehendebatmi-

2060 1491 2169 1534 nus
2202 1478 2465 1534 sufﬁcere
2503 1494 2611 1535 suo
2659 1478 2904 1536 consilio
2932 1485 2991 1535 et
3037 1480 3256 1538 auxilio
3306 1488 3696 1541 sustentaret.

2061 1563 2237 1635 Cujus
2268 1565 2365 1623 i’le
2398 1566 2579 1622 vivaci
2615 1566 2929 1623 sedulitate
2962 1568 3236 1640 refectus,
3272 1584 3302 1626 a
3331 1584 3434 1627 suo
3458 1569 3557 1627 illo
3585 1586 3705 1643 quo

2058 1655 2416 1722 gravabatur
2433 1655 2584 1726 apud
2600 1670 2661 1712 se
2683 1656 2912 1713 defectu
2927 1656 3106 1727 capit
3124 1659 3489 1715 constantior
3503 1660 3704 1717 haberi

2061 1740 2115 1797 in
2147 1743 2258 1799 hiis
2291 1759 2418 1814 qua
2467 1746 2725 1801 curanda
2755 1748 3117 1817 susceperat,
3167 1753 3226 1804 et
3286 1763 3413 1820 qua
3446 1749 3602 1820 prius
3637 1755 3707 1808 ut

297 1856 624 1908 retractare
652 1851 861 1907 liceret
883 1849 1179 1919 episcopo.
1210 1851 1451 1919 Jamque
1475 1848 1689 1905 donata
1713 1846 1944 1902 abbatia
1976 1846 2033 1910 Β
2066 1831 2366 1903 ίηθκρθηθ
2392 1833 2503 1889 SUb
2522 1833 2767 1904 quadam
2793 1834 3137 1892 laSSil-Udine
3160 1837 3523 1903 fastidiebat;
3549 1839 3704 1897 unde

299 1941 645 2012 quassans“
667 1946 999 2005 caput,cum
1021 1954 1136 2007 pra
1164 1938 1550 1995 admiratione
1567 1938 1949 1995 familiaribus

296 2029 421 2087 suis
451 2028 808 2095 enuntiaret,
858 2026 1001 2081 tanti
1036 2025 1251 2080 favoris
1301 2024 1613 2080 clamorem
1651 2024 1856 2081 timere
1889 2040 1948 2081 se

297 2116 351 2173 in
385 2121 683 2189 posterum
709 2114 958 2182 alicujus
990 2114 1212 2170 sinistri
1250 2114 1505 2185 portenti
1534 2114 1673 2169 fore.
1710 2114 1821 2171 Sed
1856 2129 1950 2171 ue-

299 2221 410 2277 que.
430 2205 557 2274 ejus
580 2205 728 2260 hanc
760 2204 1219 2260 enuntiationem
1245 2208 1493 2260 eventus
1517 2202 1745 2274 fefellit,
1777 2207 1856 2273 et,
1886 2207 1948 2261 ut

300 2310 406 2353 suo
431 2294 560 2352 loco
585 2293 835 2353 dicetur.
853 2308 958 2365 per
979 2308 1278 2350 accessum
1302 2293 1584 2363 temporis
1609 2292 1762 2363 quod
1787 2307 1950 2350 vere-

299 2383 474 2442 batur
498 2384 729 2442 aceidit.
755 2382 1150 2440 Theodericus
1170 2397 1310 2439 vero
1334 2382 1702 2439 recedentem
1723 2383 1950 2453 episco-

298 2478 816 2548 pumprosrcutus
847 2476 905 2528 et
941 2474 1012 2527 ab
1043 2486 1113 2529 eo
1141 2487 1211 2528 ex
1246 2487 1406 2528 more
1435 2473 1484 2528 in
1520 2473 1788 2529 abbatem
1817 2488 1951 2529 oon-

299 2560 583 2616 secratus.
617 2555 669 2609 in
733 2553 1007 2610 Kalendis
1041 2552 1402 2623 Septembris
1459 2558 1743 2623 exceptus
1795 2558 1888 2609 est
1918 2569 1949 2610 a

301 2644 586 2701 fratribus
618 2643 892 2700 latanter
922 2641 1003 2697 illi
1033 2642 1507 2711 precedentibus.
1535 2643 1675 2709 Quia
1700 2658 1860 2713 ergo,
1887 2647 1949 2700 ut

299 2734 380 2792 ait
411 2733 645 2804 quidam
680 2733 851 2801 (133),
887 2731 1122 2789 difficile
1155 2731 1458 2801 imperium
1494 2732 1805 2799 retinetur,
1840 2733 1949 2789 nisi

297 2822 514 2879 eisdem
548 2822 775 2877 artibus
798 2820 1011 2891 quibus
1030 2825 1088 2878 et
1117 2825 1357 2891 paratur
1385 2840 1396 2875 :
1430 2821 1552 2891 ipse
1576 2821 1763 2879 adhuc
1786 2822 1952 2880 rudis

300 2925 459 2968 cura
485 2910 823 2981 pastoralis,
852 2914 1058 2977 utpote
1082 2915 1329 2967 eatenus
1352 2914 1627 2967 assuetus
1654 2912 1955 2981 providen-

301 3000 399 3057 tia
429 2999 733 3069 exteriori,
762 2997 1110 3056 recordatus
1136 2998 1366 3055 tandem
1393 2999 1525 3069 quis
1551 2999 1723 3056 fuerit
1748 3001 1952 3070 quisve

306 3102 379 3145 ex
418 3094 721 3159 assumpto
744 3087 931 3144 officio
955 3087 1403 3154 cogereturjam
1435 3088 1580 3158 ﬁeri,
1605 3088 1871 3146 nimirum
1898 3091 1954 3146 in

301 3177 462 3235 venit
494 3192 556 3233 se
581 3176 751 3233 nimis
776 3176 1050 3235 imnarem
1077 3176 1335 3248 impositi
1364 3177 1475 3233 sibi
1501 3178 1728 3245 oneris;
1761 3184 1821 3234 et
1857 3179 1953 3250 qui

301 3266 612 3325 videbatur
632 3267 798 3338 prius
816 3266 979 3338 quasi
1006 3266 1059 3322 in
1082 3266 1254 3337 plano
1276 3267 1519 3323 firmiter
1533 3272 1712 3332 stare,
1731 3268 1783 3323 in
1812 3284 1957 3340 pra-

301 3357 465 3428 cipiti
493 3357 607 3425 jam
640 3357 788 3428 pede
820 3356 1013 3427 p0sito
1045 3356 1222 3428 coepit
1256 3357 1408 3426 apud
1444 3372 1506 3413 se
1537 3357 1800 3427 graviter
1821 3359 1958 3415 titu-

304 3446 461 3503 bare.
491 3447 685 3517 Impos
703 3460 844 3516 ergo
869 3445 1365 3515 suimet,vestigia
1391 3446 1479 3503 sui
1503 3446 1956 3518 pradecessoris

305 3533 443 3592 licet
471 3539 789 3605 utcumque
821 3539 1139 3592 conaretur
1169 3536 1465 3607 prosequi,
1492 3536 1652 3592 nullo
1678 3536 1847 3593 modo
1874 3541 1961 3593 ta-

306 3639 432 3682 men
468 3625 774 3696 pravaluit
830 3625 1087 3696 assequi,
1117 3628 1173 3680 et
1206 3624 1404 3682 laxato
1455 3626 1731 3697 paulatim
1763 3627 1960 3697 rigore

304 3714 652 3786 disciplina,
678 3729 794 3786 quo
817 3713 917 3769 ille
943 3714 1190 3770 maxime
1221 3715 1406 3785 viguit
1435 3714 1505 3771 ad
1532 3715 1800 3787 gloriam,
1825 3716 1959 3773 dum

306 3817 368 3859 se
395 3803 704 3873 plusjusto
729 3801 1059 3873 quibusque
1082 3802 1575 3873 inclinaretquasi
1596 3802 1667 3859 ad
1689 3803 1959 3875 gratiam,

307 3890 363 3946 in
392 3890 555 3946 brevi
588 3890 824 3946 devenit
860 3889 932 3945 ad
954 3894 1353 3961 contemptum
1378 3906 1485 3962 per
1506 3890 1963 3948 familiaritatem

306 3978 570 4035 nimiam.
610 3977 826 4035 Volens
872 3978 1123 4049 denique
1152 3979 1331 4035 amari
1381 3994 1453 4036 ex
1496 3981 1903 4037 benevolentia
1932 3996 1962 4037 a

307 4068 520 4140 quibus
545 4067 847 4123 debuisset
873 4067 1063 4123 timeri
1088 4082 1158 4123 ex
1182 4067 1419 4125 honoris
1444 4069 1793 4140 reverentia,
1827 4068 1962 4126 dum

312 4157 646 4229 quibusque
672 4155 1075 4214 indifferenter
1092 4160 1148 4214 et
1177 4157 1501 4215 inconsulte
1526 4158 1573 4193 7°
1595 4159 1966 4230 promitteret

306 4246 595 4320 speranda
618 4262 747 4317 qua
775 4246 1047 4303 conferre
1073 4261 1182 4303 non
1209 4251 1461 4318 poterat,
1492 4248 1651 4319 ipsos
1669 4248 1845 4304 etiam
1870 4262 1968 4305 ve-

305 4340 465 4392 teres
496 4335 713 4391 amicos
762 4350 904 4393 suos
948 4335 1060 4392 sibi
1090 4336 1275 4405 gratis
1310 4336 1682 4405 inimicabat;
1716 4337 1962 4394 maxima

306 4424 457 4480 enim
490 4426 580 4480 est
617 4438 753 4495 pars
808 4424 1097 4493 beneficii,
1133 4424 1182 4481 si
1216 4425 1335 4481 cito
1388 4429 1634 4496 negatur
1664 4426 1817 4496 quod
1851 4440 1962 4481 non

310 4511 560 4569 dandum
595 4512 964 4585 promittitur
995 4513 1274 4583 (Macnon.
1299 4514 1434 4571 Sat.
1464 4530 1522 4583 η,
1548 4519 1626 4585 7),
1653 4518 1710 4571 et
1740 4514 1964 4571 amicus

2061 1935 2123 1977 ea
2160 1935 2288 1991 qua
2334 1927 2502 1977 erant
2550 1921 2816 1979 eccleia
2848 1938 2959 1979 non
2993 1924 3179 1982 solum
3213 1925 3475 1998 retinuit,
3507 1929 3609 1984 sed
3643 1934 3705 1985 et

2060 2009 2321 2080 quaedam
2348 2026 2449 2068 sua
2483 2010 2774 2069 industria
2809 2012 3113 2083 acquirere
3145 2014 3395 2072 studuit.

2130 2104 2217 2156 56.
2253 2103 2389 2173 (70.)
2450 2100 2691 2167 Quidam
2726 2101 2939 2159 nobilis
2997 2103 3314 2173 Sigefridus
3361 2120 3487 2162 cum
3521 2122 3706 2165 uxore

2060 2204 2165 2246 sua
2207 2189 2597 2247 condixerunt
2644 2191 2756 2248 sibi
2791 2190 3040 2249 invisere
3072 2192 3375 2251 ecclesiam
3410 2196 3560 2252 beati
3591 2198 3704 2253 Hu-

2061 2278 2210 2334 berti
2230 2279 2418 2349 gratia
2449 2278 2765 2348 orationis;
2791 2280 2885 2351 qui
2917 2281 2990 2336 ab
3014 2281 3223 2338 abbate
3245 2281 3484 2340 honeste
3507 2299 3703 2342 susce-

2062 2368 2167 2439 pti,
2203 2369 2531 2440 ibidemque
2583 2384 2685 2441 per
2735 2369 2992 2426 triduum
3024 2372 3260 2442 retenti,
3297 2387 3402 2444 pro
3442 2373 3701 2445 impensa

2061 2457 2171 2515 sibi
2232 2458 2633 2514 beneviilcutia
2692 2457 2948 2528 inducti,
3002 2457 3279 2517 allodium
3335 2460 3405 2517 de
3434 2462 3702 2518 Moroldi-

2061 2546 2188 2603 heis
2220 2545 2391 2619 (134),
2426 2547 2581 2616 quod
2614 2550 2743 2603 erat
2770 2561 2993 2612 eorum,
3027 2548 3293 2606 ecclesia
3340 2548 3699 2622 obtulerunt,

2063 2636 2272 2706 partim
2310 2636 2496 2705 gratis
2528 2635 2878 2701 donandum,
2913 2637 3124 2708 partim
3159 2639 3231 2693 ab
3261 2637 3346 2695 eis
3377 2640 3697 2696 emendum.

2063 2723 2308 2781 Gavisus
2341 2726 2523 2780 abbas
2556 2739 2619 2781 se
2662 2724 2957 2781 invenisse
3007 2726 3502 2797 opportunitatem
3533 2727 3704 2799 hujus

2062 2813 2489 2885 acquisitionis,
2505 2813 2811 2870 duodecim
2840 2828 3065 2871 marcas
3088 2816 3314 2885 argenti
3340 2817 3462 2874 viro
3484 2822 3543 2873 et
3567 2833 3704 2874 uxo-

2063 2903 2110 2959 ri
2144 2903 2271 2974 ejus
2321 2911 2633 2973 antequam
2685 2902 3030 2959 recederent
3078 2904 3372 2975 appendit,
3407 2909 3465 2961 et
3502 2906 3705 2978 pradi-

2061 2997 2213 3050 ctam
2241 2991 2673 3064 possessionem
2695 3006 2824 3049 cum
2846 2992 3059 3049 familia
3091 2998 3151 3049 et
3170 2994 3436 3051 omnibus
3460 2994 3583 3065 ejus
3605 3010 3703 3066 ap-

2066 3081 2342 3155 penditiis
2369 3080 2639 3137 ecclesia
2671 3081 2726 3136 in
2750 3088 3097 3154 perpetuum
3130 3080 3396 3152 legaliter
3425 3082 3691 3139 donatam

2062 3171 2337 3244 optinuit.

2136 3265 2221 3317 57.
2258 3260 2396 3333 (71.)
2457 3259 2786 3331 Stephanus
2815 3259 3172 3317 castellanus
3222 3260 3584 3318 Montisacuti
3615 3276 3706 3318 ca-

2067 3355 2228 3406 satus
2256 3355 2384 3404 erat
2414 3348 2701 3418 ecclesia,
2738 3351 3014 3419 quantum
3041 3347 3112 3404 ad
3145 3347 3293 3405 filios
3320 3354 3376 3404 et
3413 3348 3558 3405 tilias
3588 3347 3709 3404 nul-

2068 3440 2186 3494 lum
2211 3438 2432 3494 habens
2453 3438 2746 3494 heredem.
2781 3438 2957 3508 Cujus
2980 3438 3292 3495 hereditati
3316 3453 3443 3495 cum
3474 3444 3708 3510 nepotes

2068 3528 2229 3584 illius
2252 3527 2564 3597 inhiarent,
2590 3528 2770 3583 abbas
2792 3532 3189 3584 casamentum
3213 3528 3363 3599 quod
3382 3532 3505 3583 erat
3525 3527 3707 3583 eccle-

2069 3618 2169 3674 sia
2193 3617 2264 3674 ab
2287 3615 2489 3673 eodem
2514 3615 2807 3687 Stephano
2842 3615 3106 3685 redemit,
3140 3621 3197 3672 et
3233 3620 3364 3672 ante
3397 3614 3707 3687 quinquen-

2072 3708 2230 3763 nium
2256 3706 2461 3762 mortis
2493 3704 2621 3775 ejus
2654 3704 2943 3761 redditum
2976 3705 3087 3761 sibi
3123 3705 3471 3762 infirmorum
3504 3706 3705 3762 usibus

2073 3795 2398 3868 deputavit.
2433 3794 2758 3851 Edillcavit
2796 3799 3077 3865 praeterea
3107 3794 3450 3867 hospitalem
3482 3795 3703 3851 domum

2073 3885 2145 3942 ad
2179 3884 2611 3956 susceptionem
2636 3883 3170 3955 super-venientium
3196 3884 3628 3956 peregrinorum
3648 3888 3703 3939 et

2075 3981 2541 4046 repausatlonem
2568 3972 2927 4029 infirmorum
2951 3987 3287 4043 pauperum,
3306 3972 3709 4046 deputatisibi-

2074 4063 2202 4121 dem
2255 4061 2604 4120 molendinis
2640 4061 2929 4118 Caviniaci
2962 4061 3082 4119 fisci
3141 4062 3211 4119 ad
3245 4077 3406 4119 usum
3463 4061 3701 4119 illorum.

2076 4153 2391 4210 Constituit
2417 4151 2591 4209 etiam
2619 4151 2902 4222 integram
2919 4150 3288 4223 prabendam
3305 4151 3586 4209 communi
3604 4151 3707 4209 fra-

2077 4247 2230 4300 trum
2264 4241 2602 4298 elemosina
2653 4239 2916 4311 quotidie
2948 4239 3267 4297 addendam
3300 4240 3370 4296 ad
3402 4239 3703 4296 remedium

2076 4331 2401 4389 animarum
2434 4330 2607 4402 hujus
2664 4329 3137 4399 congregationis
3183 4329 3512 4403 specialiter
3538 4328 3708 4386 desti-

2076 4425 2294 4477 natam.

2148 4513 2234 4568 58.
2271 4508 2409 4581 (72.)
2439 4508 2672 4565 Decima
2704 4508 2887 4566 totius
2920 4508 3384 4566 Amberlacensis
3407 4508 3523 4565 fisci
3561 4507 3707 4565 vide-

310 4601 389 4658 ita
422 4602 598 4658 debet
630 4601 854 4671 haberi,
921 4606 986 4658 ut
1018 4605 1261 4672 putetur
1292 4602 1563 4659 inimicus
1596 4617 1769 4674 posse
1803 4602 1954 4659 fieri.
1993 4591 2045 4651 D
2076 4597 2217 4654 licet
2240 4596 2793 4666 indominicationis,
2827 4601 2953 4654 erat
2977 4611 3080 4654 sua
3104 4596 3147 4630 τί
3170 4596 3432 4654 ecclesia
3455 4612 3579 4669 qua
3602 4598 3705 4654 sita

308 4690 470 4747 {inde
493 4706 623 4747 cum
650 4692 802 4746 inter
825 4704 955 4746 eum
981 4695 1039 4746 et
1065 4690 1171 4747 sibi
1199 4691 1550 4748 commissos
1570 4706 1687 4749 sus.
1710 4690 1966 4748 itaretur

312 4780 584 4849 frequens
616 4779 931 4849 disSensio,
984 4779 1055 4835 ad
1088 4780 1195 4835 hoc
1231 4795 1410 4851 usque
1464 4774 1734 4853 prorupit
1761 4796 1963 4838 eorum

312 4873 510 4925 mutua
534 4866 877 4938 indignatio,
916 4871 998 4939 ut,
1030 4868 1257 4940 privato
1288 4870 1655 4938 germinantc
1683 4869 1837 4926 inter
1865 4884 1966 4927 eos

312 4957 469 5027 odio,
494 4963 903 5015 succresceret
928 4957 981 5013 in
999 4962 1297 5030 posterum
1324 4958 1555 5030 publica
1577 4958 1762 5031 ipsius
1782 4959 1968 5017 eccle-

311 5043 412 5103 sia
440 5046 687 5103 maxima
721 5045 1012 5104 confusio.
1046 5045 1155 5103 Sed
1185 5046 1257 5103 de
1280 5046 1393 5104 hiis
1426 5047 1656 5105 interim
1682 5047 1970 5104 intermit-

312 5134 575 5192 tendum.

2076 4688 2243 4745 estin
2270 4689 2478 4743 Ambra
2510 4687 2661 4743 beati
2693 4686 2852 4743 Petri
2885 4687 3159 4760 apostoli,
3195 4692 3250 4743 et
3277 4688 3383 4744 hoc
3405 4702 3432 4743 a
3456 4692 3709 4758 tempore

2074 4775 2337 4847 Beregisi
2367 4775 2622 4847 abbatis,
2648 4775 2799 4832 dono
2833 4775 3020 4848 Pipini
3053 4776 3148 4847 qui
3172 4780 3300 4832 erat
3322 4776 3498 4847 major
3518 4775 3709 4831 domus

2075 4864 2419 4923 Theoderici
2455 4865 2628 4935 regis.
2664 4866 2943 4938 Tempore
2975 4871 3167 4923 autem
3201 4864 3447 4922 Heinrici
3482 4865 3710 4936 impera-

2075 4955 2226 5013 toris
2277 4958 2662 5026 cognomento
2721 4954 2826 5027 Pii,
2860 4955 2951 5012 cui
3012 4954 3284 5011 heredem
3316 4969 3427 5011 non
3486 4952 3706 5010 habenti

2079 5044 2380 5102 Conradus
2418 5044 2473 5100 in
2523 5059 2765 5114 regnum
2816 5044 3124 5114 successit,
3161 5042 3522 5115 Cunegondis
3550 5042 3710 5100 comi-

2078 5135 2244 5206 tissa,
2269 5148 2401 5207 qua
2425 5134 2617 5191 fuerat
2666 5134 2835 5192 unica
2862 5133 3166 5191 Gozelouis
3188 5133 3418 5191 comitis
3468 5132 3709 5190 domina-

1689 5260 1927 5320 VARIE
1955 5259 2250 5319 LECTION
2256 5259 2357 5317 ES.

382 5383 429 5419 ⁸⁸
458 5384 681 5467 clamor
733 5398 1027 5460 superscr.
1084 5385 1178 5446 vel
1234 5386 1399 5445 favor
1430 5391 1485 5444 1.

314 5471 575 5530 propria.

1665 5385 1712 5421 ⁸³
1725 5386 1867 5463 fort
1894 5386 2217 5459 quassabat
2278 5383 2589 5459 legendum
2645 5384 2750 5442 est.

2861 5384 2909 5418 7°
2940 5385 2983 5441 i.
3040 5384 3175 5441 dum
3208 5400 3261 5457 p.
3301 5389 3344 5440 1.
3492 5381 3536 5416 τι
3565 5382 3599 5439 i.
3632 5397 3676 5437 e.

1916 5583 2140 5641 NOTAE.

394 5703 541 5779 (133)
573 5706 904 5779 Sallustius,
937 5708 1131 5781 Catil.,
1167 5724 1218 5766 c.
1262 5714 1313 5765 2.

2055 5709 2204 5782 (135)
2231 5707 2490 5768 Morhez.
2526 5711 2595 5767 Ii.
