3948 6412
476 390 581 444 24⁸7

1010 387 1067 443 S.
1108 382 1462 443 BRUNONIS
1508 375 2152 439 CARTHUSIANORUM
2196 372 2679 431 INSTITUTORIS
2718 371 2871 428 OPP.
2930 369 3105 426 PARS
3162 369 3230 424 Il.

3604 380 3611 385 '
3675 368 3789 423 2L8

481 528 511 569 ο
537 511 833 579 Corinthii,
862 528 919 568 os
940 515 1203 567 nostrum
1222 509 1386 565 modo
1401 513 1560 582 patet
1581 507 1652 563 ad
1674 524 1763 563 vos
1781 527 1798 562 :
1820 505 1986 560 multa
2008 503 2075 558 de
2097 504 2147 563 A
2177 502 2264 556 ita
2291 499 2572 571 apparebit
2600 497 2747 570 quod
2775 512 2881 569 ego
2936 511 3030 551 ero
3080 495 3226 550 Deus
3264 493 3532 582 illorum,
3560 496 3635 582 et;
3668 491 3787 582 ipsi

479 600 659 673 gloria
687 609 870 656 nostra
902 608 955 655 et
983 600 1113 655 satis
1145 598 1339 654 diffuse
1371 579 1665 668 loquendo,
1699 595 1791 667 qui
1819 594 1874 649 in
1905 591 2074 665 priori
2173 591 2334 645 eritis
2366 588 2509 643 mihi
2536 588 2800 660 populus.
2832 583 3156 655 Quicunque
3188 581 3332 673 enim
3361 580 3600 673 viderint
3613 579 3785 673 justi-

482 689 727 760 Epistola
769 705 855 743 me
898 704 1117 744 servum
1164 687 1406 743 omnium
1449 685 1728 757 proposui.
1776 685 1842 739 Et
1889 682 2072 753 utique

482 793 546 832 os
577 785 820 833 nostrum
858 777 1024 850 digne
1063 784 1245 847 patere
1296 775 1487 847 potuit,
1540 774 1664 844 quia
1692 789 1788 829 cor
1816 774 2074 827 nostrum

481 865 792 920 dilatatam
820 869 906 920 est
936 884 955 920 :
984 880 1323 937 quaecunque
1342 863 1486 917 enim
1506 862 1574 916 de
1595 860 1767 933 gloria
1798 866 1987 913 nostra
2002 857 2077 911 lo-

483 968 642 1024 quor,
692 953 870 1008 omnia
921 953 977 1007 in
1021 968 1110 1008 me
1166 951 1540 1021 circumspicit
1576 966 1698 1004 esse
1744 946 2075 1003 conscientia

480 1057 630 1096 mea.
667 1042 737 1096 Et
766 1041 895 1113 quia
924 1057 987 1097 os
1017 1048 1162 1112 patet
1190 1048 1244 1096 et
1272 1055 1369 1095 cor
1383 1040 1658 1093 dilatatum
1689 1045 1789 1103 est,
1818 1038 1930 1105 jam
1961 1050 2074 1088 am-

480 1129 624 1200 plius
653 1146 770 1185 non
791 1130 1207 1202 angustiamini
1234 1130 1296 1184 in
1317 1129 1494 1184 nobis.
1527 1126 1668 1195 Quia
1697 1126 1842 1181 enim
1864 1123 2075 1194 simpli-

483 1217 622 1274 citer
658 1233 757 1273 vos
804 1218 981 1285 docui,
1020 1234 1159 1289 quos
1190 1217 1353 1272 rudes
1380 1217 1713 1279 inveneram,
1748 1213 1925 1268 dicitis
1954 1210 2075 1268 cul-

481 1321 609 1378 pam
638 1321 817 1361 meam
866 1323 988 1361 esse
1038 1306 1184 1377 quod
1232 1305 1287 1361 in
1334 1304 1593 1360 charitate
1635 1301 1849 1373 angusti
1894 1300 2073 1355 estis:

486 1395 584 1449 sed
625 1394 809 1466 utique
853 1395 907 1449 in
956 1394 1207 1465 exemplo
1252 1401 1441 1449 nostro
1490 1392 1631 1447 bene
1677 1398 1899 1461 apparet
1928 1388 2075 1460 quod

482 1498 595 1539 non
635 1483 1019 1554 angustiamini
1073 1483 1131 1538 in
1174 1483 1333 1538 nobis
1369 1497 1382 1536 :
1415 1482 1510 1538 sed
1556 1479 1974 1552 angustiamini
2014 1478 2075 1532 in

484 1572 788 1627 visceribus
816 1574 1036 1639 vestris,
1070 1571 1127 1626 id
1173 1579 1256 1627 est
1285 1571 1445 1641 hujus
1484 1568 1787 1625 tenacitatis
1817 1575 1868 1621 et
1900 1581 2077 1637 angu-

485 1658 602 1715 stia:
632 1659 805 1715 fomes
852 1668 935 1715 est
985 1660 1040 1714 in
1087 1660 1344 1715 cordibus
1403 1658 1618 1713 vestris.
1669 1655 1767 1711 Vel
1812 1654 1989 1722 aliter,
2021 1661 2079 1707 ut

485 1763 657 1818 pauca
679 1748 931 1819 superius
952 1756 1225 1803 mutemus
1252 1764 1264 1801 :
1290 1748 1585 1802 Hortamur
1605 1761 1723 1809 vos,
1748 1759 1816 1798 ne
1850 1743 2076 1815 gratiam

488 1836 591 1891 Dei
648 1835 843 1890 frustra
888 1836 1212 1907 recipiatis:
1248 1835 1396 1907 quod
1452 1850 1521 1888 ne
1568 1833 1662 1887 ﬁat
1698 1832 1901 1887 nemini
1959 1831 2147 1917 sitisB

486 1924 680 1979 dantes
708 1924 872 1978 ullam
902 1923 1258 1980 oﬁ'ensionem
1288 1938 1460 1994 pravo
1489 1938 1658 1993 Opere
1687 1920 1773 1976 vel
1804 1919 2072 1990 exemplo,

486 2020 544 2066 ut
573 2012 932 2067 ministerium
977 2020 1247 2081 nostrum,
1280 2012 1335 2067 id
1365 2020 1448 2066 est
1474 2027 1542 2066 ne
1568 2009 1941 2080 magisterium
1970 2023 2075 2063 no-

488 2108 658 2155 strum
691 2117 792 2171 per
817 2116 915 2159 vos
945 2100 1282 2157 offendentes
1321 2100 1389 2155 sit
1418 2098 1795 2170 vituperabile.
1827 2098 1907 2152 Ne
1936 2096 2077 2151 detis

486 2187 867 2259 offensionem,
914 2190 1012 2245 sed
1059 2190 1412 2245 exhibeamus
1459 2204 1561 2243 nos
1604 2187 1659 2241 in
1706 2185 1980 2253 omnibus,
2019 2192 2077 2239 ut

486 2278 684 2333 melius
711 2293 808 2333 eos
836 2277 1038 2334 alliciat
1067 2278 1137 2333 ad
1168 2278 1389 2343 bonum,
1422 2292 1545 2332 cum
1564 2275 1772 2331 eisdem
1800 2291 1859 2329 se
1888 2274 2078 2328 inserit

486 2366 676 2423 dicens
710 2384 723 2421 :
756 2383 857 2421 nos
886 2367 1028 2422 sicut
1055 2366 1157 2422 Dei
1196 2366 1499 2421 ministros.
1536 2365 1607 2420 Et
1644 2364 1944 2420 secundum
1973 2364 2078 2417 hoc

488 2455 628 2511 sicut
676 2454 730 2510 in
774 2455 1001 2526 propria
1061 2454 1463 2528 signiﬁcatione
1515 2454 1639 2509 erit.
1704 2452 1902 2508 Omnia
1957 2468 2078 2523 quae

487 2551 790 2615 sequuntur
817 2559 926 2599 non
970 2551 1264 2609 mutantur,
1312 2543 1417 2597 nisi
1463 2542 1608 2614 quod
1652 2542 1792 2597 sicut
1831 2541 1903 2595 ad
1933 2541 2078 2595 Pau-

484 2631 617 2698 lum,
650 2632 730 2688 sic
759 2632 1002 2703 exposita
1029 2632 1099 2687 ad
1130 2647 1226 2688 eos
1258 2640 1505 2702 spectare
1535 2631 1801 2687 dicantur.
1830 2630 1900 2685 Et
1928 2629 2073 2700 quia,

487 2736 521 2776 ο
552 2720 830 2789 Corinthii,
855 2737 997 2776 nunc
1025 2720 1193 2776 multa
1219 2728 1273 2776 et
1292 2720 1473 2792 ampla
1494 2726 1768 2791 praecepta
1796 2717 1867 2773 do
1899 2717 2074 2782 vobis,

485 2810 651 2864 modo
680 2816 829 2880 patet
856 2825 921 2864 os
970 2817 1217 2865 nostrum
1266 2810 1335 2864 ad
1364 2824 1462 2864 vos
1489 2808 1660 2862 multa
1688 2805 2075 2878 praecipiendo,

487 2897 580 2969 qui
608 2914 695 2953 me
724 2898 879 2969 prius
915 2898 1229 2970 arguebatis
1275 2913 1373 2952 vos
1420 2896 1781 2952 commonitos
1827 2910 1950 2950 esse
2011 2894 2079 2948 de

486 2986 692 3057 paucis.
725 2986 842 3041 Nec
869 2986 1067 3040 mirum
1097 2985 1143 3040 si
1171 2984 1380 3056 patenti
1406 3000 1502 3040 ore
1523 2984 1690 3039 multa
1710 2982 1865 3038 vobis
1884 2981 2072 3053 praeci-

487 3074 600 3146 pio,
633 3073 759 3146 quia
788 3089 885 3130 cor
913 3081 1161 3129 nostrum
1192 3073 1475 3127 dilatatum
1508 3080 1607 3138 est,
1632 3071 1687 3127 id
1721 3078 1805 3126 est
1822 3070 2005 3126 omnia
2025 3070 2081 3123 in

487 3178 578 3218 me
606 3161 823 3217 invenio
866 3177 988 3234 quae
1032 3161 1190 3217 vobis
1220 3161 1498 3232 Operanda
1546 3160 1723 3215 trado.
1774 3161 1841 3214 Et
1879 3175 1944 3214 ex
1974 3159 2079 3214 hoc

484 3252 598 3322 jam
649 3257 870 3322 apparet
901 3266 913 3305 :
948 3249 1073 3322 quia
1143 3265 1252 3305 non
1316 3248 1697 3322 angustiamini
1736 3248 1791 3303 in
1839 3247 1995 3303 nobis
2035 3247 2080 3301 si

489 3354 666 3411 pauca
710 3338 1033 3410 operamini,
1080 3339 1178 3393 sed
1240 3337 1629 3409 angustiamini
1675 3337 1731 3391 in
1777 3336 2081 3392 visceribus

490 3428 705 3485 vestris.
744 3427 925 3484 Nolite
947 3435 1130 3483 autem
1169 3426 1484 3500 angustiari,
1522 3427 1620 3481 sed
1648 3426 1906 3482 charitate
1936 3424 2082 3479 dila-

489 3516 677 3572 temini
711 3532 725 3572 :
759 3517 899 3573 sicut
927 3516 1049 3572 aliae
1086 3516 1352 3573 Ecclesia:
1380 3516 1455 3571 ita
1484 3524 1539 3571 et
1567 3531 1666 3571 vos
1699 3532 1713 3569 :
1745 3523 1798 3570 et
1826 3514 1932 3569 hoc
1960 3514 2081 3569 dico

488 3606 646 3664 vobis
679 3610 950 3679 tanquam
976 3605 1135 3675 ﬁliis,
1183 3620 1282 3661 vos
1312 3605 1435 3661 dico
1459 3620 1558 3675 spe
1588 3603 1809 3676 quidem
1834 3603 1944 3673 jam
1977 3602 2083 3658 ha-

490 3697 682 3752 bentes
721 3696 978 3751 eamdem
1011 3696 1534 3750 remunerationem
1574 3708 1735 3764 quam
1772 3707 1874 3747 nos
1911 3690 2083 3745 habe-

490 3799 633 3851 mus,
667 3783 875 3839 scilicet
909 3782 1190 3838 cmlestem
1237 3782 1487 3852 gloriam.
1541 3781 1611 3835 Et
1640 3789 1697 3834 ut
1735 3780 1791 3835 in
1816 3779 2085 3834 mandatis

490 3872 593 3927 Dei
612 3871 959 3927 dilatemini.
974 3872 1156 3927 Nolite
1176 3870 1379 3926 ducere
1390 3872 1597 3940 jugum
1618 3886 1748 3925 cum
1764 3869 2083 3937 inﬁdelibus

490 3958 722 4031 pseudo.
757 3960 861 4014 Per
881 3960 1073 4029 jugum
1122 3967 1364 4013 veterem
1411 3956 1687 4031 significat
1730 3958 1929 4028 legem,
1964 3974 2086 4028 quae

493 4048 737 4121 graviter
765 4047 1106 4119 opprimebat
1134 4048 1523 4103 observatores
1551 4063 1699 4101 suos.
1722 4047 1842 4103 Non
1873 4047 2085 4101 debetis

494 4137 699 4193 ducere
722 4137 915 4207 jugum
963 4152 1088 4192 cum
1139 4135 1449 4191 inﬁdelibus
1484 4151 1496 4190 :
1531 4136 1655 4208 quia
1691 4152 1790 4191 vos
1828 4135 1977 4205 justi,
2008 4135 2085 4190 illi

490 4224 663 4297 iniqui
693 4239 706 4280 :
740 4240 837 4281 vos
866 4225 983 4292 lux,
1032 4224 1108 4279 illi
1152 4225 1394 4281 tenebras
1426 4241 1439 4278 :
1467 4225 1522 4280 in
1552 4224 1706 4281 vobis
1738 4224 1998 4291 Christus,
2031 4224 2087 4279 in

493 4313 600 4369 illis
629 4313 795 4369 Belial
828 4329 841 4368 :
871 4329 970 4370 vos
1010 4311 1220 4381 ﬁdeles,
1269 4314 1347 4369 illi
1375 4312 1625 4369 inﬁdeles
1656 4331 1669 4368 :
1701 4329 1798 4369 vos
1824 4312 2086 4384 templum

493 4403 615 4472 Dei,
648 4402 725 4458 illi
757 4402 1041 4459 idolorum.
1077 4403 1141 4457 Et
1174 4420 1295 4476 qua
1313 4403 1943 4476 partieipatiojustitiaz
1956 4419 2086 4457 cum

490 4492 797 4564 iniquitate
818 4493 964 4548 Μαι
985 4508 1107 4564 qua
1121 4494 1358 4549 societas
1382 4494 1496 4548 luci
1513 4492 1584 4547 ad
1607 4492 1905 4547 tenebras?
1925 4489 2085 4545 Nulla

2101 3211 2146 3272 C

2172 678 2304 732 tiam
2333 692 2545 744 eorum,
2582 676 2764 729 dicent
2796 690 2810 728 :
2845 673 2909 729 Hi
2940 680 3073 727 sunt
3101 669 3335 741 populus
3364 668 3486 734 Dei,
3520 675 3577 723 et
3624 667 3785 721 Deus

2174 766 2380 820 habitat
2413 767 2466 819 in
2499 764 2627 819 illis.
2660 763 2815 818 Nunc
2844 762 2913 816 de
2945 761 3046 816 hac
3073 757 3393 814 auctoritate
3429 756 3595 812 infert
3622 756 3787 810 Pau-

2174 855 2257 908 lus
2288 855 2452 908 aliam
2478 854 2547 907 de
2576 852 2772 907 eodem
2802 849 3094 905 Ezechiele
3124 853 3413 918 sumptam.
3446 845 3551 901 Ubi
3581 844 3638 899 in
3670 859 3784 899 ca-

2173 943 2415 1013 ptivitate
2446 940 2756 1011 Babylonia:
2784 938 2988 994 Judaeis
3020 936 3284 991 suadebat
3313 934 3484 1002 exire,
3518 941 3573 988 et
3602 947 3784 1003 sepa-

2174 1031 2285 1085 rari
2314 1030 2384 1085 ab
2412 1030 2669 1101 Operibus
2697 1027 2856 1082 malis
2884 1026 3183 1097 gentilium.
3216 1023 3376 1093 Quod
3408 1022 3455 1077 si
3500 1020 3781 1088 facerent,

2176 1119 2523 1191 promittebat
2543 1117 2623 1173 eis
2653 1133 2683 1171 a
2713 1117 2829 1172 Deo
2852 1114 3244 1182 liberationem,
3264 1112 3453 1167 dicens
3488 1125 3501 1164 :
3534 1111 3791 1182 Propter

2174 1208 2339 1281 quod,
2365 1206 2592 1273 scilicet,
2617 1213 2675 1260 ut
2706 1205 2821 1259 sitis
2850 1203 3084 1275 populus
3118 1201 3237 1268 Dei,
3266 1202 3333 1256 de
3362 1200 3544 1255 medio
3572 1199 3796 1270 impio-

2174 1314 2304 1353 rum
2334 1298 2489 1351 exite
2522 1315 2540 1350 :
2570 1309 2677 1350 non
2706 1301 2998 1364 operantes
3033 1306 3154 1363 qua:
3193 1295 3503 1361 operantur.
3541 1288 3791 1359 Separa-

2174 1386 2321 1440 mini
2343 1386 2517 1439 etiam
2538 1383 2609 1438 ab
2637 1382 2845 1437 eisdem
2875 1380 3169 1445 voluntate,
3204 1393 3313 1433 non
3343 1384 3547 1432 tantum
3576 1390 3782 1446 opere.

2177 1474 2267 1529 Sic
2295 1481 2475 1527 autem
2506 1470 2624 1526 ﬁeri
2652 1486 2879 1526 necesse
2901 1476 3004 1534 est,
3030 1468 3154 1540 quia
3173 1468 3289 1522 baac
3318 1465 3449 1522 dicit
3464 1463 3738 1520 Dominus
3767 1478 3783 1516 :

2176 1563 2251 1617 Ne
2307 1561 2471 1616 etiam
2522 1561 2821 1631 tetigeritis
2877 1557 3257 1620 immundum,
3277 1555 3331 1609 id
3361 1561 3444 1609 est
3471 1567 3576 1609 nec
3606 1552 3783 1608 etiam

2176 1649 2593 1705 delectationem
2623 1646 2917 1703 habueritis
2939 1646 2993 1700 in
3014 1642 3368 1699 immunditiis
3389 1656 3599 1708 eorum,
3622 1640 3785 1711 quod

2177 1738 2370 1792 saltem
2400 1738 2650 1807 placeant
2678 1736 2854 1791 vobis.
2889 1735 2955 1789 Et
2981 1735 3032 1789 si
3059 1735 3163 1788 hoc
3194 1730 3455 1795 feceritis,
3489 1744 3587 1801 ego
3618 1730 3783 1784 reci-

2174 1828 2331 1898 piam
2364 1843 2453 1881 vos
2490 1845 2507 1881 :
2540 1830 2595 1881 et
2628 1826 2773 1880 vobis
2804 1822 3041 1893 receptis
3070 1837 3163 1877 ero
3193 1821 3256 1876 in
3309 1823 3557 1893 patrem,
3589 1821 3649 1872 et
3682 1833 3785 1872 vos

2177 1917 2337 1970 eritis
2358 1916 2503 1969 mihi
2532 1916 2593 1969 in
2615 1915 2784 1983 ﬁlios,
2820 1914 2905 1968 vel
2932 1911 3094 1966 etiam
3121 1911 3175 1964 in
3213 1909 3365 1978 ﬁlias
3396 1923 3518 1979 qua
3575 1905 3782 1974 majori

2177 2002 2455 2073 diligentia
2484 2010 2748 2057 ornantur
2777 2016 2809 2056 a
2838 1999 3172 2071 parentibus.
3204 1998 3274 2053 Et
3300 1997 3419 2053 haec
3447 1994 3631 2050 omnia
3653 2010 3781 2049 cre-

2177 2089 2309 2145 dere
2340 2098 2391 2144 et
2422 2089 2596 2146 facere
2626 2105 2725 2146 vos
2751 2096 2983 2162 oportet,
3014 2088 3138 2161 quia
3165 2091 3283 2143 haec
3320 2086 3463 2141 dicit
3493 2083 3780 2141 Dominus

2177 2179 2553 2251 omnipotens.

2745 2308 2969 2365 CAPUT
3034 2309 3149 2365 VII.

2254 2470 2277 2501 ι
2311 2449 2423 2505 Has
2454 2450 2623 2522 igitur
2675 2450 2935 2505 habentes
2963 2450 3376 2521 promissiones,
3438 2453 3777 2522 charissimi,

2184 2560 2206 2589 ι
2240 2539 2562 2594 mundemus
2592 2555 2693 2594 nos
2722 2539 2792 2595 ab
2825 2540 2971 2594 omni
3015 2540 3423 2611 inquinamento
3479 2543 3665 2599 carnis
3725 2553 3786 2600 et

2183 2651 2205 2674 α
2239 2628 2477 2698 spiritus,
2536 2627 2880 2698 perﬁcientes
2935 2628 3417 2685 sanctiﬁcationem
3465 2631 3522 2685 in
3578 2632 3783 2689 timore

2184 2737 2206 2767 ι
2240 2717 2359 2771 Dei.
2394 2717 2579 2787 Capite
2595 2733 2720 2771 nos.
2750 2717 3037 2772 Neminem
3056 2716 3316 2774 laesimus.
3341 2719 3628 2775 Neminem
3650 2736 3785 2777 cor-

2184 2825 2207 2856 ι
2244 2805 2512 2875 rupimus.
2544 2806 2837 2861 Neminem
2876 2806 3352 2862 circumvenimus.
3383 2808 3508 2863 Non
3536 2809 3605 2864 ad
3633 2826 3781 2865 con-

2184 2916 2206 2941 α
2242 2894 2641 2949 demnationem
2674 2904 2909 2949 vestram
2940 2895 3081 2950 dico.
3116 2895 3473 2952 Praediximus
3499 2896 3783 2973 [Praedixi]

2184 3003 2207 3033 ι
2244 2982 2390 3037 enim
2420 2983 2566 3054 quod
2595 2983 2652 3037 in
2692 2983 2949 3039 cordibus
2979 2984 3182 3038 nostris
3236 2985 3369 3039 estis
3394 2986 3465 3040 ad
3522 3001 3787 3044 commo-

2184 3093 2206 3119 ε
2244 3071 2492 3126 riendum
2522 3079 2576 3127 et
2626 3073 2692 3127 ad
2723 3072 3141 3127 convivendum.
3194 3073 3362 3129 Multa
3398 3074 3531 3129 mihi
3576 3074 3784 3132 ﬁducia

2185 3181 2207 3211 ι
2247 3168 2328 3215 est
2354 3160 2497 3231 apud
2527 3176 2646 3227 vos,
2680 3161 2849 3216 multa
2879 3161 3012 3216 mihi
3041 3161 3292 3234 gloriatio
3321 3178 3423 3234 pro
3450 3164 3627 3220 vobis.
3662 3166 3784 3221 Re-

2184 3271 2205 3295 u
2244 3249 2421 3319 pletus
2454 3265 2574 3303 sum
2604 3249 2973 3305 consolatione
3008 3265 3021 3304 :
3056 3251 3448 3321 superabundo
3489 3254 3699 3323 gaudio
3727 3255 3789 3311 in

2185 3360 2209 3389 ι
2244 3337 2393 3393 omni
2449 3338 2791 3393 tribulatione
2822 3348 3026 3393 nostra.
3085 3340 3223 3394 Nam
3262 3348 3315 3395 et
3370 3356 3495 3397 cum
3524 3342 3787 3399 venisse-

2185 3446 2207 3476 ι
2242 3442 2363 3481 mus
2417 3426 2812 3496 Macedoniam,
2846 3427 3051 3482 nullam
3103 3428 3349 3500 requiem
3403 3430 3591 3485 habuit
3648 3447 3789 3489 caro

2185 3538 2207 3561 ιι
2242 3524 2466 3582 nostra,
2500 3516 2598 3570 sed
2640 3531 2858 3571 omnem
2913 3516 3310 3573 tribulationem
3360 3518 3512 3589 'passi
3565 3536 3783 3577 sumus.

2186 3624 2208 3653 ι
2244 3603 2398 3659 Foris
2424 3620 2642 3676 pugnae,
2676 3604 2821 3659 intus
2876 3604 3121 3660 timores.
3157 3605 3265 3661 Sed
3320 3606 3412 3679 qui
3465 3608 3787 3665 consolatur

2186 3714 2208 3739 α
2246 3692 2497 3757 humiles,
2532 3693 2842 3749 consolatus
2872 3702 2952 3748 est
2986 3709 3087 3749 nos
3116 3695 3264 3750 Deus
3291 3695 3347 3749 in
3371 3695 3605 3752 adventu
3648 3698 3783 3755 Titi.

2187 3803 2209 3828 α
2243 3781 2365 3836 Νοη
2396 3781 2575 3837 solum
2604 3789 2784 3837 autem
2813 3781 2868 3837 in
2926 3782 3163 3838 adventu
3207 3783 3340 3852 ejus,
3376 3784 3473 3840 sed
3529 3786 3694 3840 etiam
3726 3788 3786 3843 in

2188 3891 2210 3919 α
2247 3870 2617 3926 consolatione
2647 3886 2751 3941 qua
2790 3868 2926 3943 [qui]
2983 3871 3297 3927 consolatus
3353 3880 3434 3927 est
3484 3872 3543 3928 in
3595 3875 3786 3942 vobis,

2188 3981 2209 4005 α
2246 3957 2491 4013 referens
2537 3959 2697 4013 nobis
2725 3967 2963 4014 vestrum
3021 3959 3373 4023 desiderium,
3407 3970 3646 4017 vestrum
3676 3964 3789 4021 fle-

2190 4070 2211 4093 u
2248 4053 2381 4114 tum,
2415 4054 2658 4101 vestram
2688 4047 3090 4103 aemulationem
3118 4064 3220 4119 pro
3249 4065 3338 4105 me
3371 4067 3385 4104 :
3417 4050 3492 4104 ita
3516 4058 3573 4104 ut
3601 4054 3789 4124 magis

2188 4158 2209 4181 «ι
2249 4135 2566 4207 gauderem.
2600 4134 2867 4204 Quoniam
2898 4136 3000 4191 etsi
3045 4137 3362 4193 contristavi
3392 4153 3491 4194 vos
3545 4139 3601 4193 in
3657 4141 3788 4211 epi-

2189 4247 2210 4271 α
2247 4224 2405 4290 stola,
2437 4238 2546 4279 non
2576 4241 2663 4279 me
2701 4224 2942 4295 pcenitet.
3004 4227 3071 4281 Et
3126 4225 3172 4280 si
3231 4227 3525 4297 pmniteret
3579 4228 3782 4285 videns

2190 4333 2212 4362 ι
2250 4313 2395 4383 quod
2425 4312 2656 4383 epistola
2685 4313 2799 4382 illa,
2835 4322 2887 4368 et
2916 4313 2964 4368 si
2992 4315 3061 4369 ad
3078 4315 3266 4371 horam
3298 4331 3396 4371 vos
3418 4316 3786 4385 contristavit,

2190 4422 2213 4453 ι
2247 4416 2391 4457 nunc
2419 4401 2655 4472 gaudeo,
2685 4416 2796 4457 non
2826 4403 2951 4473 quia
2978 4402 3280 4459 contristati
3313 4404 3443 4460 estis
3480 4421 3492 4460 :
3526 4405 3624 4460 sed
3655 4407 3791 4478 quia

2190 4510 2212 4541 ι
2247 4490 2547 4546 contristati
2578 4490 2712 4545 estis
2742 4491 2811 4546 ad
2857 4492 3255 4562 paenitentiam.
3289 4493 3603 4549 Contristati
3633 4496 3789 4553 enim

490 4580 677 4652 utique
706 4581 935 4637 societas
966 4580 1130 4636 debet
1158 4597 1281 4636 esse
1312 4581 1703 4648 membrorum,
1735 4579 1826 4634 ubi
1859 4586 1941 4634 est
1973 4577 2083 4632 dif-
2104 4570 2157 4631 D
2193 4600 2214 4628 ι
2250 4579 2382 4634 estis
2416 4578 2717 4634 secundum
2747 4580 2940 4646 Deum,
2973 4588 3033 4634 ut
3088 4580 3144 4635 in
3194 4581 3342 4637 nullo
3397 4582 3789 4640 detrimentum

492 4668 723 4725 ferentia
743 4668 978 4740 capitum
1006 4684 1017 4723 :
1048 4669 1146 4724 sed
1175 4668 1422 4724 Christus
1454 4676 1615 4739 caput
1654 4675 1897 4723 nostrum
1918 4666 2085 4722 Belial

492 4765 655 4828 caput
708 4756 943 4813 illorum.
999 4758 1129 4825 Quce
1170 4764 1352 4812 autem
1405 4758 1704 4811 conventio
1765 4755 1976 4811 Christi
2014 4756 2085 4812 ad

494 4845 716 4902 Belial?
744 4846 856 4900 Aut
886 4861 1011 4916 qua:
1033 4861 1167 4917 pars
1188 4845 1345 4914 ﬁdeli
1374 4861 1505 4900 cum
1533 4844 1754 4912 inﬁdeli
1778 4849 1800 4900 ?
1823 4845 1951 4912 Quis
1983 4861 2085 4899 au-

495 4937 611 4988 tem
639 4949 943 4989 consensus
969 4932 1029 4988 1
1049 4933 1115 4989 ’τ
1129 4932 1204 4987 8
1228 4933 1438 5003 templo
1459 4933 1557 4989 Dei
1577 4949 1706 4988 cum
1726 4934 1907 4999 idolis,
1933 4933 1987 4987 id
2004 4941 2087 4989 est

495 5035 621 5077 cum
651 5020 756 5074 illis
787 5020 985 5090 impiis,
1019 5020 1112 5092 qui
1143 5021 1286 5075 velut
1315 5020 1522 5076 idolum
1553 5021 1714 5077 sedes
1737 5030 1863 5077 sunt
1889 5022 2086 5077 daemo-

494 5107 580 5164 nis
598 5108 627 5163 ?
656 5108 803 5164 Sicut
848 5108 992 5164 enim
1023 5108 1077 5163 in
1121 5109 1287 5178 idolo,
1334 5110 1414 5165 sic
1441 5109 1498 5164 in
1523 5110 1658 5181 ipsis
1687 5126 1953 5182 responsa
1982 5110 2084 5164 da-

494 5197 588 5253 bat
616 5197 852 5253 diemon.
884 5198 1027 5253 Bene
1058 5197 1179 5253 dico
1205 5199 1413 5270 templo
1433 5200 1533 5256 Dei
1562 5218 1580 5254 :
1611 5215 1735 5254 nam
1769 5216 1861 5256 vos
1896 5198 2087 5254 ﬁdeles

494 5288 631 5343 estis
664 5287 938 5358 templum
968 5288 1064 5342 Dei
1092 5288 1219 5355 vivi,
1247 5288 1372 5358 quia
1397 5287 1455 5341 in
1475 5288 1767 5359 vobisipsis
1782 5287 1931 5356 vivit,
1956 5287 2086 5342 dum

492 5390 593 5431 vos
621 5375 677 5429 in
706 5373 850 5429 bono
880 5374 1060 5431 vivere
1088 5375 1233 5431 facit.
1266 5378 1335 5431 Et
1363 5377 1466 5431 hoc
1493 5376 1637 5445 dico,
1662 5375 1801 5432 sicut
1828 5375 1957 5431 dicit
1977 5376 2088 5431 Do-

492 5463 674 5518 minus
701 5464 848 5519 Deus
874 5480 974 5534 per
1019 5465 1360 5521 Ezecliielem
1408 5464 1535 5520 licet
1561 5464 1679 5518 aliis
1708 5464 1911 5519 verbis.
1948 5465 2080 5530 lloc,

493 5552 733 5623 inquam,
749 5552 1035 5608 dicitDeus
1061 5569 1072 5607 :
1096 5556 1383 5626 quoniam,
1403 5553 1457 5605 id
1486 5560 1569 5605 est
1598 5551 1743 5623 quod
1766 5552 2084 5608 inhabitabo

492 5642 555 5696 in
578 5642 697 5696 illis
728 5639 980 5697 ﬁdelibus
1007 5641 1358 5711 justiﬁcando
1390 5656 1485 5695 eos
1514 5656 1614 5710 per
1636 5640 1817 5710 ﬁdem,
1852 5649 1903 5695 et
1921 5642 2085 5696 etiam

497 5731 855 5789 inambulabo
885 5731 955 5789 de
985 5731 1186 5789 virtute
1224 5729 1598 5804 promovendo
1628 5730 1684 5787 in
1713 5730 1981 5788 virtutem.
2016 5734 2085 5789 Et

2193 4690 2213 4713 α
2250 4666 2527 4737 patiamini
2560 4684 2624 4721 ex
2657 4667 2834 4723 nobis.
2868 4667 3003 4736 Quae
3052 4668 3195 4724 enim
3255 4671 3556 4726 secundum
3605 4672 3787 4729 Deum

2192 4776 2214 4805 ι
2248 4755 2466 4811 tristitia
2496 4764 2597 4821 est,
2632 4756 3003 4826 paenitentiam
3025 4757 3080 4811 in
3112 4757 3345 4814 salutem
3370 4759 3620 4815 stabilem
3643 4776 3788 4831 ope-

2192 4867 2213 4890 «ι
2248 4852 2397 4899 ratur
2432 4858 2445 4897 :
2480 4844 2665 4899 saeculi
2718 4856 2900 4900 autem
2938 4845 3157 4903 tristitia
3210 4854 3440 4902 mortem
3487 4857 3777 4918 Operatur.

2192 4953 2214 4983 ι
2249 4932 2391 4987 Ecce
2423 4933 2568 4987 enim
2599 4932 2702 4988 hoc
2732 4932 2908 5003 ipsum
2940 4934 3241 4990 secundum
3273 4936 3447 4990 Deum
3476 4936 3791 4994 contristari

2192 5041 2214 5072 ι
2250 5037 2367 5087 vos,
2400 5036 2564 5092 quam
2597 5028 2703 5075 tam
2733 5022 2787 5075 in
2820 5022 2975 5077 vobis
3006 5031 3262 5093 operatur
3300 5023 3725 5081 sollicitudinem
3774 5044 3788 5083 :

2190 5131 2213 5157 ι
2249 5109 2348 5165 sed
2377 5109 2772 5176 defensionem,
2807 5111 2904 5165 sed
2965 5112 3412 5183 indignationem,
3478 5114 3575 5168 sed
3619 5115 3790 5172 timo-

2191 5218 2213 5248 ι
2249 5214 2384 5263 rem,
2418 5198 2515 5253 sed
2546 5198 2900 5267 desiderium,
2936 5200 3033 5255 sed
3064 5200 3467 5257 aemulationem
3487 5244 3501 5269 ,
3534 5203 3632 5257 sed
3661 5204 3790 5260 vin-

2191 5310 2212 5334 α
2249 5287 2471 5343 dictam.
2504 5288 2564 5342 In
2592 5287 2845 5343 omnibus
2876 5288 3196 5343 exhibuistis
3240 5305 3339 5346 vos
3383 5290 3789 5350 incontamina-

2190 5399 2210 5423 ιι
2248 5384 2332 5431 tos
2364 5392 2487 5431 esse
2542 5376 2782 5446 negotio.
2819 5377 2993 5449 Igitur
3023 5385 3077 5433 et
3107 5378 3155 5431 si
3195 5378 3389 5449 scripsi
3440 5380 3618 5449 vobis,
3677 5399 3789 5438 non

2190 5488 2210 5511 «ε
2246 5472 2469 5535 propter
2503 5480 2628 5519 eum
2661 5464 2751 5535 qui
2781 5464 2906 5519 fecit
2936 5465 3209 5534 injuriam,
3258 5483 3359 5523 nec
3406 5477 3632 5539 propter
3662 5487 3789 5526 eum

2191 5575 2212 5603 ι
2250 5554 2341 5623 qui
2371 5570 2565 5623 passus
2595 5561 2696 5618 est,
2729 5554 2827 5608 sed
2876 5555 2947 5609 ad
3007 5554 3461 5610 manifestandam
3514 5558 3784 5616 sollicitu-

2190 5664 2212 5693 «
2248 5641 2430 5696 dinem
2459 5649 2725 5707 nostram,
2752 5658 2914 5714 quam
2946 5643 3213 5697 habemus
3242 5661 3343 5715 pro
3372 5645 3529 5700 vobis
3594 5664 3784 5705 coram

2190 5748 2211 5783 ι
2248 5730 2384 5786 Deo.
2434 5730 2673 5803 Ideoque
2730 5732 2995 5789 consolati
3044 5747 3251 5788 sumus.
3302 5733 3365 5788 In
3413 5736 3786 5796 consolatione
