3936 6402
251 364 404 433 i897

1240 368 1727 435 CHRONICHN
1768 369 1837 434 S.
1883 365 2243 435 HUBESTI
2284 361 2679 430 ANDAGIN.

3511 355 3665 422 i898

248 520 400 580 toris
418 521 687 594 ejusdem
709 522 855 593 ilsci,
891 522 1087 580 Ottoni
1118 522 1346 580 cuidam
1381 524 1665 583 Saxonico
1688 524 1905 595 nupsit,
1940 509 1994 570 Α
2028 522 2333 579 Caviniaco
2363 519 2635 591 superius
2686 513 3022 573 memoratis
3071 514 3242 589 (136),
3274 528 3475 573 eorum
3503 513 3666 572 testi-

248 611 404 668 inter
437 626 590 683 quos
638 613 947 669 inhonesto
977 612 1227 668 divortio
1261 614 1587 684 eveniente,
1617 615 1769 684 quod
1796 628 1910 669 non

244 704 337 757 est
361 706 636 758 nostrum
671 715 1064 769 renumerare,
1097 716 1265 757 omne
1293 702 1705 773 patrimonium
1733 705 1912 759 Cune-

242 790 463 860 gundis
488 790 619 861 lege
643 790 894 863 palatina
921 791 1156 847 devenit
1177 791 1230 845 in
1256 806 1489 847 manum
1519 792 1908 860 imperatoris.

242 879 539 936 Henricus
568 885 762 936 autem
811 879 1129 951 imperator
1182 881 1337 937 ίῑιὶυς
1400 881 1650 937 Conradi
1704 881 1915 952 praedi-

241 972 401 1024 ctum
429 968 637 1025 fiscum
662 983 792 1025 cum
816 976 1011 1024 castro
1055 968 1206 1039 quod
1261 968 1475 1024 dicitur
1525 970 1718 1039 Rupes
1751 972 1914 1025 Sere-

244 1058 441 1116 manni
478 1058 614 1115 duci
640 1058 946 1114 Frederico
971 1059 1257 1114 mutuavit
1281 1074 1384 1130 pro
1413 1058 1757 1128 quibusdam
1783 1059 1913 1129 ejus

238 1146 755 1219 possessionibus,
783 1160 910 1216 quae
934 1146 988 1201 in
1006 1146 1250 1201 Saxonia
1275 1147 1913 1217 opportunioreserant

239 1235 387 1302 sibi;
419 1235 531 1291 sed
558 1242 616 1290 et
640 1235 1031 1304 Cunegundis,
1059 1234 1209 1305 apud
1238 1235 1549 1291 ecclesiam
1574 1236 1726 1291 beati
1752 1238 1908 1295 Petri

234 1323 327 1379 vel
353 1323 606 1379 Huberti
636 1323 891 1392 reclusa,
929 1338 1123 1379 coram
1151 1322 1321 1379 altari
1354 1324 1539 1378 sancti
1564 1324 1791 1379 Martini
1823 1339 1912 1381 sa'

232 1412 311 1469 tis
330 1413 715 1468 continenter
737 1412 813 1467 ibi
849 1412 1051 1467 vivens
1075 1416 1207 1483 post
1236 1412 1461 1481 longam
1499 1413 1902 1481 paenitentiam

238 1498 292 1554 in
320 1498 566 1555 Christo
590 1498 834 1567 quievit,
864 1503 920 1553 et
945 1498 1177 1569 sepulta
1200 1502 1289 1553 est
1311 1498 1540 1568 juxta"
1562 1514 1779 1569 corpus
1813 1514 1908 1569 pa-

238 1587 351 1643 tris
386 1587 483 1644 sui
518 1586 843 1643 Gozelonis.
874 1586 1012 1652 Quae
1044 1581 1231 1642 adhuc
1286 1590 1594 1656 superstes
1629 1587 1762 1643 dum
1799 1588 1908 1643 fre-

240 1680 641 1748 quentaretur
670 1690 698 1731 a
733 1675 880 1731 duce
915 1675 1223 1731 Fredcrico
1248 1675 1439 1744 gratia
1464 1675 1750 1744 caritatis,
1777 1676 1905 1744 ejus

242 1762 635 1833 suggestione
661 1762 808 1817 idem
834 1762 949 1818 dux
978 1762 1313 1832 praedictam
1336 1763 1617 1818 decimam
1641 1764 1905 1820 ecclesiae

2026 610 2220 667 monio
2245 611 2459 681 justam
2488 607 2719 678 quidem
2751 620 2985 664 causam
3016 604 3250 661 abbatis
3281 604 3664 673 recognovit;

2026 700 2127 755 sed
2154 696 2444 755 mandavit
2469 697 2522 753 ei
2548 711 2611 753 se
2643 696 2795 752 velle
2824 693 3093 751 honorari
3124 693 3311 764 gratia
3341 693 3602 759 ejusdem
3633 707 3665 750 a

2026 803 2086 845 se
2136 787 2546 844 confirmandae
2601 784 3039 855 recognitionis.
3108 784 3303 839 Abbas
3334 780 3417 837 illi
3463 781 3664 840 decem

2026 892 2252 934 marcas
2280 874 2505 945 argenti
2552 873 2836 943 condixit,
2868 886 3115 943 eumque
3148 886 3341 929 secum
3401 870 3669 928 Tudinia-

2025 981 2153 1023 cum
2179 965 2224 999 ⁷³
2247 970 2501 1022 castrum
2526 964 2692 1033 (137),
2711 978 2825 1035 quo
2848 967 2987 1019 tunc
3000 961 3311 1031 episcopus
3333 975 3462 1017 cum
3484 961 3666 1016 Gode-

2027 1056 2177 1111 frido
2209 1054 2356 1110 duce
2390 1053 2749 1121 morabatur,
2801 1050 3063 1107 adduxit.
3099 1051 3154 1105 In
3187 1064 3387 1106 eorum
3410 1063 3666 1121 praesen-

2025 1144 2101 1201 tia
2124 1143 2437 1200 Balduinus
2456 1142 2792 1214 praedictam
2812 1139 3084 1196 familiam
3106 1138 3665 1196 curialemecclesite

2025 1233 2179 1290 beati
2210 1232 2451 1288 Huberti
2502 1245 2668 1287 suam
2720 1231 2866 1300 (138)
2895 1243 3024 1286 esse
3055 1228 3412 1298 recognovit,
3448 1232 3506 1284 et
3538 1243 3567 1284 a
3601 1242 3666 1285 se

2022 1326 2351 1393 reSpectum
2385 1334 2585 1376 eorum
2619 1318 2850 1376 omnino
2906 1317 3173 1385 removit,
3203 1331 3517 1387 omnesque
3568 1317 3665 1388 qui

2020 1410 2370 1465 videbantur
2402 1422 2534 1463 esse
2594 1407 2767 1476 hujus
2797 1405 3281 1465 contradictionis
3310 1421 3441 1463 cum
3472 1405 3661 1463 servis

2019 1512 2218 1552 eorum
2252 1501 2311 1552 et
2363 1494 2609 1561 ancillis,
2662 1510 2792 1551 cum
2851 1494 3318 1567 possessionibus
3374 1508 3573 1551 eorum
3603 1498 3661 1551 et

2018 1586 2266 1652 allodiis,
2299 1586 2449 1641 facto
2477 1584 2554 1639 ibi
2586 1582 2817 1655 publice
2852 1582 3154 1653 privilegio
3176 1583 3226 1638 ei
3257 1582 3663 1649 confirmavit;

2017 1673 2109 1730 cui
2142 1674 2315 1730 etiam
2339 1688 2468 1731 cum
2492 1671 2954 1743 sigilloepiscopi
2970 1686 3135 1728 suum
3161 1686 3392 1743 quoque
3414 1668 3662 1743 imprimi

2023 1763 2178 1819 fecit.

239 1866 312 1907 ex
345 1855 485 1907 toto
520 1850 881 1919 recognovit.
938 1852 1005 1906 Et
1057 1851 1190 1921 quia
1245 1856 1367 1907 erat
1403 1852 1492 1906 vir
1547 1852 1816 1907 veritatis
1847 1856 1903 1907 et
1939 1870 1989 1928 Β
2090 1856 2176 1907 60.
2212 1850 2501 1920 Episcopo
2549 1854 2742 1905 autem
2774 1848 3060 1905 inferente
3099 1847 3253 1917 duci,
3288 1846 3435 1904 satis
3465 1846 3664 1903 utilem

238 1939 521 2011 justitize,
556 1955 663 2011 pro
692 1939 941 2010 dampno
974 1939 1125 2011 quod
1160 1940 1448 1996 intellexit
1480 1939 1607 1995 loco
1640 1941 1905 1997 evenisse

243 2028 315 2084 de
346 2028 560 2085 eadem
596 2028 819 2085 decima
858 2043 957 2098 per
985 2032 1337 2085 memoratas
1368 2029 1730 2087 dominorum
1755 2045 1910 2086 com-

246 2117 638 2187 mutationes,
673 2116 918 2171 tradidit
943 2116 1213 2185 legaliter
1238 2118 1409 2173 beato
1434 2118 1691 2173 Huberto
1708 2133 1908 2190 perpe-

246 2208 348 2261 tuo
367 2205 703 2261 habendum
721 2206 966 2261 Montem
988 2206 1280 2262 Pincionis
1298 2206 1445 2276 (135)
1463 2221 1591 2262 cum
1622 2206 1833 2262 familia
1849 2211 1906 2263 et

243 2293 530 2349 omnibus
560 2292 916 2365 appenditiis
948 2294 1089 2350 suis.
1120 2293 1379 2359 Quicum
1413 2294 1601 2350 adhuc
1625 2294 1789 2350 rudis
1812 2310 1911 2350 an-

243 2380 433 2452 tiqme
449 2386 509 2437 et
534 2381 748 2437 debitas
766 2382 1205 2438 consuetudinis
1221 2386 1609 2449 cognosceret
1622 2396 1691 2437 ex
1710 2382 1908 2439 debito

243 2469 651 2525 exsolvendas
687 2470 857 2525 beato
888 2469 1144 2525 Huberto
1175 2483 1374 2526 omnes
1401 2469 1683 2540 primitias
1716 2470 1910 2541 singu-

246 2556 444 2613 larum
482 2558 730 2613 ferarum
761 2570 967 2611 annum
1012 2557 1339 2612 venationis
1372 2557 1557 2613 totius
1616 2557 1776 2614 silvas
1810 2560 1909 2614 Ar-

245 2645 636 2713 duennensis,
659 2649 821 2699 tanta
846 2644 1246 2700 sollicitudine
1266 2659 1371 2701 suo
1390 2649 1655 2716 tempore
1680 2645 1908 2703 solvere

245 2748 353 2791 eas
389 2734 643 2802 curavit,
682 2737 744 2787 ut
779 2732 1024 2801 quadam
1058 2732 1184 2788 vice
1216 2749 1345 2789 cum
1383 2734 1759 2791 venatoribus
1788 2735 1911 2793 suis

250 2836 469 2895 aprum
499 2820 854 2877 monasterio
869 2820 1273 2878 deferentibus
1292 2824 1909 2894 progressus,ipsemet

246 2910 519 2968 humeris
542 2909 795 2981 propriis
826 2910 1085 2979 ejusdem
1124 2911 1248 2983 apri
1273 2921 1443 2983 caput
1477 2912 1642 2968 nobis
1667 2913 1909 2969 videnti-

248 2998 364 3055 bus
379 2997 651 3055 ecclesiae
676 2997 920 3053 inferret
944 3004 999 3054 et
1025 3004 1160 3056 ante
1176 2998 1359 3056 altare
1376 2999 1527 3056 beati
1549 3000 1907 3071 Pctrigratia

248 3086 593 3143 devotionis
621 3085 961 3157 deponeret.
993 3088 1117 3143 Dux
1148 3102 1377 3158 quoque
1414 3088 1779 3157 Godefridus,
1815 3104 1910 3145 co-

254 3179 576 3246 gnomento
599 3175 906 3243 Barbatus,
942 3177 1188 3245 quadam
1222 3176 1315 3232 die
1344 3192 1471 3233 cum
1504 3176 1574 3232 ad
1608 3176 1754 3233 banc
1777 3192 1909 3234 con-

252 3263 633 3321 suetudinem
654 3264 825 3319 beato
843 3263 1097 3321 lluberto
1115 3264 1521 3321 exsolvendam
1540 3270 1809 3322 venatum
1834 3266 1909 3323 is~
1940 3263 1986 3289 υ

247 3356 365 3423 set,
385 3353 643 3423 quinque
661 3367 864 3409 cervos
879 3357 1177 3424 cepitcum
1197 3353 1486 3425 unolupo;
1507 3355 1907 3426 ipsosquoque

248 3455 461 3498 omnes
481 3457 610 3498 cum
636 3441 810 3498 coriis
833 3442 1226 3515 etcaptolupo
1240 3443 1429 3501 adhuc
1460 3444 1691 3499 vivente
1720 3448 1908 3501 trans—

251 3531 423 3588 misit
448 3530 615 3587 nobis
644 3530 979 3587 videntibus
1012 3531 1143 3588 huic
1177 3532 1464 3589 ecclesiae.
1498 3534 1631 3590 Post
1662 3539 1904 3589 mortem

252 3623 455 3675 autem
486 3617 748 3689 praedicti
784 3619 1074 3675 Frederici
1128 3618 1250 3688 (an.
1287 3623 1441 3691 1065)
1475 3620 1569 3675 Ida
1607 3636 1750 3678 uxor
1780 3622 1907 3691 ejus

252 3706 459 3780 nupsit
480 3707 721 3762 Alberto
742 3707 941 3763 comiti
960 3708 1323 3776 Namucensi,
1353 3709 1680 3779 iterumque
1700 3710 1908 3781 przcdi-

250 3798 346 3852 cta
372 3793 596 3852 decima
612 3796 781 3867 ccepit
806 3796 1675 3868 subduciecclesiaeagentibus
1695 3799 1906 3868 iniquis

252 3887 311 3940 et
349 3884 789 3941 fraudatoribus
820 3885 1123 3952 ministris,
1159 3886 1323 3957 quasi
1352 3887 1561 3943 ﬁducia
1588 3887 1904 3944 immutatae

254 3970 787 4029 dominationis.Ad
812 3974 959 4031 hanc
984 3974 1407 4031 reclamandam
1434 3975 1614 4031 abbas
1634 3976 1903 4033 comitem

252 4060 329 4117 ob
354 4075 596 4117 uxorem
620 4062 747 4132 ejus
770 4064 1036 4134 expetiit,
1058 4068 1118 4120 et
1144 4063 1445 4119 Lamberto
1468 4064 1685 4133 majore
1710 4080 1901 4121 rerum

254 4148 521 4206 ordinem
588 4151 1015 4208 rationabiliter
1074 4155 1481 4208 renumerante
1549 4151 1684 4222 illis,
1748 4153 1901 4223 quod

254 4252 427 4297 suum
459 4243 588 4296 erat
617 4240 865 4298 ecclesia
924 4241 1231 4312 utriusque
1258 4255 1499 4298 assensu
1531 4241 1902 4313 recuperavit

254 4332 546 4399 perpetuo
577 4328 922 4385 habendum.

327 4418 416 4472 59.
453 4414 589 4485 (73.)
624 4416 788 4489 Apud
838 4415 1203 4473 Caviniacum
1236 4415 1441 4473 iiscum
1470 4415 1710 4473 curialis
1742 4416 1900 4472 fami-

255 4502 335 4561 lia
360 4504 705 4570 habebatur,
739 4519 867 4577 quae
889 4503 1023 4562 olim
1052 4504 1319 4562 ecclesiae
1341 4505 1623 4575 acquietta
1653 4520 1782 4562 cum
1810 4519 1902 4562 ce-

2022 1941 2143 1995 fore
2159 1938 2426 1995 ecclesiae
2445 1938 2596 1993 beati
2616 1936 2856 1994 lluberti
2873 1936 3317 2006 acquisitionem
3333 1935 3504 2004 hujus
3518 1934 3661 2004 fisci,

2021 2027 2069 2085 si
2100 2028 2230 2097 quis
2281 2027 2454 2082 etiam
2487 2025 2767 2081 decimam
2796 2025 2922 2092 ejus
2952 2025 3255 2093 acquirere
3283 2027 3503 2094 posset,
3538 2037 3664 2093 qua)

2018 2120 2148 2171 erat
2167 2114 2434 2170 ecclesiae
2451 2111 2825 2181 Prumiensis,
2844 2110 3115 2167 consultu
3131 2114 3186 2166 et
3204 2110 3440 2167 hortatu
3461 2123 3663 2166 eorum

2018 2202 2285 2273 concepit
2337 2200 2732 2256 Theodericus
2792 2199 2973 2255 abbas
3006 2199 3115 2255 hoc
3156 2199 3307 2254 idem
3367 2198 3662 2268 negotium

2018 2288 2628 2361 exequendi.Denique
2654 2302 2944 2357 reversus,
2970 2290 3280 2356 utrumque
3296 2287 3660 2342 Lambcrtum

2020 2378 2308 2434 Prumiam
2336 2376 2510 2446 misit,
2539 2380 2599 2431 et
2624 2375 2798 2432 nichil
2821 2375 2908 2431 eis
2927 2375 3019 2430 vel
3048 2374 3355 2432 dicendum
3380 2373 3471 2430 vel
3494 2387 3665 2444 agen-

2020 2466 2154 2522 dum
2189 2466 2437 2533 dictans,
2471 2468 2741 2521 eventum
2775 2463 2856 2519 rei
2888 2462 3397 2536 pertemptandum
3430 2462 3664 2519 commi-

2021 2554 2117 2611 sit.
2155 2554 2395 2624 Excepti
2432 2552 2855 2608 honorabiliter
2880 2565 2910 2607 a
2934 2550 3253 2608 venerabili
3278 2551 3493 2606 abbate
3513 2550 3669 2606 Wul-

2022 2644 2242 2712 l‘ranno,
2274 2648 2332 2698 et
2363 2643 2435 2698 ab
2463 2657 2532 2698 eo
2583 2640 2947 2698 familiariter
2980 2654 3082 2711 per
3124 2639 3545 2696 hebdomadam
3579 2653 3667 2696 re-

2022 2731 2186 2802 tenti,
2213 2731 2357 2788 adeo
2390 2731 2574 2787 virum
2608 2729 2732 2787 suis
2763 2728 3114 2786 aﬂ‘ectabant
3148 2728 3394 2798 facetiis,
3421 2731 3506 2798 ut,
3541 2728 3666 2799 qui-

2020 2822 2494 2892 busquesucrum
2517 2818 2888 2891 postpositis,
2906 2817 3137 2874 Illorum
3163 2816 3664 2889 specialiterfrue-

2020 2916 2185 2967 retur
2243 2909 2576 2979 colloquiis.
2637 2909 2707 2964 Et
2762 2908 3106 2963 Lambertus
3165 2905 3396 2977 quidem
3455 2905 3657 2976 major,

2018 3002 2223 3070 utpote
2248 2998 2343 3070 qui
2369 2999 2440 3054 ab
2471 2995 2868 3053 adolescentia
2900 3010 3002 3052 sua
3036 2994 3218 3052 curiis
3246 2994 3430 3052 fuerat
3465 3008 3660 3051 assue-

2021 3092 2132 3157 tus,
2168 3102 2298 3143 cum
2350 3085 2670 3143 delectaret
2720 3083 3190 3141 confabulantem
3222 3083 3331 3141 sibi
3389 3082 3659 3140 abbatem

2018 3175 2291 3247 palatinis
2322 3175 2561 3242 salibus,
2583 3174 2778 3244 junior
2808 3187 2947 3229 vero
2971 3176 3146 3245 prout
3169 3179 3292 3228 erat
3320 3171 3402 3227 illi
3427 3170 3656 3228 dicendi

2018 3265 2184 3321 locus
2218 3264 2474 3321 breviter
2498 3263 2817 3319 deﬂoratos
2844 3266 3108 3318 veterum
3140 3259 3432 3317 annalium
3464 3257 3660 3316 subin-

2019 3354 2196 3410 ferret
2230 3356 2494 3422 eventus,
2529 3350 2673 3409 illud
2705 3350 2797 3407 vel
2823 3349 3041 3421 saepius
3060 3349 3331 3420 exigebat
3363 3348 3544 3405 abbas
3571 3362 3659 3406 re-

2018 3443 2315 3500 ferendum
2349 3441 2455 3498 sibi
2491 3440 2655 3511 quasi
2690 3439 2759 3495 ad
2798 3438 3045 3508 gratiam
3073 3436 3482 3508 jocunditatis,
3518 3451 3658 3505 quo-

2017 3531 2188 3588 modo
2221 3530 2489 3601 Papirius
2536 3531 2929 3587 Praetextatus
2962 3540 3125 3599 puer,
3159 3539 3229 3581 ne
3258 3529 3498 3583 senatus
3526 3538 3658 3581 con-

2017 3619 2235 3677 sultum
2269 3619 2560 3690 proderet,
2598 3622 2837 3673 matrem
2872 3630 3033 3673 suam
3061 3613 3332 3671 eluserit.
3373 3613 3653 3681 (Macnou.

2013 3709 2149 3766 Sat.
2176 3723 2212 3777 ι,
2233 3711 2312 3779 6.)
2331 3708 2451 3765 Hic
2470 3706 2817 3779 capitolium
2837 3704 3138 3775 ingressus
3156 3701 3263 3760 sub
3283 3702 3539 3761 clamide
3554 3717 3659 3774 pa-

2018 3799 2131 3855 tris
2170 3796 2442 3854 latenter.
2484 3796 2738 3865 indeque
2765 3806 3089 3864 regressus,
3123 3806 3253 3850 cum
3280 3804 3343 3850 se
3370 3790 3660 3863 quaerenti
3724 3866 3735 3875 ἒ

2014 3887 2201 3943 matri
2219 3885 2659 3958 prasentasset,
2691 3883 2809 3940 illa
2851 3882 3010 3939 inter
3038 3881 3239 3939 oscula
3265 3880 3662 3951 interrogavit

2016 3990 2145 4032 eum
2163 3976 2266 4032 ubi
2285 3976 2404 4032 tam
2412 3974 2476 4030 di
2484 3989 2521 4028 ιι
2521 3974 2788 4046 fuisset;
2803 3986 2918 4043 quo
2934 3969 3317 4042 respondente
3326 3983 3390 4028 se
3407 3983 3659 4042 campa-

2015 4064 2104 4120 tre
2115 4065 2182 4121 in
2194 4063 2409 4119 senatu
2415 4063 2641 4134 fuisse,
2659 4058 2952 4116 maternis
2969 4058 3340 4128 argumentis
3349 4058 3658 4129 canitpue-

2009 4166 2077 4208 ro
2096 4150 2396 4219 insistere,
2418 4149 2488 4205 ut
2503 4148 2623 4205 sibi
2642 4147 2901 4212 referret
2919 4145 3073 4217 quid
3084 4145 3295 4202 secreti
3316 4144 3535 4202 ibidem
3552 4159 3656 4202 au-

2013 4240 2202 4297 disset
2261 4238 2423 4294 Puer
2448 4237 2736 4308 pertasus
2766 4234 3088 4308 quaerentis
3102 4232 3495 4310 fatigatione,
3527 4248 3659 4292 cum

2011 4328 2246 4385 omnino
2277 4324 2661 4383 deliberasset
2699 4323 2862 4396 apud
2888 4336 2952 4380 se
2989 4321 3266 4394 eapitolii
3291 4323 3519 4380 secreta
3542 4336 3661 4381 non

2000 4415 2288 4489 prodere;
2304 4412 2623 4471 adinvenit
2634 4412 2758 4469 arti
2750 4412 2980 4483 ﬂciose,
2994 4410 3270 4468 senatum
3282 4410 3437 4469 duas
3445 4424 3662 4469 unores

2011 4506 2339 4575 unicuique
2364 4503 2493 4559 viro
2524 4501 2872 4570 decreasse,
2906 4500 3090 4571 idgue
3119 4498 3187 4555 in
3206 4512 3506 4556 com-mune
3529 4514 3659 4558 eon-

252 4593 405 4650 teris
433 4592 836 4665 popularibus,
870 4592 1184 4650 dominium
1209 4594 1472 4651 ecclesize
1500 4595 1663 4665 quasi
1689 4608 1897 4650 novum
1928 4582 1982 4644 D
2017 4591 2657 4654 firmandumcrastina
2671 4586 3659 4661 sessioneguasiadutilitatemrei

256 4681 848 4751 detrectans,servire
861 4682 912 4738 ei
929 4682 1541 4752 dedignabatur.Uude
1558 4682 1896 4739 Balduinum

256 4769 529 4827 comitem
555 4770 929 4841 Montensem,
984 4769 1162 4827 tilium
1194 4770 1508 4840 Richcldis,
1533 4771 1712 4828 abbas
1743 4773 1900 4827 Lam-

256 4858 427 4915 berto
451 4858 668 4928 majore
690 4860 1004 4917 comitatus
1033 4860 1199 4928 adiit,
1217 4865 1289 4933 iet
1317 4875 1385 4916 ne
1410 4860 1771 4917 inso'entiam
1804 4875 1899 4918 eo-

254 4961 382 5006 rum
411 4947 695 5006 adversus
726 4948 1037 5006 ecclesiam
1069 4953 1358 5017 tueretur,
1391 4949 1440 5007 ei
1470 4949 1897 5007 rationabiliter

255 5037 569 5109 suggessit.
608 5039 810 5095 Comes
841 5038 1028 5094 relato
1085 5037 1333 5095 consilio
1363 5037 1433 5094 ad
1466 5038 1621 5095 Idam
1657 5053 1895 5095 uxorem

254 5140 416 5182 suam
435 5126 703 5200 aliosque
727 5126 929 5185 fideles
951 5142 1088 5186 suos
1108 5127 1205 5199 qui
1229 5127 1617 5184 interfuerant
1628 5128 1812 5199 gestis
1825 5128 1895 5185 de

2005 4682 2276 4756 publica.
2302 4681 2547 4739 Femina
2567 4679 2889 4750 impatiens
2911 4677 3092 4735 totius
3109 4686 3302 4746 more,
3327 4689 3460 4733 cum
3479 4676 3656 4750 trepi-

2010 4772 2161 4829 dans
2175 4771 2300 4828 dom
2308 4783 2405 4826 um
2422 4782 2659 4841 egressa
2668 4767 3033 4840 potentiores
3051 4764 3229 4823 Urbis
3238 4780 3331 4822 ma
3341 4764 3547 4823 tronae
3564 4779 3656 4825 su-

2005 4860 2300 4929 scitasset,
2318 4860 2534 4932 factas
2568 4871 2742 4930 pane
2776 4857 2844 4914 in
2887 4855 3213 4913 amentiam
3253 4854 3369 4913 tali
3396 4868 3650 4927 rumore,

2007 4949 2405 5008 convenerunt
2430 4949 2497 5006 in
2524 4948 2858 5005 crastinum
2886 4945 3024 5003 ante
3053 4942 3548 5016 capitoliumjam
3569 4958 3655 5002 se-

2006 5039 2157 5097 natu
2184 5037 2554 5103 consulente;
2600 5035 2703 5093 ubi
2743 5035 2885 5092 dum
2897 5034 3118 5107 furore
3131 5032 3400 5105 femineo
3427 5033 3655 5091 concla-

2006 5128 2260 5198 marent,
2284 5140 2356 5184 ne
2376 5124 2733 5184 sententiam
2746 5124 2846 5183 sui
2863 5121 3123 5183 hesterni
3145 5121 3364 5181 decreti
3374 5121 3656 5182 adversus

1597 5253 1683 5308 VA
1698 5253 1833 5309 RBE
1892 5252 2298 5309 LECTIONES.

324 5346 370 5380 τ’
397 5348 563 5408 deest
590 5355 645 5406 1.
800 5347 845 5383 ⁷³
873 5349 1018 5408 Rud.
1053 5362 1209 5409 corr.
1238 5362 1423 5407 manu
1452 5349 1586 5408 alia
1612 5348 1752 5407 Tud.
1790 5356 1837 5405 1.

1841 5475 2063 5532 NOTAE.

256 5644 299 5699 Η
324 5572 476 5699 (ἔξω)
498 5571 875 5698 Pninsamont,
895 5571 1107 5643 village
1127 5575 1294 5629 entre
1314 5573 1605 5643 Bastogne
1628 5577 1687 5627 ct
1708 5571 1892 5628 Saint-

305 5659 336 5699 u
384 5659 449 5699 er
483 5685 495 5698 .
580 5686 592 5699 .

305 5659 495 5700 UDBl‘l.
528 5659 592 5699 ﬂ.

325 5714 473 5787 (136)
504 5715 564 5771 c.
596 5717 679 5772 is.

2089 5573 2234 5712 (137)
2275 5571 2483 5629 Tkuin.
2518 5571 2581 5626 Β.
2618 5641 2629 5652 _
3080 5640 3095 5653 ο

2122 5646 2238 5712 138)
2274 5644 2311 5698 Ι.
2346 5657 2395 5699 e.
2434 5655 2744 5712 propriam.
2782 5643 3020 5698 Exstant
3054 5639 3091 5696 1|

2122 5639 2238 5713 138)
2274 5644 2311 5698 Ι.
2346 5657 2395 5714 e.
2434 5641 3020 5714 propriameExstant
3054 5639 3268 5714 litterae
3297 5640 3430 5711 hjus
3467 5652 3648 5697 reco-t

2031 5712 2334 5786 gnitioms,
2366 5712 2517 5771 datae
2543 5712 2774 5772 Tudinii
2801 5727 2951 5771 anno
2987 5716 3137 5771 1088.
3190 5712 3257 5767 Η.
