3936 6424
275 345 430 418 Ῑθθθ

1265 355 1746 426 CHRONICON
1788 357 1858 425 s.
1901 356 2271 428 HUBERTI
2312 323 2706 428 ANbAGIN.

3531 355 3692 426 1400

273 505 374 551 eas
393 491 636 550 senatus
657 491 1016 564 ingravaret
1039 494 1146 554 sed
1166 496 1373 568 potius
1393 495 1728 570 unicuique
1745 497 1930 572 femi-
1958 498 2014 561 A
2041 499 2137 557 Ad
2145 499 2269 559 haec
2281 501 2582 573 tyrannus
2592 517 2612 555 :
2629 521 2656 548 ε
2680 497 2759 557 Id
2767 497 2984 570 ipsum,
3007 495 3230 568 inquit,
3244 509 3352 568 per
3364 495 3416 553 te
3422 495 3692 568 primum

273 595 364 640 nx
393 583 540 640 duos
585 585 744 642 viras
791 585 1090 646 habendos
1139 587 1488 659 decerneret,
1541 587 1933 660 requirebant

277 671 488 744 patres
519 686 652 743 qua:
679 687 804 732 esse
857 675 973 734 illa
1005 677 1329 736 mulierum
1368 679 1774 752 intemperies.
1814 677 1932 733 Pa-

280 761 663 819 vebantenim
675 763 904 822 etmira
913 765 988 825 ba
1019 768 1134 826 tur
1146 785 1260 826 non
1279 786 1300 840 7
1320 784 1379 828 at;
1395 784 1482 828 vx
1491 771 1582 827 rei
1587 769 1805 844 prodig
1815 768 1934 823 ium

275 851 451 911 illam
474 855 787 912 verecundi
817 869 998 914 sexus
1025 859 1392 931 impudicam
1413 861 1739 917 insaniam.
1775 859 1934 915 Tunc

267 955 424 1014 puer
451 942 748 1015 Papirius
777 947 1010 1004 curiam
1039 948 1348 1020 ingressus
1377 949 1683 1022 publicum
1715 947 1934 1005 metum

281 1031 482 1102 demit,
505 1035 842 1106 etreferens
853 1037 1141 1110 quomodo
1159 1039 1256 1097 illi
1275 1039 1620 1112 import-una
1635 1039 1827 1096 mater
1843 1040 1934 1096 in-

285 1123 562 1193 stitisset,
577 1125 798 1196 etquid
809 1129 1039 1200 ipsema
1049 1130 1132 1188 tri
1145 1131 1572 1188 insimulasset.
1596 1131 1936 1188 Tuncsena-
1957 1150 1966 1156 -

283 1212 436 1271 tores
466 1214 777 1285 ingenium
794 1221 969 1289 pueri
995 1221 1424 1291 exosculantes,
1459 1220 1702 1278 honoris
1725 1219 1936 1290 gratia

281 1302 718 1362 Prxtextatum
732 1311 1122 1378 cognominan
1130 1311 1269 1366 dum
1280 1310 1691 1368 sanxeruntob
1705 1310 1938 1380 loquen-

283 1391 350 1450 di
371 1395 431 1450 et
444 1395 680 1452 tacendi
692 1399 1085 1468 prudentiam
1105 1400 1173 1457 in
1188 1400 1232 1434 7‘
1245 1401 1477 1458 (etatem
1493 1402 1932 1474 preetextatam,

287 1495 533 1542 causam
555 1500 790 1559 quoque
805 1489 864 1545 et
880 1489 1154 1546 ordinem
1168 1490 1278 1548 rei.
1300 1492 1409 1549 Sic
1425 1493 1626 1549 derisu
1646 1491 1736 1549 est
1752 1494 1938 1562 impu-

289 1571 767 1647 dentiajeminei
787 1581 1012 1636 amoris
1033 1580 1094 1636 et
1123 1581 1406 1646 levitatis,
1433 1583 1492 1638 et
1511 1582 1762 1654 Papirio
1780 1582 1940 1638 Prte-

290 1661 536 1734 textato,
559 1666 631 1723 ut
649 1668 784 1724 erat
795 1683 962 1739 puer,
989 1669 1628 1743 dignitasadjudieata
1649 1670 1940 1730 senatorii

289 1751 540 1817 ordinis.
566 1754 714 1814 aliis
742 1759 949 1828 pueris
971 1771 1046 1814 ex
1067 1760 1208 1818 tunc
1227 1775 1265 1818 a
1281 1763 1494 1818 senatu
1514 1761 1793 1818 ex'l-usis.
1823 1759 1944 1814 [liis

290 1839 475 1898 illatis
491 1843 558 1898 ad
576 1843 854 1915 piacitum
871 1847 1106 1904 abbatis
1120 1853 1588 1921 prosequebatur
1606 1850 1942 1906 Lambertus

293 1944 421 2002 (Illae
447 1933 906 2006 subsequuntur,
943 1943 1116 2008 prout
1139 1938 1568 1998 interveniebat
1590 1941 1642 1997 ei
1667 1947 1946 2013 opportu-

293 2019 448 2076 nitas
465 2021 535 2077 ad
549 2023 795 2092 gratiam
814 2026 1124 2083 audientis.
1150 2028 1406 2094 (CICERO,
1425 2047 1504 2087 ιη.
1523 2034 1601 2100 9.)
1621 2031 1942 2100 Narrante,

291 2108 501 2180 inquit,
553 2113 808 2171 Platone
837 2115 1150 2174 inducit-ur
1190 2120 1442 2190 quidam
1466 2119 1661 2192 Gyges
1685 2122 1747 2178 in
1779 2123 1950 2178 terra

294 2197 533 2257 hiatum
559 2203 800 2272 magnis
826 2203 1122 2264 imbribus
1158 2207 1436 2280 solutum,
1473 2209 1676 2280 ibique
1703 2209 1954 2284 ofendit

294 2303 510 2361 equum
548 2293 850 2364 jacentem
897 2297 1344 2370 xneum.6'ujus
1384 2299 1614 2370 apertis
1661 2298 1954 2356 lateribus

296 2393 428 2438 cum
443 2382 766 2440 invenisset
776 2382 1073 2442 hominem
1084 2388 1382 2444 mortuum
1395 2403 1564 2462 quem
1573 2389 1731 2458 dam,
1747 2388 1822 2444 ha
1834 2389 1956 2444 ben-

301 2469 414 2527 tem
433 2473 501 2528 in
519 2471 708 2544 digito
731 2474 1026 2530 annulum
1051 2489 1323 2546 aureum,
1358 2478 1669 2536 abstraxit
1683 2477 1741 2534 et
1758 2478 1960 2536 induit

295 2560 494 2630 illum,
519 2561 725 2632 sicque
755 2563 837 2619 ad
848 2565 1126 2635 pastores
1153 2567 1350 2635 regios
1370 2581 1433 2624 se
1451 2568 1694 2639 recepit,
1718 2581 1850 2624 cum
1873 2581 1958 2626 es-

297 2650 392 2707 set
406 2665 563 2709 unus
583 2665 800 2708 eorum.
825 2653 1080 2719 Quicum
1093 2656 1378 2726 prxa'icti
1397 2657 1614 2714 annuli
1617 2673 1701 2729 pa
1711 2658 1860 2714 leam
1879 2657 1960 2715 ad

297 2740 567 2811 palmam
587 2743 944 2809 convertens,
966 2745 1094 2814 ipse
1115 2759 1347 2819 quoque
1365 2761 1562 2804 omnes
1576 2747 1786 2804 ridens
1805 2761 1841 2802 a
1865 2761 1958 2802 ne-

2039 590 2170 648 volo
2185 591 2470 662 experiri,
2485 589 2596 661 jus
2605 589 2840 662 tumque
2849 586 3036 644 michi
3047 585 3305 654 videtur,
3316 586 3387 642 ut
3395 586 3566 656 prior
3573 599 3691 658 pa-

2043 678 2226 738 tiaris
2247 679 2407 748 quod
2434 679 2584 737 aliis
2592 693 2718 752 pra
2723 677 2983 749 parasti.
3003 675 3276 732 n—Deos
3295 687 3526 746 quoque
3550 685 3692 732 suos

2040 769 2185 826 adeo
2205 769 2426 838 irrisit,
2442 769 2513 825 ut
2518 767 2808 840 probaret
2818 780 2913 824 eos
2922 765 3120 836 magis
3129 764 3482 834 contemptui
3502 777 3688 834 quam

2040 870 2165 914 esse
2183 859 2449 928 alicujus
2467 855 2907 922 venerationis;
2925 869 3066 912 nam
3087 855 3393 924 ingressus
3409 852 3686 924 templum

2039 945 2230 1016 Jocis,
2255 935 2538 1004 amictum
2555 960 2804 1003 aureum
2825 959 2940 1017 quo
2967 943 3352 1002 simulacrum
3381 944 3511 1013 ejus
3533 942 3690 998 cela-

2043 1033 2220 1092 batur
2229 1037 2396 1108 jussi
2405 1037 2429 1092 t
2452 1035 2712 1104 detrahi,
2735 1035 2797 1092 et
2794 1048 2910 1107 pro
2931 1047 2994 1092 eo
3014 1033 3250 1090 laneum
3268 1030 3492 1103 reponi,
3507 1028 3688 1088 cavil-

2043 1125 2204 1182 latus
2221 1139 2470 1182 aureum
2485 1129 2553 1182 in
2579 1125 2782 1198 hyeme
2798 1123 3132 1194 frigidum,
3164 1121 3233 1180 in
3260 1121 3462 1179 xstate
3489 1132 3690 1176 onero-

2041 1228 2190 1274 sum.
2229 1214 2397 1286 (Cum,
2429 1215 2502 1271 N.
2523 1215 2592 1271 D.
2618 1229 2702 1284 ιιι,
2724 1216 2839 1284 34.)
2867 1210 3212 1282 ίΕεσιιιιιρὶο
3234 1210 3414 1268 etiam
3443 1221 3692 1267 auream

2047 1303 2292 1361 barbam
2315 1304 2459 1362 velli
2477 1303 2778 1376 praecepit,
2815 1303 3016 1360 dicens
3044 1302 3456 1360 inconveniens
3476 1311 3596 1356 esse
3609 1297 3694 1369 ﬂ-

2046 1394 2195 1450 lium
2208 1393 2522 1452 barbatum
2535 1394 2754 1460 videri,
2770 1393 2944 1464 cujus
2948 1392 3124 1462 pater
3135 1390 3342 1462 Apollo
3355 1388 3543 1460 utpote
3553 1399 3692 1460 quo-

2048 1482 2524 1542 tidierenascens
2537 1481 2866 1540 habebatur
2876 1479 3554 1538 imberbis.Simutacris
3564 1489 3696 1548 quo.

2047 1587 2164 1644 que
2193 1571 2526 1630 tenentibus
2556 1585 2776 1629 aureas
2800 1572 3048 1642 pateras
3077 1569 3319 1630 ademit.
3341 1567 3697 1639 protestatus

2050 1661 2125 1719 ab
2147 1661 2484 1719 hominibus
2495 1676 2614 1718 non
2635 1660 2843 1717 debere
2860 1659 3080 1732 despici
3097 1657 3256 1730 quod
3275 1656 3350 1714 ill
3375 1671 3405 1714 s
3419 1653 3698 1729 ofereba-

2054 1753 2203 1808 tura
2225 1753 2574 1820 Diis,’tClC.,
2599 1751 2768 1808 Tusc.
2788 1751 3198 1820 v,21.)aurum
3219 1743 3700 1804 videlicetsima-

1971 1867 2028 1930 B
2056 1840 2179 1896 lum
2199 1841 2366 1909 esset,
2405 1839 2623 1897 habere
2652 1841 2803 1898 Deos
2824 1853 2942 1896 non
2971 1837 3194 1906 debere,
3221 1837 3277 1894 si
3302 1849 3434 1892 vero
3465 1833 3695 1902 bonum,

2055 1929 2187 1988 illis
2200 1931 2405 2002 potius
2424 1929 2735 1986 convenire
2754 1929 2861 2001 qui
2883 1927 2989 1984 illo
3008 1927 3101 1983 uti
3121 1925 3360 1984 scirent.
3389 1923 3548 1982 Idem
3566 1936 3700 1980 cum

2057 2033 2096 2077 a
2117 2021 2372 2091 quodam
2397 2020 2746 2090 philosopho
2777 2017 3220 2088 beatiﬁcarelur
3240 2029 3301 2072 eo
3321 2014 3478 2086 quod
3495 2012 3576 2070 ad
3591 2024 3702 2068 nu-

2061 2111 2184 2166 tum
2201 2111 2332 2180 ejus
2353 2108 2690 2180 suppeteret
2707 2106 2822 2164 sibi
2853 2105 3032 2163 tan-tte
3056 2103 3367 2177 potestatis
3384 2115 3544 2170 usus,
3568 2114 3701 2157 eum

2061 2198 2143 2256 ad
2153 2199 2603 2256 convesee'idum
2617 2197 2812 2254 eodem
2834 2196 2929 2252 die
2949 2194 3250 2264 invitavit,
3273 2194 3332 2250 et
3342 2191 3552 2264 prater
3571 2203 3703 2248 con-

2061 2287 2437 2346 suetudinem.
2458 2287 2731 2360 exquisit
2745 2291 2786 2344 's
2803 2285 3044 2342 divitiis
3063 2283 3394 2342 convicium
3411 2280 3704 2354 agendum

2063 2378 2356 2437 instituit.
2377 2377 2445 2432 in
2465 2391 2580 2447 quo
2591 2374 2946 2448 philosopho
2965 2388 3162 2432 secum
3189 2370 3572 2430 discumbenti
3596 2383 3702 2426 nu-

2068 2466 2274 2523 datum
2285 2467 2564 2537 gladium
2591 2466 2750 2522 ten-ui
2763 2465 2877 2536 Jz‘lo
2897 2477 3076 2535 super
3095 2463 3275 2533 caput
3290 2458 3706 2532 suspendijus—

2065 2556 2165 2614 sit.
2195 2554 2595 2626 Philosophus
2622 2555 2830 2612 videns
2855 2553 3136 2626 gladium
3154 2549 3570 2622 impendentem
3589 2545 3706 2605 sibi

2067 2647 2387 2702 exhorruit
2411 2645 2768 2713 convicium,
2787 2635 3588 2711 etimminentesibipericulo
3601 2637 3700 2693 hu

2055 2735 2347 2806 jusmodi,
2369 2735 2642 2806 gratiam
2659 2733 3056 2800 convescen'li,
3085 2731 3340 2802 tyranno
3359 2729 3465 2799 qui
3482 2741 3544 2785 se
3561 2727 3711 2782 invi-

298 2829 459 2886 mine
477 2830 803 2902 videretur,
838 2813 1024 2904 hujus
1052 2813 1339 2892 miraculi
1366 2835 1555 2894 soleo-3
1571 2837 1797 2905 factus,
1819 2850 1960 2906 rege
2069 2824 2550 2882 taveratomnino
2564 2821 2892 2880 excusavit.
2910 2820 3005 2876 Ad
3015 2819 3136 2876 haec
3149 2819 3460 2890 tyrannus:
3479 2835 3508 2868 α
3527 2813 3706 2882 Talis,

305 2918 602 2988 Lydorum
624 2921 937 2992 interfecto
968 2936 1099 2979 cum
1127 2923 1490 2994 quibusdam
1515 2923 1645 2982 suis
1671 2925 1960 2996 principi-
2067 2914 2292 2984 inquit,
2317 2909 2959 2970 sc'curitab'seslmicni
2979 2906 3483 2977 beatitwioxuius
3495 2915 3712 2960 meme

314 3005 441 3073 bus,
476 3022 664 3082 uxore
689 3011 837 3082 ejus;
856 3011 916 3066 et
937 3025 1118 3081 regno
1147 3013 1238 3070 est
1253 3013 1499 3082 potitus.
1674 2995 1686 2996 ί
1863 2995 1884 2996 ί
2054 3003 2600 3078 falsoprxdicasti,
2619 3017 2748 3060 cum
2768 3000 2861 3058 vel
2877 2999 3279 3073 rotafortunx
3296 2995 3456 3052 modo
3484 3005 3710 3052 summa

381 3083 467 3136 6|.
495 3081 632 3152 (74.)
666 3080 838 3137 Illud
864 3080 1118 3153 quoque.
1153 3080 1360 3154 inquit,
1389 3085 1772 3142 memorabile
1801 3099 1935 3156 aput

2155 3091 2798 3163 ivol-eat7‘ia/imis,vel
2808 3091 2939 3162 ipsa
2951 3102 3109 3146 mors
3121 3085 3379 3144 omnibus
3401 3085 3709 3140 imminens

303 3168 458 3240 philr.
473 3170 684 3241 sophos
704 3170 958 3228 habetur
977 3172 1050 3228 de
1062 3174 1386 3232 Dammone
1401 3175 1720 3246 eththia,
1740 3175 1963 3232 duobus
1997 3239 2042 3253 Α
2071 3183 2231 3239 nulli
2241 3195 2482 3253 parcere
2493 3181 2656 3237 velit.
2673 3179 2730 3248 »(
2740 3181 2776 3232 ν
2787 3198 2812 3234 Α
2823 3195 2870 3236 ι.
2881 3180 3044 3246 Mm,
3064 3181 3202 3247 m,3.
3222 3177 3364 3233 Ext.
3385 3179 3433 3246 1)
3449 3172 3707 3244 Legitur,

307 3239 593 3317 videlicet
609 3261 698 3332 Py
707 3261 988 3332 tagoreis,
1005 3276 1259 3334 quorum
1281 3264 1436 3321 alter
1453 3279 1492 3320 a
1506 3239 1856 3335 Dionysi/25'

2154 3272 2418 3329 exandro
2431 3271 2834 3340 sacrificante,
2843 3283 3101 3340 puerum
3113 3267 3218 3338 qui
3237 3267 3291 3322 ei
3304 3265 3500 3334 ignem
3513 3274 3708 3320 accen-

311 3349 488 3408 liensi
512 3351 772 3418 tyranno
794 3351 992 3423 damp)
1017 3353 1158 3410 atus
1177 3353 1471 3412 sententia
1493 3355 1765 3427 capitati,
1783 3357 1970 3428 petiit
2077 3360 2252 3418 debat
2271 3374 2302 3418 c
2323 3359 2579 3416 .rbonem
2599 3373 2780 3415 unum
2799 3359 2866 3416 in
2884 3357 3126 3414 brachio
3143 3359 3454 3426 excepisse,
3479 3350 3711 3408 adusto-

312 3439 386 3497 ab
418 3454 479 3496 eo
491 3439 775 3498 inducias
789 3441 1022 3498 domum
1051 3456 1226 3500 suam
1251 3445 1623 3515 disponendi.
1660 3447 1968 3518 Tyrannus
2076 3463 2192 3522 que
2203 3464 2439 3520 corpore
2451 3447 2808 3506 immobilem
2817 3446 3344 3518 permansisse,nec
3360 3443 3609 3500 dolorem
3621 3436 3714 3494 vel

312 3530 744 3602 astutissimus,
767 3533 927 3602 quot
943 3533 1202 3604 reperiri
1230 3548 1348 3591 non
1373 3549 1542 3605 posse
1569 3536 1965 3605 existimarit,
2071 3541 2358 3612 gemitum
2385 3540 2558 3610 signa
2586 3539 2793 3608 aliquo
2823 3537 2919 3592 vel
2941 3537 3101 3592 motu
3135 3533 3484 3606 prodidisse.
3525 3527 3712 3586 Tanta

314 3633 650 3690 sponsorem
666 3623 774 3692 qui
780 3636 891 3692 pro
912 3635 975 3680 se
981 3623 1306 3694 feriretur,
1322 3623 1377 3680 si
1389 3639 1618 3682 moram
1615 3627 1875 3698 faceret,
1897 3627 1970 3684 ab
2065 3629 2207 3703 fuit
2224 3631 2290 3687 iu
2301 3643 2489 3700 puero
2525 3627 2864 3684 reverentia
2901 3624 3254 3696 disciplinas,
3286 3621 3574 3691 utreligio
3591 3617 3714 3673 vin-

318 3722 380 3766 eo
398 3709 746 3780 requisivit.
775 3711 890 3768 Ille
912 3711 1173 3781 utﬁdem
1183 3713 1416 3780 faceret
1434 3715 1746 3785 redeundi,
1764 3718 1976 3773 vadem
2085 3719 2240 3777 ceret
2254 3731 2490 3776 sensum
2505 3717 2758 3774 natura.
2782 3716 3072 3786 Diogenes
3097 3713 3356 3784 Cynicus
3376 3712 3442 3767 in
3461 3709 3613 3765 dolio
3629 3719 3715 3763 re-

315 3799 527 3856 mortis
540 3813 664 3856 suae
679 3800 903 3856 socium
925 3799 1144 3856 obtulit
1159 3801 1458 3859 constanti
1481 3803 1682 3860 animo
1701 3818 1807 3874 pro
1817 3819 1898 3876 se,
1923 3807 1980 3864 si
2088 3807 2410 3877 cumbebat,
2427 3807 2587 3878 quod
2602 3807 2782 3878 quasi
2801 3806 2882 3862 ad
2893 3803 3287 3862 habitandum
3305 3797 3716 3869 sibisujliciens

316 3899 435 3942 non
446 3888 865 3957 reverteretur,
881 3887 1170 3958 paratum
1184 3891 1356 3946 mori.
1388 3891 1479 3946 Ad
1499 3892 1652 3948 diem
1675 3893 1982 3954 intentata
2081 3896 2357 3970 prxtorii
2372 3897 2608 3953 nomine
2629 3893 2974 3952 honorabat.
2995 3893 3367 3964 Egeratvero
3376 3889 3445 3945 ut
3457 3888 3607 3945 idem
3627 3884 3717 3940 do-

319 3974 531 4032 mortis
534 3977 814 4048 proscrip
821 3977 916 4032 tus
926 3977 1135 4046 rediit,
1154 3991 1284 4034 cum
1297 3979 1492 4037 socius
1497 3981 1635 4052 jam
1647 3981 1873 4040 decerni

2166 4001 2242 4044 tm
2262 4001 2393 4044 cum
2409 3986 2533 4043 sole
2550 3985 2894 4053 verteretur,
2935 3983 3180 4054 ejusque
3199 3979 3564 4038 conversione
3579 3974 3720 4032 cita-

314 4077 431 4136 pro
472 4065 630 4122 socio
661 4064 1056 4124 libentissime
1081 4068 1252 4124 mori.
1286 4069 1656 4128 Ammiratus
1686 4071 1984 4144 tyrannus
2095 4073 2929 4148 batrefrigerandussolemin
2941 4063 3719 4140 xstate,eteumcalejlendus

323 4153 660 4212 amicitiam
681 4155 1057 4228 philosophis
1088 4159 1382 4214 cariorem
1411 4173 1536 4216 esse
1561 4175 1744 4230 quam
1773 4163 1979 4234 vitam,
2092 4163 2370 4239 captabat
2389 4165 2458 4222 in
2471 4164 2694 4236 hyeme.
2723 4163 2827 4230 (Cf.
2849 4161 2953 4232 ib.,
2979 4177 3052 4230 IV,
3077 4163 3126 4215 3.
3148 4158 3284 4216 Exi.
3313 4162 3362 4212 i.
3389 4157 3526 4224 Cm,
3547 4153 3710 4210 Tusc.

318 4243 569 4302 remissa
607 4245 905 4304 sententia
949 4245 1234 4305 condicta
1270 4249 1502 4318 mortis,
1560 4251 1882 4324 utrumque
1917 4253 1986 4312 in
2093 4271 2148 4326 v,
2173 4255 2288 4324 32.)
2334 4255 2512 4320 Quem
2549 4268 2682 4311 cum
2707 4252 3062 4326 praeteriens
3098 4246 3438 4308 Alexander
3473 4243 3721 4314 Magnus

327 4334 663 4392 amicitiam
675 4348 848 4394 suam
861 4336 1100 4406 ascivit,
1117 4337 1338 4410 quippe
1358 4352 1504 4410 quos
1518 4340 1583 4398 in
1597 4341 1984 4412 taliperioulo
2081 4344 2308 4416 prater
2327 4342 2680 4415 optimatum
2701 4354 2945 4398 suorum
2971 4338 3415 4396 extimationem
3434 4330 3721 4392 inclinata

323 4437 494 4481 veros
531 4425 754 4482 amicos
773 4424 1073 4498 probavit.
1108 4426 1277 4484 Idem
1290 4426 1336 4461 ⁷⁸
1351 4442 1488 4486 vero
1519 4429 1817 4500 tyrannus
1850 4432 1991 4490 licet
2091 4432 2410 4505 majestate
2430 4433 2603 4502 regia
2630 4431 2932 4499 reviseret,
2957 4426 3198 4486 adstitit
3233 4423 3484 4496 Diogeni
3505 4422 3570 4478 in
3579 4431 3725 4492 pra-

325 4513 1072 4588 multospunissetinjuste,
1091 4531 1274 4575 unum
1288 4519 1486 4576 tamen
1498 4519 1987 4580 laudaturomni-
2095 4521 2248 4580 torio
2267 4535 2374 4580 suo
2403 4519 2676 4592 captanti
2719 4517 3258 4590 hyemalemsolem.
3306 4515 3426 4580 Quo
3469 4508 3724 4569 salutato

327 4604 578 4675 nojuste
604 4606 867 4676 punisse.
900 4605 1160 4671 Quidam
1179 4607 1611 4678 enimararius
1627 4611 1881 4682 perpend

2169 4609 2548 4670 iciosissime:
2571 4631 2596 4657 α
2631 4608 2902 4675 Interim,
2935 4606 3140 4678 inquit
3160 4605 3464 4675 Diogenes,
3493 4599 3630 4656 dum
3651 4597 3723 4654 lo-

331 4704 462 4750 cum
476 4692 760 4752 delectari
775 4694 1145 4754 cruciatibus
1158 4695 1482 4767 hominum,
1501 4697 1740 4756 existim
1747 4699 1988 4760 avitilli
2096 4701 2303 4776 queris
2316 4714 2422 4758 neo
2434 4699 2584 4758 bstes
2595 4697 2783 4756 michi
2795 4713 2832 4755 a
2841 4711 2905 4756 so
2912 4698 2982 4766 le,
3005 4709 3196 4768 neque
3204 4691 3540 4752 submoveas
3549 4685 3724 4744 michi

330 4782 724 4840 deserviread
719 4783 1044 4856 placitum,
1057 4785 1114 4842 si
1110 4785 1325 4857 furori
1337 4787 1468 4858 ejus
1480 4787 1988 4848 adiuveniretali-
2094 4789 2544 4850 ministrantem
2564 4802 2635 4845 ca
2650 4788 2839 4858 ’orem,
2854 4800 3027 4860 quem
3047 4787 3173 4856 ipse
3191 4797 3307 4840 non
3323 4779 3481 4853 potes
3510 4777 3666 4834 dare.
3697 4795 3723 4828 υ

332 4873 508 4944 cujus
527 4873 820 4932 novitatis
853 4875 1223 4933 tormentum.
1260 4877 1559 4932 Formavit
1585 4891 1722 4948 ergo
1740 4879 1802 4936 et
1809 4879 1996 4952 fudit
2097 4876 2798 4938 Adhchlexandersea
2809 4873 3156 4945 philosopho
3172 4862 3725 4942 parripensumsub—

333 4961 528 5021 bovem
537 4976 1038 5035 xnemn,eumque
1049 4965 1306 5038 tyranno
1315 4967 1892 5038 prxsentavitquasi
1902 4983 1994 5026 eu-
2095 4969 2325 5040 ridens,
2347 4967 2406 5025 et
2421 4979 2737 5025 conversus
2759 4964 2841 5022 ad
2854 4964 3160 5036 principes
3169 4959 3289 5019 sibi
3318 4955 3683 5028 obsequentes
3710 4970 3721 5005 :

323 5052 1992 5129 jusdamjucunditatisspectaculum.Quirequisitusab
2106 5082 2133 5109 α
2177 5058 2396 5126 Videte,
2427 5055 2653 5127 inquit,
2670 5053 2902 5110 beluam
2916 5051 3244 5124 quatotum
3271 5040 3730 5104 mondumMM

337 5155 420 5213 eo,
436 5143 520 5200 ad
536 5157 686 5215 quos
705 5157 849 5202 usus
871 5144 1052 5202 talem
1067 5143 1411 5203 machinam
1432 5146 1845 5218 excogitasset,
1870 5163 1994 5208 res-
2099 5147 2209 5208 sub
2217 5145 2486 5218 pedibus,
2520 5157 2692 5218 quem
2712 5156 2816 5200 nos
2829 5141 2993 5198 tanto
3010 5139 3206 5198 labore
3219 5136 3554 5209 quaerimus.
3573 5155 3596 5180 ια
3625 5129 3728 5187 Cui

335 5232 553 5304 pondit
569 5232 826 5302 artifex,
853 5233 963 5291 illo
979 5233 1462 5292 intromittendos
1480 5235 1536 5293 si
1556 5249 1704 5306 quos
1725 5239 1996 5296 crucian-
2103 5251 2236 5297 cum
2245 5237 2412 5307 regio
2421 5246 2664 5292 munere
2675 5246 2770 5288 ves
2777 5230 2860 5288 tes
2863 5243 3034 5302 plene
3047 5245 3078 5284 η
3089 5228 3200 5285 udo
3208 5219 3598 5298 pro/erret,ab
3593 5222 3628 5292 j
3631 5218 3733 5307 ecit

346 5320 449 5382 dos
461 5321 1179 5394 destinaret,accensoque
1190 5321 1468 5382 desubtus
1477 5305 1900 5398 rogo,mugitui

2179 5340 2208 5384 s
2238 5305 2548 5396 Diogenes,
2577 5334 2847 5380 asserens
2868 5319 3077 5376 natum
3090 5331 3220 5375 cum
3245 5305 3733 5380 divitiiscuiquod

344 5408 586 5484 liquasi
601 5411 764 5470 bovis
778 5425 887 5484 per
909 5423 1004 5471 eos
1026 5411 1292 5485 ejusdem
1314 5411 1608 5471 machina
1636 5415 1992 5474 reddituros.
2110 5413 2554 5489 habetsufﬁcit.
2575 5413 2858 5478 (.“ACROB.
2874 5410 3006 5466 Sa'.
3025 5423 3064 5478 ι,
3085 5407 3194 5478 11.)
3214 5405 3332 5462 Hic
3347 5398 3734 5460 abarbarisex

1711 5547 1949 5605 VARIZE
1993 5547 2392 5608 LECTIONES.

411 5667 582 5746 '_‘_vel
605 5683 786 5746 supra
811 5669 908 5731 vel
933 5672 1109 5746 atate
1139 5674 1488 5746 pratextata
1517 5669 1896 5732 scribendum
1925 5675 2028 5734 est.
2106 5673 2152 5708 ⁷⁸
2181 5671 2580 5733 Narrationes
2605 5667 2914 5742 sequentes
2942 5665 3024 5725 ad
3051 5664 3229 5736 fidem
3255 5660 3380 5721 cod.
3418 5659 3470 5716 ι’
3503 5655 3742 5715 dade

347 5739 392 5773 ⁷⁸
419 5742 509 5802 ita
536 5739 808 5816 correxi,-
837 5742 1111 5800 convolat
1141 5739 1219 5800 '1‘.
