3936 6406
245 353 395 423 1401

1237 361 1715 429 CHRONICON
1767 361 1834 426 S.
1883 361 2246 426 HUBERTI
2287 360 2677 428 ANDAGIN.

3505 354 3658 420 1402

241 492 526 552 libertate
539 495 603 552 in
613 498 952 554 servitutem
968 513 1072 555 ven
1083 514 1174 555 um
1193 502 1378 566 ierat;
1390 515 1558 570 quem
1574 515 1697 555 cum
1716 513 1902 554 emere
1932 499 1983 558 A
2015 500 2118 555 hoc
2129 499 2293 554 modo
2309 499 2413 554 den
2423 500 2535 555 tem
2547 497 2819 555 strinxit.
2840 498 2993 554 Nam
2997 493 3457 567 postvietoriam
3472 493 3662 552 Caesa'

240 585 418 639 vellet
446 586 638 641 Xenia
651 587 745 642 des
777 587 1144 652 Chorintius,
1180 591 1234 644 et
1262 592 1409 658 quid
1435 591 1555 645 arti
1567 591 1685 648 ticii
1713 588 1904 643 nosset

232 675 766 742 percunctaretur:
784 695 808 724 «
829 678 999 740 Novi,
1024 679 1223 748 inquit
1243 679 1548 746 Diogenes,
1573 676 1820 732 hominil
1840 689 1905 730 us

245 759 454 817 liberis
499 765 820 832 imperare.
863 784 890 815 »
925 767 1192 823 Miratus
1231 767 1529 821 Xeniades
1567 779 1908 836 responsum

241 849 389 918 ejus,
409 865 496 904 em
499 853 665 920 ptum
690 856 887 908 emisit
905 871 1039 908 man
1051 858 1182 923 una.
1201 858 1323 924 iosq
1338 871 1548 909 uesuos
1564 857 1616 909 ei
1632 855 1874 909 tradens
1889 864 1906 898 .’

251 958 275 984 ιι
301 940 541 1008 Aea'ipe,
578 942 795 1011 inquit,
831 943 1042 996 liberos
1070 959 1221 996 meos
1249 944 1464 1012 quibus
1496 945 1759 1013 imperes.
1788 966 1811 989 n
1840 974 1905 980 —

244 1027 412 1083 Idem
438 1030 454 1092 t
471 1032 588 1088 139i
613 1031 836 1084 Alca‘an
848 1032 948 1085 der
967 1047 1090 1087 cum
1114 1033 1194 1086 ad
1215 1034 1622 1088 Brachmanas
1641 1035 1908 1101 pertran-

243 1117 410 1173 siens
429 1132 498 1173 ea
509 1135 540 1171 n
551 1120 673 1173 dem
691 1121 833 1186 gent
839 1136 918 1173 cm
940 1122 1102 1189 longe
1117 1139 1147 1172 aI
1159 1143 1189 1175 n
1202 1123 1251 1175 te
1269 1123 1306 1175 at
1311 1123 1328 1175 ἱ
1338 1123 1432 1177 dic
1461 1124 1578 1177 sxet
1594 1124 1734 1176 adeo
1754 1123 1907 1176 cohi-

245 1205 367 1260 beri
395 1209 673 1262 naturali
703 1211 843 1277 lege,
873 1212 935 1261 ut
951 1211 1186 1278 publice
1204 1211 1683 1280 philosophantes
1712 1213 1907 1265 studio

240 1296 542 1350 virtutum
573 1298 725 1351 vitia
755 1300 1065 1366 nescirent,
1100 1302 1153 1353 et
1179 1303 1440 1354 γραφέως
1471 1301 1907 1370 ini/nulicitiam

241 1385 297 1438 et
319 1385 736 1454 cupiditatem,
767 1389 1152 1455 praesen/avi!
1171 1405 1231 1443 sc
1252 1392 1404 1445 sats
1431 1405 1667 1444 renrcn
1681 1391 1762 1442 ter
1795 1392 1908 1456 Dg-

240 1474 399 1527 atimo
425 1475 695 1544 principi
725 1476 980 1542 ay'usdem
1006 1479 1356 1546 provincire.
1406 1481 1578 1542 Quem
1615 1480 1908 1547 D‘t/tll'liltts

237 1563 536 1629 regaliter
556 1565 857 1633 excipiens
879 1568 1208 1632 admonuit,
1235 1569 1532 1638 utfutura
1555 1569 1648 1622 die
1668 1569 1908 1621 inta’rcS‘

241 1651 330 1706 set
350 1651 662 1706 auditorio
689 1654 996 1722 cujusdam
1025 1657 1180 1710 inter
1200 1657 1343 1712 aluos
1368 1659 1591 1712 vicinos
1608 1656 1897 1725 justi/ite.

247 1739 464 1795 locato
486 1742 546 1795 in
567 1743 791 1796 crastin
805 1756 894 1796 um
910 1744 1166 1810 judicio,
1188 1745 1311 1798 sedi
1322 1747 1342 1797 t
1358 1759 1482 1800 cum
1511 1746 1760 1810 ngimo
1781 1750 1818 1798 ,ιι
1835 1745 1906 1797 le-

237 1829 484 1883 .vander
515 1843 639 1884 cum
662 1831 901 1902 freque.
935 1833 1020 1887 tia
1046 1835 1342 1902 popa/ari.
1379 1834 1684 1904 adt/uerunt
1713 1836 1769 1888 et
1793 1835 1903 1885 duo

237 1919 464 1984 vicini,
501 1932 750 1987 quo-rum
783 1934 964 1976 causa
1000 1925 1127 1975 erat
1159 1923 1472 1990 ejusmodi.
1522 1924 1686 1979 Alter
1726 1923 1905 1977 alteri

245 2020 466 2072 agrum
499 2008 865 2070 vendiderat,
898 2024 1064 2077 quem
1096 2011 1229 2064 dum
1261 2014 1480 2081 emptor
1508 2012 1812 2070 erro/cret.
1844 2012 1906 2064 in,

243 2109 304 2148 eo
329 2094 679 2150 thesaurum
704 2099 1027 2153 iurenerat.
1045 2098 1280 2154 Mox-ad
1296 2102 1647 2156 conditorem
1670 2102 1804 2166 agri
1827 2116 1909 2152 re-

249 2198 524 2251 currens,
556 2184 908 2241 hortabatur
937 2189 1001 2241 ut
1031 2189 1375 2243 thesaurum
1404 2205 1574 2244 suum.
1605 2189 1903 2266 i‘t’Clpri't’t,

250 2286 380 2327 cum
410 2273 974 2344 nichilsibiproeter
996 2292 1202 2347 agrum
1227 2278 1609 2333 vendidisset.
1643 2277 1910 2331 Venditor

240 2363 488 2416 econtra
511 2362 877 2418 causabatur
898 2365 1064 2417 illum
1076 2368 1206 2434 jam
1229 2381 1334 2418 non
1356 2381 1522 2420 suum
1542 2381 1662 2421 esse
1677 2367 1732 2420 th
1743 2380 1907 2421 esau-

235 2463 395 2518 rum,
420 2453 572 2519 quia
592 2452 823 2507 vendito
843 2467 986 2521 agro
1005 2455 1422 2509 eliminaverat
1441 2470 1476 2508 a
1496 2470 1554 2508 se
1573 2456 1748 2508 etiam
1771 2458 1907 2525 agri

230 2539 616 2607 proventum.
646 2540 983 2593 Atearander
1002 2541 1260 2596 miratus
1279 2541 1523 2597 liberam
1547 2545 1726 2599 totius
1747 2544 1907 2612 cupi-

243 2626 474 2684 ditaatis
504 2628 922 2682 contentionem
952 2647 971 2681 :
1008 2650 1032 2674 α
1063 2630 1444 2698 ΙΙιι]ἰ(.ςηιιί)(ιῗὶ,
1481 2633 1501 2686 i
1550 2634 1700 2699 quit,
1737 2635 1906 2688 nulla

241 2718 398 2771 esset
417 2717 490 2771 in
507 2730 680 2782 regno
699 2729 818 2769 meo
838 2717 1068 2783 agenda
1087 2717 1454 2786 rlisreptatio.
1474 2723 1618 2787 quia
1639 2734 1802 2774 omne
1821 2723 1906 2776 in‘

232 2802 912 2870 ventumpublicijuris
934 2805 1271 2859 'rindicaret
1290 2807 1578 2862 violenter
1599 2809 1846 2862 ea'actio.
1878 2829 1903 2859 »

239 2891 334 2945 Ad
367 2892 496 2944 haec
527 2891 822 2960 ngimns
855 2891 1250 2962 interrogarit
1282 2908 1426 2962 eum,
1470 2897 1667 2950 utrum
1707 2912 1908 2951 verum

240 2983 475 3034 natura
502 2993 829 3034 communes
850 2980 1062 3035 ibidem
1077 2985 1379 3053 [mo/erret
1401 2986 1634 3054 copias?
1661 2987 1908 3053 Respon-

245 3067 354 3122 den
367 3071 422 3123 te
443 3068 786 3123 Ale.randr0
808 3089 825 3123 :
851 3091 875 3115 ‹‹
895 3071 1094 3124 Etiam
1118 3074 1573 3141 copiosissimas,
1599 3095 1622 3123 »
1643 3074 1909 3129 sul/intu-

248 3157 326 3212 lit
358 3158 658 3228 ngimus
691 3176 710 3210 :
745 3177 770 3207 ‹‹
804 3160 946 3214 Haec
984 3161 1219 3230 quidem
1263 3163 1415 3216 dona
1453 3164 1740 3218 creatoris
1775 3165 1914 3218 licet

2009 587 2102 645 ris
2121 589 2538 656 interrogatus,
2563 603 2666 645 cur
2686 590 2745 642 in.
2765 588 2969 643 electio
2988 613 3004 639 -κ
3018 601 3046 641 e
3052 585 3256 655 partis
3276 585 3552 652 errasset,
3574 598 3663 640 re-

2015 679 2280 748 spondit:
2307 700 2330 726 α
2345 679 2753 735 Praecinctnra
2772 680 2900 747 ejus
2918 691 3006 730 me
3026 675 3283 744 decepit:
3299 696 3321 720 η
3337 673 3580 743 jocatus
3598 675 3663 730 in

2023 772 2308 822 Caesarem
2338 769 2441 836 qui
2475 768 2562 821 ita
2595 768 2729 833 toga
2753 764 3248 835 praecinqebatur,
3278 763 3343 817 ut
3373 761 3661 817 trahendo

2021 857 2307 911 laciniam
2341 856 2652 910 incedendo
2675 856 2832 910 retu!
2855 854 3047 908 mollis
3068 852 3394 907 videretur.
3435 853 3519 905 De
3546 865 3660 920 quo

2016 946 2194 1011 .S'glla
2223 946 2504 1014 providus
2537 945 2702 999 dixit
2730 944 3030 1013 Prnnpeio,
3066 941 3381 997 cavendum
3417 955 3452 994 (ι
3479 953 3661 1009 puero

2018 1035 2142 1090 illo.
2168 1034 2300 1099 (1b.,
2325 1050 2380 1096 η,
2404 1040 2478 1102 3.)
2502 1034 2662 1089 [dem
2687 1035 2888 1088 Cicero
2906 1047 3032 1088 cum
3054 1030 3215 1100 apual
3233 1029 3660 1098 Damasippum

2019 1124 2288 1188 caenaret,
2313 1125 2367 1177 et
2385 1123 2486 1177 ille
2503 1123 2784 1177 mediocri
2801 1124 2936 1177 vino
2953 1121 3217 1190 apposito
3241 1119 3494 1174 diceret:
3515 1137 3541 1166 «
3559 1115 3662 1172 Bi-

2022 1211 2075 1264 bi
2086 1212 2135 1265 te
2160 1212 2521 1266 lelernum
2548 1213 2670 1276 hoc,
2696 1212 2783 1267 est
2804 1213 2956 1264 enim
2979 1224 3266 1263 annorum
3290 1205 3662 1276 quadragin-

2022 1303 2100 1354 ta.
2128 1323 2148 1346 n
2178 1325 2199 1347 «ι
2223 1303 2396 1366 Bene,
2420 1301 2619 1369 inquit
2636 1303 2757 1366 ille,
2781 1301 3008 1355 aetatem
3026 1296 3282 1370 refe-rt”.
3302 1319 3326 1343 η
3352 1296 3512 1351 Idem
3531 1308 3660 1349 cum

2012 1403 2292 1457 generum
2317 1404 2484 1444 suum
2511 1391 2743 1454 eriguae
2765 1391 3010 1443 s/aturae
3031 1388 3316 1441 hominem
3344 1384 3513 1452 longo
3530 1382 3659 1451 gla-

2021 1477 2116 1530 dio
2157 1479 2480 1533 accinctum
2526 1479 2818 1533 vidisset:
2853 1503 2874 1525 ι(
2914 1477 3075 1542 Quis,
3121 1474 3340 1544 inquit,
3376 1485 3661 1541 gener-um

2018 1580 2202 1618 meum
2231 1567 2770 1633 alligaritadgtad
2803 1576 2932 1621 um?
2957 1588 2981 1615 »
3006 1564 3123 1619 Sed
3141 1577 3323 1633 neque
3331 1561 3532 1631 fratri
3554 1573 3580 1613 s
3595 1573 3658 1614 ‘to

2019 1655 2078 1708 in
2100 1655 2489 1709 'l/lOi'ttthtttltt’
2506 1656 2776 1724 pepercit.
2802 1655 2956 1709 Erat
2967 1656 3020 1707 et
3035 1656 3050 1705 ,ί
3050 1668 3156 1723 pse
3161 1664 3366 1722 parrae
3381 1649 3662 1717 staturae;

2020 1746 2192 1813 cujus
2215 1746 2531 1810 imaginem
2554 1761 2677 1797 cum
2698 1744 2948 1799 vidisset
2970 1742 3301 1811 cli/pentum
3325 1736 3662 1805 ingentibus

2025 1832 2398 1887 lineamentis
2419 1848 2601 1900 usque
2619 1834 2910 1902 aliqu-ctus
2929 1853 2946 1886 .-
2972 1854 2996 1879 ‹‹
3016 1831 3247 1895 Frater,
3271 1827 3486 1897 inquit,
3502 1838 3662 1879 meus

2023 1919 2312 1976 dimidius
2333 1925 2524 1990 major
2543 1923 2826 1990 estquam
2849 1921 3018 1975 totus.
3049 1941 3072 1970 »
3098 1920 3172 1974 In
3194 1916 3504 1974 consulatu
3527 1926 3665 1984 quo-

2021 2024 2134 2080 que
2164 2011 2448 2065 Vaticinii
2461 2010 2504 2041 ⁸ο
2517 2024 2682 2080 quem
2699 2011 2911 2078 paucis
2929 2007 3132 2063 diebus
3144 2005 3351 2076 gessit,
3379 2005 3484 2059 hoc
3497 2003 3663 2058 modo

2017 2099 2163 2154 risit
2191 2118 2206 2151 .·
2241 2118 2265 2146 ‹‹
2296 2098 2602 2165 Magnum,
2641 2099 2854 2166 inquit,
2890 2097 3244 2152 ostentatum
3271 2093 3315 2124 ⁸⁸
3346 2093 3571 2149 accidit
3600 2092 3665 2147 in

2020 2201 2173 2241 anno
2219 2187 2519 2254 Vaticinii,
2549 2189 2613 2242 in
2635 2202 2746 2256 quo
2769 2201 2872 2240 nec
2895 2186 3098 2239 bruma
3124 2197 3225 2239 nec
3245 2197 3342 2236 rer
3365 2196 3467 2237 nec
3488 2182 3662 2237 aestas

2018 2289 2123 2329 nec
2149 2275 2468 2329 autumnus
2484 2275 2638 2345 fuit.
2671 2296 2695 2321 υ
2729 2306 2796 2312 -
2829 2273 2964 2339 (1b.,
2997 2288 3044 2326 υ.
3076 2275 3150 2339 4.)
3181 2271 3428 2326 Audivit
3462 2270 3662 2326 Caesar

2018 2366 2060 2418 A
2075 2364 2321 2431 ugustus
2346 2363 2498 2417 inter
2515 2377 2725 2432 pueros
2749 2377 2892 2432 quos
2915 2363 3176 2416 Herodes
3194 2375 3230 2415 a
3251 2359 3474 2415 bonum
3497 2359 3554 2412 et
3575 2358 3662 2412 in-

2001 2450 2160 2521 fra]
2173 2466 2268 2508 uss
2279 2453 2403 2505 erat
2419 2453 2698 2517 occidere,
2715 2464 2882 2506 suum
2904 2471 2936 2521 q
2949 2449 3338 2520 noque/ilium
3362 2449 3656 2511 interisse,

2018 2541 2276 2595 etdixit:
2296 2564 2316 2586 ‹‹
2335 2540 2574 2594 Mal/em
2595 2541 2847 2596 Herodis
2866 2554 2986 2595 esse
2997 2553 3208 2608 porcus
3227 2536 3608 2607 quam/ilius.
3627 2557 3652 2582 »

2017 2629 2177 2683 Idem
2199 2631 2397 2683 Caesar
2413 2628 2689 2684 sublimis
2705 2629 2945 2684 Actiaca
2965 2643 2993 2681 ιτ
3005 2626 3215 2683 ictoria
3232 2623 3660 2690 revertebatur;

2018 2717 2276 2772 occurrit
2298 2719 2350 2772 ei
2376 2717 2528 2772 inter
2545 2720 2727 2786 gratia
2742 2718 2926 2772 tantes
2948 2716 3194 2786 quidam
3212 2729 3442 2771 corvmn.
3463 2715 3661 2767 tenens

2017 2821 2183 2875 quem.
2207 2807 2554 2861 instituebat
2577 2807 2803 2863 dicere:
2837 2829 2861 2854 α
2883 2809 3016 2869 Ave,
3055 2807 3254 2860 Caesar
3282 2805 3464 2859 victor
3486 2805 3664 2872 inape-

2015 2911 2085 2950 ra
2096 2899 2182 2949 tor
2221 2916 2247 2946 »
2269 2897 2533 2952 Miratus
2555 2900 2752 2951 Caesar
2770 2897 3084 2965 odiatiosam
3107 2909 3289 2958 avem,
3315 2894 3536 2963 viginti
3557 2892 3665 2946 mi-

2021 2984 2176 3040 libus
2200 2987 2451 3041 nummis
2475 2985 2632 3040 emit.
2657 2985 2870 3041 Socius
2893 2985 3143 3053 api/fcis,
3180 2983 3260 3038 ad
3281 2996 3449 3051 quem
3473 2981 3669 3037 nichil

2020 3087 2093 3128 ελ·
2116 3075 2134 3126 i
2149 3075 2226 3127 lla
2254 3074 2618 3128 liberalitate
2637 3077 2984 3143 pervenerat
3005 3072 3064 3140 ⁸³,
3090 3071 3416 3141 afﬁrmavit
3439 3068 3664 3126 Ueesari

2020 3160 2095 3214 ill
2101 3176 2195 3215 um.
2216 3163 2271 3216 et
2291 3177 2324 3216 a
2336 3162 2481 3215 lium
2501 3162 2733 3230 habere,
2749 3177 2918 3230 quem
2937 3162 3004 3215 ut
3020 3161 3238 3232 ajf'erre
3251 3174 3348 3229 cog
3357 3160 3552 3214 eretur
3572 3171 3662 3212 ro-

244 3246 491 3301 alenatis
525 3245 612 3302 ibi
637 3248 1019 3315 provenirent
1047 3251 1362 3310 creaturis.
1405 3253 1625 3306 scirent
1651 3254 1909 3323 profecto
1943 3237 1989 3296 Ο
2013 3251 2218 3319 garit;
2239 3251 2687 3305 allutuscorvus
2709 3250 2875 3304 verba
2902 3264 3030 3318 quae
3045 3247 3656 3317 didiceratexpressit.

250 3333 527 3389 hominas
549 3336 726 3389 tantae
747 3337 1064 3406 injustitiae
1083 3340 1504 3408 etcupiditatis
1524 3341 1631 3396 illa
1654 3356 1761 3394 non
1783 3342 1911 3396 suis

254 3423 424 3477 modo
459 3422 658 3479 debita
688 3425 938 3488 meritis,
965 3426 1068 3479 seat
1086 3428 1145 3480 in
1173 3430 1371 3482 eadem.
1407 3430 1565 3484 terra
1593 3429 1911 3485 subsistere-

249 3511 408 3568 tibus
431 3515 532 3566 ret
549 3513 895 3568 volatilibus
916 3514 1008 3569 vel
1031 3514 1232 3570 bestiis
1254 3515 1315 3569 ⁷⁷.
1352 3535 1378 3566 ››

318 3605 389 3656 62
425 3602 747 3657 Hannibal
769 3605 1270 3672 Uartlmginensis
1301 3606 1461 3674 apud
1489 3620 1679 3675 regem
1713 3608 1912 3662 Antio-

253 3689 430 3744 chum
447 3691 1147 3760 profugus,facetissime
1165 3695 1484 3750 euri/latus
1505 3699 1605 3750 est.
1626 3696 1736 3764 (Ib.
1758 3713 1813 3762 ll,
1832 3702 1908 3768 '2.)

256 3779 582 3848 Ejusmodi
601 3781 910 3836 cavillatio
930 3783 1017 3836 sic
1035 3785 1135 3837 est.
1159 3783 1756 3839 OstenlabatAntioclz
1771 3800 1834 3840 us
1849 3787 1911 3841 in

256 3881 464 3938 campo
491 3868 755 3937 ingentes
777 3873 995 3938 copias,
1021 3886 1172 3939 quas
1194 3871 1402 3927 bellum
1417 3874 1629 3942 populo
1654 3877 1909 3929 Romano

236 3955 532 4025 factu-rus
549 3960 1009 4026 comparaverat.
1035 3960 1626 4017 Convertebatanverci
1635 3965 1749 4016 tum
1766 3965 1785 4017 i
1794 3963 1909 4019 nsi-

166 4090 181 4104 ,
245 4043 470 4112 gnibus
492 4046 792 4113 argenteis
809 4049 862 4099 et
881 4048 1422 4117 aureisﬂorentem,
1448 4051 1506 4103 in
1517 4050 1765 4106 durabat
1781 4067 1907 4106 eur-

250 4145 356 4187 rus
379 4147 510 4188 cum
519 4133 798 4204 falcibus
822 4135 877 4188 et
897 4136 1236 4204 elephantos
1260 4153 1387 4192 cum.
1412 4138 1696 4200 turribus,
1730 4154 1906 4210 equos

252 4231 383 4275 cum
400 4221 578 4278 miris
580 4221 794 4292 frenis
807 4223 1072 4294 etephipi
1080 4226 1149 4292 is,
1168 4240 1291 4280 cum
1308 4227 1628 4283 monilibus
1642 4229 1907 4298 etp/iule-

250 4309 360 4364 ris.
390 4311 523 4366 Rea:
545 4310 707 4365 tanto
731 4312 997 4367 exercitu
1019 4313 1256 4382 tamque
1277 4317 1481 4370 ornato
1505 4317 1716 4385 elatus,
1743 4318 1905 4372 Han-

255 4396 520 4453 nibalem
540 4396 584 4429 ⁷⁸
605 4399 988 4469 compellens:
1011 4426 1035 4448 α
1057 4403 1339 4468 Putasne,
1367 4403 1588 4474 inquit,
1611 4406 1762 4461 satis
1785 4421 1906 4463 esse

257 4485 544 4544 Romanis
571 4488 689 4544 haec
715 4491 912 4546 omnia
936 4497 960 4545 .9
980 4512 1005 4538 η
1041 4491 1202 4548 Tunc
1230 4493 1444 4549 Poenus
1473 4495 1712 4551 eludens
1742 4496 1910 4565 igna-

2023 3358 2048 3386 «
2069 3342 2198 3407 Ave,
2216 3338 3014 3407 TictorimperatorAIit/toni.
3037 3360 3061 3389 υ
3090 3337 3266 3394 Nihil
3281 3338 3481 3392 Caesar
3495 3350 3663 3391 exas-

2015 3432 2188 3496 perat
2197 3442 2261 3482 us
2283 3429 2435 3483 satis
2468 3429 2644 3482 ducit
2662 3428 2704 3459 ⁸³
2716 3428 2929 3497 jubere
2952 3429 3124 3483 illum
3146 3427 3410 3481 dividere
3432 3425 3663 3480 donati-

2019 3531 2150 3571 vum
2168 3535 2184 3571 a
2199 3529 2295 3571 uni
2320 3518 2748 3572 com’u’xernali.
2773 3517 2925 3572 Salia
2937 3517 3095 3572 tatus
3107 3517 3246 3571 simi
3256 3515 3392 3571 liter
3413 3528 3446 3568 a
3449 3513 3666 3584 psitta-

2019 3619 2099 3665 co,
2111 3606 2223 3659 emi
2239 3609 2530 3672 eum/ossi
2541 3612 2575 3659 t.
2589 3607 2747 3661 Ideni
2765 3606 3019 3661 miratus
3033 3608 3095 3659 in
3105 3604 3422 3675 pica,lianc
3434 3614 3665 3674 quoque

2018 3695 2284 3749 redemit.
2324 3697 2673 3763 Exemplum
2699 3696 2804 3750 hoc
2829 3693 3415 3763 pauperem.sutorem
3443 3690 3664 3745 sollici-

2022 3784 2192 3848 tavit,
2222 3786 2530 3838 utcorrum
2550 3783 2982 3839 instituerctad
3003 3797 3195 3838 narem
3216 3780 3660 3843 salutationem;

2019 3874 2129 3941 qui
2159 3873 2422 3943 impensa
2448 3875 2795 3940 erlzaustus,
2831 3887 2978 3942 saepe
3007 3872 3085 3928 ad
3112 3886 3280 3926 avem
3301 3885 3417 3925 non
3435 3883 3665 3937 respon-

2020 3962 2244 4016 dentem
2279 3964 2473 4018 dicere
2500 3963 2752 4019 solebat:
2781 3987 2804 4009 ιι
2837 3965 3023 4032 Opera.
3056 3961 3111 4015 et
3134 3962 3397 4030 impensa
3409 3957 3614 4030 periit.
3633 3979 3657 4004 ι)

2017 4053 2059 4104 A
2075 4051 2157 4118 liq
2169 4051 2361 4106 nando
2376 4052 2571 4105 tamen,
2585 4066 2788 4106 corvus
2803 4052 2975 4122 caepit
2990 4051 3184 4106 dicere
3207 4049 3363 4104 dicta
3373 4050 3488 4103 tam
3503 4047 3664 4102 salu-

2021 4140 2320 4194 tationem.
2369 4141 2500 4194 Hac
2537 4140 2751 4193 audita
2783 4139 3037 4193 transiit
3074 4137 3396 4206 Augustus,
3429 4149 3663 4204 respon-

2022 4227 2162 4281 dens
2181 4245 2190 4278 :
2211 4245 2237 4274 «
2261 4227 2681 4281 salutatorum
2695 4227 2907 4280 talium
2933 4225 3088 4280 satis
3111 4221 3479 4278 domihabeo.
3505 4244 3530 4271 υ
3548 4223 3664 4277 Su-

2017 4315 2250 4386 per/uit
2272 4328 2437 4370 corvo
2468 4315 2769 4380 memoria,
2804 4315 2872 4368 ut
2898 4316 2950 4367 et
2981 4314 3094 4368 illa
3124 4311 3341 4382 quibus
3362 4311 3664 4366 dominum

2022 4405 2360 4476 querentem
2380 4402 2602 4460 solebat
2617 4403 2825 4458 audire
2843 4401 3203 4458 subtexeret:
3227 4424 3249 4448 «
3269 4404 3455 4471 Opera
3479 4401 3536 4455 et
3559 4400 3661 4455 im-

2017 4508 2201 4564 pensa
2213 4495 2340 4563 peri
2350 4494 2414 4548 it.
2435 4516 2458 4538 n
2471 4492 2560 4547 Ad
2571 4491 2727 4563 quoat
2742 4493 2932 4546 Caesar
2946 4490 3104 4558 risit,
3121 4491 3351 4559 emique
3364 4504 3523 4545 avem
3530 4490 3662 4558 jus-

253 4574 414 4630 viam
454 4575 785 4633 imbellum
820 4579 1083 4634 militum
1128 4581 1503 4652 pretiumque
1550 4600 1850 4640 armorum
1889 4605 1908 4640 :
1940 4599 1992 4659 Ι)
2024 4583 2122 4650 sit,
2146 4584 2360 4653 quanti
2383 4582 2612 4637 nullam
2636 4577 3665 4636 aat/i'ucemerat.-—.S'olebatdescen-

260 4685 284 4710 σι
309 4665 522 4734 Plane,
549 4666 654 4722 ille
674 4669 894 4738 inquit,
925 4670 1079 4726 satis
1108 4684 1232 4726 esse
1261 4670 1380 4727 haec
1404 4673 1572 4728 credo
1603 4676 1909 4737 Romanis.

257 4753 366 4809 etsi
384 4755 514 4812 sint
530 4757 900 4814 avarissimi.
930 4782 953 4807 ››
978 4761 1060 4814 Et
1072 4759 1176 4815 hoc
1192 4761 1345 4817 satis
1366 4776 1473 4817 non
1494 4765 1681 4819 solum
1705 4766 1911 4838 lepide,

253 4842 357 4898 sed
381 4845 439 4900 et
455 4844 660 4900 acerbe
683 4845 922 4902 dictum.
951 4849 1082 4904 Rea:
1101 4849 1170 4904 de
1187 4863 1427 4904 numero
1452 4854 1648 4908 eicerci
1656 4855 1748 4909 tus
1772 4855 1828 4909 et
1847 4855 1915 4909 de

257 4933 566 5003 aequipara
575 4934 730 4989 tione
743 4938 1080 5005 quaesierat,
1099 4937 1204 4994 ille
1218 4953 1422 5008 respon
1433 4940 1524 4994 dit
1538 4941 1606 4996 ate
1607 4943 1838 5012 praeda.
1849 4975 1914 4983 -

261 5017 389 5091 (1b.,
407 5037 456 5080 c.
473 5025 551 5093 3.)
571 5024 647 5079 In
664 5026 954 5080 Caesarem
972 5041 1204 5096 quoque
1220 5029 1487 5085 mordaci
1494 5031 1588 5085 tas
1613 5033 1916 5089 Ciceronis

2028 4673 2188 4728 denti
2230 4686 2268 4726 a
2304 4671 2537 4741 palatio
2573 4670 2796 4726 Caesari
2837 4668 3090 4740 aliquod
3117 4667 3508 4737 honoriﬁcum
3548 4665 3667 4736 epi—

2019 4776 2294 4832 gramma
2314 4762 2628 4832 porrigere
2659 4761 2995 4826 Graeculus;
3022 4759 3088 4815 irl
3117 4773 3242 4815 cum
3251 4758 3664 4829 frustrasape

2011 4851 2284 4923 fecisset,
2307 4864 2518 4905 rursus
2541 4864 2666 4905 cum
2693 4850 2844 4904 idem
2872 4849 3173 4904 facturum
3195 4845 3446 4901 vidisset
3464 4848 3662 4914 Augu-

2025 4942 2172 5008 stus,
2201 4940 2365 4995 breve
2403 4953 2513 4995 sua
2544 4953 2725 4995 manu
2757 4939 2820 4994 in
2851 4938 3061 4995 charta
3093 4935 3372 4992 exaravit
3400 4936 3664 4992 Graecum

2028 5031 2413 5101 epigramma,
2435 5029 2820 5099 pergentique
2847 5027 3050 5082 deinde
3063 5026 3142 5081 ad
3153 5039 3213 5081 se
3231 5026 3294 5080 in
3314 5023 3544 5080 obviam
3556 5038 3607 5077 m
3619 5023 3663 5077 i-

1643 5129 1874 5183 VARle
1927 5127 2319 5183 LECTIONES.

330 5213 372 5246 ⁷⁷
404 5216 672 5293 Posthac
699 5218 761 5274 in
788 5224 840 5274 1.
871 5222 1150 5290 sequitur
1195 5225 1375 5293 caput
1415 5226 1681 5280 nostrum
1737 5231 1822 5292 4:3,
1881 5227 2090 5282 deinde
2122 5240 2176 5280 c.
2214 5229 2280 5278 62
2332 5225 2461 5280 sine
2487 5225 2610 5279 ullo
2670 5224 2902 5279 ordinis
2931 5221 3206 5277 mutandi
3239 5221 3434 5290 signa.
3503 5220 3668 5284 Quod

260 5298 436 5353 4mm
467 5290 987 5363 aperterepugnet
1004 5290 1322 5349 intentioni
1351 5296 1633 5358 auctoris,
1665 5290 1998 5354 censuimus
2019 5297 2392 5352 mutandum.
2421 5296 2634 5351 Auctor
2653 5296 2807 5350 enim
2834 5307 3213 5363 quacumque
3232 5293 3531 5349 occasione
3550 5306 3668 5347 ser-

259 5361 1113 5444 monum.Lamberti'ejusdem
1136 5366 1375 5444 generis
1406 5368 1474 5444 in_
1499 5368 1744 5423 mentem
1778 5370 1896 5444 ipsi
1927 5369 2236 5435 venerunt,
2269 5368 2376 5444 hoc
2409 5368 2525 5444 loco
2558 5361 3040 5444 inmembranam
3061 5361 3380 5444 conjecisse
3408 5363 3665 5444 videtur,

258 5428 355 5482 vel
374 5429 578 5510 pvtius
610 5428 946 5510 innsceatula
977 5428 1183 5510 assuta
1203 5437 1572 5510 posti/aeditui
1604 5428 2006 5510 supple-cisse;
2031 5453 2209 5510 quam
2223 5428 2546 5510 'scedulani
2569 5437 2860 5510 librarius
2890 5437 2952 5491 in
2977 5442 2997 5490 1
3021 5477 3031 5488 .
3054 5428 3245 5510 inepto
3267 5437 3384 5510 loco
3411 5428 3672 5491 inseruit

258 5502 389 5576 post
414 5515 461 5576 c.
498 5505 594 5576 (ὶῖξζ
646 5502 712 5576 -ῖδ
744 5506 1024 5561 Hannibal
1059 5509 1132 5576 Γ,

266 5575 354 5625 rat.
388 5573 465 5628 1'.
551 5572 596 5605 ⁸³
625 5574 773 5631 dixit
809 5580 887 5634 ι’.

1245 5507 1290 5540 ⁷³
1326 5510 1434 5562 fert.
1466 5509 1656 5565 Macr.

1756 5511 1800 5542 ⁸ο
1829 5508 2090 5566 Vaticuin
2126 5512 2198 5564 Γ.
2232 5509 2445 5564 Vatinii
2477 5508 2670 5566 Macr.

2755 5507 2799 5540 θλ
2828 5510 3119 5562 ostentum
3146 5507 3232 5563 Μ.
3316 5505 3360 5538 ⁸³
3394 5520 3671 5577 provene-

341 5721 488 5796 (139)
523 5721 641 5778 Hoc
675 5723 825 5779 unde
853 5723 1115 5782 hauserit
1147 5722 1360 5795 nescio,
1395 5729 1453 5780 et
1485 5723 1531 5780 si
1561 5723 1697 5780 olim
1731 5737 1819 5779 me
1841 5652 2165 5794 Ιὲἓῖἐξῖδεο
2198 5721 2454 5780 memini.
