3936 6418
295 338 451 407 1408

1270 332 1753 403 CHRONICON
1795 330 1866 398 Β.
1913 330 2282 399 HUBERTI
2322 332 2716 401 ANDAGIN.

3552 336 3708 405 1404

291 495 675 558 εἱιθνωσιιιο.
691 494 811 555 Ille
822 493 1065 567 legendo
1078 492 1331 552 laudare
1343 494 1402 552 et
1426 493 1650 551 mirari
1673 493 1793 550 tam
1803 507 1845 550 vi

2008 486 2029 531 λ
2061 493 2087 520 ⁸
2117 470 3299 567 ῘὲἶῖἶέἕῖῨὲἓῖιη.ίπῖ²Ῑ²ξ,ίεῖἒ⁸,
3310 473 3562 567 ε

291 602 471 662 quam
494 587 684 653 vultu,
712 599 962 654 cumque
984 584 1186 642 Caesar
1206 584 1554 642 accessisset
1588 583 1672 640 ad
1711 583 1937 651 sellam,

296 678 604 736 Graeculus
626 676 886 733 demissa
905 689 1093 732 manu
1108 676 1172 730 in
1172 688 1502 747 pauperem
1508 674 1779 745 fundam
1794 686 1943 743 pau-

290 782 383 825 cos
405 766 687 823 denarios
699 766 965 837 protulit
982 779 1130 835 quos
1159 764 1428 836 principi
1470 764 1661 825 daret.
1695 764 1933 821 dicens:

291 876 318 907 α
342 859 474 915 Non
495 856 816 913 secundum
823 855 1071 927 factum
1101 863 1267 911 tuum
1288 856 1460 923 (140),
1488 853 1766 926 Auguste,
1791 852 1941 924 quia

287 949 342 1005 si
350 947 492 1017 plus
507 944 804 1013 baberem,
820 946 958 1015 plus
977 944 1199 1001 darem.
1228 967 1253 993 ιο
1280 945 1495 1002 Secuto
1512 944 1770 999 omnium
1780 943 1935 1012 risu,

289 1034 758 1105 dispensatorem
809 1032 1010 1090 C'lesar
1030 1032 1280 1099 vocavit,
1317 1033 1377 1088 et
1398 1033 1679 1091 sestertia
1709 1033 1940 1090 centum

285 1125 464 1181 milia
491 1122 758 1180 Graeculo
772 1124 1083 1181 numerari
1097 1122 1307 1193 jussit.
1345 1154 1413 1163 —
1463 1124 1785 1179 Veteranus
1808 1123 1940 1194 qui-

289 1213 427 1270 dam
440 1228 569 1269 cum
585 1214 682 1270 die
696 1214 755 1270 in
765 1213 828 1269 di
839 1213 922 1269 "to
934 1212 1272 1283 sibirespon
1281 1211 1942 1284 dendijurispericlita-

286 1304 474 1359 retur.
503 1303 755 1360 accessit
782 1302 849 1359 in
862 1302 1100 1374 publico
1114 1303 1195 1359 ad
1232 1302 1545 1371 Caesarem,
1586 1301 1942 1371 rogavitque

286 1392 361 1448 ut
380 1390 501 1449 sibi
540 1391 791 1450 adesset.
828 1390 946 1449 Ille
965 1391 1313 1449 advocatum
1352 1406 1526 1461 quem
1551 1405 1627 1448 ea:
1656 1390 1943 1448 comitatu

287 1495 392 1538 suo
408 1480 745 1552 eligendum
758 1482 1103 1552 putaverat,
1122 1483 1254 1538 sine
1272 1495 1436 1537 mora
1459 1481 1642 1549 dedit,
1661 1494 1943 1538 commen-

290 1570 575 1643 davitque
588 1570 641 1626 ei
664 1570 1053 1636 litigatorem.
1072 1571 1467 1628 Exclamavit
1498 1570 1733 1642 ingenti
1745 1568 1789 1602 ⁸⁸
1808 1583 1943 1626 voce

286 1660 647 1716 veteranus:
675 1679 703 1711 «
725 1660 940 1717 Atnon
980 1674 1101 1730 ego,
1141 1659 1361 1729 Casar,
1386 1660 1439 1716 te
1472 1659 1859 1731 periclitante
1875 1660 1943 1717 in

287 1750 333 1805 A
344 1750 531 1807 ctiaco
547 1748 695 1806 bello
711 1764 740 1805 τ
751 1748 1012 1805 icarium
1025 1750 1299 1819 quasivi,
1317 1750 1422 1806 sed
1422 1763 1530 1819 pro
1546 1750 1598 1805 te
1600 1750 1899 1819 pugnavi;
1911 1771 1937 1796 ι

2126 545 2438 616 Summum
2468 545 2550 603 ad
2572 545 2835 616 gradum
2864 559 2994 602 cum
3021 545 3332 603 claritatis
3358 545 3610 615 veneris,

2130 615 2430 673 Consistes
2450 615 2621 687 agre,
2654 618 2710 672 et
2729 617 2910 674 citius
2931 631 3111 688 quam
3136 616 3452 674 desrendas
3473 618 3703 677 decides

2129 688 2331 744 Uecidi
2354 702 2475 755 ego,
2501 688 2677 745 cadet
2698 689 2805 757 qui
2825 689 3122 757 sequitur,
3156 688 3290 745 laus
3320 689 3410 745 est
3429 689 3693 758 publica.

2120 758 2488 829 Beneﬁcium
2523 759 2720 816 dando
2748 759 2976 828 accipit
2997 760 3104 830 qui
3136 759 3314 830 digno
3343 759 3528 817 dedit.

2122 830 2327 901 Feras,
2361 846 2478 886 non
2507 832 2723 901 culpes,
2752 832 2982 887 mutari
2999 828 3057 865 7”
3086 828 3245 898 quod
3272 844 3386 887 non
3406 832 3619 901 potest.

2127 900 2242 974 Cui
2253 903 2399 974 plus
2422 902 2566 959 licet
2580 900 2761 970 quam
2778 917 2893 974 par
2915 902 3022 973 est,
3034 902 3178 973 plus
3200 902 3331 958 vult
3347 900 3525 974 quam
3547 903 3697 961 licet.

2127 970 2325 1029 Com—es
2339 972 2656 1043 facundus
2684 974 2750 1028 in
2776 970 2882 1029 via
2898 970 3015 1044 pro
3034 970 3294 1031 reticulo
3320 970 3421 1031 est.

2122 1044 2480 1111 I’rugalitas
2508 1046 2759 1102 miseria
2792 1046 2879 1101 est
2903 1046 3165 1101 rumoris
3198 1044 3349 1101 boni.

2120 1116 2379 1172 Heredis
2407 1115 2451 1149 “
2491 1117 2678 1187 fletus
2707 1116 2815 1173 sub
2839 1130 3096 1187 persona
3120 1116 3288 1174 risus
3316 1116 3419 1173 est.

2122 1187 2315 1244 Furor
2343 1187 2429 1258 ﬁt
2455 1186 2596 1245 laesa
2625 1186 3196 1315 sapitgﬂngientia.

2780 1273 3014 1315 φηυνοθθ

2122 1328 2461 1399 Neptunum
2506 1275 3178 1401 accusatlzzzioiierum
3220 1328 3265 1363 "
3309 1327 3707 1400 naufragium

2281 1469 2292 1481 -
2478 1473 2520 1481 -.
2726 1471 2742 1481 .
2918 1470 2961 1481 ..
3405 1402 3626 1474 [[ασίι-

2122 1470 2396 1527 Nimimn
2426 1471 2772 1529 altercando
2800 1470 3029 1529 veritas
3058 1472 3388 1529 amittitur.

2131 1543 2292 1616 Pars
2323 1542 2592 1601 beneficii
2621 1544 2896 1616 estquod
2918 1543 3147 1614 petitur
3174 1545 3231 1601 si
3255 1545 3369 1600 cito
3394 1557 3587 1616 neges.

2130 1614 2233 1670 Ita
2252 1616 2513 1671 amicum
2534 1614 2762 1672 habeas
2774 1629 2943 1687 posse
2970 1616 3043 1671 ut
3054 1616 3201 1687 ﬁeri
3222 1614 3706 1687 inimicumbunc

2144 1755 2399 1813 Veterem
2415 1755 2675 1828 ferendo
2696 1756 3226 1827 injuriaminvites
3253 1686 3631 1814 nominaut“.

288 1836 632 1908 detexitque
666 1838 992 1907 impressas
1013 1837 1344 1906 cicatrices,
1372 1838 1431 1894 et
1447 1837 1656 1894 erubui
1664 1838 1689 1893 t
1720 1837 1939 1908 Casar,
1974 1834 2029 1896 Β
2132 1828 2821 1908 ᾼζζιῖιςλααηιρεῖέσζιὶωη
2848 1830 2980 1908 δίΐιϐ
3005 1829 3268 1908 Ρενίσαζο
3296 1829 3557 1908 vincit”

288 1926 567 1996 venitque
611 1926 673 1981 in
716 1926 1184 1991 advocationem,
1230 1927 1302 1982 ut
1334 1927 1443 1996 qui
1480 1926 1795 1983 verebatur
1829 1942 1947 1983 non

289 2014 522 2071 tantum
539 2014 830 2085 superbus
850 2015 956 2072 sed
977 2016 1152 2072 etiam
1171 2016 1456 2086 ingratus
1476 2016 1673 2072 videri
1699 2033 1713 2079 ;
1738 2015 1802 2071 in
1826 2029 1951 2072 ma-

286 2104 457 2160 .vima
474 2104 633 2161 enim
642 2104 915 2176 potentia
936 2106 1193 2162 minima
1228 2104 1274 2138 ⁸⁸
1295 2105 1464 2161 debet
1505 2119 1629 2163 esse
1667 2104 1939 2171 licentia,

285 2193 436 2264 quia
458 2194 618 2264 quod
637 2194 802 2264 apud
818 2210 867 2249 ru
880 2196 1075 2252 inores
1093 2195 1413 2265 reputatur
1412 2209 1529 2266 pro
1550 2194 1944 2266 negligentia,

286 2283 449 2354 apud
465 2284 731 2353 potentes
753 2283 1120 2355 habeturpro
1132 2283 1416 2355 superbia
1455 2315 1514 2323 —
1539 2283 1768 2353 (Maem,
1788 2299 1847 2354 ιι,
1867 2286 1945 2355 7.)

286 2372 604 2430 Laberium
651 2374 949 2443 quendam
989 2387 1215 2444 aspero:
1264 2373 1568 2432 libertatis
1616 2375 1946 2430 Romanum

288 2462 544 2518 militem
564 2461 766 2519 Casar
787 2463 1139 2533 quingentis
1157 2462 1407 2519 milibus
1421 2463 1710 2519 invitavit
1730 2463 1798 2518 ut
1806 2476 1947 2534 pro-

289 2558 526 2617 diretin
548 2574 784 2619 scenam
812 2558 858 2593 ⁸⁸
896 2560 953 2616 et
990 2560 1196 2631 ageret
1241 2560 1450 2618 mimos
1471 2559 1516 2593 ⁸⁷
1556 2574 1705 2631 quos
1738 2560 1945 2618 contra

288 2649 445 2706 alios
464 2650 863 2720 scriptitando
879 2649 1195 2707 devolabat
1211 2649 1273 2704 ⁸⁸.
1302 2650 1428 2707 Sed
1440 2650 1701 2721 potestas
1722 2664 1839 2706 non
1858 2663 1945 2707 so-

289 2735 412 2792 lum
433 2737 489 2794 si
509 2736 751 2803 invitet,
793 2738 898 2794 sed
919 2737 1099 2793 etiam
1122 2739 1179 2795 si
1220 2739 1531 2808 supplicet.
1556 2739 1756 2808 cogit;
1789 2737 1947 2794 unde

287 2817 344 2873 et
367 2816 656 2874 Laberius
686 2832 724 2873 a
757 2817 993 2876 C'tesare
1020 2832 1083 2875 se
1112 2820 1377 2876 coactum
1414 2820 1664 2877 testatus
1685 2817 1730 2851 ⁸³
1750 2820 1839 2876 sic
1856 2832 1946 2875 re-

286 2905 555 2976 spondit:
587 2927 612 2955 α
632 2906 969 2965 Necessitas
991 2909 1167 2977 cujus
1186 2921 1397 2963 cursus
1416 2907 1746 2965 transversi
1767 2909 1947 2978 impe-

289 2995 414 3051 tum
427 2996 741 3052 voluerunt
749 2996 929 3053 mulli
942 3010 971 3051 e
964 2995 1406 3067 fugere,pauci
1408 2996 1751 3066 potuerunt.
1766 2996 1947 3062 Quem

286 3083 459 3140 nulla
476 3083 745 3153 ambitio,
764 3084 939 3141 nulla
955 3098 1225 3154 unquam
1240 3084 1489 3155 largitio
1506 3099 1735 3141 movere
1747 3085 1951 3157 potuit

287 3173 354 3231 in
360 3174 618 3245 juventa
636 3175 707 3231 a'e
721 3174 813 3231 sta
822 3174 889 3231 tu
898 3173 944 3207 °°
957 3175 1078 3232 viri
1096 3175 1461 3241 excellentis,
1475 3175 1667 3232 mente
1683 3175 1947 3232 demente

286 3263 521 3320 concita
545 3262 576 3320 b
593 3265 637 3322 's
659 3264 913 3334 trigenis
935 3265 1115 3321 annis
1136 3279 1191 3322 ar
1210 3264 1290 3322 tis
1310 3266 1441 3321 sine
1460 3264 1603 3321 nota
1623 3266 1798 3322 bodie
1810 3265 1947 3337 for-

289 3352 435 3409 tuna
457 3352 851 3409 immoierata
872 3353 933 3408 in
954 3351 1092 3408 bono
1107 3355 1289 3422 atque
1303 3355 1457 3411 malo
1463 3354 1648 3425 floris
1668 3367 1949 3411 cacumen

286 3440 702 3514 nostrafama'
704 3442 1026 3513 frangere,
1045 3442 1184 3498 etsa
1200 3440 1476 3500 ’is/‘acere
1486 3448 1701 3513 populo
1720 3456 1837 3499 non
1856 3456 1948 3499 me

290 3529 496 3586 deicit.
533 3531 631 3586 Ita
653 3544 746 3586 me
764 3530 1031 3587 vetustas
1058 3545 1351 3587 annorum
1372 3531 1443 3587 ut
1460 3531 1681 3589 hedera
1710 3545 1948 3604 serpens

285 3618 446 3676 vires
467 3618 746 3677 arboreas
768 3620 958 3677 necat.
978 3642 1004 3667 ι
1027 3622 1101 3677 In
1119 3620 1254 3691 ipsa
1277 3620 1477 3677 autem
1496 3622 1729 3679 actione
1747 3621 1948 3679 subin-

288 3708 359 3764 de
378 3722 493 3779 quo
504 3710 745 3780 poterat
764 3708 977 3766 babitu
994 3709 1154 3766 velut
1158 3711 1389 3781 flagris
1405 3723 1588 3767 caesus
1602 3711 1950 3781 praeripien-

290 3797 455 3868 tique
491 3810 555 3856 se
582 3797 626 3831 ἰ
652 3799 881 3856 similis
921 3798 1300 3856 exc'amabat
1336 3812 1513 3871 super
1550 3800 1792 3857 inducto
1830 3800 1950 3858 sibi

288 3886 775 3955 quodamjuvene
793 3888 951 3957 Syro
972 3887 1209 3943 nomine
1233 3886 1449 3945 Publio
1470 3906 1490 3942 :
1516 3910 1541 3936 α
1566 3888 1773 3956 Porro,
1813 3889 1951 3955 Qui-

287 3973 458 4044 rites,
491 3973 719 4048 inquit,
756 3973 1092 4033 libertatem
1117 3976 1493 4046 perdimus,»
1530 3978 1589 4034 et
1608 3978 1795 4049 paulo
1821 3979 1957 4049 post

287 4063 562 4132 protenso
605 4062 802 4134 digito
831 4063 970 4121 ante
1018 4065 1312 4122 Cesarem
1362 4066 1701 4124 discurrens
1729 4066 1952 4124 adicie-

292 4151 421 4210 bat:
440 4175 465 4201 ι
483 4153 730 4211 Necesse
741 4153 1058 4211 estmnltos
1071 4154 1175 4209 tim
1184 4155 1461 4226 eatquem
1479 4156 1658 4212 multi
1675 4156 1944 4213 timent.»

297 4250 417 4317 Quo
444 4250 602 4309 dicto
626 4253 897 4310 universi
918 4253 1114 4310 oculos
1134 4253 1193 4310 et
1210 4266 1315 4310 ora
1337 4254 1419 4311 ad
1437 4253 1626 4311 solum
1659 4254 1954 4313 Caesarem

292 4349 655 4416 convertunt,
685 4350 963 4407 notantes
991 4350 1403 4421 impotentiam
1432 4353 1564 4423 ejus
1592 4351 1707 4409 bac
1733 4352 1954 4411 dicaci-

294 4437 415 4495 tate
438 4437 608 4508 lapid
630 4438 798 4495 Itam.
833 4438 1036 4497 Uesar
1058 4440 1255 4496 tamen
1259 4440 1543 4511 furorem
1564 4440 1629 4497 in
1645 4440 1953 4512 publicum

2133 1899 2314 1956 Ni/til
2321 1914 2457 1972 mag
2466 1901 2517 1957 is
2533 1898 2671 1956 duci
2685 1901 2993 1957 convenire
3004 1914 3189 1972 quam
3200 1900 3270 1957 de
3282 1900 3707 2042 οφ)νηὶῡᾶξέθί-

3628 2014 3640 2026 .
3671 1990 3701 2022 ι

3628 2014 3640 2026 .
3671 1990 3701 2022 ι

2131 2063 2217 2116 63.
2269 2059 2418 2129 (75.)
2450 2058 2572 2115 Iliis
2610 2062 2667 2115 et
2713 2052 3043 2131 hujusmodi
3096 2057 3319 2116 salibus
3360 2057 3535 2116 abbas
3584 2060 3701 2129 jam

2063 2148 2303 2222 pronior
2327 2148 2398 2204 ad
2421 2148 2669 2218 gratiam
2696 2149 2902 2219 factus,
2929 2147 3233 2219 requisivit
3259 2148 3539 2205 secretius
3571 2163 3701 2219 qua:

2056 2238 2237 2295 fuerit
2271 2251 2444 2294 causa
2473 2253 2675 2295 eorum
2710 2237 2780 2294 ad
2815 2253 2878 2294 se
2918 2238 3221 2295 adventus.
3255 2238 3326 2293 At
3358 2236 3439 2293 illi
3470 2252 3705 2309 aperueo

2061 2332 2195 2384 runt
2221 2327 2374 2399 quod
2402 2327 2691 2384 habebant
2714 2327 2769 2383 in
2800 2327 3090 2384 mandatis
3113 2325 3414 2383 consilium
3444 2326 3703 2399 episcopi

2058 2421 2117 2474 et
2132 2416 2321 2487 ducis,
2338 2415 2868 2486 expostulationem
2892 2430 3120 2487 quoque
3140 2414 3402 2472 ecclesiae
3422 2414 3571 2471 beati
3591 2416 3704 2472 Hu-

2059 2506 2211 2563 berti
2240 2521 2344 2577 pro
2371 2504 2686 2562 mutuanda
2718 2504 2831 2561 sibi
2866 2504 3119 2561 ecclesia
3156 2503 3560 2561 Caviniasensi.
3594 2504 3700 2560 Re—

2059 2595 2328 2666 quirente
2361 2608 2498 2650 vero
2549 2593 2761 2650 abbate
2815 2607 2984 2664 quam
3038 2591 3496 2650 vicissitudinem
3528 2593 3700 2664 hujus

2058 2683 2402 2740 mutationis
2430 2683 2787 2753 conferrent,
2819 2682 3246 2754 responderunt
3280 2682 3364 2739 illi
3395 2682 3694 2740 ecclesiam

2058 2772 2331 2829 videlicet
2360 2772 2762 2829 Melsinensem
2798 2770 2946 2843 (141)
2997 2787 3127 2829 cum
3160 2786 3275 2829 uno
3307 2786 3504 2829 manso
3525 2776 3697 2830 terra

2058 2862 2114 2918 in
2144 2862 2393 2920 conﬁnio
2439 2861 2726 2931 Vilantize,
2760 2877 2889 2933 quae
2926 2876 3027 2933 pro
3060 2862 3177 2919 situ
3228 2860 3533 2934 positionis
3564 2865 3689 2919 erat

2056 2951 2414 3008 commodior
2443 2950 2713 3008 ecclesia:
2744 2950 3065 3007 Prumiensi
3090 2950 3257 3021 (142),
3284 2950 3432 3008 sicut
3456 2954 3513 3006 et
3537 2950 3700 3008 Cavi-

2058 3040 2348 3097 niacensis
2389 3039 2535 3095 foret
2566 3039 2769 3095 utilior
2790 3038 3060 3097 ecclesia:
3078 3038 3503 3096 beatiHuberti.
3529 3038 3703 3106 Quaa-

2056 3129 2266 3186 slionis
2288 3128 2460 3199 hujus
2482 3127 2777 3198 negotium
2804 3143 2933 3185 cum
2959 3127 3258 3186 retulisset
3292 3127 3468 3185 abbas
3498 3127 3568 3184 ad
3602 3142 3697 3184 au-

1978 3200 2027 3263 C
2058 3218 2333 3276 dientiam
2368 3222 2429 3274 et
2477 3217 2788 3275 consilium
2845 3218 3108 3287 fratrum,
3158 3217 3441 3275 communi
3491 3231 3691 3275 eorum

2058 3306 2349 3365 sententia
2376 3307 2641 3364 decrevit
2673 3306 2827 3377 quod
2852 3306 3225 3378 quaerebatur
3245 3305 3693 3363 concedendum.

2056 3399 2127 3454 Ut
2162 3412 2303 3467 ergo
2338 3396 2418 3452 rei
2446 3394 2789 3453 diﬂlnitione
2820 3395 3038 3467 legatio
3063 3402 3187 3452 rata
3217 3400 3534 3466 constaret,
3567 3410 3697 3452 cou-

2059 3487 2213 3544 dicta
2247 3491 2339 3542 est
2372 3484 2498 3543 dies
2529 3500 2638 3557 qua
2666 3485 2972 3556 utriusque
2996 3484 3258 3543 ecclesiae
3302 3486 3542 3542 abbates
3569 3499 3694 3542 cum

2059 3576 2363 3634 advocatis
2385 3575 2506 3631 suis
2521 3575 2590 3631 ad
2620 3590 2745 3632 eam
2763 3574 3261 3632 determinandam
3282 3581 3337 3632 et
3363 3574 3698 3632 confirman-

2059 3665 2186 3723 dam
2213 3666 2616 3723 convenirent.
2656 3666 2885 3721 Statuta
2920 3664 3013 3721 die
3046 3665 3163 3721 dux
3188 3664 3532 3722 Godetridus
3569 3678 3697 3721 cum

2058 3754 2413 3811 Theoderico
2436 3754 2646 3810 abbate
2679 3754 2969 3810 Prumiam
3001 3754 3182 3825 venit,
3222 3759 3283 3810 et
3323 3760 3595 3811 evocatus
3626 3753 3696 3810 ab

2060 3843 2271 3902 abbate
2334 3842 2669 3900 Wult‘ranno
2710 3857 2906 3899 comes
2966 3841 3692 3914 Bertoldus(1t3)adt‘uit;

2063 3932 2264 4002 sicque
2299 3931 2352 3987 in
2381 3930 2611 4004 publica
2650 3931 2978 4004 prmsentia,
3000 3935 3057 3988 et
3090 3930 3375 3988 communi
3417 3943 3694 3988 consensu

2065 4022 2331 4091 fratrum,
2368 4021 2681 4078 multorum
2716 4035 2950 4091 quoque
2982 4020 3145 4091 regni
3194 4020 3531 4093 optimatum
3569 4034 3694 4077 cum

2065 4110 2360 4183 praedictis
2390 4109 2753 4183 principibus
2783 4108 3189 4179 collectorum,
3215 4109 3485 4167 traducta
3539 4106 3582 4142 “
3638 4112 3693 4164 et

2064 4199 2414 4257 manumissa
2439 4199 2541 4256 sed
2568 4204 2628 4255 et
2660 4198 3018 4270 adstipulata
3050 4205 3138 4257 est
3168 4197 3435 4269 legaliter
3462 4212 3563 4270 per
3584 4210 3696 4253 ma-

2064 4304 2175 4347 nus
2205 4288 2480 4346 abbatum
2504 4293 2564 4345 et
2593 4289 3012 4347 advocatorum
3038 4288 3463 4346 conditiointer
3494 4290 3699 4344 utram-

2067 4393 2178 4451 que
2208 4378 2515 4435 ecclesiam
2544 4378 2841 4450 praadictae
2857 4377 3351 4451 commutationis,
3375 4391 3521 4433 anno
3543 4379 3693 4451 1933.

2135 4454 2231 4507 64.
2279 4451 2418 4521 (76.)
2490 4447 2753 4520 Βόκκι-ηε
2805 4449 3193 4520 Maceriensis,
3246 4448 3474 4505 vivente
3518 4447 3699 4505 adhuc

292 4527 477 4585 vertit
475 4527 777 4600 favorem,
786 4529 1064 4600 palmam
1079 4527 1298 4586 Publio
1316 4529 1683 4586 etannulum
1703 4543 1954 4588 aureum
1982 4568 2036 4630 D
2067 4540 2279 4598 domno
2304 4538 2663 4596 Theoderico
2697 4539 2910 4595 abbate
2962 4538 3199 4610 majore,
3253 4551 3541 4595 consensu
3597 4535 3695 4592 tllii

294 4625 521 4683 donans
562 4625 833 4685 Laberio.
886 4627 1043 4684 Tunc
1072 4626 1330 4685 Publius
1358 4628 1439 4684 art
1467 4627 1783 4685 Laberium
1800 4644 1955 4689 rece-

292 4715 525 4771 dentem
551 4717 686 4773 ait:
715 4738 740 4765 α
768 4715 1017 4781 Quicum
1039 4715 1085 4748 ⁹²
1104 4717 1463 4774 contendisti
1489 4718 1765 4789 scriptor,
1798 4719 1957 4779 hunc

291 4803 587 4874 spectator
623 4803 893 4861 subleva.
933 4822 961 4856 n
992 4803 1118 4861 Sed
1146 4803 1438 4863 Laberius
1466 4819 1611 4862 novo
1639 4808 1818 4865 mimo
1848 4807 1955 4867 Icos

294 4904 497 4951 versus
524 4892 828 4965 subjecit:

2067 4629 2154 4687 sui
2180 4627 2477 4685 Godefridi
2530 4628 2849 4685 donaverat
2891 4629 3062 4684 beato
3120 4628 3379 4684 Huberto
3429 4624 3696 4697 quicquid

2064 4718 2315 4775 habebat
2349 4717 2405 4774 in
2438 4717 2731 4786 Chevugio
2766 4732 2871 4791 pro
2920 4716 3181 4774 habenda
3239 4715 3390 4788 apud
3440 4730 3566 4772 eum
3615 4728 3699 4772 se-

2063 4809 2299 4881 pultura
2380 4806 2719 4876 animaequte
2783 4821 2904 4863 sum
2956 4805 3371 4878 consequendo
3425 4803 3692 4862 remedio.

2064 4900 2206 4956 Post
2237 4894 2685 4967 quadriennium
2717 4893 2892 4966 hujus
2923 4894 3283 4965 donationis,
3316 4894 3537 4965 Rogero
3584 4892 3694 4963 jam

1652 4992 1887 5050 VARUE
1946 4994 2328 5055 LECTIONES
2340 5035 2355 5051 .

361 5076 406 5112 ⁸⁸
434 5077 816 5153 verbumhoc
843 5093 875 5136 e
902 5078 1205 5153 Macrobio
1223 5080 1524 5153 supplevi.

302 5152 380 5206 t‘.
500 5148 547 5185 ⁸⁸
575 5149 793 5210 addidi
822 5165 899 5208 ea:
927 5152 1255 5210 Macrobio.

294 5220 339 5253 οι
367 5220 474 5290 Qui
501 5192 1227 5281 2.””“ἶῖ“”ιῖο”ιῗιῖι“ῗ“ΐί’.”ῖῖ
1248 5192 1618 5282 [remensi

1644 5080 1690 5116 ⁸.
1721 5082 1891 5116 ηἷινιῖσι
1924 5087 1979 5116 4.

1374 5092 1524 5138 levi.
1644 5092 1690 5116 υ·
1720 5092 1892 5141 nimia
1924 5092 2006 5142 1'.
2123 5092 2169 5118 "
2202 5092 2474 5155 proderet
2517 5092 2793 5141 mscenan

1374 5152 1420 5186 ⁹⁰
1440 5166 1834 5279 lquceﬁsequun
1845 5157 1943 5214 tur
1969 5156 2285 5214 admodum
2329 5155 2612 5236 corrupta
2638 5157 2793 5215 sunt.

1374 5240 1433 5282 3c
1462 5240 1511 5282 IS
1545 5230 1567 5282 1
1605 5267 1618 5282 .
1698 5225 1743 5260 ⁸⁸
1773 5233 1971 5285 virum
2007 5230 2089 5287 t'.
2172 5226 2217 5261 ⁸⁸
2242 5241 2327 5286 an
2360 5226 2621 5283 tradita?

1773 5243 1971 5285 Vll‘llll'l
2007 5243 2089 5285 1⁷.

2123 5082 2169 5118 ⁸⁸
2202 5084 2474 5155 proderet
2517 5082 2815 5141 uiscenam
2850 5083 2933 5141 1‘.
2970 5080 3017 5116 ⁸⁷
3048 5095 3311 5140 nummos
3346 5083 3422 5138 1".
3537 5078 3581 5115 ⁸⁸
3608 5079 3696 5137 ita

2123 5156 2285 5212 idum
2329 5155 2612 5212 corrupta
2638 5157 2793 5212 sunt.
2907 5153 2952 5189 οι
2980 5154 3254 5212 sumtevi
3283 5167 3313 5211 e
3366 5150 3686 5211 Macrobio.

2172 5165 2285 5213 tum
2329 5165 2612 5236 corrupta
2638 5165 2793 5215 sunt.
2907 5165 2952 5189 ἰ
2980 5165 3254 5229 supplevi
3283 5167 3313 5211 e
3366 5165 3686 5211 macram.

2172 5226 2217 5261 ’⁸
2242 5241 2327 5286 an
2360 5226 2621 5283 tradita?

1891 5316 2114 5375 ΝΟΤιΕ.

366 5410 516 5483 (110)
548 5410 745 5468 Grasca
786 5409 1063 5469 Macrobii
1096 5425 1211 5468 non
1246 5413 1394 5471 bene
1431 5411 1642 5482 vertit;
1683 5413 1762 5472 ibi
1803 5416 1956 5472 enim

294 5488 513 5560 legitur
546 5492 656 5547 :Nr't
690 5491 785 5547 τήν
815 5490 913 5545 σὴν
946 5487 1117 5563 τύχην

368 5563 516 5635 (ut)
550 5564 832 5635 Maissin.
868 5564 932 5619 R.

371 5632 520 5706 (142)
551 5632 802 5706 Vitantia
832 5635 1006 5705 enim,
1040 5649 1169 5706 qua
1196 5634 1389 5692 tribus
1414 5635 1535 5693 fere
1560 5636 1820 5695 millibus
1844 5651 1872 5693 a
1899 5638 1953 5693 S.

296 5678 580 5834 ξιέἑόἷίό
601 5678 818 5776 digiti,
834 5678 1783 5781 "stistinet;"attonita";1'
1793 5678 1957 5768 ἷόῑῖεἱ

2142 5423 2290 5496 (143)
2322 5424 2401 5496 De
2429 5422 2693 5496 HamLad
2726 5420 2781 5478 tl.
2817 5420 3129 5496 Prumiam,
3181 5418 3685 5496 advpcatuschcl.

2066 5490 2429 5571 Prumi'ensis
2454 5510 2542 5571 ;_v.
2582 5493 2885 5571 Hontheim
2924 5494 3248 5571 Hist.T_rev.
3284 5493 3326 5562 Ι,
3352 5490 3691 5571 κοπεβάῇρ

2066 5567 2352 5639 temporis
2375 5564 2783 5639 designatione
2817 5566 3083 5639 mendum
3117 5561 3691 5639 latere'oportetmisi

2068 5633 2206 5697 haec
2226 5639 2333 5695 sub
2364 5633 2722 5693 Theoderico
2755 5637 2922 5693 [acta
2961 5635 3138 5693 fuisse
3174 5633 3545 5706 dicas,'quod
3576 5648 3695 5706 pro-

2070 5711 2171 5767 hat
2193 5724 2243 5765 a.
2277 5712 2435 5780 1083,
2471 5708 2574 5764 lin.
2616 5712 2705 5779 55,
2738 5722 2869 5780 cum
2902 5705 3294 5766 Theodericus
3343 5708 3363 5765 Ι
3413 5703 3694 5764 ὶωησόθσ

2069 5795 2225 5840 mum
2256 5783 2393 5839 1087
2417 5779 2687 5841 mortuus
2720 5779 2821 5838 sit.
