3936 6422
287 378 445 445 1405

1264 378 1740 448 CHRONICON
1782 378 1848 443 S.
1894 374 2265 443 HUBERTI
2305 381 2698 447 ANDAGIN.

3530 383 3687 451 1406

285 532 565 591 defuncto
614 538 675 591 et
724 538 788 590 ut
836 534 1088 607 petierat
1141 536 1351 593 ibidem
1408 536 1657 607 sepulto,
1719 511 2014 592 Rodul-A
2046 516 2420 607 Νθωυοθηδίε
2466 534 2704 577 uxorem
2751 518 2930 587 dedit,
2983 518 3292 592 ipsumque
3337 521 3684 579 Ρονοθηεθω

284 624 381 682 τηε
412 625 595 683 abbas
625 606 1001 683 Mosom’cnsis
1032 628 1178 698 (144)
1212 606 1505 697 suggessit
1540 606 1856 698 Ragimldo
1886 626 1931 660 υτ
2041 606 2378 698 comitatum
2403 623 2533 698 cum
2556 609 2824 698 omnibus
2855 625 2980 679 qua
3010 613 3175 665 erant
3206 610 3297 665 sui
3324 609 3496 680 juris,
3536 610 3683 683 patri

280 712 597 770 Remorum
643 715 923 785 pontiﬁci,
956 695 1218 772 eumdem
1266 695 1550 787 mgcmm
1594 695 1929 787 [immotam
2039 700 2097 787 et
2120 695 2253 787 Δ111ίο
2293 697 2533 752 maxima
2581 697 2754 769 pretii
2793 713 3013 754 summa
3047 700 3118 754 ab
3148 699 3235 754 eis
3274 703 3510 770 accepta
3554 714 3687 756 ven-

282 802 663 859 elemosinam
681 803 728 838 ⁹⁸
750 806 1091 874 promis'sse
1111 806 1243 861 olim
1268 806 1535 863 ecclesia
1562 808 1926 877 Mosomensi,

281 890 532 961 ejusque
560 893 871 948 convenire
898 894 1149 963 justicia
1182 901 1237 951 et
1272 897 1473 952 honori
1499 902 1559 952 ut
1589 897 1926 966 promissam

282 980 615 1035 attraheret
647 982 895 1038 abbatia
928 982 1015 1039 sui
1042 983 1211 1051 juris.
1249 985 1508 1041 Credidit
1539 985 1801 1055 pontifex
1833 986 1929 1041 ab-

282 1066 428 1137 bati,
461 1072 518 1123 et
553 1070 826 1140 quicquid
860 1071 912 1126 in
950 1073 1248 1128 territorio
1288 1074 1552 1130 Remensi
1594 1090 1756 1131 suum
1799 1079 1926 1130 erat

279 1155 552 1214 ecclesia
585 1159 733 1213 beati
768 1160 1032 1226 lluberti,
1065 1162 1115 1215 ei
1142 1161 1431 1218 violenter
1459 1163 1782 1231 interdixit,
1818 1162 1925 1218 nisi

278 1243 394 1300 sibi
428 1253 871 1315 recognosceret
907 1249 1058 1317 quod
1089 1250 1439 1306 reclamabat
1468 1252 1717 1307 ecclesia
1750 1252 1927 1307 Moso-

279 1334 520 1389 mensis.
570 1335 687 1390 Tali
733 1337 1070 1407 compulsus
1118 1340 1472 1395 necessitate
1521 1342 1700 1395 abbas
1733 1340 1801 1396 ad
1838 1355 1927 1395 ar-

278 1421 713 1493 chiepiscopum
741 1425 919 1494 venit,
951 1432 1367 1499 assumptoque
1400 1430 1701 1483 Lamberto
1736 1429 1924 1500 priore

278 1511 356 1565 ab
408 1512 659 1567 ecclesia
709 1515 893 1569 sancti
946 1515 1208 1583 Remigii,
1243 1519 1413 1573 abeo
1445 1518 1769 1588 requisivit,
1820 1532 1925 1573 cur

278 1612 388 1654 sua
443 1599 613 1657 beato
662 1603 920 1659 Huberto
968 1604 1050 1661 sic
1102 1605 1422 1662 interdixit.
1478 1606 1831 1675 Reginoldus
1862 1610 1921 1661 ut

273 1692 409 1743 erat
448 1693 621 1745 tenax
663 1696 871 1761 coepta
910 1693 1089 1748 semel
1131 1695 1455 1759 sententia,
1491 1701 1546 1751 et
1581 1695 1824 1751 maxime
1867 1696 1921 1751 in

275 1776 497 1846 quibus
531 1779 838 1836 videbatur
860 1781 967 1836 sibi
995 1797 1170 1853 super
1206 1798 1395 1853 posse,
1428 1791 1548 1840 tum
1580 1786 1751 1839 etiam
1788 1784 1917 1853 quia

2040 784 2216 849 didit;
2251 801 2495 855 quorum
2530 801 2813 842 consensu
2848 786 3100 843 unanimi
3125 787 3355 843 etdono
3379 787 3547 858 legali
3573 788 3687 844 cel-

2037 870 2147 928 lam
2189 874 2523 945 pradictam
2560 875 2712 929 beati
2747 875 3028 930 Tietboldi
3070 875 3460 932 Theodericus
3503 877 3685 933 abbas

2036 961 2301 1018 ecclesia
2336 962 2488 1017 beati
2524 963 2765 1019 lluberti
2797 966 2854 1018 et
2888 963 3040 1019 beati
3072 963 3231 1019 Petri
3266 968 3550 1035 perpetuo
3584 964 3682 1019 ha-

2038 1050 2281 1106 bendam
2313 1051 2587 1122 optinuit,
2621 1066 2877 1122 suosque
2911 1052 3223 1108 monachos
3246 1052 3322 1107 ibi
3346 1052 3679 1121 constituit,

2038 1137 2264 1193 ﬁrmato
2288 1139 2420 1194 inde
2447 1140 2676 1210 publice
2702 1140 3003 1211 privilegio
3027 1141 3082 1196 in
3107 1140 3341 1197 archivo
3364 1140 3679 1212 pontiﬁcalg

2034 1227 2297 1285 ecclesia
2324 1230 2639 1299 ltemensis,
2676 1233 3133 1299 recognoscente
3166 1229 3308 1285 illud
3332 1234 3387 1285 et
3413 1229 3678 1299 signante

2034 1315 2475 1389 archiepiscopo
2498 1319 2818 1387 Raginoldo
2848 1333 2978 1374 cum
3010 1318 3245 1375 clericis
3272 1319 3456 1374 beata
3488 1318 3677 1375 Maria

2035 1419 2265 1476 semper
2293 1406 2534 1475 virginis
2566 1406 2733 1477 (147).

2103 1492 2188 1549 66.
2226 1495 2361 1565 (78.)
2398 1495 2611 1551 Cellam
2651 1496 2825 1551 etiam
2867 1498 3179 1552 Cunensem
3213 1497 3383 1568 (148),
3419 1511 3546 1567 qua
3583 1500 3679 1553 est

2034 1581 2089 1637 in
2115 1582 2331 1639 honore
2362 1584 2513 1639 beati
2548 1584 2840 1640 Michaelis
2870 1584 3223 1655 archangeli,
3255 1600 3382 1640 cum
3408 1584 3676 1640 omnibus

2034 1670 2387 1741 appenditiis
2418 1672 2558 1740 suis,
2593 1672 2820 1728 scilicet
2860 1673 3246 1728 denominatis
3280 1673 3333 1728 in
3370 1672 3676 1744 privilegio

2034 1759 2292 1828 ejusdem
2333 1762 2616 1831 ecclesiae,
2657 1762 2940 1831 subjectis
2971 1762 3050 1816 illi
3084 1762 3369 1828 ecclesiis,
3412 1762 3674 1832 decimis,

276 1880 483 1937 parum
533 1873 735 1924 contra
788 1847 1088 1926 avaritiam
1135 1847 1530 1937 consuluerat,
1582 1874 1636 1929 in
1687 1847 1922 1945 quibus-
1952 1867 2005 1928 Β
2040 1847 2271 1945 familiai
2314 1850 2488 1945 ίίῗννίδ
2525 1850 2713 1945 οξῖίίίὲ,
2742 1859 2801 1945 (ἶί
2841 1851 3095 1945 multis,
3140 1851 3345 1945 Ρνθξίδν
3379 1851 3563 1945 ﬂvis,
3595 1851 3677 1945 νῘῖ

272 1969 526 2026 cumque
556 1956 786 2025 aliquod
823 1959 1185 2016 commodum
1218 1964 1512 2032 Sperabat,
1545 1963 1714 2032 hujus
1738 1965 1923 2021 disce-

274 2044 561 2115 ptationis
596 2045 876 2114 judicium
920 2048 1180 2104 decrevit
1219 2050 1586 2106 referendum
1627 2053 1695 2109 ad
1732 2054 1924 2111 conci-

273 2130 419 2187 lium
443 2132 844 2203 episcoporum
866 2136 1019 2205 quod
1041 2137 1093 2192 in
1115 2138 1377 2208 proximo
1404 2140 1733 2210 praﬁxerat
1756 2143 1923 2199 Sues-

271 2220 464 2277 sionis
493 2222 731 2278 civitate
761 2226 1065 2292 agendum.
1102 2227 1293 2282 Abbas
1315 2227 1386 2283 ad
1410 2229 1716 2285 concilium
1744 2232 1920 2302 venit,

272 2308 575 2367 deducens
593 2326 786 2369 secum
808 2313 1180 2371 Godel‘ridum
1204 2316 1379 2371 tilium
1404 2317 1664 2386 pradicti
1689 2319 1917 2387 Bogeri,

271 2404 545 2469 paratum
570 2400 677 2455 sibi
703 2400 1087 2457 disrationare
1122 2402 1387 2471 legalitcr
1420 2405 1791 2463 elemosinam
1828 2422 1921 2478 pa-

267 2490 387 2542 tris
427 2487 535 2542 sui.
580 2488 646 2543 Et
689 2504 814 2544 cum
859 2489 1009 2544 inter
1046 2497 1243 2546 cetera
1283 2507 1377 2547 res
1417 2506 1649 2562 quoque
1690 2496 1920 2552 abbatis

268 2574 666 2631 ventilaretur
690 2576 744 2631 in
767 2576 1037 2644 concilio,
1076 2578 1196 2634 hac
1222 2579 1351 2635 inde
1376 2584 1660 2638 sententia
1688 2584 1919 2653 publice

267 2662 665 2719 determinata
695 2668 784 2718 est
815 2664 1222 2736 episcoporum
1250 2667 1488 2737 judicio.
1527 2671 1600 2724 De
1633 2670 1920 2727 altaribus

264 2751 579 2807 Remensis
621 2751 888 2809 ecclesia
920 2768 1047 2823 qua
1080 2755 1436 2825 aequis-ierat
1475 2758 1719 2815 ecclesia
1766 2762 1918 2816 beati

264 2840 541 2909 Huberti,
575 2842 881 2897 Remorum
907 2844 1237 2913 pontificem
1265 2860 1432 2915 posse
1457 2846 1699 2904 licenter
1723 2850 1921 2920 impla-

266 2929 464 2986 cit'u'e
510 2930 811 2991 abbatem;
864 2930 934 2987 de
986 2932 1176 2989 fundis
1229 2949 1361 2990 vero
1413 2937 1660 2993 abbatia
1708 2954 1817 2994 non
1867 2940 1918 2996 ei

267 3018 584 3089 quicquam
617 3017 663 3050 ⁹⁹
694 3020 1184 3091 reSpondendum,
1228 3024 1337 3079 nisi
1372 3024 1427 3079 in
1461 3025 1752 3083 audientia
1787 3029 1922 3085 Leo-

268 3106 499 3163 diensis
518 3106 800 3177 ecclesia,
819 3109 885 3165 ad
908 3124 1076 3179 quam
1096 3112 1295 3167 eadem
1317 3114 1547 3170 abbatia
1578 3117 1917 3188 pertineret,

267 3208 404 3251 cum
437 3209 506 3251 ex
540 3193 778 3252 decreto
819 3211 1102 3254 canonum
1145 3205 1372 3257 constet
1412 3204 1620 3259 nemini
1657 3203 1831 3262 licere
1863 3207 1915 3262 in
1950 3217 2003 3281 ο

268 3282 521 3338 alienam
573 3298 817 3340 messem
872 3301 1097 3343 manum
1150 3288 1400 3346 mittere.
1437 3293 1527 3348 Sic
1562 3308 1655 3349 res
1689 3296 1919 3351 abbatis

266 3369 544 3427 absoluta
570 3373 899 3442 estjudicio
922 3376 1348 3447 episcoporum.
1386 3381 1532 3436 Bene
1563 3387 1753 3438 autem
1786 3399 1892 3439 con

267 3457 435 3514 scius
482 3458 766 3516 infensum
801 3462 912 3516 sibi
947 3464 1349 3536 Raginoldum,
1385 3482 1453 3522 eo
1485 3470 1636 3539 quod
1674 3471 1822 3527 unde
1856 3471 1921 3505 ¹⁰⁰

265 3548 548 3618 Sperabat
581 3548 798 3605 nullum
832 3550 941 3606 sibi
987 3554 1315 3623 proveniret
1349 3560 1738 3629 commodum,
1774 3561 1918 3617 adeo

267 3649 403 3691 eum
460 3636 846 3707 complacavit
904 3638 969 3673 ¹⁰¹
1020 3644 1505 3702 convenientibus
1556 3649 1799 3719 exeniis,
1857 3654 1919 3706 ut

268 3722 459 3780 altare
497 3724 568 3780 de
614 3726 837 3796 Bedols,
883 3728 1126 3800 firmato,
1172 3733 1477 3804 privilegio
1508 3741 1565 3793 et
1598 3739 1830 3796 exclusa
1864 3740 1916 3795 in

269 3818 618 3884 perpetuum
666 3830 936 3885 persona,
987 3820 1282 3891 Optineret
1331 3824 1605 3882 donatum
1652 3830 1920 3888 ecclesia

269 3900 495 3958 Pirensi
528 3901 671 3974 (145)
708 3904 825 3971 (an.
852 3911 1030 3979 1087).

344 3992 432 4045 65.
468 3991 603 4062 (77.)
636 3992 897 4061 Rogerus
930 4010 1161 4067 quoque
1192 4000 1567 4057 Porcensium
1597 4019 1793 4062 comes
1825 4022 1922 4063 an-

269 4081 332 4132 te
355 4076 543 4148 ipsum
566 4079 853 4136 Porcense
875 4087 1131 4140 castrum
1156 4085 1302 4155 (146)
1329 4092 1492 4144 trans
1515 4090 1749 4147 ﬂuvium
1773 4096 1921 4151 Axo-

271 4179 403 4221 nam
427 4165 730 4224 ecclesiam
757 4169 811 4223 in
839 4169 1055 4227 honore
1088 4174 1239 4229 beati
1271 4175 1596 4234 Thietboldi
1626 4180 1917 4239 adiﬁcare

268 4260 553 4325 coeperat,
576 4257 772 4327 ibique
792 4257 1087 4330 deputatis
1107 4263 1446 4332 quibusdam
1472 4282 1661 4325 rerum
1683 4286 1915 4330 suarum

270 4343 767 4415 possessionibus,
794 4361 922 4417 qua
947 4348 1001 4404 in
1028 4350 1331 4422 privilegio
1361 4354 1621 4423 ejusdem
1652 4360 1915 4420 ecclesia

271 4438 741 4504 renumerantur,
775 4437 1099 4494 coenobium
1133 4440 1377 4513 alicujus
1415 4447 1602 4516 magni
1644 4450 1911 4523 nominis,

2039 1938 2182 2006 neis,
2227 1938 2412 2008 aquis,
2467 1938 2827 2007 inolendinis,
2881 1940 3211 2010 piscaturis,
3258 1940 3458 2007 furnis,
3503 1938 3674 2009 legali

2037 2026 2253 2081 Galteri
2287 2033 2345 2081 et
2380 2028 2576 2083 fratris
2607 2028 2732 2097 ejus
2762 2029 3017 2085 Dodonis
3052 2028 3202 2083 dono
3232 2032 3288 2081 et
3322 2027 3523 2084 uxoris
3554 2028 3678 2098 ejus

2036 2114 2290 2169 Hawidis
2330 2115 2459 2170 ﬁlia
2502 2116 2720 2171 Arnulli
2764 2116 2997 2172 comitis
3037 2118 3183 2187 (140)
3222 2114 3487 2172 ecclesia
3521 2115 3674 2172 beati

2033 2202 2190 2257 Petri
2214 2209 2270 2257 et
2297 2203 2449 2258 beati
2484 2204 2723 2259 lluberti
2759 2209 3040 2274 perpetuo
3073 2202 3393 2259 habendam
3426 2203 3678 2274 acquisi-

2034 2290 2133 2343 vit.
2184 2291 2287 2345 Ubi
2338 2305 2622 2347 consensu
2679 2291 3013 2361 Engelbcrti
3071 2291 3433 2347 Trevirensis
3490 2292 3676 2348 archi-

2031 2377 2287 2449 episcopi
2345 2377 2552 2435 locaiis
2602 2380 2897 2435 monachis
2952 2381 3269 2436 Robertum
3330 2380 3673 2436 monachum

2030 2467 2265 2537 optima
2298 2467 2677 2538 babitudiuis,
2711 2468 2846 2524 olim
2888 2473 3078 2523 autem
3120 2467 3397 2524 clericum
3442 2468 3676 2538 majoris

2030 2554 2292 2611 ecclesia
2316 2556 2712 2627 Virdunensis,
2740 2557 3115 2628 prapositum
3138 2555 3476 2621 constituit;
3508 2555 3675 2625 cujus

2031 2643 2318 2700 industria
2338 2646 2601 2702 eumdem
2621 2645 2809 2703 locum
2836 2645 3314 2717 possessionibus
3332 2650 3391 2702 et
3410 2644 3674 2703 adiﬁciis

2031 2733 2354 2803 ampliavit.

2100 2841 2186 2893 67.
2232 2841 2367 2911 (79.)
2413 2841 2576 2910 Boso,
2618 2841 2799 2898 abbas
2838 2841 3022 2898 sancti
3066 2841 3315 2912 Agerici,
3355 2840 3445 2897 vir
3483 2840 3676 2897 admo-

2031 2925 2163 2982 dum
2188 2928 2421 2998 0ptima
2448 2929 2763 2998 religionis,
2796 2934 3132 2986 morabatur
3152 2930 3380 3001 Jupilia
3403 2945 3531 2986 cum
3556 2928 3676 3000 epi-

2031 3031 2209 3087 scopo
2232 3032 2337 3074 suo
2358 3018 2709 3076 Theoderico
2734 3019 3079 3076 Virdunensi
3113 3019 3280 3090 (150).
3316 3019 3396 3075 lbi
3428 3018 3664 3074 infirma

2032 3108 2143 3175 tus,
2176 3121 2302 3162 cum
2329 3122 2389 3162 se
2413 3108 2785 3177 prasentiret
2812 3109 3154 3165 moriturum
3180 3107 3523 3165 omnimodis
3549 3121 3675 3179 pre-

2030 3193 2197 3249 cibus
2227 3196 2421 3264 exegit
2444 3211 2472 3251 a
2500 3196 2641 3265 suis,
2679 3196 2747 3251 ad
2783 3203 3048 3253 sanctum
3083 3198 3401 3253 Hubertum
3435 3211 3497 3252 se
3531 3196 3675 3252 refe-

2031 3283 2270 3339 rendum
2299 3284 2492 3354 ibique
2517 3286 2934 3355 sepeliendum.
2962 3285 3459 3356 Prosequentibus
3480 3288 3672 3341 autem

2032 3372 2377 3441 quibusdam
2430 3374 2817 3431 nobilioribus
2863 3375 3043 3431 castri
3094 3375 3450 3431 lloiensis-
3486 3374 3672 3430 fuerat

2029 3461 2179 3515 enim
2215 3461 2345 3517 inde
2377 3462 2521 3518 bene
2554 3468 2748 3529 natus,
2793 3478 2972 3534 nepos
3011 3463 3282 3519 videlicet
3315 3462 3555 3519 Bosonis
3584 3476 3676 3517 ar-

2028 3549 2118 3605 ehi
2147 3550 2352 3606 liaconi
2388 3550 2555 3620 longe
2588 3566 2761 3622 supra
2799 3551 3098 3608 memorati
3120 3583 3189 3591 —
3214 3550 3481 3622 sepultus
3500 3554 3593 3606 est
3618 3549 3673 3606 in

2030 3638 2278 3695 ecclesia
2303 3639 2620 3696 honoriﬁce
2649 3640 2719 3696 ad
2755 3641 3017 3697 dextram
3051 3640 3257 3696 altaris
3289 3638 3441 3697 beati
3473 3642 3675 3711 proto-

2032 3728 2304 3799 martyris
2352 3728 2652 3798 Stephani,
2708 3729 3076 3786 deserviente
3106 3727 3233 3797 ejus
3266 3726 3530 3797 exequiis
3576 3726 3674 3797 qui

2033 3818 2173 3872 tunc
2207 3817 2541 3871 morabatur
2582 3816 2795 3873 ibidem
2846 3816 3053 3873 domno
3105 3818 3351 3873 Henrico
3404 3814 3678 3888 pontifice

2033 3905 2361 3961 Leodiensi.
2396 3906 2476 3959 Ex
2507 3904 2634 3974 ejus
2666 3912 2972 3977 parentum
2999 3906 3130 3975 jure
3162 3904 3518 3962 hereditario
3552 3918 3680 3975 pro-

2032 3999 2314 4049 venerunt
2348 3994 2482 4049 huic
2512 3993 2778 4052 ecclesia
2828 3996 2957 4052 dua
3002 3996 3329 4051 mansiones
3374 3991 3584 4063 viginti
3615 3992 3680 4048 li-

2031 4081 2265 4137 brarum
2297 4081 2352 4136 in
2383 4082 2611 4138 lloiensi
2647 4083 2787 4139 foro.

2099 4191 2182 4243 68.
2223 4187 2358 4258 (80.)
2391 4188 2675 4246 llenricus
2710 4189 3022 4261 episcopus
3055 4193 3115 4245 ut
3147 4192 3273 4245 erat
3312 4187 3402 4244 vir
3439 4186 3674 4244 tuenda

2026 4275 2287 4341 virtutis,
2330 4276 2609 4332 Obertum
2651 4276 2953 4347 quemdam
2995 4277 3374 4348 praepositum
3404 4274 3673 4332 ecclesia

2027 4369 2244 4420 sancta
2268 4364 2471 4420 Crucis
2493 4364 2834 4421 criminibus
2855 4365 3187 4421 convictum
3213 4365 3283 4420 de
3306 4363 3544 4421 civitate
3577 4363 3674 4419 de-

2027 4457 2294 4509 creverat
2322 4452 2653 4510 omnimodo
2682 4452 2748 4486 ¹⁰²
2774 4454 3220 4511 exturbandum.
3256 4453 3359 4509 Ille
3385 4466 3521 4509 vero
3546 4466 3676 4524 pro-

271 4522 495 4618 uterat
525 4524 940 4636 magnanimus,
984 4532 1254 4636 extruere
1288 4531 1705 4636 .meditabatur.
1742 4539 1852 4596 Sed
1882 4522 1911 4598 a
1942 4572 1998 4636 Β
2029 4542 2247 4614 ripiens
2270 4557 2331 4599 se
2353 4542 2423 4599 ad
2448 4543 2836 4613 Berengerum
2861 4543 3130 4599 abbatem
3158 4542 3345 4598 sancti
3376 4522 3673 4597 Laurentii

271 4608 400 4665 suis
426 4609 715 4681 proditus,
749 4617 808 4667 et
832 4613 883 4668 in
909 4615 1178 4686 captione
1211 4618 1652 4693 dehonestatus,
1689 4642 1817 4683 cum
1850 4644 1913 4686 se

271 4711 591 4791 non-posse
622 4702 893 4773 prosequi
934 4705 1087 4773 quod
1118 4706 1290 4763 nimis
1321 4709 1633 4768 distulerat
1666 4716 1914 4791 videret,

273 4784 452 4843 tadio
484 4801 714 4859 quoque
746 4792 921 4848 nimio
953 4793 1197 4851 affectus
1240 4797 1744 4861 dehonestationis
1774 4784 1916 4880 sua,

274 4874 451 4931 tiliam
483 4890 646 4934 suam
677 4878 935 4937 Sibillam
961 4882 1272 4941 Godefrido
1297 4886 1414 4943 filio
1438 4889 1662 4949 Albcrti
1687 4874 1920 4956 comitis

2031 4631 2206 4701 venit,
2239 4636 2296 4687 et
2325 4631 2474 4702 apud
2507 4646 2634 4687 eum
2671 4637 2782 4688 tam
2817 4631 2913 4687 diu
2948 4630 3140 4699 latuit,
3172 4630 3357 4686 donec
3379 4646 3447 4686 eo
3472 4628 3679 4686 suﬂ‘ra-

2027 4726 2201 4791 gante
2229 4721 2282 4776 in
2306 4721 2552 4790 gratiam
2576 4720 2835 4792 episcopi
2856 4720 3048 4776 rediit.
3073 4719 3182 4774 Sed
3203 4734 3313 4775 non
3335 4718 3517 4775 mullo
3537 4722 3672 4788 post

2032 4810 2302 4867 collectis
2340 4810 2516 4865 rebus
2556 4810 2695 4879 suis,
2742 4809 3048 4866 llenricum
3092 4822 3284 4879 regem
3317 4802 3479 4877 adiit,
3512 4807 3608 4878 qui
3640 4821 3671 4863 a

2033 4898 2307 4968 Gregorio
2326 4912 2470 4970 papa
2491 4912 2597 4970 per
2616 4896 2956 4954 decennium
2974 4895 3524 4966 excommunicatus,
3551 4894 3675 4966 qui-

1620 4990 1855 5047 VARI/E
1915 4996 2322 5054 LECTIONES.

342 5071 721 5163 ξ”ίξξεξεξῐξοιᾴί
756 5079 805 5163 ξι
840 5161 863 5163 Ἀ
884 5074 929 5163 έδ
958 5076 1319 5163 abigam:qu
1336 5083 1752 5163 [canescunt
1775 5091 1841 5149 in
1872 5098 1920 5150 1.
1948 5094 2053 5151 sed
2066 5094 2426 5151 contulimus
2464 5092 2537 5163 1".
2618 5090 2662 5125 ⁹⁹
2692 5092 2962 5163 cuiquam
2993 5094 3078 5159 1’;
3102 5105 3183 5149 an
3208 5106 3335 5150 esse
3364 5090 3675 5162 cuiquam?

277 5142 345 5176 ¹⁰⁰
378 5142 523 5201 inde
542 5159 631 5218 sp.
666 5161 719 5202 n.
756 5161 801 5217 s,
836 5150 1147 5218 provenire
1179 5152 1256 5207 1‘.

1369 5153 1435 5188 ¹⁰¹
1467 5156 1720 5227 placavit
1749 5177 1800 5218 c.
1833 5164 2023 5222 xeniis
2056 5167 2133 5221 1".

2246 5163 2313 5198 ιδ’
2339 5162 2571 5221 omnino
2602 5164 2679 5219 1'.

1868 5277 2090 5335 ΝΟΤίΕ.

527 5369 577 5446 a.
606 5359 743 5446 1087
761 5389 832 5400 —
855 5363 1010 5417 1106.
1039 5362 1357 5420 secundum
1382 5366 1632 5427 Annales
1656 5373 1916 5446 Mosom.,

273 5427 498 5509 ss,_l_u,
532 5443 588 5509 p.
626 5432 747 5485 162.

347 5497 1009 5579 (145)‘jam_anno1087,
1055 5505 1185 5562 vide
1223 5520 1417 5579 supra.
1462 5510 1582 5567 Etsi
1622 5512 1720 5569 vix
1758 5515 1918 5573 credi

349 5547 494 5571 \--v,
522 5547 639 5569 .-.η
673 5547 821 5558 ...μιν
859 5547 978 5562 ,νυσ
1065 5547 1185 5562 τιυν
1223 5547 1417 5579 υυιμιιιι
1466 5547 1582 5567 uno:
1631 5547 1720 5569 VIA
1758 5547 1809 5572 υι
1827 5547 1918 5573 cur

276 5574 466 5651 potest
499 5570 621 5627 hac
654 5572 809 5627 intra
839 5578 955 5630 tam
989 5547 1165 5633 breve
1198 5580 1480 5651 temporis
1510 5584 1758 5654 spatium
1792 5601 1922 5643 eve-

274 5655 454 5697 msse.

316 5656 454 5700 1888.

347 5712 498 5785 (146)
528 5713 799 5772 Porciae.
836 5715 899 5771 Β.

2103 5376 2249 5447 (147)
2283 5391 2332 5433 a.
2376 5378 2531 5448 1087,
2568 5374 2769 5448 indict.
2802 5391 2861 5445 χ,
2894 5388 3045 5432 anno
3074 5373 3326 5448 Philippi
3355 5379 3446 5433 28.
3479 5373 3678 5433 Edidit

2031 5446 2297 5505 MabillOn
2334 5448 2477 5504 Ann.
2516 5446 2722 5503 Bened.
2756 5448 2818 5515 V,
2852 5449 2974 5503 662.

2103 5520 2249 5589 (148)
2284 5520 2435 5577 Cons
2464 5533 2564 5575 sur
2591 5518 2642 5573 la
2669 5517 2880 5590 Chiere
2914 5516 3047 5590 pres
3075 5516 3145 5574 de
3178 5518 3505 5589 Longuyon.
3533 5517 3597 5573 Β.

2134 5594 2249 5661 149)
2284 5589 2731 5647 Chisniacensis.

2134 5594 2249 5661 149)
2284 5592 2731 5647 Chisniacensis.

2102 5592 2251 5733 €150)
2282 5660 2389 5727 Qui
2422 5661 2570 5718 obiit
2598 5674 2647 5717 a.
2685 5663 2842 5732 1088,
2878 5661 3013 5733 Apr.
3048 5662 3135 5715 28.
