3936 6416
301 363 454 434 14οἿ

1299 347 1780 424 CHRONICON
1825 345 1892 412 S.
1939 341 2302 410 HUBERTi
2345 341 2730 408 ANDAGIN.

3555 332 3720 401 1408

300 525 411 584 bus
455 526 690 598 Poterat
738 520 1214 594 expeditionibus
1262 520 1576 575 Romanam
1632 510 1946 570 8001€Si3m
1976 481 2032 544 Α
2065 519 2406 591 misinjuste
2425 533 2489 575 se
2505 515 2883 590 prmgravari,
2905 514 3028 574 sine
3047 511 3266 585 judicio
3285 509 3570 583 justitiam
3591 510 3718 566 viO'

297 616 784 690 persequebatur.
821 613 1076 669 Obsessa
1107 609 1259 666 enim
1283 615 1338 666 et
1365 611 1535 680 capta
1557 606 1712 662 Urbe
1735 604 1950 670 Grego-

301 706 448 762 rium
475 718 679 776 papam
705 704 1026 772 fugaverat,
1051 715 1235 770 eoque
1261 696 1580 769 superstite
1608 693 1949 749 Gnibertum

299 797 690 852 Ravennatem
724 792 852 849 loco
885 792 1012 862 ejus
1045 790 1456 857 substituerat,
1487 785 1668 858 quiet
1693 781 1950 855 ipsejam

303 885 397 942 diu
421 882 962 940 excommunicatus
983 880 1178 937 sedem
1201 878 1581 951 apostolicam
1603 871 1951 930 temerarius

303 973 577 1030 invadere
607 974 1078 1044 prwsumpserat.
1105 969 1432 1026 Dccedente
1455 970 1648 1022 autem
1671 961 1951 1031 Gregorio

303 1063 456 1135 apud
516 1065 930 1132 Beneventum,
987 1058 1314 1117 cardinales
1366 1059 1636 1113 Romanm
1685 1051 1951 1108 ecclesia":

302 1153 555 1210 Odonem
584 1152 947 1209 llosticnscm
981 1153 1340 1223 episcopum,
1373 1147 1599 1202 (iVlbUS
1627 1141 1953 1211 religiosio-

302 1244 465 1300 ribus
513 1242 1040 1312 consentientibus,
1096 1255 1200 1312 pro
1241 1253 1310 1294 eo
1351 1237 1404 1292 in
1441 1235 1576 1292 sedc
1629 1229 1950 1304 apostolica

301 1334 737 1389 substituerunt
772 1333 942 1403 (151),
988 1346 1156 1402 quem
1209 1329 1344 1386 olim
1393 1329 1734 1382 llemcnsem
1785 1319 1954 1376 cleri-

299 1439 427 1479 cum
459 1429 520 1478 et
551 1427 751 1495 postea
795 1421 1234 1480 Cluniacensem
1277 1416 1616 1474 monachum
1656 1413 1950 1469 Urbanum

306 1528 508 1584 papam
549 1512 776 1568 censeri
815 1511 1248 1580 judicaverunt.
1287 1507 1378 1563 Sic
1412 1502 1743 1562 sacerdotio
1775 1508 1833 1556 et
1867 1514 1952 1554 re-

305 1617 416 1671 gno
450 1602 797 1668 dissidente,
843 1600 982 1657 licet
1022 1597 1376 1670 generaliter
1406 1596 1464 1652 in
1497 1592 1710 1650 mundo
1750 1591 1950 1646 sancta

303 1689 548 1747 ecclesia
596 1690 1053 1762 periclitaretur,
1094 1687 1410 1760 specialius
1459 1689 1653 1740 tamen
1707 1677 1952 1735 Henrico

302 1777 611 1837 insiswnte
640 1781 984 1848 vexabatur,
1017 1780 1150 1835 dum
1179 1776 1486 1849 pontifices
1512 1769 1835 1846 postposita
1864 1768 1953 1836 ju-

2060 611 2252 668 lenter
2284 608 2554 681 opprimi,
2589 607 2839 664 divinam
2873 605 3104 678 quidem
3137 602 3226 659 vel
3259 601 3708 674 dispositionem

2060 702 2153 758 vel
2175 699 2616 772 permissionem
2634 696 2862 769 placere
2877 695 3008 763 sibi,
3025 693 3176 750 velle
3191 695 3379 748 tamen
3397 694 3466 746 ab
3482 691 3567 746 eis
3580 704 3715 746 cen-

2062 791 2196 860 seri,
2224 789 2383 846 sisic
2409 792 2736 844 mereretur
2765 784 3026 842 tractari.
3061 780 3562 839 Succlamantibus
3586 779 3712 850 qui-

2063 881 2290 951 busque
2311 878 2499 936 ethoc
2527 877 2694 932 nimis
2727 873 3070 945 injuriosum
3103 885 3250 937 esse,
3287 884 3391 926 nec
3425 868 3539 925 tale
3572 866 3709 940 quid

2062 971 2222 1028 illum
2242 969 2357 1042 pati
2376 963 2924 1036 debere,res:iondit
2943 963 3200 1019 Obertus
3217 960 3270 1016 id
3289 959 3471 1031 ipsum
3487 974 3548 1016 se
3564 960 3710 1015 bene

2061 1072 2506 1129 recognoscere,
2548 1056 2645 1114 sed
2684 1059 3038 1128 praeceptum
3073 1049 3284 1109 domini
3317 1049 3543 1106 sui'non
3575 1061 3708 1103 esse

2063 1147 2530 1222 praetereundum
2555 1146 2687 1212 sibi,
2715 1143 2868 1215 quod
2897 1141 3260 1210 siiejustum
3287 1139 3410 1196 sive
3434 1139 3706 1210 injustum

2061 1239 2144 1296 illi
2167 1239 2466 1311 juravcrat
2491 1245 2915 1305 exequendum.
2947 1231 3026 1288 Ad
3052 1232 3175 1287 haec
3201 1231 3556 1299 Berengerus
3575 1242 3709 1285 con-

2061 1329 2308 1386 stantior
2345 1347 2357 1382 :
2390 1329 2541 1385 Sine
2573 1338 2788 1395 magno
2826 1321 3042 1389 dolore,
3079 1319 3284 1391 inquit,
3317 1317 3704 1388 relinquitur,

2059 1419 2221 1490 quod
2245 1432 2362 1474 non
2389 1431 2520 1474 cum
2547 1427 2764 1484 magno
2794 1425 2993 1468 amore
3013 1409 3370 1482 possidetur.
3405 1407 3494 1462 Sic
3521 1407 3709 1474 digre-

2063 1509 2228 1565 diens
2245 1507 2376 1564 tulit
2397 1520 2591 1562 secum
2614 1503 2881 1560 baculum
2901 1514 3068 1572 quem
3087 1499 3318 1555 tenebat
3336 1494 3703 1568 pastoralem,

2061 1597 2486 1654 attestantibns
2511 1594 2856 1664 quibusque,
2893 1590 3016 1661 ipso
3041 1601 3273 1659 quoque
3297 1586 3530 1654 Obcrto,
3555 1584 3706 1639 hunc

2062 1687 2144 1744 illi
2174 1687 2331 1756 juste
2361 1683 2706 1746 convenire;
2739 1686 2797 1736 et
2829 1677 3146 1749 assumptis
3190 1690 3382 1732 secum
3429 1672 3707 1728 fratribus

2067 1791 2212 1848 quos
2257 1774 2476 1846 placuit
2519 1771 2648 1839 sibi,
2695 1769 2934 1827 secessit
2966 1767 3038 1822 ad
3067 1763 3373 1822 ecclesiam
3417 1761 3562 1818 beati
3597 1762 3707 1818 Hu-

305 1869 468 1926 stitia
492 1868 600 1926 sibi
629 1869 910 1938 faventes,
943 1868 1034 1924 vel
1063 1868 1296 1923 Urbano
1325 1863 1740 1921 subtrahere-nt
1767 1856 1834 1890 ³⁰³
1861 1857 1948 1911 vel
1984 1857 2034 1916 Β
2069 1865 2240 1934 herti,
2284 1878 2452 1935 quam
2498 1861 2667 1933 plane
2705 1857 3160 1928 recognoscebat
3191 1858 3427 1909 matrem
3467 1863 3705 1906 conver-

307 1959 586 2016 Guibtrto
613 1958 972 2014 attraherent
1005 1956 1089 2012 ¹⁰³.
1123 1957 1238 2014 Sub
1263 1953 1363 2011 tali
1389 1953 1748 2010 dissentiozie
1770 1952 1952 2008 eccle-

307 2049 545 2105 siastica
581 2048 890 2118 languente
919 2047 1167 2118 justitia,
1206 2049 1420 2118 praeter
1451 2049 1647 2099 cetera
1672 2043 1953 2099 virtutum

304 2137 628 2208 dispendia,
687 2136 998 2192 simoniaea
1050 2135 1292 2192 haeresis
1341 2133 1550 2206 passim
1607 2131 1950 2202 invaluerat,

304 2227 437 2284 dum
474 2225 642 2282 modo
675 2239 822 2296 quos
849 2225 1392 2280 excommunieabat
1422 2223 1690 2278 Urbanus
1719 2220 1957 2277 Guiber-

297 2321 394 2372 tus
423 2315 782 2386 absolveret,
813 2319 869 2370 et
907 2313 1166 2372 Guibcrti
1195 2313 1530 2369 desertores
1553 2311 1819 2367 Urbanus
1841 2309 1958 2366 col-

297 2403 526 2474 ligeret.
567 2406 786 2461 Interea
813 2402 1000 2460 adhuc
1028 2402 1350 2473 superstite
1379 2400 1625 2456 lle‘nrico
1657 2399 1953 2470 pontifice,

299 2495 554 2550 Obertus
606 2494 946 2550 morabatur
997 2507 1126 2548 eum
1178 2490 1463 2563 principe,
1509 2495 1566 2545 et
1611 2489 1956 2546 honoratum

301 2599 496 2640 secum
535 2583 748 2640 delatis
781 2581 1136 2649 muneribus,
1172 2585 1346 2652 prout
1375 2583 1624 2651 poterat,
1661 2578 1955 2635 ambiebat

304 2673 602 2744 obsequiis
633 2679 688 2730 et
723 2672 1019 2728 favoribus
1065 2669 1314 2742 alicujus
1360 2669 1598 2726 honoris
1629 2669 1701 2726 ab
1733 2683 1802 2724 eo
1830 2669 1960 2724 abs-

305 2762 570 2819 trahendi
607 2761 886 2833 optentis.

371 2855 460 2907 69.
497 2851 632 2922 (81.)
670 2852 834 2905 Anno
868 2855 1060 2904 autem
1091 2848 1265 2904 Verbi
1300 2847 1586 2903 incarnati
1619 2851 1746 2903 1091
1783 2845 1954 2915 (Mai.

303 2939 436 3010 31.),
490 2955 610 2996 suae
657 2955 795 2995 vero
839 2938 1230 2995 ordinationis
1261 2941 1344 3006 16,
1377 2937 1644 3008 dominus
1681 2937 1960 2994 Henricus

303 3029 592 3086 hominem
622 3029 814 3092 exuit;
851 3028 904 3082 in
941 3027 1248 3100 dampnum
1291 3025 1493 3098 gloriae
1537 3026 1870 3082 Leodiensis
1900 3031 1954 3082 et

303 3117 554 3173 maximo
585 3117 892 3188 dispendio
925 3123 1144 3172 nostrae
1177 3130 1344 3187 quam
1381 3114 1696 3186 specialius
1723 3115 1955 3172 colebat

2068 1954 2244 2011 sionis
2275 1957 2334 2008 et
2367 1949 2750 2024 professionis
2785 1962 2925 2004 sua).
2962 1944 3042 2000 lbi
3073 1948 3376 2014 gratanter
3401 1943 3701 2009 exceptus,

2062 2058 2192 2100 cum
2227 2041 2446 2098 illatam
2485 2055 2595 2097 non
2630 2039 2818 2095 solum
2853 2036 2962 2092 sibi
2997 2033 3266 2103 injuriam
3299 2031 3566 2098 referret,
3599 2027 3703 2084 sed

2063 2133 2236 2188 etiam
2261 2130 2526 2203 publicas
2545 2125 3042 2193 exordinationes,
3061 2137 3205 2195 quas
3221 2121 3471 2177 Obertus
3491 2123 3706 2174 temere

2062 2221 2397 2290 exercebat,
2423 2235 2552 2276 cum
2575 2215 2928 2274 Theoderico
2959 2213 3172 2268 abbate
3194 2215 3253 2266 et
3276 2206 3552 2264 fratribus
3572 2219 3707 2260 con-

2067 2312 2251 2367 ferret
2273 2342 2336 2350 —
2361 2309 2585 2366 scilicet
2610 2307 2760 2378 quod
2785 2304 2856 2362 de
2880 2317 3050 2359 manu
3073 2295 3550 2358 excommunicati
3581 2295 3706 2350 sine

2065 2399 2322 2470 legitima
2343 2397 2631 2456 electione
2653 2399 2712 2452 et
2736 2399 2904 2466 pacta
2931 2389 3172 2464 pecunia
3195 2387 3592 2461 episcopatum
3616 2398 3707 2440 ar-

2067 2488 2369 2561 ripuisset,
2400 2486 2553 2558 quod
2577 2500 2638 2543 se
2661 2485 2745 2542 sic
2769 2483 2958 2554 ejecto
2981 2484 3041 2537 et
3063 2475 3423 2536 Guolbodoni
3447 2473 3708 2547 deposito

2063 2580 2351 2652 justitiam
2387 2576 2763 2650 prodidisset,
2801 2570 2954 2644 quod
2985 2567 3274 2626 abbatiam
3317 2564 3706 2622 Florinensem

2068 2668 2399 2724 Gisleberto
2431 2662 2791 2722 Hasterieusi
2825 2661 2974 2732 (152)
3009 2655 3323 2731 praeposito
3349 2660 3410 2712 et
3440 2652 3708 2710 Bronien-

2069 2773 2188 2815 sem
2237 2757 2464 2814 cuidam
2513 2750 2906 2811 Guiremundo
2950 2751 3136 2805 sancti
3185 2744 3381 2802 Jacobi
3430 2741 3706 2799 monacho

2069 2851 2271 2904 taxato
2296 2845 2527 2918 publice
2547 2843 2741 2916 pretio
2764 2839 3145 2908 vendidisset,
3169 2834 3322 2907 quod
3344 2833 3623 2890 hactenus
3645 2828 3710 2885 li-

2071 2938 2267 2992 beram
2298 2940 2356 2990 et
2386 2933 2702 3004 gloriosam
2735 2933 2952 2988 sanctae
2995 2925 3183 2983 Marias
3223 2923 3524 2993 sanctique
3555 2921 3709 2975 Lam-

2071 3027 2220 3084 berti
2263 3023 2570 3082 ecclesiam
2613 3021 2698 3078 sic
2739 3019 3044 3076 iufecisset
3071 3048 3140 3057 —
3174 3017 3390 3070 tantam
3429 3016 3707 3067 adversus

2069 3116 2348 3172 Obertum
2363 3111 2878 3170 suscitaviteorum
2895 3105 3369 3177 indignationem,
3387 3106 3449 3159 ut
3461 3112 3708 3157 commu-

301 3207 658 3264 solitudinis.
715 3206 888 3276 Cujus
918 3207 1015 3261 vix
1047 3206 1246 3262 audita
1290 3205 1545 3261 Obertus
1577 3209 1782 3275 morte,
1835 3205 1958 3261 sine
1990 3223 2039 3285 ρ,
2070 3206 2125 3260 ni
2153 3219 2446 3261 consensu
2471 3200 2636 3272 quasi
2661 3196 3160 3255 excommunicato
3193 3188 3570 3266 probabiliter
3597 3200 3706 3243 non

302 3297 592 3354 electione
627 3296 1030 3353 ecclesiastica
1065 3295 1134 3352 de
1169 3311 1338 3352 manu
1369 3295 1526 3360 regis
1557 3295 1958 3368 episcopatum

303 3387 572 3456 extorsit,
605 3402 735 3442 cum
763 3386 1028 3441 maximis
1054 3387 1238 3457 pactis
1265 3385 1540 3456 praemiis,
1565 3390 1756 3442 tamen
1783 3385 1958 3442 etiam

305 3476 646 3532 fidelitatem
667 3475 751 3532 il’i
775 3475 992 3530 faciens
1016 3473 1854 3546 interpositionejurisjurandi
1874 3473 1955 3530 ιω.

373 3569 458 3622 70.
497 3567 634 3638 (82.)
677 3563 1060 3621 Contulerant
1103 3579 1166 3620 se
1209 3563 1276 3619 ad
1321 3564 1588 3620 eumdem
1638 3564 1958 3636 principem

300 3655 414 3712 duo
440 3655 728 3726 quondam
757 3655 1251 3726 pseudoabbates,
1279 3654 1583 3710 Guolbodo
1608 3655 1795 3710 sancti
1822 3656 1960 3712 Lau-

308 3745 480 3802 rentii
513 3750 571 3800 et
605 3745 799 3815 Leupo
833 3743 1020 3800 sancti
1053 3742 1357 3812 Trudonis,
1397 3758 1543 3813 quos
1573 3744 1876 3801 convictos
1903 3751 1962 3800 et

307 3833 861 3900 excommunicatos,
933 3831 1279 3888 criminibus
1349 3831 1630 3902 probatis,
1697 3833 1966 3892 dominus

308 3922 595 3978 llenricus
626 3923 698 3977 ab
730 3920 1032 3992 episcopio
1076 3919 1376 3976 leodiensi
1419 3921 1726 3992 expulerat
1753 3921 1838 3977 ¹⁰⁶.
1878 3923 1965 3978 Hii

301 4010 504 4068 audita
539 4009 664 4080 ejus
697 4015 882 4066 morte
914 4009 1149 4066 adducti
1178 4009 1231 4065 in
1259 4025 1415 4082 spem
1450 4011 1834 4083 recuperandi
1869 4013 1968 4070 ho-

309 4100 486 4170 noris,
517 4103 576 4156 et
603 4099 707 4171 ipsi
737 4099 886 4170 pacti
913 4106 1050 4155 sunt
1074 4099 1374 4170 pecuniam
1403 4099 1676 4172 principi.
1713 4103 1968 4160 Obertus

313 4204 546 4261 quoque
574 4189 1011 4245 restitutionem
1045 4204 1247 4245 eorum
1279 4189 1350 4244 ad
1379 4190 1628 4259 gratiam
1661 4190 1789 4260 ejus
1811 4192 1972 4262 jura-

305 4280 408 4350 vit,
443 4279 578 4335 illos
603 4293 836 4348 quoque
859 4293 1055 4334 secum
1083 4278 1355 4336 Leodium
1382 4279 1624 4336 deduxit
1655 4282 1778 4351 (απ.
1809 4285 1968 4358 1091,

309 4373 470 4440 Dec).
511 4367 916 4425 Dissimulavit
952 4374 1144 4425 tamen
1189 4368 1420 4425 interim
1463 4385 1592 4442 quae
1639 4370 1975 4444 intenderet

313 4470 508 4529 agere,
535 4455 720 4512 donec
742 4461 1122 4513 consecratus
1145 4456 1396 4513 Colonize
1423 4457 1543 4524 (cm.
1573 4462 1729 4522 109‘2,
1758 4459 1886 4516 Feb.
1915 4461 1970 4532 1)

320 4547 592 4604 fidentior
621 4549 776 4602 esset
805 4545 858 4602 in
885 4544 1269 4614 malignitatis
1300 4545 1644 4604 exercenda;
1671 4546 1755 4604 1°“.
1790 4550 1846 4604 In
1877 4563 1971 4605 ea-

2070 3294 2277 3352 amodo
2295 3290 2835 3350 communicandum
2856 3289 3184 3344 censerent.
3206 3281 3287 3338 Ad
3301 3281 3422 3338 haec
3436 3281 3714 3346 Berenge-

2071 3399 2176 3440 rus
2208 3382 2417 3437 timens
2448 3378 2636 3435 eidem
2669 3375 2936 3433 ecclesia:
2968 3388 3074 3444 pro
3107 3369 3370 3443 periculo
3411 3364 3706 3438 temporis,

2072 3472 2258 3543 ipsius
2277 3470 2452 3526 etiam
2469 3467 2700 3525 abbatis
2715 3469 3044 3522 retractans
3059 3459 3488 3532 simplicitatem
3503 3452 3717 3510 insum-

2070 3561 2320 3619 cientem
2356 3559 2490 3616 huic
2518 3562 2698 3614 tanta:
2728 3551 3069 3621 defensioni,
3105 3547 3406 3619 subjunxit
3435 3543 3709 3602 nemiuem

2073 3649 2386 3722 inquinari,
2405 3648 2514 3704 nisi
2566 3659 2905 3704 xeonsensu
2928 3640 3138 3698 mentis
3154 3657 3168 3706 ;
3185 3653 3248 3696 se
3261 3636 3488 3708 quidem
3501 3631 3716 3689 violen-

2076 3721 2167 3796 ter
2181 3755 2250 3796 ex
2261 3737 2507 3808 pulsum,
2523 3741 2580 3792 et
2598 3733 2729 3791 ideo
2746 3733 2892 3789 alias
2909 3730 3014 3788 subi
3032 3729 3421 3785 secedendum
3439 3741 3450 3777 :
3467 3721 3574 3794 ipsi
3588 3734 3713 3777 cum

2077 3844 2217 3901 pace
2237 3827 2363 3884 loco
2381 3841 2484 3883 suo
2504 3823 2912 3896 persisterent,
2935 3831 3124 3888 neque
3148 3814 3480 3870 inimicitias
3501 3815 3713 3866 temere

2075 3918 2302 3990 aliquas
2350 3916 2404 3970 in
2457 3929 2520 3972 se
2571 3911 2948 3980 suscitarent,
3000 3922 3131 3965 cum
3163 3904 3233 3961 ad
3266 3905 3376 3960 hoc
3405 3914 3566 3956 nemo
3611 3911 3711 3954 eos

2078 3987 2268 4065 adhuc
2300 4003 2657 4077 impelleret;
2691 4005 2967 4058 caverent
2989 3996 3221 4054 omnino
3244 4008 3314 4050 ne
3337 3987 3716 4048 inconsultius

2076 4097 2197 4154 tale
2221 4095 2360 4167 quid
2383 4093 2730 4162 inciperent,
2767 4089 2921 4162 quod
2956 4085 3302 4160 quandoque
3324 4081 3409 4139 eis
3432 4077 3714 4150 incepisse

2081 4185 2414 4261 pceniteret,
2459 4180 2758 4254 respondit
2801 4180 2984 4236 abbas
3015 4189 3078 4232 se
3110 4186 3340 4246 quoque
3380 4169 3554 4261 sui_et
3588 4179 3715 4261 suo-

2081 4253 2209 4334 rum
2257 4288 2388 4331 esse
2437 4253 2777 4340 sollicitum,
2827 4266 2995 4324 malle
3027 4279 3090 4322 se
3121 4263 3396 4320 Obertum
3429 4253 3713 4314 offendere

2083 4380 2253 4438 quam
2285 4367 2493 4430 Deum;
2525 4361 2573 4418 si
2607 4359 2736 4431 quis
2767 4363 2924 4414 esset
2957 4353 3196 4424 Domini,
3234 4350 3632 4424 perseveraret
3662 4343 3709 4401 ei

2082 4433 2172 4512 vel
2198 4454 2252 4510 in
2277 4453 2407 4510 loco
2429 4449 2756 4524 persistens
2777 4446 2869 4505 vel
2891 4446 2962 4502 de
2986 4445 3113 4501 loco
3135 4454 3328 4498 secum
3351 4437 3568 4496 exiens.
3601 4433 3715 4490 Fir-

2083 4548 2233 4600 mata
2264 4557 2406 4613 ergo
2434 4539 2819 4598 communiter
2851 4531 3180 4606 hujusmodi
3209 4525 3516 4596 sententia,
3545 4525 3716 4581 Theo-

319 4637 446 4692 dem
469 4642 664 4694 autem
689 4635 782 4692 die
806 4634 1161 4692 reversionis
1181 4650 1304 4693 sua:
1323 4636 1616 4692 mandavit
1637 4638 1968 4710 Berengero
1997 4599 2052 4664 D
2082 4633 2318 4690 dericus
2334 4599 2638 4702 assumpto
2656 4642 2853 4684 secum
2875 4627 3200 4693 Berengero
3221 4617 3461 4678 secessit
3478 4615 3530 4670 in
3551 4615 3716 4670 Fran-

315 4725 631 4796 abbatinut
666 4723 789 4781 sine
821 4723 1101 4781 dilatione
1121 4725 1194 4781 ab
1219 4723 1471 4782 ecclesia
1501 4727 1688 4783 sancti
1720 4727 1967 4785 Lauren-

310 4813 374 4868 tii
393 4812 749 4882 discederet,
769 4819 826 4868 et
849 4813 1208 4869 Guolbodoni
1235 4814 1529 4870 abbatiam
1552 4815 1734 4872 libere
1759 4816 1970 4872 haben-

313 4903 380 4959 da
393 4918 441 4958 m
465 4901 845 4972 relinqueret.
875 4903 1240 4973 Berengerus
1258 4917 1327 4959 ne
1347 4903 1834 4961 irrationabiliter
1848 4906 1970 4963 cul-

311 4997 555 5061 paretur
583 4990 870 5060 abjecissc
900 4990 1210 5048 ecclesiam
1254 5005 1423 5062 quam
1467 4990 1737 5062 legaliter
1775 5009 1969 5052 susce-

311 5085 479 5150 perat
510 5079 846 5151 regendam,
874 5080 927 5136 in
952 5080 1274 5138 crastinum
1308 5081 1528 5139 Oberto
1555 5097 1617 5138 se
1653 5089 1970 5152 praesenta-

305 5169 413 5238 vit,
435 5175 716 5228 causatus
742 5169 976 5242 publice
1002 5185 1194 5228 coram
1221 5171 1562 5230 melioribus
1581 5172 1862 5243 civitatis,
1887 5175 1970 5230 ni-

2079 4723 2250 4792 ciam,
2285 4725 2344 4778 et
2375 4735 2506 4778 cum
2538 4716 2919 4789 Raginaldum
2952 4715 3256 4770 Remorum
3291 4705 3613 4780 pontiﬁcem
3647 4702 3713 4759 de

2078 4817 2290 4870 eventu
2324 4825 2519 4868 rerum
2550 4805 2972 4866 consulendum
3011 4804 3376 4874 expeterent,
3409 4795 3503 4853 ille
3535 4793 3715 4865 priva-

2079 4903 2181 4960 tim
2201 4883 2640 4959 Ambianensem
2667 4895 3000 4969 pontificem
3020 4891 3345 4948 lberuinum
3365 4883 3714 4958 praemittens

2079 4991 2374 5050 mandavit
2415 4987 2785 5046 venientibus
2824 4998 2894 5040 ne
2922 4997 2986 5040 se
3015 4983 3064 5038 ei
3102 4979 3542 5053 prtesentarent,
3587 4971 3712 5044 quia

2080 5083 2240 5142 nullo
2271 5080 2442 5138 modo
2473 5077 2562 5136 vel
2589 5077 2643 5132 in
2667 5075 2848 5134 verbo
2877 5072 2964 5130 vel
2989 5072 3045 5128 in
3067 5069 3267 5128 osculo
3295 5067 3381 5126 eis
3413 5062 3714 5124 communi-

2077 5177 2269 5243 caret,
2292 5170 2401 5228 nisi
2424 5168 2654 5240 culpam
2685 5180 2843 5224 suam
2879 5165 3130 5221 fatentes
3155 5157 3488 5232 praemissus
3519 5153 3588 5211 ad
3618 5167 3712 5210 eos

1675 5299 1846 5355 VARI
1854 5302 1912 5356 ΑΕ
1951 5296 2354 5356 LECTIONES.

301 5407 563 5540 υἰὲἐῶξςξ
597 5413 682 5477 1";
717 5411 1094 5470 subtraheret
1126 5411 1190 5471 et
1229 5412 1556 5474 attraheret
1588 5415 1675 5472 ed.

1785 5415 1852 5450 ¹⁰⁶
1886 5416 2028 5474 hinc
2075 5421 2125 5471 1.
2155 5413 2362 5486 pergit
2470 5408 2537 5444 ¹⁰⁸
2567 5410 2732 5466 deest
2756 5413 2806 5479 1,
2921 5405 2989 5439 ¹⁰⁶
3017 5404 3238 5463 iterum
3266 5401 3504 5458 verbum
3532 5397 3719 5455 deesse

1912 5585 2120 5642 NOTAE

387 5693 540 5769 (151)
567 5695 695 5758 scil.
737 5705 870 5774 post
907 5698 1202 5760 Victorem
1227 5701 1322 5760 IIl.

2176 5698 2328 5772 (ιω)
2357 5693 2738 5758 Ηαείίἐγσᾱὶ.
