3936 6454
204 420 351 488 1418

1174 416 1654 484 CHRONICON
1698 416 1767 481 S.
1812 414 2170 480 HUBESTI
2209 413 2600 478 ANDAGIN.

3439 413 3592 477 1414

195 572 408 642 rueret,
448 572 511 629 et
548 572 707 629 omni
740 570 1049 641 spurcitia
1080 569 1345 644 infectus
1384 571 1749 644 inquinatio:

2035 592 2061 634 s
2090 579 2251 648 Hugo
2279 578 2549 633 Romanae
2570 574 2837 634 ecclesia;
2858 575 3087 645 legatus
3104 575 3508 646 approbasset,
3533 580 3589 632 et

198 661 397 721 sancta
417 660 764 720 sanctorum
790 663 921 718 suis
954 660 1494 725 maledictionibus.
1536 660 1591 718 si
1600 660 1716 733 fas
1753 658 1844 717 est

201 751 340 821 dici,
354 749 817 807 contaminaret.
842 750 993 806 Ecce
1012 764 1187 807 verus
1199 749 1552 807 antichristi
1572 748 1836 818 satelles,

200 852 411 897 currus
439 839 718 897 sathana
747 837 803 893 et
840 837 1038 903 ﬁdelis
1079 840 1321 909 auriga,
1361 839 1633 895 Simonis
1677 837 1844 908 magi

200 928 472 1001 quadam
494 925 832 985 similitudo
848 940 991 983 rera
1002 926 1249 983 molitur
1273 928 1577 985 destruere
1592 940 1695 998 reg
1703 940 1846 982 num

203 1017 455 1086 Christi,
484 1016 625 1073 dum
646 1016 868 1074 sancta
885 1016 1101 1073 matris
1124 1017 1380 1073 ecclesia
1393 1016 1618 1073 statum
1642 1028 1844 1086 perse-

198 1105 304 1178 qui
332 1120 455 1162 non
477 1104 738 1173 desistit,
763 1104 903 1161 etin
933 1118 1142 1175 corpus
1169 1119 1338 1162 suum
1371 1105 1669 1161 trahicere
1689 1102 1844 1160 labo«

196 1195 314 1265 rat,
356 1208 511 1265 quos
545 1194 826 1251 Christus
846 1207 1054 1250 cruore
1082 1207 1186 1251 suo
1217 1193 1543 1251 redemitet
1571 1192 1773 1263 pascit
1790 1193 1849 1248 et

193 1283 379 1355 potat.
408 1284 592 1340 Tanti
619 1282 837 1353 capitis
857 1282 1097 1337 mortem
1126 1282 1444 1338 exinanire
1463 1282 1646 1354 cupit,
1689 1294 1846 1337 oves-

197 1377 310 1435 que
323 1364 494 1419 tanto
506 1361 1078 1421 sudoreSalvatoris
1095 1362 1367 1419 inventas
1382 1362 1552 1430 leoni,
1574 1361 1681 1433 qui
1700 1375 1845 1418 sem-

191 1466 298 1523 per
319 1451 671 1508 animarum
691 1451 1036 1508 nostrarum
1055 1452 1411 1521 sanguinem
1428 1450 1583 1519 sitit,
1598 1449 1847 1521 prodere

197 1530 656 1604 nonformidat,
690 1533 867 1587 immo
888 1545 1081 1589 omnes
1112 1532 1176 1586 in
1196 1530 1262 1586 ob
1292 1534 1544 1587 ivionem
1571 1529 1849 1586 veritatis

201 1620 259 1676 et
272 1620 482 1676 odium
502 1620 822 1691 religionis
837 1633 1032 1677 secum
1032 1621 1421 1691 pracipitare
1426 1619 1712 1692 festinat.
1737 1618 1849 1673 Er-

198 1722 274 1779 go
303 1709 459 1779 quia
471 1721 631 1765 nunc
641 1715 899 1779 tempora
910 1708 1256 1779 periculosa
1268 1721 1399 1777 qua
1408 1706 1705 1777 pradixit
1723 1719 1850 1777 apo-

200 1796 390 1854 stolus
418 1798 678 1867 instant,
717 1810 912 1855 omnes
942 1796 1102 1867 quod
1118 1798 1386 1869 professi
1405 1796 1550 1852 sunt
1566 1808 1689 1852 esse
1723 1809 1852 1852 con-

1951 668 2007 722 in
2057 672 2342 723 conventu
2368 666 2778 738 episcoporum
2841 663 3082 721 relatam
3140 663 3425 735 laudaret,
3467 679 3593 720 eam

1952 756 2303 812 auctoritate
2323 768 2426 810 sua
2450 769 2518 810 ex
2535 754 2715 809 ﬁrmis
2737 752 3093 809 ﬁrmioribus
3129 751 3595 822 reddidit,beati-

1952 845 2130 901 ﬁcans
2149 844 2456 900 ecclesiam
2479 843 2645 913 cujus
2665 848 2831 899 erant
2873 841 3021 898 tales
3044 842 3163 913 ﬁlii,
3188 842 3305 912 qui,
3326 840 3599 897 deﬁcien-

1951 934 2110 990 tibus
2125 931 2990 1004 aliis,persisterentcatholicaa
3006 935 3065 986 et
3084 929 3421 1003 apostolica
3436 928 3594 997 ﬁdei;

1951 1028 2007 1079 et
2034 1023 2383 1095 promittens
2405 1023 2490 1078 eis
2519 1021 2792 1079 auxilium
2819 1022 3087 1077 Romanae
3109 1018 3374 1077 ecclesiae
3400 1026 3594 1075 etsuaa

1953 1110 2280 1181 legationis,
2310 1127 2379 1166 ne
2394 1111 2612 1167 Oberto
2635 1111 2944 1167 subessent
2975 1107 3067 1165 vel
3092 1107 3589 1165 communicarent

1951 1199 2180 1254 omnino
2228 1198 2559 1254 interdixit.

2021 1291 2107 1342 72.
2126 1288 2261 1357 (86.)
2286 1288 2568 1344 Otbertns
2592 1286 2945 1343 amaricatus
2969 1284 3254 1342 relatione
3276 1289 3596 1355 gestorum,

1953 1381 2016 1431 ut
2039 1376 2267 1432 solebat
2287 1377 2510 1432 exarsit
2535 1377 2588 1431 in
2617 1376 2721 1445 ira,
2760 1380 2821 1431 et
2843 1374 3060 1446 saepius
3084 1373 3402 1445 complosis
3424 1375 3601 1430 mani-
3696 1388 3705 1395 '

1956 1463 2084 1533 bus,
2138 1479 2199 1519 se
2231 1466 2415 1536 ipsum
2448 1465 2753 1533 arguebat,
2788 1462 2878 1520 vel
2905 1463 3037 1534 quia
3069 1463 3245 1519 semel
3290 1477 3320 1518 a
3343 1476 3405 1518 se
3443 1477 3599 1518 com-

1953 1551 2122 1622 pulso
2145 1553 2355 1609 abbate
2376 1568 2487 1609 non
2518 1553 2865 1609 extorsisset
2891 1551 3184 1606 licentiam
3210 1550 3450 1606 nocendi
3474 1565 3600 1620 par-

1955 1640 2117 1696 tibus
2157 1640 2298 1708 suis,
2340 1647 2545 1697 exacta
2593 1641 2706 1697 ﬁde
2736 1640 2847 1697 sibi
2898 1641 2952 1695 in
2978 1638 3136 1696 nullo
3193 1638 3598 1706 dissentiendi,

1954 1728 2048 1784 vel
2091 1730 2242 1799 quod
2293 1743 2356 1785 se
2386 1730 2573 1786 adhuc
2612 1728 3023 1796 continuisset,
3067 1741 3177 1782 non
3228 1726 3602 1782 confundisse

1963 1818 2198 1888 penitus
2221 1818 2526 1874 ecclesiam
2559 1819 2645 1874 sic
2676 1818 2787 1874 sibi
2820 1816 3096 1873 rebellem
3140 1815 3325 1871 sancti
3360 1815 3601 1871 Huberti

203 1885 473 1978 tendant.
505 1888 598 1978 Si.
612 1886 753 1943 tuba
774 1886 1047 1944 sathana
1058 1888 1332 1958 graviter
1362 1886 1616 1954 intonat,
1641 1884 1699 1940 et
1718 1885 1757 1940 ti

2061 1906 2246 1962 tribus
2264 1907 2398 1963 inde
2412 1906 2697 1963 violenter
2719 1904 2997 1978 expulsis.
3018 1905 3129 1960 Nec
3150 1904 3602 1974 diuconccplum

196 1974 510 2046 poralium
577 1973 854 2031 bonorum
904 1976 1177 2031 minatur
1251 1975 1591 2045 dispendia,
1651 1974 1854 2030 carnis

202 2056 387 2113 etiam
413 2058 781 2128 quandoque
804 2056 1108 2111 moritura
1125 2054 1402 2111 admonet
1415 2067 1637 2125 panas,
1673 2052 1857 2107 totum

204 2143 460 2200 libenter
504 2144 739 2201 Christi
778 2144 1045 2214 excipiat
1072 2144 1321 2204 caritas.
1345 2143 1415 2199 ut
1464 2155 1649 2213 neque
1676 2154 1853 2210 mors,

202 2246 396 2303 neque
438 2233 591 2302 vita,
635 2246 825 2303 neque
857 2233 1074 2304 aliqua
1111 2234 1391 2289 creatura
1424 2230 1646 2287 terreat
1682 2243 1788 2285 nos
1824 2243 1859 2282 α

209 2321 561 2393 defensione
587 2322 865 2379 veritatis
896 2321 955 2378 et
991 2322 1112 2377 zelo
1142 2322 1425 2392 justitia,
1477 2321 1543 2375 ut
1568 2332 1607 2374 a
1630 2318 1857 2389 gremio

206 2410 427 2469 matris
459 2411 722 2469 ecclesia
744 2423 1102 2481 nequeamus
1120 2410 1321 2479 avelli,
1352 2411 1412 2465 et
1437 2424 1476 2466 a
1504 2408 1719 2465 semita
1749 2409 1859 2463 Ro-

206 2513 402 2558 mana
419 2498 764 2557 exorbitare
777 2499 957 2557 sedis.
981 2498 1340 2568 Quapropter
1357 2510 1479 2559 vos.
1501 2511 1532 2551 o
1544 2496 1727 2553 amici
1751 2495 1860 2551 Dei

208 2589 267 2645 et
282 2601 477 2661 usque
496 2587 662 2645 modo
678 2587 954 2644 veritatis
979 2586 1039 2641 et
1061 2585 1409 2642 sanctitatis
1439 2589 1671 2641 amator
1705 2597 1753 2653 s,
1784 2583 1860 2639 lo-

209 2688 337 2733 cum
348 2676 636 2744 vestrum,
658 2674 725 2729 id
744 2674 832 2730 est
856 2672 1026 2734 fidem
1047 2672 1423 2740 catholicam,
1440 2671 1624 2728 nolite
1639 2670 1862 2727 desere-

210 2778 296 2834 re,
318 2765 390 2821 in
414 2765 621 2821 castra
639 2762 882 2818 Domini
903 2762 1067 2832 lupos
1088 2774 1217 2818 cum
1223 2760 1445 2832 furore
1476 2761 1770 2817 irruentes
1798 2760 1863 2816 in

209 2844 511 2914 quantum
522 2842 775 2914 potestis
789 2840 1118 2911 exturbate,
1139 2842 1364 2898 armati
1374 2842 1502 2912 ﬁde
1514 2842 1571 2896 et
1589 2855 1692 2912 spe
1710 2838 1865 2897 cale-

205 2932 367 3004 stisg
378 2933 549 2990 toria
565 2929 948 3000 corroborati,
965 2944 1127 2986 omne
1132 2944 1241 3000 pro
1254 2930 1487 2986 nomine
1496 2930 1643 2986 Jesu
1653 2929 1733 2984 im
1735 2942 1862 2999 pro-

201 3021 453 3092 perium
494 3020 826 3077 maximam
866 3020 1227 3090 dignitatem
1256 3019 1550 3089 reputate,
1585 3019 1867 3087 rapinam

212 3106 503 3167 bonorum
514 3109 843 3166 vestrorum
857 3122 986 3165 cum
999 3108 1228 3179 gaudio
1249 3108 1553 3179 suscipite,
1577 3107 1866 3163 contume-

215 3196 336 3255 lias
369 3198 749 3267 etcorporum
787 3198 1117 3253 vestrorum
1147 3196 1449 3253 cruciatus
1471 3196 1867 3252 certissimum

202 3287 593 3356 peccatorum
612 3285 939 3343 vestrorum
950 3286 1311 3342 medicamen
1340 3284 1699 3341 existimate.
1735 3281 1869 3339 Glo-
1894 3267 1943 3330 (τι

210 3376 314 3432 ria
355 3377 418 3431 et
435 3374 671 3431 divitia
712 3373 993 3432 Christus
1025 3376 1108 3431 sit
1134 3374 1198 3430 in
1228 3373 1389 3430 corde
1408 3375 1617 3429 vcstro.
1640 3374 1869 3428 Bonum

215 3464 601 3522 conscientia
611 3464 819 3520 vestra
831 3463 1229 3520 testimonium
1240 3463 1324 3520 sit
1341 3462 1506 3520 vobis
1520 3462 1869 3529 inde/lciens

216 3553 580 3623 consolatio;
608 3552 733 3610 etsi
755 3552 1207 3625 aliquantulum
1226 3567 1331 3623 pro
1350 3551 1602 3608 veritate
1620 3552 1871 3608 sustine-

219 3641 543 3713 tis-ﬁdelis
566 3641 656 3698 est
674 3643 833 3698 Deus
872 3639 980 3712 qui
1001 3656 1115 3697 non
1139 3642 1410 3712 patietur
1444 3655 1545 3696 vos
1592 3639 1872 3710 temptari

214 3741 406 3801 supra
422 3730 498 3787 id
517 3731 675 3803 quod
683 3730 930 3801 potestis
946 3747 960 3795 ;
975 3730 1080 3787 sed
1090 3731 1327 3787 veniens
1339 3728 1729 3785 venietetnon
1754 3729 1875 3785 tar-

220 3817 411 3890 dabit,
445 3820 753 3892 facietque
786 3822 1133 3891 proventum
1165 3820 1237 3875 ut
1271 3820 1569 3876 sustinere
1597 3818 1870 3889 possitis.

215 3905 295 3965 Si
313 3922 450 3965 vero
474 3909 666 3965 molas
691 3909 920 3965 leonum
933 3921 1085 3979 quas
1105 3910 1395 3965 Dominus
1416 3908 1481 3962 in
1501 3907 1602 3964 ira
1621 3921 1735 3964 sua
1746 3921 1875 3963 con-

204 3995 453 4068 fringet
475 3996 718 4065 timgtis,
746 4009 815 4052 ne
844 4011 946 4053 vos
978 3996 1256 4053 devorent
1271 3998 1327 4052 et
1344 3995 1762 4066 simplicitatis
1783 4009 1874 4051 ve-

217 4084 359 4143 sh'a
375 4099 621 4144 cursum
632 4085 839 4157 aliquo
855 4085 1022 4141 modo
1024 4084 1391 4155 perturbent,
1408 4084 1604 4141 sancti
1615 4085 1801 4153 Benig
1809 4084 1874 4140 ui

222 4174 428 4234 domus
423 4176 657 4248 fugam
674 4174 935 4237 filiorum
947 4173 1204 4231 ecclesia
1218 4174 1279 4229 in
1310 4172 1541 4228 Christi
1560 4172 1770 4241 gratia
1786 4159 1873 4228 be-

218 4264 726 4337 nignesuscipiet,
740 4265 797 4320 et
795 4263 1289 4335 paupertatulam
1300 4262 1565 4319 nostram
1576 4261 1875 4319 voluntati

218 4356 431 4412 vestra
443 4368 565 4410 non
576 4353 775 4411 dicam
789 4353 950 4423 dare,
966 4352 1071 4410 sed
1080 4352 1259 4423 quasi
1270 4351 1473 4408 vestra
1487 4349 1551 4382 ¹¹²
1563 4349 1726 4407 vobis
1744 4351 1874 4408 red-

219 4441 469 4502 derevel
491 4442 1061 4499 ministraresumus
1067 4441 1294 4512 parati.
1337 4439 1875 4512 QuaprOpter,fra-

224 4531 343 4591 tres
358 4532 698 4601 harissimi,
713 4530 952 4588 virilem
964 4531 1232 4587 animum
1245 4532 1307 4586 iii
1323 4543 1507 4587 causa
1537 4530 1650 4586 Dei
1664 4529 1870 4599 tenete,

223 4620 634 4691 etaveritate,
649 4633 781 4693 qua
815 4619 1094 4678 Christus
1107 4618 1213 4688 est,
1228 4632 1303 4675 ne
1314 4618 1613 4675 excidatis
1641 4617 1876 4674 omnino
1904 4626 1957 4686 D

221 4710 514 4783 satagite.
546 4709 760 4766 Valete.
778 4710 855 4766 In
868 4708 1035 4766 exitu
1047 4708 1249 4765 Israel
1264 4706 1334 4763 de
1347 4707 1878 4779 Egyptosancti/l-

225 4799 363 4858 cata
386 4799 485 4859 est
494 4812 603 4871 per
622 4799 942 4856 Dominum
954 4810 1095 4855 vera
1108 4796 1417 4869 confessio.
1456 4797 1497 4851 H
1509 4796 1598 4852 uic
1634 4809 1879 4851 conven-

226 4888 309 4945 tui
328 4887 633 4960 praedictae
651 4886 1078 4944 benedictionis
1094 4886 1185 4942 die
1206 4890 1424 4942 statuta
1443 4884 1882 4941 abbasTheode-

228 4975 387 5033 ricus
410 4975 645 5033 studuit
666 4976 976 5046 interesse,
1003 4973 1214 5031 abbate
1239 4975 1585 5043 Berengero,
1616 4974 1879 5029 Lamber-

229 5069 310 5136 to,
330 5065 592 5134 Wiredo,
610 5060 865 5120 Reberto
879 5064 1213 5129 comitatus,
1242 5077 1344 5134 pro
1359 5076 1421 5117 se
1456 5061 1695 5131 suisque
1729 5059 1883 5130 lega-

230 5156 351 5211 tum
365 5153 637 5212 ecclesiae
653 5154 923 5211 Romana;
940 5151 1440 5224 interpellaturus.
1461 5151 1881 5220 Cujuscausam

228 5258 359 5302 cum
380 5243 841 5315 suggerentibus
863 5243 1143 5317 praedicto
1177 5244 1416 5298 Jerunta
1440 5239 1650 5297 abbate
1695 5240 1883 5297 Divio-

234 5336 402 5392 nensi
448 5338 507 5392 et
554 5332 804 5391 Radulfo
853 5334 1065 5391 abbate
1107 5331 1457 5390 Virdunensi
1500 5332 1671 5406 (157),
1723 5334 1880 5389 dom-

1970 1996 2222 2051 l‘urorem
2246 1995 2615 2051 dissimulare
2643 1995 2852 2065 potuit,
2881 1993 3243 2062 collectaque
3267 2005 3437 2046 manu
3464 1990 3609 2045 mili-

1968 2084 2078 2139 tari
2113 2086 2182 2139 ad
2201 2084 2616 2140 monasterium
2638 2084 2833 2138 venire
2853 2081 3159 2153 disposuit,
3177 2085 3233 2135 et
3252 2081 3606 2150 bospitatus,

1964 2173 2251 2241 Nasaniae,
2285 2171 2527 2228 nuncios
2547 2172 2835 2226 adventus
2869 2170 2958 2225 sui
2984 2168 3259 2240 praemisit
3286 2169 3354 2223 ad
3373 2167 3606 2233 fratres,

1964 2267 2027 2317 ut
2064 2261 2117 2315 in
2140 2262 2455 2317 crastinum
2487 2261 2537 2315 ei
2562 2260 2805 2316 honeste
2829 2257 3235 2329 procederent,
3266 2263 3326 2312 et
3358 2260 3417 2312 ut
3441 2256 3608 2312 dece-

1968 2350 2065 2405 bat
2102 2348 2469 2405 Leodienscm
2494 2348 2827 2420 episcopum
2853 2346 3178 2403 venientem
3214 2344 3604 2416 susciperent;

1965 2438 2351 2494 comminatus
2381 2436 2788 2493 vindicandum
2813 2436 2867 2490 in
2891 2450 3016 2504 eos,
3042 2433 3151 2489 nisi
3173 2433 3347 2489 solito
3374 2447 3609 2489 accura-

1967 2527 2087 2583 tius
2110 2531 2167 2582 et
2193 2527 2572 2599 sollempnius
2596 2526 2648 2580 id
2676 2528 2943 2594 agerent.
2976 2522 3608 2592 Praemissisapparito-

1967 2616 2133 2672 ribus
2162 2620 2219 2671 et
2270 2618 2417 2671 hanc
2453 2613 2944 2685 extorquentibus
2992 2611 3297 2667 minaciter
3339 2610 3603 2681 gloriam,

1970 2720 2137 2761 nemo
2187 2705 2491 2775 respondit
2545 2704 2614 2759 ad
2665 2703 2947 2773 gratiam;
2992 2701 3090 2757 sed
3140 2715 3210 2756 ne
3249 2700 3608 2756 conticuisse

1969 2793 2205 2849 omnino
2238 2793 2409 2849 nimia
2433 2793 2734 2848 videretur
2759 2789 3099 2860 indignatio,
3129 2803 3335 2859 quassa
3382 2792 3607 2843 tantum

1970 2897 2113 2938 voce
2145 2882 2505 2938 Gislebertus
2529 2882 2688 2952 prior
2704 2879 2848 2934 dixit
2868 2893 2930 2935 se
2962 2884 3021 2935 et
3058 2879 3271 2932 fratres
3294 2891 3473 2948 super
3500 2876 3611 2931 hiis

1972 2970 2029 3025 in
2062 2985 2365 3027 commune
2387 2970 2782 3037 consulturos,
2809 2974 2868 3023 et
2884 2982 2988 3039 pro
3010 2981 3072 3022 re
3094 2971 3152 3021 et
3180 2971 3442 3037 tempore
3475 2965 3612 3036 quid

1974 3060 2165 3115 facere
2198 3060 2477 3115 deberent
2502 3074 2564 3115 se
2600 3059 2879 3114 facturos.
2904 3057 2964 3111 in
2995 3054 3313 3112 crastinum
3339 3054 3410 3109 de
3442 3068 3614 3124 nego-

1970 3149 2057 3203 tio
2090 3146 2646 3218 tractantibus,licet
2676 3147 3019 3217 quibusdam
3042 3148 3273 3200 nutaret
3298 3143 3353 3198 in
3376 3142 3611 3198 occulto

1975 3236 2105 3293 ﬁdei
2147 3237 2477 3292 tenerrima:
2507 3240 2717 3304 status,
2753 3235 2808 3289 in
2839 3234 2985 3289 hanc
3018 3238 3209 3287 tamen
3266 3231 3609 3288 sententiam

1976 3325 2513 3381 discessitomnium
2547 3323 2752 3378 melior
2783 3336 3101 3378 consensus
3133 3339 3144 3374 :
3180 3320 3497 3390 legitimum
3540 3320 3612 3374 ab

1977 3415 2169 3470 batem
2191 3413 2276 3470 eis
2306 3426 2581 3483 praeesse,
2616 3410 2880 3481 quamvis
2912 3410 3283 3477 contingeret
3312 3423 3441 3464 eum
3477 3411 3615 3463 tunc

1978 3503 2204 3571 abesse,
2229 3516 2429 3558 eorum
2459 3499 2747 3555 communi
2769 3512 3016 3554 assensu
3042 3497 3199 3553 illum
3244 3497 3316 3552 ab
3339 3496 3615 3567 episcopo

1979 3591 2310 3660 dissentire,
2337 3590 2461 3646 sine
2500 3588 2857 3645 conscientia
2889 3586 3015 3656 ejus
3074 3600 3188 3641 non
3243 3584 3458 3641 debere
3512 3599 3617 3640 eos

1980 3679 2249 3751 cuiquam
2296 3678 2538 3734 maxime
2569 3692 2697 3734 cum
2743 3673 3008 3748 periculo
3050 3674 3181 3730 ﬁdei
3233 3672 3565 3730 consentire
3600 3690 3613 3735 ;

1982 3769 2292 3825 convenire
2318 3771 2430 3824 Deo
2464 3767 2659 3838 potius
2707 3779 2875 3836 quam
2897 3763 3112 3819 homini
3162 3763 3419 3820 obedire.
3480 3762 3615 3818 Erat

1983 3864 2175 3914 autem
2208 3856 2588 3928 solempnitas
2633 3853 2909 3911 Johannis
2950 3852 3200 3924 apostoli
3266 3852 3393 3922 (an.
3434 3852 3616 3923 1093),

1984 3961 2094 4017 qua
2126 3936 2411 4002 recolitur
2432 3952 2567 4001 ante
2596 3951 2823 4016 portam
2858 3943 3114 3998 Latinam
3139 3941 3353 3999 missus
3373 3955 3403 3996 a
3433 3940 3621 3996 Domi-

1984 4036 2142 4091 tiano
2165 4049 2382 4092 caesare
2406 4035 2460 4089 in
2493 4034 2652 4090 dolio
2702 4032 2983 4088 ferventis
3030 4031 3143 4088 olei
3175 4029 3347 4100 (Mai.
3381 4033 3456 4101 6).
3486 4031 3621 4086 Post

1982 4123 2182 4178 habito
2212 4122 2394 4191 igitur
2447 4122 2657 4176 timore
2720 4135 2850 4176 cum
2897 4120 3109 4175 fratres
3148 4118 3409 4173 ordinem
3455 4131 3624 4173 suum

1982 4215 2434 4279 exequerentur,
2467 4213 2528 4263 et
2550 4223 2655 4264 suo
2690 4212 2951 4277 tempore
2976 4206 3092 4275 jam
3118 4207 3299 4275 major
3339 4204 3513 4262 missa
3543 4219 3629 4261 ce-

1984 4299 2335 4367 lebraretur,
2371 4311 2510 4353 ecce
2530 4294 2953 4367 superveniens
2978 4292 3630 4351 Otbertuscumtumul-

1986 4392 2047 4444 tu
2076 4404 2132 4443 et
2162 4387 2244 4442 ira
2278 4391 2575 4458 patentem
2602 4384 2846 4441 intravit
2868 4382 3627 4454 ecclesiam,etnullan-eve-

1985 4477 2173 4533 rentia
2199 4475 2496 4548 praemissa
2512 4472 2961 4543 orationis,cum
2990 4474 3182 4529 furore
3204 4472 3260 4527 in
3285 4464 3625 4542 superiores

1985 4564 2281 4622 cancellos
2303 4579 2365 4620 se
2400 4563 2708 4636 proripuit,
2738 4560 3369 4633 manibusqueinjectis
3383 4560 3626 4617 diacono

1987 4653 2350 4725 evangelium
2384 4653 2598 4723 legenti
2634 4652 2845 4708 librum
2876 4650 3113 4721 clausit,
3146 4654 3475 4721 etcceptum
3515 4648 3632 4704 om-

1991 4745 2145 4801 cium
2167 4744 2249 4800 ira
2286 4739 3074 4799 dictanteintermittendum
3104 4737 3624 4795 minaciteredixit.

1990 4832 2206 4890 Deinde
2240 4832 2422 4889 totius
2453 4846 2628 4888 morae
2653 4829 2984 4902 impatiens,
3020 4834 3256 4900 arrepta
3277 4825 3628 4884 sacerdotali

1992 4924 2142 4981 stola
2177 4923 2476 4978 ambonem
2504 4919 2570 4953 1"
2600 4919 2884 4989 ascendit,
2944 4924 3001 4975 et
3034 4919 3158 4975 sine
3199 4916 3314 4974 ulla
3348 4919 3631 4972 retracta-

1994 5014 2151 5069 tione
2182 5012 2450 5067 abbatem
2482 5011 2780 5066 absentem
2800 5014 2855 5066 et
2872 5023 2977 5065 eos
2995 5009 3092 5078 qui
3126 5022 3324 5064 secum
3363 5005 3632 5062 exierant

1994 5102 2329 5159 nominatim
2362 5097 2908 5168 excommunicavit,
2926 5101 3204 5154 causatus
3236 5095 3467 5168 publice
3497 5108 3629 5151 eum

1995 5192 2239 5248 meliora
2266 5189 2539 5247 ecclesia:
2561 5191 2898 5245 ornamenta
2922 5187 3088 5258 quasi
3120 5186 3467 5255 sacrilegum
3500 5183 3631 5241 sub—

1994 5284 2252 5353 duxisse,
2286 5280 2399 5351 vel,
2435 5279 2590 5352 quod
2622 5276 2804 5348 magis
2833 5291 2964 5333 eum
2991 5276 3293 5347 gravabat,
3317 5271 3432 5334 sibi
3460 5274 3631 5345 quasi

1593 5458 1830 5516 VARLE
1869 5455 2270 5517 LECTIONES.

304 5548 372 5586 “’
398 5551 496 5611 ita
518 5552 602 5608 Γ.
649 5553 851 5608 nostra
906 5549 975 5586 “'
1007 5549 1318 5609 umbonem
1346 5553 1395 5603 1.

1816 5672 2019 5733 NOTAE
2038 5718 2050 5733 .

310 5777 459 5853 (nm
487 5777 546 5836 s.
580 5773 796 5836 Vitoui.
