3936 6464
345 427 496 493 1415

1318 390 1800 485 CHRONICON
1843 420 1910 483 s.
1958 414 2325 482 HUBERTI
2366 414 2766 481 ANDAG-N.

3605 418 3753 485 1416

342 576 844 637 excommunicato
894 590 1007 631 non
1062 575 1514 633 communicare.
1553 573 1993 646 Obstupefactis
2028 558 2078 616 Α
2104 574 2221 643 jam
2252 572 2495 630 multum
2528 573 2734 628 aberat
2764 573 2923 644 quin,
2949 578 3015 630 ut
3045 574 3283 647 dicitur,
3340 575 3537 646 gladio
3587 577 3750 635 melle

343 666 863 726 circumstantibus
889 665 941 720 in
960 665 1364 721 ammiratiune
1385 665 1463 720 sic
1479 664 1775 720 effrenatae
1796 664 1998 719 immo-

346 753 687 823 dcrationis,
714 767 844 808 cum
879 752 948 808 ad
983 766 1046 808 ea
1082 768 1208 823 quae
1232 752 1503 807 videbant
1528 750 1997 806 scandalizat-en-

351 852 441 901 tur
465 842 700 912 singuli,
724 846 842 897 tum
858 839 950 897 vel
970 841 1215 895 maximo
1233 840 1452 911 pudore
1477 839 1991 910 aﬂiciebanturqui

348 949 475 991 rum
498 948 568 988 eo
597 935 872 987 venerant
900 930 1129 985 nobiles
1166 930 1296 985 laici
1320 936 1377 985 ct
1408 933 1466 984 ut
1494 928 1708 999 quique
1734 927 1797 961 ’1‘
1824 932 1993 984 erant

347 1022 753 1093 diligentiores
779 1021 861 1076 illi
886 1036 1189 1077 servanda)
1221 1020 1546 1085 ﬁdelitatis;
1575 1034 1604 1075 a
1630 1036 1743 1091 quo
1767 1021 1863 1076 vix
1895 1037 1996 1092 op-

353 1114 625 1181 tinentes,
661 1116 726 1167 ut
757 1111 919 1181 quasi
942 1110 995 1165 in
1029 1110 1275 1166 consilio
1310 1109 1653 1180 loqueretur
1682 1111 1789 1179 eis,
1844 1124 1995 1166 com-

351 1202 553 1274 positis
598 1200 1081 1271 suggestionibus
1115 1199 1499 1255 elaborabant
1544 1212 1674 1255 eum
1715 1214 1992 1255 revocare

346 1291 456 1349 sibi
492 1291 746 1361 metipsn,
771 1290 1035 1345 dicentes
1068 1287 1227 1343 illum
1254 1288 1484 1357 quidem
1506 1288 1995 1356 justissimeiras-

348 1381 542 1451 ei,sed
575 1378 1153 1448 esseinjuriosumab
1178 1377 1258 1432 ira
1287 1377 1608 1447 sapientem
1634 1379 1989 1448 supervinci,

345 1469 610 1525 mirabile
644 1468 911 1525 omnibus
936 1466 1114 1522 videri
1154 1482 1283 1523 eum
1309 1466 1594 1523 clausisse
1618 1467 1996 1523 ctsiccxcus-

348 1560 495 1616 sisse
527 1558 893 1627 evangelium
920 1557 1038 1625 Dei,
1074 1571 1134 1612 se
1155 1572 1261 1612 nec
1292 1556 1441 1611 velle
1478 1572 1583 1613 nec
1642 1572 1816 1627 posse
1873 1558 1992 1629 pati

346 1649 595 1705 cilicium
622 1647 774 1718 quod
808 1646 1189 1702 interdixerat
1248 1645 1497 1716 amplius
1522 1646 1905 1717 interrumpi;
1939 1648 1991 1703 in

346 1738 450 1792 tali
482 1737 715 1806 negotio
730 1750 842 1791 non
876 1734 1206 1800 temerarie,
1235 1734 1336 1789 sed
1363 1734 1638 1790 consulto
1662 1751 1811 1805 opus
1835 1751 1990 1807 esse,

350 1825 673 1898 praesertim
705 1839 834 1880 cum
865 1824 918 1878 ei
958 1824 1230 1878 subesset
1270 1827 1533 1893 potestas
1571 1823 1994 1894 cujuscumque

2110 661 2378 731 Inopes)
2409 662 2684 717 deficeret
2715 662 2831 732 jam
2866 678 3025 733 paene
3064 668 3357 735 prostrata
3419 666 3474 721 in
3498 666 3584 722 eis
3607 667 3751 723 veri-

2112 752 2247 807 tatis
2270 751 2551 820 defensio,
2579 751 2684 807 nisi
2711 752 3078 809 subvenisset
3102 753 3191 809 vel
3214 754 3340 810 solo
3366 755 3588 827 pudore
3615 771 3745 827 pau-

2110 840 2288 897 lulum
2304 845 2573 896 cunctata
2595 840 2825 896 consilii
2859 842 3028 897 ratio.
3064 844 3416 900 Secedentes
3441 846 3742 916 namquein

2111 936 2331 1002 partem
2365 931 2577 985 fratres
2606 930 2950 987 consulendi
2982 931 3192 1001 gratia,
3229 947 3356 989 cum
3391 933 3740 1005 aliquamdiu

2108 1021 2448 1077 dubitarent
2479 1033 2547 1074 an
2574 1020 2930 1076 desisterent
2953 1034 3021 1076 an
3044 1022 3425 1092 persisterent
3444 1023 3497 1078 in
3529 1029 3744 1080 senten-

2107 1109 2208 1177 tia,
2240 1109 2473 1164 tandem
2507 1108 2728 1179 placuit
2774 1109 3044 1167 omnibus
3066 1110 3245 1166 nichil
3296 1112 3576 1181 agendum
3619 1113 3741 1169 sine

2107 1197 2338 1253 abbatis
2369 1198 2752 1267 conscientia,
2772 1212 2940 1269 quem
2958 1198 3116 1255 nullo
3140 1199 3325 1256 adhuc
3352 1200 3586 1271 legitimi
3612 1216 3738 1257 exa—

2108 1286 2508 1355 minisjudicio
2534 1287 2806 1343 videbant
2826 1288 3473 1360 depositum,quemquc
3488 1290 3739 1347 sciebant

2106 1376 2323 1432 nullius
2354 1376 2617 1431 criminis
2642 1377 3151 1449 objectionejuste
3192 1380 3594 1450 deponendum
3626 1380 3742 1447 ;in-

2108 1465 2312 1521 ducias
2347 1465 2541 1536 potius
2576 1466 2646 1520 ab
2678 1466 2955 1537 episcopo
2979 1474 3345 1538 expeterent,
3374 1469 3550 1524 donec
3577 1468 3740 1526 missa

2106 1555 2395 1624 legatione
2415 1555 2683 1610 abbatem
2715 1571 2892 1626 super
2907 1556 3017 1611 hiis
3041 1558 3439 1623 convenirent,
3466 1562 3523 1613 et
3555 1559 3600 1614 si
3620 1574 3743 1630 pos-

2109 1650 2236 1700 sent
2273 1644 2583 1714 impetrata
2620 1644 2984 1700 immunitate
3016 1644 3201 1700 libere
3219 1646 3478 1701 veniendi
3512 1652 3566 1702 et
3595 1662 3747 1704 rece-

2111 1733 2282 1789 dendi
2304 1748 2497 1789 secum
2522 1733 2681 1787 illum
2700 1734 3085 1789 deducerent.
3119 1734 3275 1800 Quod
3302 1751 3426 1791 cum
3444 1734 3745 1794 difﬁculter

2111 1823 2588 1892 0ptinuissent,et
2612 1826 2737 1878 tres
2760 1823 2828 1878 ad
2848 1824 3115 1879 abbatem
3134 1824 3745 1882 fratresdcstinassent

346 1913 544 1983 vellet,
576 1912 1072 1969 convcnientioris
1125 1915 1317 1966 tamen
1357 1911 1660 1966 vindictae.
1726 1912 1810 1967 Ad
1871 1914 1991 1971 hch
2026 1924 2079 1984 Β
2113 1913 2262 1968 inter
2291 1912 2574 1982 agendum
2610 1912 2841 1982 quidam
2865 1912 3247 1969 Bclonienscs
3273 1912 3339 1945 “5
3362 1915 3744 1983 gregariissa-

347 2004 630 2059 Otbertus
662 2001 898 2057 erubuit
942 2000 1408 2071 pl’tDSllmpSlSSO,
1448 2000 1737 2070 quodjam
1801 2003 1996 2059 sanior

345 2093 527 2149 nollet
561 2092 790 2155 fecisse,
827 2094 884 2146 et
919 2090 1150 2161 publice
1208 2091 1513 2146 confessus
1589 2098 1677 2146 est
1737 2106 1797 2147 se
1858 2097 1995 2150 tunc

343 2182 517 2238 etiam
549 2180 852 2236 maximam
876 2179 1236 2235 formidinem
1268 2180 1600 2249 pertulisse,
1635 2195 1764 2236 cum
1800 2183 1995 2237 subito

344 2271 704 2342 respexisset
737 2270 948 2325 fratres
980 2269 1379 2324 consistentes
1417 2269 1470 2323 in
1505 2271 1685 2325 choro
1703 2271 1991 2337 ordinate,

343 2366 398 2417 et
435 2359 772 2432 posthabito
799 2359 950 2414 omni
977 2359 1329 2428 ejustimore
1364 2360 1482 2414 Deo
1508 2359 1615 2414 soli
1655 2367 1997 2415 reverenter

344 2450 665 2517 deservire,
690 2449 936 2503 miratus
967 2463 1094 2503 cum
1130 2447 1531 2517 indignatione
1551 2448 1996 2505 totettalesibi-

345 2540 472 2595 dcm
493 2553 555 2593 se
587 2537 925 2606 offendisse,
949 2552 1077 2592 cum
1095 2536 1207 2591 sibi
1226 2537 1554 2593 nuntiatum
1571 2543 1729 2593 esset
1748 2554 1996 2610 perpau-

343 2645 442 2686 cos
465 2644 519 2685 ιη
541 2628 668 2685 loco
708 2627 1077 2683 remansisse.
1115 2625 1339 2692 Quibus
1362 2627 1559 2683 statim
1604 2628 1990 2701 satisfaciens,

344 2719 498 2791 quod
562 2733 667 2774 eos
717 2717 1105 2788 iuquietasset
1181 2716 1568 2786 inconsultus,
1616 2724 1677 2773 ut
1734 2724 1992 2789 ereptum

355 2808 605 2865 cilicium
639 2813 1073 2877 exequerentur
1130 2806 1429 2862 humiliter
1474 2808 1740 2878 expetiit,
1794 2813 1848 2862 et
1901 2824 1996 2864 ec~

358 2896 604 2953 clesiam
634 2896 803 2952 exiit.
826 2897 902 2951 Ea
929 2895 1020 2951 die
1049 2896 1238 2966 cepiis
1270 2910 1463 2951 secum
1482 2896 1693 2952 delatis
1709 2898 1995 2968 pranden-

353 2993 446 3042 tes
478 2985 813 3057 plenissime
846 2984 1072 3045 refecit.
1092 2999 1201 3039 non
1220 2990 1277 3039 ut
1306 2986 1729 3054 regratiaretur
1750 3002 1993 3059 exaspe-

347 3085 510 3154 ratis,
548 3083 646 3139 sed
685 3088 748 3139 ut
778 3081 991 3138 leniret
1035 3081 1256 3137 exeniis
1287 3098 1429 3153 quos
1472 3099 1581 3139 non
1615 3092 1992 3143 concusserat

343 3173 679 3229 terroribus
706 3172 1031 3227 intentatis.
1054 3173 1341 3227 Prmterea
1361 3188 1461 3243 per
1488 3174 1765 3243 quosdam
1782 3191 1993 3246 oppor-

342 3267 514 3319 tunos
547 3263 734 3334 partis
766 3277 885 3318 sua:
918 3276 1118 3317 omnes
1154 3261 1707 3334 blanditiisambire,
1735 3264 1993 3335 singulc-
2025 3303 2071 3365 Ο

340 3366 464 3407 rum
502 3352 723 3407 animos
765 3355 1137 3423 attemptare,
1200 3350 1487 3407 firmiores
1542 3353 1986 3426 circumvenire,

340 3438 997 3509 infirmioresinvenire,
1050 3439 1436 3495 humilitatem
1461 3446 1521 3496 et
1570 3443 1989 3499 humanitatem

338 3542 472 3597 erga
506 3542 607 3583 eos
658 3528 945 3584 attentius
1005 3528 1433 3599 commendare,
1483 3546 1801 3601 eorumque
1838 3531 1988 3586 utili-

338 3617 582 3687 tatibus,
621 3618 665 3673 si
701 3618 983 3687 sinerent,
1038 3632 1099 3673 sc
1124 3634 1485 3675 communem
1524 3621 1670 3675 fore.
1742 3624 1822 3677 Ita
1887 3637 1990 3693 per

336 3721 473 3762 suos
506 3708 875 3777 attemptatis
896 3707 1243 3762 fratribnsin
1260 3711 1581 3764 crastinum
1607 3711 1985 3780 semetipsum

331 3795 418 3850 eis
453 3796 833 3867 praesentavit
860 3796 1163 3865 Otbertus,
1191 3801 1247 3850 et
1284 3798 1547 3866 quamvis
1575 3798 1653 3851 illi
1677 3814 1986 3869 assurgere

332 3884 806 3953 dedignantibus,
827 3885 1283 3953 indignationem
1303 3892 1488 3940 tamen
1525 3903 1687 3942 suam
1720 3888 1841 3945 diss
1870 3904 1987 3945 mu-

333 3970 696 4039 laredoctus,
735 3973 899 4043 quasi
934 3973 1139 4029 dolens
1167 3975 1395 4046 procis,
1434 3983 1495 4031 ut
1529 3992 1658 4033 sese
1700 3978 1984 4034 haberent

333 4063 895 4135 ccepitpercontari,
932 4064 1321 4120 necessitates
1351 4081 1551 4122 eorum
1615 4082 1680 4122 ac
1744 4069 1790 4124 si
1845 4084 1983 4125 suas

334 4168 633 4225 conqueri,
689 4159 959 4225 paratum
1016 4170 1079 4211 se
1138 4154 1190 4209 in
1226 4156 1497 4212 omnibus
1547 4159 1859 4215 consulere
1920 4161 1985 4214 il-

336 4243 452 4299 lis:
493 4247 715 4299 tantum
802 4246 992 4314 sopita
1043 4245 1196 4301 omni
1271 4247 1647 4303 contentione
1692 4251 1985 4305 consenti-

333 4337 465 4387 rent
511 4331 645 4402 sibi,
691 4333 929 4389 mallent
960 4332 1087 4402 ejus
1144 4337 1399 4405 cxpcriri
1449 4337 1762 4393 amicitiam
1812 4354 1981 4409 quam

334 4421 717 4490 inimicitiam,
758 4431 1073 4493 pensantes
1105 4423 1274 4493 cujus
1306 4431 1461 4481 esset
1518 4428 1761 4497 periculi
1810 4427 1983 4484 talem

332 4511 714 4582 pessumdare
785 4511 1095 4567 ecclesiam
1125 4522 1184 4569 et
1242 4514 1705 4571 ecclesiasticam
1741 4517 1986 4589 dissipa-

330 4615 392 4656 re
426 4601 1254 4659 familiam.Subclamantinus
1285 4604 1397 4659 hiis
1415 4604 1509 4674 qui
1539 4620 1669 4661 cum
1702 4621 1772 4661 eo
1815 4622 1985 4663 vene-

2112 2001 2400 2058 tellitibus
2423 2000 2686 2057 collectis
2717 2002 2867 2072 apud
2901 2002 3333 2073 Gruispontem,
3363 2003 3741 2061 latentibusin

2113 2090 2255 2147 silva
2292 2090 2519 2147 insidiis
2560 2091 2684 2145 vias
2707 2091 3091 2153 obsederunt.
3120 2098 3175 2147 et
3200 2092 3501 2148 duodecim
3520 2093 3744 2151 vehicu-

2111 2180 2161 2237 la
2195 2182 2508 2251 rapientes,
2544 2181 2757 2250 quibus
2782 2180 3183 2237 deducebatur
3222 2181 3551 2253 episcopale
3571 2183 3743 2239 servi-

2112 2269 2466 2337 tium,donec
2481 2284 2544 2325 ea
2562 2270 2985 2340 dividerentur,
3004 2271 3055 2345 in
3074 2276 3270 2327 castro
3286 2272 3603 2342 quodjuxta
3620 2284 3745 2333 erat

2111 2358 2353 2414 Mervolt
2385 2358 2822 2415 concluserunt.
2843 2359 3128 2429 Vulgante
3154 2361 3319 2431 fama,
3347 2375 3471 2431 que
3498 2366 3553 2416 ut
3580 2375 3743 2417 suum

2111 2453 2199 2503 est
2232 2448 2302 2503 de
2327 2448 2577 2504 minimis
2608 2447 2830 2503 exaltat
2857 2448 3121 2519 maxima,
3151 2450 3476 2520 nunciatur,
3513 2449 3740 2520 Oberte,

2111 2552 2174 2593 se
2206 2553 2336 2593 cum
2362 2537 2484 2593 suis
2517 2537 2588 2591 ab
2618 2537 2866 2593 inimicis
2895 2538 3378 2608 circumventum,
3403 2539 3505 2595 bac
3523 2547 3579 2593 et
3614 2537 3744 2594 illac

2110 2625 2294 2681 latere
2326 2627 2379 2681 in
2410 2625 2573 2682 silvis
2602 2641 2822 2682 cuneos
2860 2627 3134 2696 hostium,
3174 2628 3306 2684 talia
3341 2629 3618 2684 neminem
3652 2644 3744 2685 au-

2108 2731 2331 2785 surum,
2365 2715 2473 2771 nisi
2510 2716 2734 2785 magnis
2762 2715 2986 2773 viribus
3006 2716 3308 2773 confisum.
3361 2718 3540 2789 Coepit
3578 2733 3744 2774 unus-

2109 2804 2355 2875 quisque
2399 2805 2657 2875 pericula
2698 2809 2853 2861 metu
2885 2821 2989 2861 suo
3022 2806 3232 2877 metiri,
3268 2806 3414 2863 alius
3461 2806 3632 2863 alium
3674 2808 3741 2863 ad

2110 2895 2300 2963 fugam
2335 2893 2555 2949 hortari
2583 2912 2598 2961 ;
2631 2893 2831 2965 sicque
2855 2893 3115 2965 proxima
3141 2902 3310 2951 nocte
3339 2895 3638 2952 conductis
3664 2895 3742 2953 lo-

2107 2997 2306 3038 corum
2342 2983 2566 3055 peritis,
2638 2984 2852 3038 infecto
2879 2986 3114 3054 negotio
3141 2990 3377 3057 prepter
3405 2984 3553 3056 quod
3582 3000 3739 3042 vene.

2109 3077 2258 3141 rant,
2287 3087 2384 3144 per
2412 3071 2678 3128 occultos
2703 3074 3002 3130 anfractus
3031 3075 3309 3130 Otbertus
3334 3076 3596 3131 recessit.
3636 3074 3737 3141 Qui

2106 3176 2244 3218 vero
2289 3162 2453 3217 missi
2508 3162 2731 3217 fuerant
2787 3162 2856 3217 ad
2917 3163 3237 3218 vocandum
3284 3164 3570 3232 abbatem,
3614 3179 3739 3221 cum

2108 3266 2332 3322 praesen
2346 3258 2396 3306 tc
2413 3250 2649 3306 Dodone
2663 3250 2713 3306 ei
2735 3266 2928 3307 rerum
2951 3252 3209 3307 ordinem
3228 3252 3560 3310 retulissent
3587 3268 3738 3322 ;con-

2106 3340 2237 3396 silfo
2271 3340 2529 3409 ejusdem
2566 3339 2814 3396 Dodonis
2836 3341 3021 3397 visum
3051 3348 3140 3397 est
3166 3342 3359 3398 abbati
3392 3358 3497 3399 non
3548 3358 3611 3400 se
3658 3344 3739 3400 in"

2102 3431 2420 3500 gerendum
2455 3436 2674 3485 temere
2706 3430 2871 3486 iratae
2889 3431 3186 3502 potestati,
3220 3433 3535 3489 cedendum
3566 3433 3738 3490 inter-

2104 3520 2237 3575 dum
2278 3520 2525 3575 fortunte
2556 3525 2613 3575 et
2650 3519 3109 3591 tempori,idque
3134 3534 3162 3575 a
3192 3521 3349 3577 nullo
3368 3522 3737 3593 sapienteim-

2104 3610 2420 3681 putandum
2449 3609 2696 3678 crimini,
2733 3625 2862 3664 cum
2894 3609 3019 3680 ipsc
3053 3611 3320 3667 Dominus
3344 3627 3444 3684 pro
3476 3626 3737 3683 persecu-

2101 3704 2259 3753 tione
2292 3700 2361 3753 de
2387 3698 2624 3753 civitate
2658 3698 2714 3752 in
2749 3699 3047 3754 civitatem
3098 3700 3425 3768 fugiendum
3454 3714 3738 3772 praecepe-

2103 3788 2198 3842 rit.
2227 3787 2316 3842 Sic
2342 3788 2573 3842 interim
2595 3789 2806 3842 abbate
2828 3794 3119 3860 cessante,
3161 3804 3287 3844 cum
3314 3790 3612 3845 audiretur
3644 3789 3737 3845 Ot-

2101 3876 2306 3930 bertus
2338 3890 2367 3929 a
2403 3875 2528 3931 Ideo
2580 3878 2923 3945 recessisse,
2947 3877 3060 3948 jam
3095 3879 3354 3934 securior
3381 3865 3523 3949 'ipse
3555 3879 3736 3934 abbas

2098 3963 2169 4019 ad
2204 3964 2615 4021 monasterium
2663 3966 2861 4022 venire
2914 3971 3247 4035 maturavit,
3299 3975 3355 4023 et
3388 3967 3735 4038 aliquamdiu

2098 4066 2357 4110 moratus
2390 4070 2518 4110 cum
2546 4056 2849 4126 fratribus,
2881 4056 2933 4111 in
2968 4060 3314 4114 sententiam
3348 4073 3513 4129 quam
3536 4059 3736 4113 tueba-

2098 4152 2195 4200 tur
2226 4159 2327 4200 cos
2354 4145 2634 4216 reposuit,
2669 4160 2988 4217 eorumque
3011 4147 3184 4203 rebus
3220 4163 3319 4219 pro
3365 4152 3617 4220 tempore
3647 4163 3738 4203 or-

2096 4234 2331 4303 dinatis,
2357 4236 2470 4289 Deo
2496 4235 2625 4291 illos
2647 4236 3020 4292 committens
3052 4238 3322 4293 recessit.

2168 4328 2254 4379 73.
2290 4323 2432 4395 (87).
2474 4325 2583 4379 Per
2616 4325 2764 4379 idem
2801 4331 3029 4395 tempus
3062 4328 3133 4382 ad
3194 4330 3559 4397 augmentum
3619 4325 3736 4398 epi-

2099 4414 2279 4485 scopii
2314 4414 2615 4484 quaerebat
2676 4415 2959 4472 Otbcrtus
2981 4432 3175 4472 emere
3198 4424 3449 4473 castrum
3478 4416 3734 4473 (.ovinia-

2098 4518 2225 4559 cuin
2264 4503 2429 4574 (ιω),
2456 4503 2609 4573 quod
2635 4509 2761 4559 erat
2795 4506 3026 4561 comitis
3059 4505 3319 4563 Balduini
3346 4507 3486 4575 (160)
3536 4505 3732 4561 heredi

2097 4593 2339 4648 tarium.
2366 4593 2543 4663 Hujus
2561 4595 2774 4664 negotii
2799 4601 3146 4653 executores
3169 4596 3346 4667 elegit
3380 4595 3733 4668 Arnulphum

331 4693 482 4759 rant,
510 4690 729 4760 optime
778 4704 1082 4761 perorasse
1101 4671 1454 4763 pontiﬁcem;
1488 4709 1656 4751 omne
1677 4711 1743 4752 οε
1781 4712 1983 4754 eorum
2014 4671 2068 4731 D
2099 4684 2459 4753 ctWigerum
2480 4684 2691 4739 fratres
2712 4685 3015 4742 Tudetiani
3041 4686 3732 4759 castri(161)nobiliores,

333 4778 639 4835 adversum
655 4792 720 4834 se
735 4780 1166 4837 rationabiliter
1178 4782 1559 4853 conclusisse,
1579 4799 1689 4840 non
1706 4787 1984 4859 expedire

331 4868 419 4925 eis
444 4868 619 4924 talem
645 4869 829 4925 virum
864 4868 918 4924 in
949 4885 1050 4926 sua
1082 4870 1251 4943 culpa
1290 4872 1557 4944 perdere,
1604 4875 1701 4945 qui
1738 4878 1983 4933 remisso

332 4958 710 5015 auctoritatis
739 4959 998 5029 pondere
1030 4974 1141 5015 non
1166 4962 1869 5022 erubescebathumiliter
1890 4981 1987 5022 ex-

330 5061 597 5120 poscere,
617 5049 770 5119 quod
785 5047 833 5104 si
849 5047 1025 5104 vellet
1040 5052 1276 5120 poterat
1299 5050 1589 5107 violenter
1610 5068 1845 5123 cogere:
1863 5070 1977 5111 non

2101 4772 2197 4843 qui
2235 4778 2396 4828 tanto
2426 4773 2535 4828 sibi
2600 4772 2669 4828 ad
2702 4774 2811 4831 hoc
2867 4775 3216 4833 videbantur
3266 4775 3728 4848 opportuniores,

2099 4868 2315 4933 quanto
2346 4863 2631 4934 praedicto
2664 4865 2859 4921 comiti
2922 4880 2993 4921 ex
3022 4866 3321 4923 vicinitate
3370 4864 3732 4938 privatiores.

2099 4950 2221 5018 Qua
2241 4952 2533 5008 functione
2561 4960 2790 5025 exacta,
2807 4970 2937 5012 cum
2963 4955 3306 5013 viderentur
3323 4955 3563 5012 Otberto
3587 4954 3734 5011 satis

2099 5041 2431 5098 deservisse
2454 5044 2525 5099 ad
2548 5045 2817 5116 gratiam,
2835 5050 3263 5117 suggesscrunt
3290 5046 3394 5117 illi,
3412 5046 3732 5102 mercedem

1695 5171 1934 5230 νΑΗΙίΕ
1972 5174 2374 5232 LECTIONES.

404 5271 473 5305 ¹¹⁴
500 5273 597 5334 ita
624 5274 706 5333 Γ.
749 5275 848 5348 qui
880 5280 939 5332 1.
994 5271 1060 5307 ¹¹⁵
1091 5273 1464 5336 Buloniensis
1489 5281 1512 5333 1
1533 5320 1547 5335 .

1928 5390 2154 5448 NOTAE.

403 5506 553 5591 (168)
585 5507 995 5591 Hieronymum
1054 5505 1131 5565 ita
1163 5509 1386 5591 dixisse
1437 5514 1645 5568 auctor
1704 5517 1794 5591 est
1847 5514 1982 5571 Era-

332 5591 495 5652 smus
524 5581 581 5637 in
605 5581 845 5650 Adagiis
879 5581 1209 5640 Latinorum
1244 5600 1260 5652 ;
1295 5583 1508 5640 iterum
1530 5587 1789 5642 occurrit
1811 5591 1973 5645 c.89.

430 5656 553 5720 169)
586 5653 833 5710 σουιιυὺι.

432 5727 530 5780 160
583 5724 928 5782 Montensis.

432 5727 555 5875 16ιέ
590 5796 809 5859 Titum.
843 5796 928 5855 Wi

2090 5516 2402 5593 emptionis
2450 5520 2594 5593 actae
2629 5523 2785 5593 1096,
2823 5524 2958 5579 Jun.

590 5796 809 5859 Titum.
843 5796 1111 5871 Wigerus
1135 5798 1207 5857 de
1262 5796 1443 5857 Tudin
1473 5802 1566 5857 est
1598 5799 1753 5860 inter
1800 5804 1988 5861 testes

2249 5523 2402 5598 iouis
2450 5523 2594 5598 actae
2629 5523 2785 5598 1996,
2823 5524 2958 5598 Jun.
3038 5526 3105 5580 14
3155 5523 3373 5597 Leodii,
3408 5524 3555 5598 apud
3590 5523 3728 5598 Cha-

2096 5588 2533 5669 peavill_.ll,_52.
2560 5592 2670 5648 Sed
2703 5588 2826 5650 haec
2858 5596 3020 5668 prius
3038 5598 3164 5652 acta
3185 5602 3343 5669 sunt,
3361 5588 3504 5653 'na'm
3530 5595 3731 5652 Arnul-

2097 5660 2214 5716 tum
2238 5660 2377 5718 abb.
2419 5663 2561 5719 Lob.
2615 5678 2674 5723 a.
2714 5660 2875 5723 1094“
2902 5670 3194 5725 mortuum
3252 5660 3387 5727 esée
3438 5672 3730 5726 testantur

2091 5733 2217 5789 Ann
2238 5732 2622 5793 Laubienses.
