3948 6430
185 381 286 437 249

817 375 1200 433 EXPOSITIO
1240 375 1313 431 IN
1349 372 1732 431 EPISTOLAS
1770 371 1994 428 PAULI.
2027 403 2096 413 —
2123 373 2198 428 IN
2235 373 2455 429 EPIST.
2498 375 2546 430 Il
2583 375 2678 430 AD
2719 373 2880 432 COR.

3401 379 3508 434 250

197 526 219 556 ι
257 511 440 560 autem
489 512 693 568 nostra,
743 503 1108 558 abundantius
1162 502 1342 574 magis
1389 501 1568 574 gavisi
1614 514 1804 555 sumus
1831 498 1886 558 Α
1907 497 2034 553 stris
2062 514 2161 555 vos
2181 498 2504 568 insererem,
2539 500 2637 556 sed
2671 501 2804 557 estis
2834 501 2888 555 in
2918 501 3175 558 cordibus
3205 500 3407 557 nostris
3437 501 3511 556 ad

207 615 228 644 ι
264 610 431 664 super
461 593 666 666 gaudio
694 592 794 647 Titi
829 607 840 647 :
888 592 1009 664 quia
1057 591 1290 647 refectus
1322 598 1404 645 est
1435 591 1658 660 spiritus
1687 589 1802 657 ejus

205 702 232 733 α
262 682 329 737 ab
359 683 618 736 omnibus
649 680 824 737 vobis.
858 681 926 735 Et
956 681 999 734 si
1030 680 1158 752 quid
1190 680 1335 751 apud
1366 679 1518 733 illum
1549 679 1617 733 de
1647 677 1802 733 vobis

205 791 226 821 ι
262 771 523 844 gloriatus
556 787 695 835 sum,
729 785 836 824 non
878 786 998 824 sum
1048 768 1306 825 confusus
1339 785 1352 825 :
1387 767 1484 823 sed
1513 768 1650 822 sicut
1678 783 1801 822 om-

206 880 227 910 ι
263 861 352 914 nia
383 860 542 915 vobis
570 859 626 914 in
654 858 879 914 veritate
908 858 1074 914 locuti
1125 875 1333 924 sumus,
1366 857 1438 912 ita
1467 865 1519 912 et
1548 855 1802 928 gloriatio

205 969 226 998 ι
262 956 450 1004 nostra
479 965 601 1020 quae
640 947 738 1003 fuit
782 948 849 1002 ad
895 947 1093 1017 Titum,
1139 947 1338 1003 veritas
1381 946 1523 1002 facta
1571 953 1698 1000 est:
1749 952 1802 999 et

205 1058 226 1087 α
259 1037 472 1092 viscera
521 1037 640 1104 ejus
688 1036 1052 1092 abundantius
1101 1036 1154 1090 in
1204 1037 1359 1092 vobis
1402 1042 1526 1090 sunt
1576 1050 1588 1088 :
1641 1033 1801 1088 remi-

202 1149 222 1174 «ι
256 1126 522 1181 niscentis
551 1125 790 1181 omnium
821 1132 1062 1180 vestrum
1108 1125 1489 1190 obedientiam,
1524 1123 1801 1196 quomodo

200 1238 221 1262 α
257 1230 381 1271 cum
411 1214 609 1270 timore
641 1222 692 1268 et
737 1223 976 1271 tremore
1017 1215 1306 1284 excepistis
1352 1214 1522 1269 illum.
1577 1212 1801 1268 Gaudeo

200 1326 220 1352 ιι
257 1303 404 1376 quod
435 1304 489 1358 in
521 1303 774 1359 omnibus
804 1301 1020 1360 conﬁdo
1048 1304 1104 1358 in
1133 1303 1305 1359 vobis.
1348 1327 1368 1352 ι)

854 1516 1169 1558 EXPOSITIO.

273 1658 332 1715 1
354 1657 512 1714 ’79
529 1656 985 1728 Quandoquidem
1007 1657 1162 1712 vobis
1186 1655 1508 1712 exeuntibus
1528 1656 1597 1711 de
1619 1655 1799 1711 medio

197 1747 490 1819 impiorum
524 1744 682 1814 (dicit
706 1746 989 1814 Dominus)
1037 1747 1183 1801 eritis
1211 1745 1345 1800 mihi
1375 1745 1430 1800 in
1478 1744 1618 1801 filios
1649 1754 1702 1800 et
1731 1745 1798 1798 fi-

195 1837 293 1891 lias
323 1845 430 1891 etc.
465 1835 654 1908 Igitur,
680 1849 714 1890 ο
744 1835 1070 1901 charissimi,
1093 1851 1190 1891 vos
1209 1837 1474 1891 habentes
1497 1835 1616 1900 has,
1641 1834 1694 1888 id
1717 1840 1799 1888 est
1819 1863 1872 1924 B

195 1924 454 1997 praafatas
475 1926 892 1998 promissiones,
914 1932 970 1979 ut
991 1940 1086 1980 eas
1107 1925 1598 1996 apprehendamus,
1626 1939 1799 1978 mun-

199 2015 391 2071 demus
415 2031 516 2070 nos
538 2015 606 2070 ab
628 2017 785 2070 omni
805 2015 1239 2087 inquinamento
1251 2015 1463 2080 carnis,
1489 2018 1543 2068 et
1563 2013 1632 2067 ab
1654 2013 1802 2067 omni

197 2103 603 2176 inquinamento
649 2105 910 2175 spiritus.
965 2103 1370 2174 Inquinamenta
1419 2103 1598 2159 carnis
1646 2109 1802 2158 vocat

200 2193 502 2257 libidinem,
539 2192 861 2248 ebrietatem
909 2201 961 2247 et
1010 2193 1338 2260 hujusmodi.
1389 2193 1803 2265 Inquinamenta

197 2283 434 2353 spiritus,
468 2290 526 2336 ut
554 2281 712 2349 iram,
738 2281 1016 2347 invidiam,
1042 2289 1093 2336 et
1115 2282 1444 2350 hujusmodi,
1478 2299 1596 2354 quae.
1626 2283 1802 2354 ipsam

197 2370 435 2426 inﬁciunt
465 2370 702 2426 animam
749 2371 866 2426 sine
914 2371 1167 2441 contagio
1217 2371 1418 2426 carnis.
1468 2372 1557 2427 Sic
1599 2387 1699 2426 nos
1747 2372 1803 2426 in

197 2469 422 2532 utroque
455 2460 780 2515 mundemus
808 2476 838 2514 a
884 2462 1124 2531 peccatis
1156 2476 1168 2515 :
1218 2461 1574 2530 perﬁcientes
1604 2460 1802 2515 dehinc

203 2551 738 2618 sanctiﬁcationem,
769 2549 822 2603 id
853 2558 952 2615 est,
988 2557 1045 2604 ut
1073 2549 1233 2604 malis
1272 2549 1517 2604 mundati
1549 2550 1604 2603 in
1633 2550 1803 2605 virtu-

202 2639 338 2693 tibus
364 2638 597 2709 perfecti
628 2639 816 2692 simus.
851 2638 966 2694 Hoc
1003 2647 1183 2694 autem
1214 2638 1560 2709 perficientes
1609 2641 1671 2694 in
1722 2641 1800 2694 ti-

201 2744 350 2783 more
383 2729 504 2790 Dei,
537 2727 590 2781 id
621 2735 720 2795 est,
756 2743 863 2782 non
895 2728 1086 2783 timore
1107 2727 1385 2782 hominum
1415 2735 1472 2782 ut
1494 2743 1801 2800 quaeramus

202 2833 466 2888 apparere
491 2817 622 2885 justi
651 2816 705 2870 in
734 2816 870 2872 facie
899 2825 953 2872 et
984 2833 1092 2872 non
1121 2817 1176 2871 in
1206 2817 1373 2873 corde
1404 2817 1541 2872 sicut
1569 2819 1796 2888 pseudo,

201 2906 293 2961 sed
324 2906 376 2959 in
407 2906 627 2961 timore.
661 2906 775 2961 Nec
796 2913 1001 2961 tantum
1024 2922 1334 2978 poenarum,
1367 2914 1425 2961 ut
1450 2923 1550 2978 per
1578 2909 1682 2962 hoc
1707 2923 1801 2961 so-

201 2995 305 3050 lum
337 2995 505 3051 modo
538 3011 726 3065 pmnas
765 2994 1078 3062 evadamus,
1131 2995 1229 3051 sed
1276 2996 1331 3050 in
1373 2996 1567 3051 timore
1597 2996 1716 3062 Dei,
1745 3003 1802 3050 ut

202 3085 368 3139 Deum
401 3083 694 3140 timeamus
723 3084 1020 3150 offendere,
1065 3086 1155 3157 qui
1199 3086 1362 3140 timor
1393 3085 1592 3141 dicitur
1621 3085 1801 3140 chari-

196 3181 299 3228 tas.
341 3173 437 3229 Vel
469 3173 630 3228 aliter
659 3173 830 3228 littera
862 3174 950 3228 illa
994 3174 1253 3230 dividitur
1285 3190 1297 3228 :
1347 3175 1672 3229 Mundemus
1701 3189 1801 3229 nos

199 3261 265 3316 ab
290 3261 702 3334 inquinamento
747 3263 970 3318 carnis:
1021 3271 1079 3318 ut
1123 3264 1190 3317 sit
1236 3263 1312 3318 ibi
1357 3279 1566 3332 versus,
1601 3271 1653 3318 et
1703 3279 1802 3318 nos

200 3351 436 3406 mundati
497 3349 844 3422 perﬁcientes
907 3351 1384 3409 sanctificationem
1454 3353 1695 3423 Spiritus,
1747 3351 1802 3408 id

205 3449 298 3509 est,
333 3441 636 3498 secundum
689 3441 833 3514 quod
877 3443 1038 3498 docet
1086 3442 1329 3514 spiritus,
1379 3442 1466 3498 vel
1511 3443 1605 3498 illa
1642 3443 1798 3510 ratio,

205 3530 283 3585 vel
311 3530 659 3602 perficientes
709 3531 1192 3588 sanctificationem
1239 3532 1464 3604 spiritus
1494 3532 1548 3587 id
1595 3541 1678 3587 est
1716 3549 1803 3587 ra-

201 3619 372 3689 tionis,
406 3620 495 3676 vel
526 3620 756 3691 Spiritus
787 3621 975 3678 sancti.
1024 3622 1304 3677 Sententia
1340 3630 1421 3677 est
1469 3621 1679 3678 eadem.
1743 3623 1803 3677 In

202 3709 384 3765 timore
417 3709 518 3764 Dei
551 3708 818 3766 similiter.
853 3711 920 3765 Et
950 3719 1008 3765 ut
1052 3711 1296 3766 mundati
1345 3710 1638 3783 perficiatis
1667 3727 1800 3767 san-

203 3798 598 3866 ctificationem,
621 3802 808 3871 capite
830 3817 950 3867 nos,
982 3800 1037 3856 id
1067 3809 1170 3866 est,
1193 3801 1424 3872 accipite
1447 3801 1801 3857 imitationem

204 3896 453 3943 nostram.
486 3887 588 3942 Vel
619 3896 674 3942 ut
703 3888 776 3943 ibi
807 3905 999 3944 versus
1019 3906 1128 3946 non
1160 3889 1227 3944 sit
1262 3907 1274 3944 :
1315 3891 1423 3947 Vos
1453 3890 1802 3962 perlicientes

206 3977 700 4044 sanetificationem,
747 3981 932 4051 capite
980 3996 1102 4045 nos,
1153 3980 1207 4034 id
1239 3987 1342 4046 est,
1386 3979 1672 4035 imitamini
1701 3996 1802 4036 nos

207 4065 332 4121 sicut
363 4066 570 4122 dictum
599 4075 708 4121 est.
748 4067 862 4121 Nos
893 4067 1078 4140 utique
1129 4083 1323 4139 capere
1354 4069 1586 4135 debetis,
1621 4072 1801 4125 nemi-

209 4171 329 4209 nem
352 4155 496 4210 enim
520 4163 764 4210 vestrum
790 4158 1040 4212 (resimas
1061 4157 1502 4229 improperando,
1538 4159 1682 4230 quod
1714 4158 1801 4214 vel

206 4257 358 4298 canes
401 4245 618 4309 essetis,
669 4245 755 4301 vel
800 4246 1108 4315 hujusmodi
1145 4262 1156 4301 :
1190 4263 1279 4301 me
1326 4256 1507 4302 autem
1549 4247 1801 4319 magniﬁ-

207 4333 372 4388 cando
401 4335 469 4388 de
501 4349 709 4404 genere
742 4335 993 4402 Abrahae,
1031 4343 1086 4390 ut
1117 4335 1317 4392 faciunt
1345 4337 1575 4408 pseudo.
1608 4339 1800 4393 Nemi-

209 4438 328 4477 nem
351 4422 547 4478 iterum
571 4432 811 4479 vestrum
836 4427 1208 4497 corrupimus,
1237 4441 1496 4497 perverse
1526 4427 1797 4494 docendo,

207 4509 284 4565 vel
312 4528 474 4582 pravo
505 4513 755 4584 exemplo
785 4514 1155 4585 depravando,
1210 4524 1266 4569 ut
1313 4516 1510 4571 iterum
1567 4515 1795 4587 pseudo,

1902 589 2406 659 commoriendum,
2439 590 2492 642 id
2525 598 2628 657 est,
2671 598 2727 645 ut
2771 590 2932 646 velim
2976 607 3075 647 vos
3105 605 3320 647 mecum
3351 605 3508 647 com-

1901 677 2043 732 mori
2070 685 2316 749 peccato,
2351 679 2422 734 ad
2465 680 2895 747 convivendum,
2947 679 3001 734 id
3057 688 3162 746 est,
3191 688 3247 735 ut
3294 694 3511 736 mecum

1901 765 2096 822 vivatis
2119 766 2359 834 justitiae.
2397 767 2495 822 Vel
2520 768 2593 822 ita
2641 777 2698 822 ut
2743 769 3164 839 perfectioribus
3205 769 3461 841 loquatur
3495 783 3507 822 :

1901 855 2049 911 Estis
2080 855 2135 909 in
2163 856 2424 911 cordibus
2447 857 2650 912 nostris
2679 857 2750 912 ad
2800 857 3292 927 commoriendum,
3324 865 3382 914 ut
3409 875 3511 914 ve-

1901 944 1997 998 lim
2024 960 2123 999 vos
2152 960 2369 1001 mecum
2403 945 2536 1000 mori
2564 945 2618 999 in
2663 947 2919 1017 praesenti
2949 946 3312 1012 tribulatione,
3346 955 3401 1002 ut
3432 947 3512 1004 sic

1900 1049 2114 1090 mecum
2165 1034 2282 1088 sitis
2325 1035 2394 1088 ad
2443 1035 2843 1090 convivendum
2903 1035 2959 1090 in
3002 1036 3305 1091 aeternitate
3339 1054 3352 1090 :
3385 1035 3510 1092 ideo

1900 1123 2023 1178 dico
2045 1126 2233 1196 capite
2265 1141 2398 1180 nos:
2415 1124 2543 1195 quia
2561 1127 2748 1180 multa
2759 1125 2969 1193 ﬁducia
2981 1126 3127 1180 mihi
3147 1129 3232 1180 est
3253 1125 3404 1198 apud
3421 1140 3514 1180 vos

1901 1212 1969 1268 de
2000 1211 2195 1267 futuris
2243 1213 2446 1268 bonis:
2495 1222 2552 1268 ut
2611 1215 2717 1270 cito
2767 1213 3007 1269 suasioni
3047 1230 3211 1286 quam
3271 1215 3513 1269 facturus

1901 1318 2021 1356 sum
2049 1302 2429 1374 acquiescatis.
2462 1304 2640 1358 Multa
2671 1303 2834 1357 etiam
2861 1304 3128 1375 gloriatio
3143 1310 3226 1357 est
3246 1304 3388 1358 mihi
3404 1319 3508 1376 pro

1901 1390 2070 1446 vobis.
2105 1391 2272 1445 Multa
2302 1391 2449 1447 enim
2500 1392 2646 1463 apud
2678 1392 2814 1446 alias
2862 1391 3146 1448 Ecclesias
3192 1391 3396 1463 glorior
3441 1391 3510 1447 de

1900 1479 2045 1535 bono
2085 1480 2442 1536 correctionis
2490 1489 2709 1548 vestrae,
2758 1480 3102 1552 praeferendo
3150 1496 3249 1535 vos
3299 1480 3408 1535 illis
3451 1479 3505 1534 in

1900 1569 2229 1640 exemplum.
2264 1570 2559 1640 PrOpterea
2597 1569 2767 1624 multa
2805 1568 3006 1625 fiducia
3052 1569 3184 1624 mihi
3234 1577 3316 1624 est
3365 1569 3510 1641 apud

1899 1673 1997 1712 vos
2029 1658 2097 1713 de
2129 1657 2309 1713 futuro
2340 1675 2352 1712 :
2381 1659 2491 1728 jam
2521 1659 2663 1714 enim
2687 1660 2943 1732 repletus
2964 1677 3094 1714 sum
3123 1660 3510 1714 consolatione

1898 1747 1952 1802 in
1984 1747 2133 1802 omni
2162 1747 2530 1814 tribulatione,
2563 1764 2899 1820 quaecunque
2931 1748 2999 1802 sit
3048 1764 3146 1803 seu
3177 1747 3372 1814 facilis,
3415 1763 3512 1803 seu

1899 1835 2152 1905 difficilis,
2199 1853 2295 1891 seu
2340 1837 2506 1902 intus,
2551 1852 2648 1891 seu
2690 1835 2869 1892 foris:
2916 1852 3019 1892 nec
3087 1851 3306 1909 quoquo
3348 1837 3514 1891 modo

1901 1923 2158 1980 consolor
2188 1926 2257 1980 de
2287 1926 2626 1981 correctione
2657 1933 2840 1980 vestra
2874 1943 2887 1980 :
2922 1926 3019 1980 sed
3047 1924 3102 1980 in
3131 1933 3337 1980 tantum
3368 1925 3513 1997 quod

1901 2015 2294 2085 superabundo
2322 2016 2526 2086 gaudio
2550 2035 2567 2070 :
2599 2015 2778 2087 magis
2821 2015 2966 2070 enim
3006 2015 3075 2070 de
3106 2022 3292 2070 vestra
3321 2029 3512 2070 corre-

1902 2103 2080 2158 ctione
2112 2103 2351 2176 gaudeo,
2389 2119 2554 2175 quam
2604 2103 2822 2158 doleam
2849 2103 2918 2159 de
2969 2103 3117 2158 omni
3163 2103 3511 2159 tribulatione

1901 2200 2105 2247 nostra.
2139 2193 2398 2250 Dicerent
2431 2193 2511 2247 illi
2546 2209 2559 2248 :
2609 2194 2778 2248 Estne
2813 2193 2908 2247 tibi
2946 2192 3267 2248 tribulatio?
3313 2192 3513 2264 Utique

1901 2281 2041 2336 bene
2071 2281 2214 2337 dico.
2249 2283 2391 2337 Nam
2422 2282 2549 2336 alibi
2580 2287 2637 2336 et
2678 2282 2841 2337 etiam
2887 2299 3016 2338 cum
3067 2283 3410 2338 venissemus
3448 2283 3512 2337 in

1901 2370 2285 2427 Macedoniam
2300 2391 2317 2426 :
2332 2387 2464 2428 caro
2476 2376 2674 2427 nostra
2687 2389 2803 2427 non
2816 2371 3014 2427 habuit
3028 2372 3210 2426 ullam
3224 2372 3474 2443 requiem
3487 2391 3507 2428 :

1901 2460 1998 2515 sed
2030 2462 2184 2532 passi
2204 2477 2402 2516 sumus
2422 2477 2645 2516 omnem
2669 2461 3103 2515 tribulationem
3125 2479 3142 2514 :
3173 2461 3332 2531 foris,
3353 2459 3409 2514 id
3431 2468 3515 2515 est

1902 2549 1957 2602 in
1988 2564 2217 2619 corpore
2265 2557 2416 2603 erant
2463 2566 2690 2621 pugnae,
2734 2549 2862 2604 dum
2910 2548 3145 2620 ﬂagellis
3197 2547 3514 2621 afﬂigebant

1903 2655 1990 2692 me
2020 2656 2033 2692 :
2068 2645 2122 2693 et
2148 2641 2332 2707 intus,
2367 2639 2421 2692 id
2461 2647 2544 2693 est
2574 2639 2629 2692 in
2658 2638 2842 2693 animo
2883 2646 3033 2693 erant
3065 2641 3315 2704 timores,
3348 2653 3418 2694 ne
3450 2636 3514 2692 fi-

1902 2727 2053 2783 deles
2085 2727 2437 2798 passionibus
2485 2728 2622 2782 meis
2663 2727 3182 2793 scandalizarentur,
3214 2735 3266 2782 et
3289 2726 3512 2796 judica-

1902 2824 2024 2873 rent
2053 2833 2141 2871 me
2171 2833 2282 2872 non
2331 2833 2454 2872 esse
2485 2817 2847 2888 sequendum,
2891 2816 3018 2888 quia
3062 2816 3508 2872 condemnatum.

1903 2905 2002 2962 Vel
2032 2907 2316 2978 itm/oris,
2339 2905 2396 2960 id
2426 2914 2508 2961 est
2536 2907 2606 2960 ab
2637 2907 2722 2960 his
2750 2905 2986 2961 180
3011 2905 3102 2978 qui
3131 2913 3287 2960 extra
3317 2905 3510 2962 Eccle-

1903 2995 2038 3050 siam
2072 3003 2242 3063 erant,
2274 2994 2516 3050 ﬁdebant
2547 2995 2678 3050 mihi
2709 3011 2929 3067 pugnae,
2981 2995 3117 3049 sicut
3147 2995 3350 3051 dictum
3381 3002 3461 3050 est
3497 3013 3510 3049 :

1901 3087 2062 3141 intus
2083 3089 2298 3154 autem,
2326 3084 2382 3140 id
2413 3093 2496 3139 est
2527 3085 2580 3138 in
2612 3084 2880 3150 Ecclesia,
2916 3091 3070 3140 erant
3100 3083 3344 3150 timores,
3381 3100 3451 3140 ne
3480 3099 3514 3139 a

1902 3173 2054 3229 falsis
2083 3173 2340 3229 fratribus
2371 3173 2768 3229 seducerentur
2799 3173 3097 3244 simplices.
3142 3174 3296 3230 Foris
3327 3180 3380 3229 et
3423 3173 3512 3228 in-

1825 3234 1871 3294 C
1905 3271 1993 3318 tus
2023 3263 2162 3318 adeo
2189 3262 2432 3334 patiebar
2465 3278 2477 3316 :
2509 3263 2604 3318 sed
2635 3265 2781 3318 Deus
2826 3234 2923 3336 qui
2968 3264 3301 3318 consolatur
3331 3262 3516 3318 humi-

1909 3353 2008 3418 les,
2029 3352 2084 3407 id
2097 3361 2178 3408 est
2191 3351 2754 3419 atilictos,conolatus
2783 3357 2986 3410 estnos
3003 3353 3068 3407 in
3093 3351 3344 3408 adventu
3375 3354 3514 3409 Titi.

1906 3441 2141 3499 Gavisus
2169 3458 2291 3496 sum
2321 3442 2467 3496 enim
2497 3441 2566 3497 de
2596 3442 2908 3512 receptione
2941 3441 3126 3496 fratris
3158 3441 3252 3514 qui
3280 3442 3504 3514 partici-

1905 3539 2059 3602 paret
2087 3530 2527 3586 tribulationibus
2572 3531 2794 3586 nostris.
2845 3531 2963 3587 Non
2987 3532 3172 3586 solum
3206 3535 3401 3586 autem
3445 3533 3508 3588 in

1905 3621 2152 3678 adventu
2181 3622 2302 3692 ejus
2321 3620 2631 3676 consolatus
2655 3635 2809 3675 sum:
2835 3620 2930 3675 sed
2964 3621 3138 3674 etiam
3160 3621 3222 3675 in
3253 3622 3511 3677 consola-

1907 3712 2058 3766 tione
2088 3726 2198 3782 qua
2227 3709 2373 3765 idem
2405 3710 2556 3764 Titus
2587 3711 2912 3766 consolatus
2941 3712 3025 3766 est
3069 3710 3132 3764 in
3178 3705 3324 3765 vobis
3355 3729 3372 3765 :
3412 3727 3510 3782 per

1902 3801 2009 3857 hoc
2042 3799 2298 3855 solatium
2330 3800 2447 3868 ejus
2465 3799 3117 3855 correctionemvestram
3145 3797 3415 3855 intellexi.
3444 3801 3508 3854 Et

1904 3889 2027 3945 ideo
2055 3905 2175 3945 cum
2207 3889 2276 3945 de
2306 3889 2483 3945 reditu
2514 3889 2631 3958 ejus
2661 3888 2957 3962 gauderem
2989 3887 3151 3943 simul
3199 3887 3510 3944 consolatus

1903 3996 2024 4034 sum
2057 3995 2069 4033 :
2099 3979 2415 4052 intelligens
2443 3979 2841 4035 correctionem
2884 3986 3120 4034 vestram
3166 3978 3221 4033 in
3267 3979 3383 4048 ejus
3415 3995 3513 4035 so-

1901 4067 2050 4124 latio.
2087 4068 2412 4123 Consolatus
2453 4076 2556 4135 est,
2608 4068 2847 4141 inquam,
2905 4084 2995 4124 me
3034 4068 3205 4134 Titus,
3257 4071 3513 4140 referens

1903 4157 2060 4214 nobis
2088 4159 2430 4214 desiderium
2454 4163 2721 4225 vestrum,
2739 4165 2942 4230 quanto
2973 4166 3099 4213 voto
3119 4158 3514 4214 desideraretis

1901 4249 2191 4304 adventum
2226 4255 2493 4302 nostrum.
2528 4246 2793 4304 Referens
2824 4247 2985 4302 etiam
3006 4249 3206 4317 ﬂetum
3239 4251 3510 4313 vestrum,

1903 4337 1960 4393 id
1997 4345 2080 4392 est
2140 4337 2285 4408 quod
2327 4336 2582 4408 lacrymis
2620 4343 2844 4408 peccata
2893 4336 3198 4392 dilueretis.
3246 4336 3514 4394 Referens

1902 4427 2063 4482 etiam
2095 4431 2340 4482 vestram
2367 4427 2817 4491 aemulationem,
2867 4425 2921 4480 id
2951 4434 3034 4482 est
3058 4425 3510 4499 indignationem.

1903 4532 2011 4588 qua
2041 4523 2234 4571 contra
2264 4515 2473 4587 pseudo
2499 4531 2602 4588 pro
2632 4531 2722 4570 me
2767 4531 2930 4588 quem
2979 4514 3311 4585 improbant,
3362 4515 3511 4571 indi-

208 4600 290 4669 qui
318 4601 454 4657 falsa
483 4603 632 4657 veris
661 4603 1034 4670 admiscendo,
1085 4613 1441 4676 corrumpunt
1487 4605 1649 4660 fidem
1699 4622 1798 4661 vc-
1820 4603 1872 4663 D
1901 4605 2162 4677 gnamini.
2194 4607 2281 4660 Ita
2313 4604 2562 4660 referens
2584 4604 2702 4660 haee
2725 4608 2789 4659 ut
2806 4605 2984 4676 magis
3013 4604 3179 4659 modo
3207 4605 3511 4676 gauderem

211 4696 363 4744 stram
398 4706 409 4744 :
441 4707 611 4762 pravo
642 4690 804 4746 etiam
833 4692 958 4748 vita:
989 4694 1258 4764 exemplo.
1313 4695 1607 4750 Neminem
1639 4694 1802 4750 etiam

207 4787 429 4834 vestrum
498 4782 998 4851 circumvenimus,
1060 4783 1520 4856 quemadmodum
1570 4785 1799 4854 pseudo,

208 4867 287 4938 qui
315 4884 435 4924 cum
465 4879 652 4941 aperte
683 4880 958 4943 nequeunt
1010 4880 1335 4945 extorquere
1366 4889 1398 4929 a
1448 4874 1621 4942 vobis,
1656 4873 1802 4929 frau-

209 4953 412 5013 dulenta
443 4959 777 5025 seductione,
812 4960 1029 5017 eliciunt
1059 4963 1238 5035 magis
1284 4979 1446 5034 quam
1478 4963 1792 5034 impetrent.

207 5042 347 5114 Quod
379 5057 561 5103 autem
593 5047 849 5120 signiﬁco
870 5066 966 5106 vos
990 5060 1276 5123 corruptos
1307 5060 1360 5107 et
1392 5053 1646 5108 seductos
1678 5069 1801 5108 esse

213 5135 272 5188 ab
299 5135 397 5192 illis
427 5139 639 5209 pseudo
672 5157 685 5192 :
722 5139 824 5195 hoc
854 5157 969 5198 non
1000 5141 1122 5197 dico
1154 5143 1225 5198 ad
1271 5142 1801 5199 condemnationem

217 5229 460 5291 vestram,
494 5227 550 5282 id
581 5235 684 5294 est,
717 5236 773 5282 ut
803 5245 902 5299 per
951 5231 1055 5285 hoc
1117 5230 1395 5286 intendam
1433 5231 1801 5288 condemnare

218 5327 321 5379 vos,
352 5316 504 5387 quasi
537 5316 857 5388 reprobatos
888 5334 920 5374 a
971 5319 1105 5374 Deo.
1156 5319 1424 5392 Quodque
1467 5337 1575 5376 non
1621 5321 1802 5376 dicam

219 5399 278 5454 ad
305 5404 806 5460 condemnationem
851 5415 1090 5462 vestram
1136 5408 1277 5463 scire
1321 5409 1548 5480 potestis
1597 5425 1664 5464 ex
1711 5424 1797 5476 eo,

222 5493 339 5560 quia
364 5495 605 5565 praedixi
636 5494 688 5549 in
723 5495 825 5551 hac
855 5495 1046 5552 eadem
1064 5497 1328 5568 Epistola,
1364 5500 1507 5571 quod
1540 5515 1635 5554 vos
1666 5500 1800 5554 estis

220 5578 274 5630 in
298 5583 540 5639 cordibus
572 5586 803 5649 nostris,
838 5585 929 5640 ubi
960 5586 1032 5641 ait
1068 5605 1080 5642 :
1119 5588 1229 5642 Vos
1261 5587 1394 5643 estis
1426 5587 1670 5659 Epistola
1703 5603 1801 5642 no-

223 5675 318 5722 stra
344 5671 538 5743 scripta
568 5672 622 5727 in
653 5673 906 5729 cordibus
958 5675 1181 5731 nostris.
1235 5675 1373 5746 Quia
1425 5677 1470 5732 si
1516 5693 1613 5734 vos
1663 5693 1800 5734 con-

223 5753 484 5816 demnatos
515 5761 874 5831 intenderem,
909 5780 1254 5839 nequaquam
1305 5766 1358 5822 in
1408 5767 1666 5825 cordibus
1695 5782 1799 5824 no—

1906 4696 1973 4751 de
2003 4694 2317 4766 pmnitentia
2349 4702 2550 4760 vestra,
2581 4709 2734 4766 quam
2759 4693 2910 4766 prius
2939 4693 3292 4748 contristatus
3327 4709 3510 4750 essem

1905 4785 1975 4839 de
2014 4783 2430 4855 imposnitentia.
2478 4783 2577 4839 Vel
2625 4783 2802 4854 magis
2851 4783 3152 4854 gauderem
3213 4783 3283 4839 de
3328 4792 3510 4839 vestra

1905 4873 2286 4938 conversione,
2324 4889 2489 4944 quam
2519 4871 2763 4928 dolerem
2793 4871 2861 4927 de
2891 4887 3016 4927 mea
3045 4871 3410 4928 tribulatione.
3444 4873 3512 4929 Et

1903 4963 2010 5019 hoc
2046 4979 2211 5019 nosse
2259 4963 2558 5029 debemus,
2609 4962 2736 5034 quia
2778 4978 2898 5017 cum
2943 4961 3236 5033 Apostolus
3268 4963 3510 5034 priorem

1905 5051 2207 5123 Epistolam
2259 5068 2356 5123 per
2403 5052 2748 5108 Timotheum
2777 5051 3015 5106 misisset
3045 5051 3364 5123 Corinthiis,
3398 5071 3516 5110 ma-

1902 5143 1988 5214 gis
2018 5142 2084 5195 ad
2117 5141 2550 5212 indignationem
2585 5141 2717 5196 moti
2758 5148 2899 5207 sunt,
2935 5157 3096 5213 quam
3131 5141 3200 5196 ad
3231 5143 3512 5214 paeniten-

1905 5232 2054 5297 tiam,
2102 5231 2456 5286 temerarium
2480 5230 2792 5300 judicantes
2846 5231 2992 5302 quod
3029 5232 3329 5302 Apostolus
3369 5241 3513 5289 tanta

1905 5320 2197 5377 severitate
2227 5321 2456 5376 auderet
2487 5335 2581 5375 eos
2611 5335 2848 5392 arguere
2883 5337 2895 5374 :
2949 5335 3058 5392 quo
3089 5321 3332 5392 cognito,
3368 5323 3512 5378 Pau-

1902 5410 1988 5466 lus
2037 5427 2137 5482 per
2209 5409 2547 5465 Timotheum
2593 5408 2840 5479 paenituit
2902 5425 3024 5464 eum
3057 5409 3346 5480 scripsisse
3385 5411 3513 5467 illis.

1904 5500 2013 5555 Sed
2042 5500 2161 5554 Tito
2199 5498 2342 5570 apud
2404 5497 2712 5553 Corinthios
2760 5497 2964 5552 diutius
2992 5507 3260 5566 morante,
3297 5508 3346 5555 et
3379 5499 3514 5572 Epi-

1902 5588 2098 5643 stolam
2130 5587 2280 5643 Pauli
2313 5588 2513 5659 saepius
2545 5586 2844 5658 relegente,
2879 5587 2979 5640 sub
3011 5586 3381 5644 admonitione
3413 5588 3515 5643 Titi

1903 5677 2146 5734 facerunt
2193 5676 2428 5732 fructum
2488 5676 2712 5750 dignum
2764 5675 3115 5747 poenitentiae.
3150 5674 3273 5744 Quo
3303 5678 3506 5741 audito,

1902 5766 2192 5840 Apostolus
2245 5767 2420 5840 magis
2457 5764 2676 5838 gavisus
2723 5770 2806 5820 est
2855 5764 2924 5820 de
2965 5763 3304 5836 poenitentia,
3351 5781 3509 5837 quam
