3936 6492
269 429 437 497 141⁸7

259 583 429 654 hujus
455 593 578 638 sua;
606 570 973 634 executionis
992 582 1100 625 non
1128 563 1314 623 solum
1338 561 1423 618 illi
1452 562 1692 632 paratos
1722 552 1917 610 remit-
1945 537 2001 597 Α

261 647 407 739 tere,
434 669 538 728 sed
562 672 619 724 et
644 668 921 737 quantum
944 659 1205 732 placeret
1226 656 1275 708 ei
1300 654 1369 708 de
1395 666 1497 708 suo
1519 647 1768 708 addere;
1795 648 1919 697 ta'i-

268 731 591 817 tum'daret
631 731 922 810 abbatiam
948 731 1145 803 sancti
1186 738 1430 798 Huberti
1477 735 1705 793 cuidam
1755 731 1921 794 fratri

263 862 468 907 eorum
498 840 885 914 lngobrando,
920 834 1102 892 sancti
1145 829 1303 887 Petri
1342 823 1592 883 coenobii
1624 817 1926 877 Lo‘niensis

270 910 589 995 monacho:
608 931 744 997 Quae
769 942 864 985 res
882 940 1011 982 cum
1036 918 1288 977 difficilis
1313 917 1616 971 videretur
1657 910 1925 974 Otberto,

270 1023 595 1099 superstite
627 1019 814 1076 adhuc
852 1015 1064 1070 abbate
1098 1007 1379 1078 legitimo,
1415 1004 1551 1059 licet
1585 999 1700 1056 sibi
1734 997 1929 1053 inobe—

270 1086 453 1172 dienti
483 1116 541 1167 et
569 1105 887 1171 contrario,
944 1097 1259 1157 subintnlit
1299 1104 1557 1165 prmsens
1607 1086 1683 1143 ibi
1732 1097 1930 1141 eomes

272 1202 608 1273 Arnulphns
633 1198 781 1268 (162)
805 1206 983 1265 nepos
1006 1202 1229 1256 eorum,
1261 1185 1309 1240 si
1343 1181 1494 1254 quod
1526 1194 1631 1250 pro
1659 1178 1766 1273 hoc
1797 1175 1925 1245 ipso

273 1263 1040 1364 impedimentum-curvaret,
1076 1276 1130 1331 id
1155 1275 1264 1331 sibi
1287 1269 1603 1329 curandum
1645 1263 1933 1332 relinque-

274 1350 396 1447 ret;
431 1378 656 1434 felicem
702 1373 822 1428 fore
866 1368 970 1424 tali
1015 1367 1395 1438 procuratore
1430 1356 1742 1422 abbatiam,
1774 1350 1932 1405 illam

275 1436 475 1540 nep'oti
498 1480 604 1521 suo
624 1476 685 1519 se
704 1436 1104 1516 committente
1124 1466 1232 1507 non
1252 1447 1436 1505 multo
1456 1443 1663 1517 postia
1683 1436 1932 1511 pristino

276 1526 440 1615 statu
472 1549 920 1611 reformandam.
959 1544 1239 1599 Otbertus
1267 1552 1407 1607 ergo
1436 1549 1566 1591 cum
1598 1526 1934 1599 aliquandiu

280 1646 634 1715 fatigaretur
683 1643 770 1695 tot
821 1630 1306 1708 promissionibus
1353 1630 1408 1680 et
1460 1618 1779 1687 suffragiis,
1814 1620 1933 1669 tum

280 1702 424 1792 vero
458 1702 859 1802 impelleretur
887 1724 970 1778 ira
1001 1724 1059 1775 et
1092 1718 1228 1774 odio
1255 1708 1597 1770 Theoderici
1630 1707 1738 1762 hoc
1768 1702 1936 1759 modo

279 1792 581 1894 ejiciendi,
621 1816 760 1871 licet
788 1812 1114 1869 reluctante
1139 1799 1498 1861 conscientia
1524 1812 1594 1852 ex
1612 1792 1831 1864 judicio
1854 1804 1940 1845 ra-

1270 401 1745 474 CHRONICON
1793 401 1860 463 S.
1895 393 2260 461 HUBERTI
2287 385 2679 453 ANDAGIN.

3517 374 3668 437 1418

2030 566 2398 627 exasperare,
2432 549 2642 622 quibus
2673 542 2854 616 ignoti
2882 540 3132 599 hominis
3153 550 3457 611 personam
3481 536 3673 593 venie-

2033 648 2131 704 bat
2166 624 2449 713 ingerere.
2482 635 2753 694 Evocatis
2794 633 2972 703 igitur
3003 629 3303 697 fratribus,
3347 626 3553 682 indixit
3586 624 3671 683 eis

2035 734 2091 790 in
2141 712 2313 790 unum
2364 723 2689 793 convenire,
2740 736 2803 778 se
2857 716 3226 789 colloquendi
3280 714 3470 786 gratia
3524 712 3674 770 velle

2036 817 2519 879 convenientibus
2553 810 2925 869 intervenire.

2112 953 2197 1007 75.
2235 948 2371 1018 (89.)
2412 942 2639 1000 Relicto
2679 938 2911 995 interim
2953 932 3341 1004 Ingobrando,
3376 935 3436 988 et
3465 945 3684 987 assum-

2045 1039 2157 1113 ptis
2189 1049 2382 1093 secum
2415 1046 2559 1102 quos
2589 1025 2926 1085 affectanda;
2954 1024 3036 1080 rei
3064 1026 3305 1078 noverat
3328 1020 3585 1088 idoneos,
3612 1018 3682 1075 ad

2044 1108 2252 1184 fratres
2278 1119 2583 1196 processit,
2616 1130 2829 1188 eosque
2862 1112 3030 1169 hilari
3063 1111 3228 1167 vultu
3260 1108 3523 1165 salutans
3552 1121 3685 1164 con-

2043 1218 2213 1274 sedit.
2242 1216 2309 1269 Et
2329 1208 2629 1283 prtemissa
2650 1203 2969 1277 quaestione
2990 1198 3276 1271 quomodo
3296 1212 3358 1253 se
3379 1198 3681 1265 baberent,

2044 1320 2210 1378 quem
2263 1301 2481 1359 exitum
2521 1300 2607 1354 tot
2646 1294 2810 1351 malis
2848 1292 2972 1349 suis
3008 1291 3333 1361 sperarent,
3386 1285 3685 1356 subjunxit

2044 1372 2283 1466 paterna
2326 1384 2741 1452 sollicitudine,
2786 1381 2939 1453 quod
2972 1393 3138 1435 suum
3168 1382 3315 1444 erat,
3350 1373 3466 1430 illis
3500 1372 3687 1445 provi-

2046 1464 2225 1550 disse,
2276 1491 2475 1534 eorum
2515 1469 2861 1531 desolationi
2907 1472 3127 1539 patrem
3171 1464 3437 1519 idoneum
3482 1475 3688 1533 procu-

2049 1583 2229 1633 rasse,
2262 1578 2505 1634 eumque
2537 1560 2652 1617 illis
2681 1557 3012 1614 adduxisse.
3048 1552 3171 1608 Illis
3203 1552 3272 1607 ad
3306 1550 3411 1606 hoc
3446 1550 3693 1605 reticen-

2048 1658 2229 1725 tibus,
2262 1660 2321 1711 et
2344 1651 2508 1724 quasi
2532 1665 2603 1706 ex
2626 1646 2827 1702 habitu
2859 1644 3012 1699 lassa
3045 1656 3177 1711 erga
3214 1655 3271 1696 se
3307 1637 3541 1710 pietatis
3573 1634 3695 1692 vul-

2053 1752 2170 1801 tum
2197 1744 2433 1798 interra
2460 1734 2906 1800 declinantibus,
2942 1746 3014 1786 ex
3045 1729 3154 1784 hiis
3182 1728 3277 1798 qui
3303 1729 3696 1782 convenerant

2053 1849 2158 1906 pro
2191 1845 2292 1888 sua
2325 1828 2572 1900 quisque
2605 1821 2862 1896 potentia
2896 1818 3073 1889 coepit
3107 1816 3439 1872 tacentibus
3460 1828 3698 1870 succcn-

282 1880 487 1977 tionis,
519 1880 817 1963 consensit
850 1905 1041 1955 tamen
1073 1906 1307 1965 operam
1338 1890 1477 1945 dare
1511 1890 1686 1941 tantm
1713 1880 1941 1937 exordi-
1974 1897 2024 1956 Β
2056 1880 2156 1953 ¹’·ξ
2191 1880 2292 1951 “f'
2328 1880 2523 1931 ?*"1'
2560 1915 2570 1925 ,
2605 1880 2627 1896 τ
2993 1880 3006 1889 -
3054 1923 3064 1937 ⁸
3226 1904 3235 1914 ,
3338 1904 3347 1913 ο
3506 1902 3516 1912 .

826 1989 831 1990 κ
926 1986 938 1990 -
1026 1985 1034 1990 .
1215 1983 1225 1990 .
1362 1976 1375 1990 .
1426 1977 1437 1990 .
1544 1973 1559 1990 .
1594 1973 1636 1990 _.
1666 1970 1675 1990 ς
1722 1969 1807 1990 με
1850 1968 1915 1990 ,μ
2057 1939 2184 1981 sete
2211 1965 2223 1978 .
2248 1914 2571 1990 hujusmodi
2601 1916 2828 1983 gestum
2862 1921 3099 1964 summa;
3132 1906 3382 1960 feritatis
3411 1908 3469 1960 et
3504 1917 3697 1957 Immo-

285 1968 528 2057 nationi.
577 1989 863 2049 Mandavit
908 1985 1157 2054 denique
1200 1976 1498 2047 Arnulpho
1542 1969 1807 2029 Lobiensi
1848 1968 1943 2023 ab-

290 2087 439 2156 bati,
491 2089 552 2140 ιιι
602 2080 673 2138 ad
725 2093 789 2136 se
840 2071 1187 2147 quantocius
1234 2066 1481 2132 veniret,
1516 2067 1576 2119 et
1606 2057 1945 2116 monachum

287 2148 463 2234 suum
505 2166 932 2240 lngobrandum
987 2174 1184 2217 secum
1236 2155 1574 2219 deduceret.
1629 2148 1947 2204 Deductum

287 2264 403 2322 sibi
431 2234 681 2317 liber'um
707 2254 872 2312 reddi
903 2250 1097 2323 jussit,
1125 2260 1311 2317 eoque
1337 2244 1626 2315 pra‘sente
1658 2234 1948 2293 ordinavit

290 2352 567 2409 abbatem
618 2344 882 2403 ecclesire
914 2337 1100 2398 sancti
1134 2332 1400 2402 Huberti,
1453 2329 1613 2386 nulla
1655 2323 1952 2397 prmmissa

289 2441 543 2497 fratrum
579 2432 832 2505 regulari
864 2427 1177 2493 electione,
1212 2421 1370 2478 nullo
1403 2417 1638 2487 cognito
1663 2415 1716 2469 in
1743 2427 1812 2468 eo
1840 2424 1957 2465 me-

295 2530 418 2587 rito
446 2502 807 2583 maturitatis
829 2523 889 2575 et
910 2517 1067 2573 vitae.
1103 2511 1242 2567 Dein
1274 2510 1446 2564 missa
1481 2502 1773 2574 legatione
1804 2512 1959 2557 man-

292 2617 461 2676 davit
500 2612 783 2670 fratribus
809 2622 871 2665 se
895 2617 1095 2662 eorum
1121 2605 1177 2655 et
1204 2595 1561 2655 utilitatibus
1583 2597 1641 2647 et
1665 2587 1957 2647 honestati

300 2703 697 2770 consuluisse,
742 2693 992 2752 nobilem
1024 2689 1144 2747 illis
1174 2692 1231 2743 et
1267 2684 1412 2743 satis
1441 2683 1752 2739 humanum
1788 2678 1961 2734 abba-

300 2803 425 2854 tem
454 2767 775 2855 ordinasse,
808 2795 977 2841 orare
1011 2784 1073 2837 ut
1103 2776 1290 2848 gratia
1325 2774 1411 2832 sui
1442 2770 1657 2828 amoris
1682 2767 1841 2823 illum
1865 2781 1963 2822 vo-

300 2880 564 2942 lnntarie
594 2876 960 2947 susciperent
994 2869 1080 2940 1“,
1115 2868 1340 2938 sibique
1370 2879 1498 2922 cum
1523 2875 1592 2918 eo
1614 2862 1862 2915 venturo
1889 2855 1963 2909 fa-

300 2984 451 3030 vore
481 2967 680 3023 debito
710 2943 1117 3036 procederent.
1149 2954 1386 3018 Turbati
1410 2965 1607 3009 omnes
1630 2954 1745 3003 tam
1771 2943 1963 3002 subita

304 3071 508 3117 rerum
542 3051 988 3126 permutatione,
1031 3065 1161 3106 cum
1207 3052 1335 3120 post
1376 3058 1736 3105 communem
1771 3040 1967 3099 ammi-

307 3146 603 3205 rationem
634 3141 704 3197 ad
738 3155 800 3196 se
829 3138 1041 3208 singuli
1075 3138 1358 3207 redirent,
1387 3140 1509 3193 tum
1535 3135 1783 3205 denique
1810 3134 1969 3203 post-

2059 2012 2277 2068 deratze
2309 2001 2737 2074 dedignationis
2761 2012 2926 2062 esse;
2954 1999 3227 2051 extremae
3260 1991 3439 2047 videri
3472 1990 3701 2045 demen-

2063 2102 2177 2169 tite,
2211 2097 2294 2153 sic
2338 2093 2471 2150 illos
2510 2088 2659 2146 velle
2701 2088 2976 2157 episcopo
3030 2079 3331 2137 Leodiensi
3380 2078 3699 2142 obsistere;

2064 2166 2236 2244 nimia
2258 2182 2411 2255 apud
2434 2195 2535 2236 eos
2558 2175 2835 2249 patientia
2864 2173 3024 2228 illum
3055 2168 3310 2237 viluisse,
3348 2166 3443 2237 qui
3467 2173 3581 2221 tam
3608 2166 3707 2222 diu

2065 2273 2431 2333 insolentiam
2452 2281 2650 2323 eorum
2670 2264 2755 2320 sic
2777 2263 3009 2333 impune
3029 2256 3401 2329 pertulisset;
3430 2255 3709 2311 fratribus

2066 2370 2301 2422 econtra
2338 2357 2566 2431 publice
2595 2351 2978 2409 causantibus
3005 2351 3219 2419 praeter
3252 2345 3437 2414 legem
3470 2358 3532 2399 se
3568 2358 3712 2414 pras-

2066 2450 2320 2525 gravari,
2354 2446 2500 2503 satis
2530 2453 2821 2513 superque
2860 2436 3136 2506 injustam
3168 2439 3224 2489 et
3256 2432 3599 2504 injuriosum
3631 2432 3713 2487 vi-

2071 2521 2194 2601 deri
2230 2539 2497 2595 abbatem
2536 2529 2888 2588 habentibus
2919 2526 3186 2581 abbatem
3219 2521 3619 2593 superinduci,
3652 2526 3715 2579 et

2071 2633 2178 2688 hoc
2201 2630 2387 2699 ipsum
2408 2621 2625 2680 nullius
2643 2631 2842 2674 eorum
2863 2628 2993 2670 esse
3012 2610 3362 2680 cognitionis
3383 2608 3711 2679 nulliusque

2073 2717 2345 2789 legitimae
2364 2708 2686 2769 electionis.
2713 2704 3053 2773 Indignatus
3069 2703 3159 2755 est
3181 2700 3460 2754 Otbertus
3476 2711 3538 2753 se
3560 2712 3718 2754 suos-

2076 2786 2186 2880 que
2218 2799 2486 2861 concludi
2517 2804 2631 2854 tam
2665 2792 2917 2851 evidenti
2951 2790 3197 2857 ratione,
3225 2786 3458 2857 jamque
3486 2787 3716 2842 ordina-

2075 2875 2288 2953 tionem
2321 2904 2482 2947 suam
2515 2886 2738 2941 irritam
2770 2895 2923 2950 esse,
2958 2879 3065 2935 nisi
3097 2876 3568 2932 contradicentes
3597 2875 3716 2931 vio-

2076 2983 2253 3041 lentia
2278 2978 2653 3050 opprimeret,
2686 2968 3012 3043 postposita
3038 2966 3191 3022 omni
3217 2965 3493 3021 canonica
3527 2968 3721 3019 aucto-

2079 3074 2273 3129 ritate.
2311 3071 2376 3124 Et
2412 3082 2481 3122 ne
2512 3063 2647 3135 quid
2681 3062 3043 3130 inexpertum
3071 3054 3427 3124 relinqueret
3451 3068 3587 3123 erga
3612 3050 3721 3107 sibi

2080 3161 2460 3221 obsistentes,
2480 3150 2726 3210 semelet
2745 3149 2974 3212 iterum,
2994 3144 3130 3200 licet
3152 3145 3504 3198 retineretur
3523 3142 3594 3195 ab
3614 3141 3717 3210 eis,

309 3239 510 3309 poma
543 3230 787 3320 pericu“
822 3232 1169 3320 ηθεθεειιθιθ
1193 3227 1368 3300 σαφῆ
1395 3225 1696 3320 “idem”
1728 3234 1970 3320 39mm?
2001 3246 2048 3309 C
2081 3266 2140 3307 se
2164 3248 2621 3320 pedibnseornm
2648 3235 2947 3308 temptavit
2975 3229 3543 3299 “rosternere,utvel
3564 3233 3721 3284 tanta

316 3340 404 3395 re,
441 3321 577 3394 quid
612 3319 763 3391 apud
796 3332 1084 3390 quemque
1117 3319 1401 3374 hactenus
1432 3317 1695 3385 viguerat
1733 3310 1969 3367 virtutis

318 3425 539 3479 amore,
583 3408 858 3479 quiequid
900 3406 965 3440 ³⁸⁷
1008 3407 1258 3462 latuerat
1301 3402 1690 3463 simulationis
1728 3401 1969 3464 timore;

321 3499 603 3572 gravabat
644 3497 800 3552 viros
839 3495 1076 3553 virtutis
1120 3494 1411 3551 inimicum
1461 3490 1693 3550 humani
1739 3486 1974 3560 generis

326 3591 638 3647 adversum
670 3601 774 3643 eos
803 3586 888 3641 sic
919 3599 1085 3641 suum
1120 3585 1469 3655 malignasse
1512 3579 1839 3649 consilium,
1884 3592 1977 3634 su-

328 3674 1126 3735 scitabatcensoresextincti
1146 3673 1385 3746 pudoris
1401 3673 1685 3731 affectata
1700 3671 1978 3730 novitatis

330 3769 416 3825 sic
443 3769 532 3824 eis
558 3765 898 3839 provenisse
927 3762 1400 3820 emolumentum.
1436 3763 1555 3819 Illis
1585 3777 1688 3834 pro
1725 3760 1981 3835 pondere

332 3862 394 3914 et
415 3856 803 3914 mstimatione
824 3869 1014 3911 rerum
1039 3857 1132 3909 vix
1156 3858 1280 3910 erat
1302 3853 1389 3909 vel
1415 3852 1661 3909 cedendi
1686 3852 1870 3919 locus,
1894 3850 1981 3907 vel

335 3944 678 4004 consulendi
701 3948 950 4016 tempus.
978 3941 1086 3998 Alii
1109 3957 1178 3998 ne
1195 3942 1447 3999 celerius
1472 3942 1799 3998 excessisse
1824 3944 1987 3996 nota-

338 4038 546 4092 rentur
584 4049 613 4091 a
655 4032 941 4090 communi
993 4031 1302 4101 sententia,
1348 4030 1470 4087 sola
1517 4030 1987 4101 reprimebantur

341 4122 714 4193 verecundia,
735 4121 874 4179 licet
893 4121 971 4177 sit
990 4120 1321 4175 difficillima
1348 4118 1418 4175 ad
1443 4133 1503 4175 se
1526 4118 1829 4175 celandum
1852 4131 1989 4188 gau-

343 4213 569 4270 diorum
620 4210 919 4282 patientia.
970 4210 1175 4265 Tamen
1228 4206 1459 4266 collecti
1512 4207 1566 4262 in
1620 4220 1812 4277 unum,
1858 4220 1987 4263 eum

344 4303 676 4373 quaererent
702 4299 755 4354 in
781 4312 1081 4355 commune
1102 4295 1389 4368 quomodo
1413 4311 1473 4353 se
1500 4295 1774 4367 przesenti
1795 4308 1990 4351 neces-

347 4389 508 4447 sitati
550 4390 978 4461 compararent,
1031 4386 1165 4443 licet
1216 4384 1595 4458 quorumdam
1627 4399 1731 4441 cor
1761 4398 1790 4439 a
1824 4383 1994 4447 labiis

346 4478 615 4548 distaret,
650 4477 706 4532 in
740 4477 849 4533 hoc
871 4479 1065 4532 tamen
1092 4490 1289 4532 omnes
1313 4474 1422 4532 visi
1445 4479 1581 4531 sunt
1601 4473 1991 4543 consensisse,

352 4574 415 4627 ut
443 4566 536 4625 vel
564 4565 635 4623 ad
666 4572 894 4639 tempus
918 4566 972 4621 in
997 4565 1284 4622 sententia
1318 4565 1698 4637 persistentes
1732 4562 1995 4620 consule-

353 4661 483 4713 rent
522 4655 891 4715 aastimationi
936 4670 1057 4712 suae
1087 4659 1143 4710 et
1181 4655 1363 4724 famae,
1399 4659 1462 4711 ut
1492 4658 1549 4710 et
1584 4653 1678 4724 qui
1714 4650 1997 4719 delibera-

355 4750 488 4804 rent
509 4745 779 4817 defieere,
804 4744 971 4817 quasi
994 4745 1184 4801 coacti
1210 4743 1549 4800 viderentur
1572 4744 1682 4799 hoc
1705 4742 1923 4799 fecisse.

428 4864 514 4919 74.
551 4860 688 4933 (88.)
722 4861 950 4916 interea
974 4859 1256 4916 Otbertus
1284 4857 1445 4915 illum
1478 4873 1643 4915 suum
1673 4857 2000 4915 ordinatum

359 4950 656 5010 deducens
707 4949 961 5019 advenit,
1012 4948 1232 5005 habens
1273 4962 1467 5005 secum
1509 4946 1869 5018 Arnulphum
1903 4946 2004 5003 Lo-

360 5040 619 5097 biensem
641 5039 910 5095 abbatem
933 5036 1187 5108 itemque
1207 5035 1566 5107 Arnulphum
1585 5034 1858 5091 comitem
1884 5033 2005 5106 plu-

2083 3334 2434 3411 pontifiealis
2455 3328 2759 3401 dignitatis
2778 3322 3154 3380 inclinatione
3172 3321 3450 3385 vinceret,
3473 3334 3617 3388 quos
3634 3333 3726 3374 eo-

2083 3407 2255 3484 tenus
2275 3426 2564 3496 potestate
2586 3417 2933 3489 probaverat
2955 3410 3185 3466 omnino
3206 3408 3592 3464 invincibiles.
3621 3407 3727 3477 lgi-

2085 3523 2181 3575 tur
2208 3520 2336 3587 post
2364 3509 2574 3566 multas
2596 3502 3020 3566 contentiones,
3046 3504 3176 3570 post
3199 3498 3392 3553 varias
3416 3498 3725 3553 verborum

2087 3585 2447 3675 objectienes
2480 3602 2536 3653 et
2572 3593 2943 3665 rejectiones,
2978 3602 3269 3656 exurgens
3301 3587 3369 3642 de
3403 3585 3591 3641 medio
3622 3585 3735 3641 fra-

2088 3674 2265 3763 trum,
2290 3700 2576 3748 cameram
2599 3681 2865 3746 secessit,
2892 3685 2948 3737 et
2979 3693 3077 3750 per
3100 3677 3368 3732 abbatem
3393 3674 3729 3731 Lobiensem

2091 3786 2345 3852 itemque
2378 3776 2646 3835 comitem
2680 3769 3039 3840 Arnulphum
3070 3764 3361 3821 mandavit
3392 3763 3494 3833 eis,
3536 3768 3601 3819 ut
3632 3767 3729 3819 aut

2094 3874 2356 3932 volentes
2386 3866 2603 3939 placito
2635 3876 2739 3919 suo
2770 3861 3070 3929 gratanter
3101 3856 3465 3924 accederent,
3499 3856 3595 3909 aut
3631 3865 3734 3909 sua

2098 3965 2209 4021 sibi
2231 3959 2627 4028 relinquentes
2650 3952 2777 4007 loco
2798 3947 3187 4004 discederent.
3215 3946 3345 3999 Tam
3365 3941 3588 4000 crudeli
3612 3955 3742 3999 sen-

2097 4051 2277 4110 tentia
2308 4045 2713 4110 determinata,
2750 4040 2961 4093 fratres
2992 4035 3289 4106 petierunt
3315 4032 3574 4088 inducias
3596 4045 3741 4102 prau-

2099 4142 2323 4216 positos
2353 4133 2631 4192 cellarum
2670 4126 2947 4185 evocandi
2982 4128 3038 4180 et
3073 4138 3201 4179 eum
3232 4122 3317 4177 eis
3348 4121 3404 4176 in
3438 4134 3741 4178 commune

2099 4209 2473 4288 consulendi;
2516 4217 2619 4274 sed
2649 4230 2747 4273 eas
2781 4213 2939 4269 nullo
2972 4212 3142 4268 modo
3174 4211 3281 4266 nisi
3315 4224 3498 4280 usque
3531 4209 3585 4264 in
3619 4221 3746 4265 ora-

2101 4320 2318 4378 stinum
2342 4313 2659 4385 potuerunt
2677 4302 2927 4373 assequi.
2953 4302 3173 4356 interea
3196 4298 3743 4370 Arnulphuseomes

2103 4404 2381 4476 singulos,
2416 4403 2477 4455 ut
2508 4406 2930 4467 quemcumque
2963 4393 3224 4459 noverat,
3261 4403 3365 4459 pro
3400 4392 3609 4459 nepote
3642 4400 3744 4443 suo

2106 4492 2365 4566 aggredi,
2398 4488 2523 4557 ejus
2555 4497 2731 4540 causa
2753 4479 3058 4537 consilium
3081 4483 3140 4534 et
3165 4476 3440 4533 auxilium
3466 4491 3632 4533 suum
3655 4489 3751 4532 ec-

2108 4565 2302 4642 clesite
2341 4573 2627 4650 polliceri,
2669 4586 2797 4627 cum
2836 4569 3069 4624 interim
3112 4567 3266 4622 filius
3296 4565 3420 4635 ejus
3451 4565 3589 4621 Otto
3622 4565 3746 4637 ipsa

2109 4673 2309 4733 eadem
2340 4668 2431 4723 die
2465 4662 2830 4720 Caviniacum
2884 4657 3082 4714 fiscum
3131 4656 3473 4726 pervadens,
3523 4666 3749 4710 omnem

2112 4764 2238 4834 ejus
2274 4756 2523 4831 przedam
2558 4750 2902 4817 abducebat,
2933 4752 2989 4804 et
3022 4745 3300 4816 quosdam
3330 4744 3503 4799 etiam
3534 4742 3755 4799 interfi-

2113 4832 2296 4919 ciens,
2334 4846 2500 4902 fidem
2535 4845 2788 4913 paternae
2822 4833 3263 4907 pollicitationis
3296 4832 3607 4888 inficiebat.
3640 4833 3753 4888 Nec

2110 4943 2224 5014 jam
2250 4937 2552 5008 supererat
2578 4925 2899 4984 constantia
2926 4924 3147 4980 diutius
3181 4922 3371 4991 reniti,
3405 4921 3759 4979 firmioribus

2118 5011 2202 5087 tot
2232 5019 2717 5083 eoneussionibns
2750 5014 3027 5083 fatigatis,
3066 5011 3481 5067 infirmioribus
3514 5016 3597 5067 tot
3629 5024 3760 5082 pro-

363 5143 575 5202 resque
597 5126 882 5201 episcopii
907 5099 1244 5183 nobiliores.
1272 5099 1524 5197 Cumque
1548 5139 1610 5182 se
1632 5124 1727 5181 vix
1748 5099 2007 5188 contine-
2118 5112 2491 5177 missionibus
2524 5105 2798 5165 inductis.
2830 5101 2930 5159 Isti
2965 5101 3333 5157 destinabant
3364 5099 3517 5172 apud
3540 5114 3603 5157 se
3625 5099 3758 5160 huic

364 5224 457 5277 ret
478 5234 507 5276 a
534 5219 749 5288 furore,
782 5214 1115 5287 indignatus
1147 5214 1432 5271 neminem
1465 5214 1577 5271 sibi
1609 5217 1669 5271 ut
1704 5212 2007 5270 mandave-

2118 5197 2549 5268 exordinationi
2596 5193 2686 5253 vel
2736 5207 2848 5249 non
2897 5189 3458 5257 communicandum,
3502 5189 3590 5247 vel
3630 5205 3760 5248 cum

366 5311 458 5367 rat
489 5305 871 5383 processisse,
904 5279 1268 5377 voptimatum
1313 5318 1550 5362 suorum
1595 5308 1877 5373 suggestu
1905 5301 2011 5360 hoc
2121 5295 2357 5370 possent
2382 5289 2511 5347 loco
2534 5282 2887 5349 cedendum;
2921 5280 3004 5336 illi
3024 5279 3218 5337 oblata
3245 5294 3346 5352 spe
3370 5280 3764 5339 novandarum

368 5398 556 5471 ipsum
613 5394 950 5469 compulsus
1007 5399 1094 5454 est
1151 5392 1543 5465 dissimulare,
1595 5405 1665 5449 ne
1715 5390 2015 5448 Videretur

2126 5369 2321 5444 rerum
2351 5377 2698 5439 aﬂ‘ectabant
2732 5370 2975 5441 alicujus
3008 5370 3323 5428 funetionis
3352 5369 3586 5441 assequi
3617 5383 3769 5430 com-

1714 5478 1951 5536 VARUS
2007 5476 2300 5536 LECTION
2307 5473 2413 5529 ES.

1969 5619 2176 5679 NOTE

440 5557 509 5595 “°
538 5562 814 5633 superent
849 5563 897 5615 1.
976 5555 1043 5590 ¹¹⁷
1058 5556 1119 5629 f.
1156 5554 1431 5628 quidque.
1468 5620 1479 5625 Ξ

447 5702 597 5777 (162)
629 5700 1075 5777 Chisniacensis.

700 5775 958 5835 PATROL.
994 5770 1205 5834 CLIV.
