3936 6426
278 367 431 436 1419

1274 357 1753 425 CHRONICON
1782 356 1849 422 S.
1886 353 2254 420 HUBERTI
2281 349 2674 418 ANDAGIN.

3523 347 3680 414 1420

271 508 526 578 modum,
559 503 651 561 vel
681 500 970 575 permissa
996 498 1272 555 libertate
1301 494 1578 570 prosequi
1599 493 1825 553 volunta

2121 511 2268 580 aret,
2295 504 2699 564 Stabulensem
2730 492 3094 578 sepulturam
3123 500 3322 576 potius
3349 504 3675 576 expeteret,

273 598 524 672 propria
547 595 635 651 vel
662 593 844 651 otium
869 590 961 647 vel
985 587 1302 658 negotium.
1339 587 1429 642 Sic
1462 585 1745 672 fratribus
1766 584 1922 672 inter

272 671 333 744 se
376 681 821 749 dissidentibus,
871 677 1054 748 magis
1106 681 1298 732 autem
1330 688 1359 729 a
1393 689 1454 730 se
1486 671 1918 740 deficientibus,

271 771 700 845 lngobrandum
733 770 1016 825 Otbertus
1047 765 1175 823 loco
1209 763 1557 834 introduxit,
1591 760 1923 830 ibidemque

273 863 669 920 introductum
701 859 1062 928 relinquens,
1095 855 1324 912 tardius
1356 853 1465 911 sibi
1495 853 1780 909 hactenus
1807 849 1925 907 dis-

273 953 604 1010 sidentibus
633 965 696 1007 se
729 947 1110 1020 pravaluisse
1143 945 1379 1002 latatus
1410 941 1703 1000 discessit.

340 1045 425 1098 76.
465 1041 602 1113 (90.)
637 1037 1038 1109 lngobrandus
1065 1039 1200 1108 post
1225 1039 1312 1090 tot
1334 1033 1662 1090 anxietates
1685 1029 1924 1086 insimu-

267 1131 400 1188 lata
424 1130 534 1187 sibi
561 1127 1068 1196 contradictionis,
1095 1123 1326 1182 tandem
1352 1124 1542 1180 factus
1565 1137 1802 1193 compos
1826 1121 1926 1179 de-

269 1219 470 1278 siderii
496 1220 606 1291 sui,
635 1222 695 1275 ut
719 1222 844 1274 erat
870 1216 1036 1273 rudis
1059 1219 1116 1272 et
1143 1214 1332 1270 nimiae
1355 1211 1774 1284 simplicitatis,
1800 1211 1922 1268 otio

267 1317 324 1368 et
373 1309 611 1366 licentia
655 1306 900 1379 juvenili
951 1306 1131 1378 capit
1178 1303 1412 1375 resolvi,
1447 1317 1715 1371 securus,
1750 1301 1924 1359 immo

269 1399 489 1456 inscius
529 1395 913 1470 procuranda
956 1393 1332 1468 pralationis.
1369 1392 1532 1462 Piget
1567 1390 1919 1462 meminisse,

268 1487 557 1561 quomodo
577 1489 685 1544 sub
704 1485 816 1542 hiis
845 1485 1081 1542 casibus
1109 1481 1538 1555 pulcherrimus
1558 1480 1656 1536 ille
1680 1480 1786 1537 ﬂos
1809 1494 1924 1536 ma-

267 1577 405 1634 ximi
435 1575 677 1633 honoris
709 1579 765 1630 et
798 1574 1030 1630 decoris
1060 1572 1230 1642 hujus
1253 1571 1363 1628 loci
1388 1570 1764 1628 decoloratus
1788 1584 1924 1627 con-

269 1666 500 1735 ciderit,
525 1681 638 1736 qua
659 1661 972 1720 velocitate
997 1661 1307 1718 defluxerit
1331 1665 1443 1716 tam
1465 1659 1562 1716 diu
1581 1659 1921 1716 elaboratus

268 1754 366 1810 ille
385 1759 580 1811 status
599 1751 1022 1809 decentissima
1043 1749 1343 1818 religionis
1360 1753 1418 1805 et
1443 1763 1570 1819 qua
1593 1748 1678 1804 eis
1701 1749 1918 1803 Renum

2033 597 2364 670 ibidemque
2395 596 2768 653 elemosinam
2800 609 2959 652 suam
2991 593 3396 652 constitueret.
3435 595 3678 652 Causan-

2030 688 2192 744 tibus
2258 687 2394 742 filiis
2441 686 2568 757 ejus
2615 685 2922 742 Lamberto
2971 691 3028 741 et
3079 683 3342 754 llenrico,
3394 683 3675 754 quomodo

2033 775 2398 832 Stabulensis
2438 773 2685 831 ecclesia
2729 773 3028 829 videretur
3071 771 3409 842 absolutior,
3453 787 3578 829 cum
3605 786 3674 829 ex

2033 865 2186 922 dono
2223 865 2554 936 subjaceret
2593 862 2714 933 regi
2757 861 3006 918 Henrico
3037 866 3096 918 et
3126 875 3200 917 ex
3225 876 3364 918 cura
3399 859 3672 933 pastorali

2034 953 2299 1024 Otberto,
2335 952 2646 1023 Berengeri
2669 951 2956 1008 sententia
2983 949 3311 1023 pravaluit,
3341 953 3399 1006 et
3423 949 3672 1007 reditum

2033 1041 2210 1100 trium
2242 1041 2522 1100 librarum
2554 1041 2864 1112 quotannis
2892 1039 3156 1097 ecclesia
3179 1039 3332 1096 beati
3359 1039 3594 1096 Huberti
3617 1040 3670 1095 in

2034 1137 2381 1204 perpetuum
2421 1130 2686 1188 abstulit.
2728 1129 3118 1186 Theodericus
3149 1142 3375 1200 quoque
3405 1131 3464 1185 et
3492 1132 3676 1185 secta-

2036 1225 2196 1276 tores
2226 1219 2354 1290 ejus
2379 1235 2482 1293 per
2513 1234 2912 1292 quoscumque
2947 1221 3218 1290 poterant
3249 1217 3675 1274 ecclesiasticas

2033 1311 2436 1382 possessiones
2487 1309 2860 1378 infestabant,
2921 1307 3174 1378 dumque
3205 1306 3274 1363 ad
3309 1305 3568 1363 incendia
3617 1311 3673 1362 et

2032 1400 2268 1472 rapinas
2290 1414 2491 1458 earum
2517 1403 2796 1472 tyrannos
2819 1397 3218 1468 hortarentur,
3253 1397 3590 1467 obsequium
3615 1409 3675 1454 se

2033 1493 2315 1561 prastare
2353 1492 2468 1546 Deo
2510 1488 2970 1545 arbitrabantur.
3016 1485 3177 1542 Unde
3207 1490 3268 1542 et
3297 1485 3546 1558 quidam,
3587 1500 3676 1542 ac-

2032 1585 2201 1651 cepta
2227 1579 2535 1636 occasione
2558 1579 2712 1636 circa
2738 1577 2925 1634 locum
2949 1575 3279 1647 tyrannidis
3301 1573 3672 1646 exequenda,

2033 1669 2460 1738 lngobrandum
2511 1667 2892 1740 impostorem
2938 1671 2996 1724 et
3047 1665 3360 1738 pessimum
3403 1663 3672 1732 clamare,

2035 1757 2294 1814 fautores
2321 1747 2449 1827 ejus
2480 1755 2611 1812 fidei
2641 1755 2983 1812 desertores
3011 1759 3065 1810 et
3097 1753 3398 1824 religionis
3423 1751 3677 1824 prodito-

266 1858 336 1900 eo
359 1849 625 1914 tempore
648 1841 1001 1898 laudabatur
1023 1839 1368 1910 singularis;
1393 1853 1523 1908 qua
1548 1843 1778 1908 quanta
1804 1838 1921 1892 fue-
1947 1855 2004 1918 Β
2036 1860 2130 1902 res
2161 1845 2462 1916 denotare,
2496 1851 2554 1901 ei
2587 1845 2720 1901 ideo
2752 1858 2920 1900 omne
2954 1843 3166 1900 malum
3191 1843 3276 1898 eis
3299 1839 3673 1911 inferendum,

268 1935 346 1990 rit
367 1931 754 2001 excellentia,
788 1931 886 1986 vix
911 1936 1011 1986 aut
1033 1928 1192 1985 nullo
1216 1929 1384 1984 modo
1411 1927 1745 2000 posteritati
1771 1928 1922 1984 futu-

267 2037 346 2078 ra
365 2021 664 2077 videbitur
685 2019 990 2088 credibile,
1017 2035 1144 2075 eum
1164 2017 1238 2074 sit
1260 2032 1422 2074 suum
1449 2016 1679 2072 humani
1705 2017 1920 2087 ingenii

265 2111 356 2167 vel
383 2111 580 2183 potius
601 2108 843 2180 erroris,
864 2107 1105 2164 credere
1130 2105 1359 2163 tardius
1382 2105 1657 2176 quicquid
1682 2106 1922 2162 virtutis

267 2199 494 2256 inertiae
544 2199 670 2268 ejus
720 2202 962 2270 putatur
1006 2195 1174 2268 (163).
1221 2193 1620 2263 lngobrandus
1671 2194 1922 2251 infracto

267 2290 463 2359 rigore
503 2287 768 2344 tenenda
809 2283 1313 2356 virtutis,nimium
1347 2299 1458 2354 que
1491 2297 1702 2356 expers
1732 2283 1924 2340 mode-

268 2377 462 2434 randa
497 2375 872 2433 discretionis
891 2379 1093 2432 contra
1119 2387 1336 2430 morem
1362 2371 1641 2442 majorum
1676 2371 1922 2444 quadam

267 2464 648 2522 liberalitatis
679 2465 876 2537 specie
909 2462 1230 2520 ferociores
1260 2461 1667 2532 religiosorum
1701 2463 1923 2520 animos

267 2555 551 2625 emollire,
569 2555 844 2626 juvenum
863 2569 1002 2610 vero
1021 2557 1077 2609 et
1101 2552 1344 2608 maxime
1365 2550 1824 2609 adolescentium
1846 2552 1924 2610 fa-

267 2643 640 2700 miliaritates
672 2643 967 2712 affectare,
1011 2647 1312 2714 postremo
1344 2655 1450 2698 nec
1482 2641 1786 2698 modestia
1818 2656 1924 2700 nec

267 2733 523 2806 sumptui
545 2748 806 2806 parcere,
831 2733 966 2790 dum
989 2745 1254 2804 quosque
1278 2729 1446 2802 quasi
1465 2731 1534 2787 ad
1554 2731 1800 2800 gratiam
1824 2730 1924 2786 ob-

267 2823 473 2880 noxios
494 2823 758 2894 fidosque
782 2822 890 2879 sibi
918 2823 1136 2878 faceret
1159 2822 1331 2893 (164),
1358 2819 1498 2876 licet
1519 2835 1658 2876 vero
1683 2819 1758 2876 sit
1783 2819 1925 2876 diffl-

267 2909 398 2982 cile,
425 2913 533 2968 hoc
559 2913 730 2968 modo
760 2911 1082 2968 attenuatis
1106 2911 1278 2966 immo
1303 2925 1466 2982 pane
1492 2909 1712 2980 elapsis
1737 2909 1926 2966 eccle-

268 3000 527 3056 siasticis
552 3000 874 3068 reditibus;
905 2999 1246 3070 supervenit
1270 2999 1353 3054 rei
1379 2998 1684 3056 familiaris
1707 2998 1918 3071 inopia,

270 3105 398 3161 qua
421 3104 550 3146 cum
571 3089 688 3160 jam
713 3105 824 3146 non
850 3089 1140 3146 sufficeret
1174 3087 1632 3160 imprudentium
1669 3089 1923 3145 tolerare

266 3179 700 3250 negligentiam,
725 3177 958 3250 impulit
976 3194 1077 3234 eos
1095 3179 1270 3234 etiam
1292 3178 1588 3249 negligere
1611 3179 1922 3250 dampnum

267 3282 432 3325 suum
463 3274 520 3324 et
554 3268 867 3326 infamiam.
905 3269 1043 3323 Nam
1078 3267 1382 3324 distractis
1423 3267 1626 3338 viginti
1667 3269 1923 3340 quinque

267 3372 338 3414 ex
371 3359 732 3414 ornamentis
771 3357 1034 3415 ecclesia
1077 3372 1204 3429 qua
1242 3361 1645 3414 remanserant
1687 3357 1921 3429 ibidem,

269 3448 480 3505 abbate
506 3448 864 3504 Theoderico
896 3447 1134 3503 meliora
1166 3461 1412 3518 quaque
1443 3445 1704 3503 salvandi
1733 3447 1923 3518 gratia

269 3537 570 3606 efl‘ercnte,
603 3554 734 3594 cum
763 3538 1008 3593 necdum
1036 3536 1426 3608 praevalerent
1448 3536 1533 3592 sic
1556 3535 1812 3606 effugere
1845 3536 1927 3594 in-

271 3627 612 3696 digentiam,
648 3626 999 3682 addiderunt
1031 3625 1207 3680 etiam
1242 3625 1632 3696 obpignorare
1665 3629 1766 3680 aut
1793 3641 1927 3682 ven-

270 3716 407 3772 dere
430 3717 862 3788 possessionum
889 3730 1127 3772 suarum
1153 3714 1516 3771 molendinos
1539 3719 1599 3770 et
1619 3717 1924 3774 ecclesias.

268 3805 563 3860 Praterca
586 3821 716 3862 cum
744 3819 937 3860 rerum
963 3803 1306 3874 indigentia,
1340 3804 1494 3874 quod
1519 3807 1644 3860 erat
1667 3805 1921 3876 gravius,

270 3894 482 3964 passim
529 3895 948 3966 premebantur
978 3893 1302 3949 vicinorum
1333 3893 1588 3964 infamia,
1621 3898 1681 3950 et
1713 3894 1926 3965 quibus

269 3983 504 4052 vigente
537 3982 820 4053 religione
856 3983 1087 4038 fuerant
1122 3982 1327 4052 gloria
1358 3986 1414 4038 et
1447 3982 1674 4054 honori,
1708 3998 1774 4039 ea
1808 3983 1928 4040 lan-

269 4079 482 4142 guente
520 4077 688 4128 erant
715 4071 833 4142 jam
869 4071 1196 4142 ignominia
1229 4077 1286 4126 et
1322 4072 1504 4128 oneri.
1551 4073 1667 4129 Sub
1706 4073 1926 4130 eisdem

270 4177 501 4234 quoque
551 4162 760 4219 diebus
812 4163 1175 4232 Bcrengcrus
1223 4175 1360 4232 erga
1415 4161 1720 4219 ecclesiam
1761 4163 1924 4235 quasi

271 4235 518 4308 Otberto
558 4252 883 4322 subjectum
926 4256 1123 4307 tantas
1165 4250 1428 4308 exercuit
1471 4252 1828 4324 inimicitias,
1863 4257 1926 4310 ut

267 4341 671 4397 conversionis
707 4345 766 4396 et
799 4341 1187 4412 professionis
1223 4340 1477 4412 propria
1518 4341 1759 4414 oblitus,
1804 4357 1928 4400 sua

267 4431 442 4486 etiam
467 4436 527 4486 et
551 4446 790 4486 suorum
819 4430 1171 4486 retentionis
1200 4429 1255 4486 in
1289 4432 1706 4503 persecutione
1737 4431 1929 4502 ingra-

270 4524 382 4590 tus,
420 4522 582 4577 fieret
619 4521 748 4577 loco
780 4519 1332 4592 inrecuperabiliter
1369 4521 1741 4593 dampnosus.
1787 4524 1924 4578 Nam

267 4625 396 4664 cum
436 4609 540 4666 illo
585 4625 689 4666 suo
731 4624 908 4679 more,
946 4610 1108 4681 quasi
1151 4610 1223 4666 ad
1268 4610 1480 4666 fratres
1515 4627 1656 4668 suos
1697 4615 1928 4668 susten-

267 4700 493 4769 tandos,
529 4700 974 4771 quastionarias
1007 4700 1388 4756 circuitiones
1415 4705 1638 4772 ageret,
1673 4701 1746 4758 ad
1769 4702 1926 4759 Idam

268 4805 507 4846 uxorem
543 4790 792 4846 Cononis
826 4789 1062 4846 comitis
1093 4789 1275 4862 venit,
1311 4804 1554 4861 eamque
1590 4791 1743 4863 apud
1775 4792 1928 4849 Mon-

266 4884 622 4937 temacutum
673 4881 1022 4935 infirmatam
1071 4879 1322 4945 invenit;
1367 4896 1496 4952 qua
1540 4882 1926 4954 praesentiens

266 4970 376 5024 sibi
415 4976 656 5026 mortem
689 4969 1035 5042 proximam,
1076 4969 1210 5024 dum
1245 4985 1308 5026 se
1341 4970 1495 5042 apud
1539 4971 1771 5027 beatum
1815 4973 1927 5028 Hu-

266 5058 494 5114 bertum
527 5075 641 5130 quo
678 5063 843 5130 pater
866 5058 992 5128 ejus
1017 5058 1359 5114 Lambcrtus
1381 5057 1536 5128 jacet
1563 5059 1926 5116 deliberaret

265 5147 684 5220 sepeliendam,
722 5149 1086 5218 Berengcrus
1111 5148 1345 5204 omnino
1380 5149 1614 5205 obstitit
1641 5164 1712 5206 ne
1743 5150 1802 5207 id
1826 5151 1924 5208 fle-

264 5242 375 5308 ret,
399 5243 579 5310 utque
599 5237 673 5296 ob
691 5236 1117 5310 subjectionem
1137 5237 1369 5296 Otberti
1387 5240 1924 5298 excommunicatos

2034 1935 2373 2006 nullumque
2399 1935 2612 1990 bonum
2635 1933 2866 1990 illorum
2885 1931 3094 1988 amodo
3114 1932 3478 2002 servandum,
3504 1929 3679 2001 idque

2035 2022 2190 2094 quod
2213 2026 2338 2079 erat
2363 2023 2632 2080 ecclesia
2658 2021 2775 2078 illis
2799 2019 2943 2078 solis
2966 2019 3422 2089 attribuendum,
3457 2017 3550 2090 qui
3575 2031 3678 2090 per

2032 2111 2214 2169 cellas
2243 2111 2626 2180 divertentes,
2659 2109 2940 2166 malorum
2965 2107 3294 2165 vitaverant
3313 2105 3670 2178 contagium.

2031 2201 2291 2271 Denique
2315 2199 2596 2271 quicquid
2619 2215 2691 2256 ex
2711 2213 2914 2257 eorum
2945 2198 3124 2255 rebus
3155 2211 3360 2269 rapere
3388 2199 3674 2268 poterant,

2032 2291 2266 2362 impune
2289 2289 2614 2361 rapiebant,
2649 2288 2794 2347 adeo
2828 2292 2890 2345 ut
2919 2301 2992 2344 ex
3023 2287 3149 2360 ipso
3177 2285 3527 2343 monasterio
3549 2298 3678 2356 age-

2033 2384 2164 2435 rent
2213 2379 2443 2450 pradas
2488 2377 2772 2450 publicas,
2826 2377 2982 2448 quod
3032 2390 3198 2433 nemo
3247 2389 3513 2446 umquam
3551 2373 3677 2446 ejus

2034 2469 2318 2541 temporis
2359 2467 2623 2524 evenisse
2663 2464 2930 2522 audierat
2969 2465 3062 2522 vel
3104 2463 3348 2522 viderat.
3395 2461 3676 2535 Quicquid

2032 2557 2208 2613 etiam
2241 2572 2408 2614 suum
2441 2555 2706 2613 ecclesia
2733 2560 2863 2611 erat
2888 2554 2944 2610 in
2965 2553 3263 2626 episcopio
3290 2552 3554 2610 Remensi
3582 2550 3674 2609 vel

2035 2646 2424 2718 Laudunensi,
2475 2647 2614 2703 item
2666 2643 2902 2703 Metensi
2943 2649 3002 2701 et
3046 2642 3388 2700 Virdunensi
3427 2642 3552 2700 sine
3591 2655 3677 2700 re-

2033 2739 2243 2807 spectu
2277 2735 2506 2792 Otberti
2539 2740 2600 2790 et
2631 2733 2790 2790 illius
2820 2733 2911 2790 sui
2942 2731 3291 2804 Ingobrandi
3325 2730 3521 2802 quieto
3544 2730 3676 2802 jure

2035 2824 2402 2881 deserviebat
2425 2824 2622 2880 abbati
2645 2823 3000 2880 Theoderico
3023 2822 3252 2893 sibique
3267 2819 3550 2892 subjectis
3568 2819 3678 2876 fra-

2034 2914 2242 2985 tribus,
2279 2913 2770 2970 interdicentibus
2799 2912 3049 2968 ducibus
3082 2909 3391 2968 Godefrido
3418 2913 3477 2966 et
3504 2908 3679 2966 Theo-

2035 3003 2234 3060 derico
2259 3003 2383 3060 suis
2405 3003 2752 3073 hominibus,
2789 3015 2861 3059 ne
2889 2999 3138 3072 alicujus
3169 3013 3343 3072 prece
3375 2997 3465 3055 vel
3494 2997 3680 3070 pretio

2035 3093 2262 3150 seducti
2293 3091 2563 3163 injuriam
2596 3091 2716 3148 illis
2746 3091 2964 3148 inferre
2997 3089 3361 3147 molirentur.
3396 3087 3680 3145 Guiredus

2035 3196 2268 3254 quoque
2290 3196 2573 3240 concessa
2597 3181 2709 3238 sibi
2734 3180 3100 3254 providentia
3131 3178 3400 3250 Sulpeum
3423 3183 3480 3234 et
3501 3177 3682 3249 Nega-

2037 3272 2154 3328 rias
2193 3286 2322 3329 cum
2363 3272 2654 3342 Chevogio
2685 3271 2834 3343 (165)
2867 3271 3240 3344 procurabat,
3272 3273 3331 3326 et
3372 3268 3478 3326 hoc
3519 3270 3681 3324 tanta

2036 3360 2336 3430 instantia,
2367 3363 2424 3417 ut
2449 3361 2498 3417 si
2523 3371 2693 3432 quem
2727 3358 3195 3416 ministerialium
3227 3357 3490 3414 mercede
3519 3357 3682 3426 lngo-

2038 3449 2244 3506 brandi
2273 3451 2663 3508 Mosomenses
2691 3449 2785 3506 vel
2815 3446 3198 3505 Bulonienses
3230 3446 3370 3504 illuc
3401 3444 3682 3502 deducere

2037 3538 2372 3597 laborarent
2393 3538 2480 3612 ⁵³⁸,
2503 3538 2600 3596 ille
2618 3553 2719 3596 eos
2737 3538 2830 3596 vel
2851 3542 2981 3595 astu
3003 3537 3350 3610 praeveniret
3369 3535 3459 3594 vel
3474 3533 3682 3592 collec-

2040 3629 2115 3686 tis
2143 3630 2371 3687 viribus
2413 3635 2766 3686 removeret.
2811 3628 3136 3698 Raginerus
3169 3640 3398 3698 quoque
3429 3623 3680 3682 Pirensis

2039 3719 2396 3791 prapositus
2419 3724 2582 3775 tanta
2606 3717 2925 3776 sedulitate
2943 3717 3352 3774 Maceriensem
3368 3712 3679 3772 transitum

2039 3809 2156 3866 illis
2207 3809 2602 3878 obstruxerat,
2649 3812 2712 3865 ut
2744 3821 2912 3864 nemo
2958 3821 3158 3863 earum
3207 3805 3456 3878 partium
3487 3817 3549 3860 se
3578 3801 3680 3859 illo

2038 3897 2304 3967 ingerere
2337 3899 2582 3955 auderet
2613 3898 3033 3968 cujuscumque
3070 3895 3286 3967 negotii
3324 3893 3531 3966 gratia.
3573 3893 3680 3948 Ro-

2039 3987 2242 4045 bertus
2274 3988 2448 4044 etiam
2480 3986 2764 4044 Cunensis
2799 3986 3150 4058 prapositus
3179 3983 3400 4041 viribus
3427 3979 3678 4038 Dodonis

2039 4076 2391 4146 Calviacum,
2445 4075 2874 4132 Flabotivillam
2923 4080 2984 4130 et
3034 4072 3500 4142 Gandrehengias
3533 4069 3679 4140 (166)

2039 4173 2402 4238 pervaserat,
2437 4171 2496 4220 et
2521 4164 2804 4222 fratribus
2827 4165 2924 4236 qui
2949 4163 3051 4219 illo
3074 4163 3272 4236 plures
3292 4162 3680 4219 convenerant

2038 4269 2238 4312 eorum
2262 4255 2554 4312 reditibus
2577 4252 2964 4311 deserviebat.
2999 4254 3154 4308 Hanc
3183 4250 3431 4308 abbatia
3453 4249 3684 4306 divisio-

2039 4357 2169 4400 nem
2211 4359 2341 4401 cum
2383 4343 2788 4414 Ingobrandus
2831 4341 3077 4398 Otberto
3117 4340 3436 4412 sapissime
3481 4352 3684 4409 sugge-

2041 4437 2220 4504 reret,
2281 4433 2563 4490 Otbertus
2610 4447 2753 4489 vero
2803 4435 2911 4490 hoc
2956 4432 3146 4504 ipsum
3197 4430 3328 4488 duci
3377 4426 3682 4486 Godefrido

2041 4523 2206 4595 quasi
2231 4523 2514 4581 advocato
2535 4521 2804 4580 ecclesia
2828 4522 2982 4594 quod
3005 4520 3144 4578 talia
3169 4523 3468 4593 pateretur
3494 4516 3684 4574 tristis

2038 4613 2335 4683 ingereret
2363 4632 2374 4666 :
2403 4612 2501 4668 ille
2523 4625 2555 4669 e
2577 4611 2811 4670 diverso
2833 4611 3204 4682 causabatur,
3239 4609 3300 4667 id
3329 4608 3439 4668 sibi
3471 4608 3682 4680 injuste

2037 4716 2169 4759 eum
2209 4715 2584 4772 succensere,
2617 4714 2684 4758 ea
2716 4715 2846 4772 qua
2877 4714 2982 4758 sua
3013 4705 3182 4757 erant
3220 4697 3502 4768 ecclesia,
3545 4694 3680 4752 ﬁliis

2038 4791 2166 4863 ejus
2196 4807 2302 4849 nec
2333 4791 2549 4848 debere
2591 4806 2697 4848 nec
2736 4805 2912 4864 posse
2960 4803 3303 4862 quemquam
3351 4785 3677 4860 prohibere,

2037 4881 2150 4956 ipsi
2201 4881 2310 4940 hoc
2359 4881 2560 4954 potius
2606 4879 3008 4952 imputandum
3049 4894 3200 4951 esse,
3245 4877 3338 4952 qui
3376 4881 3588 4934 tantam
3622 4876 3676 4932 in

2039 4971 2166 5028 loco
2215 4971 2500 5028 hactenus
2547 4970 2793 5027 honesto
2839 4968 3214 5026 suscitaverit
3260 4965 3675 5035 confusionem,

2037 5061 2254 5134 quique
2285 5061 2546 5133 legitimo
2579 5060 2776 5118 abbati
2809 5057 3286 5132 superinduxerit
3321 5054 3479 5113 illum
3511 5069 3677 5111 suum

2034 5151 2213 5209 talem
2242 5152 2640 5210 consultorem
2680 5158 2740 5208 et
2777 5151 3162 5224 provisorem.
3207 5148 3323 5206 Sub
3363 5145 3464 5203 tali
3507 5146 3677 5217 hujus

2032 5241 2302 5300 ecclesia
2351 5241 2694 5302 confusione
2745 5242 3091 5302 Lambertus
3139 5239 3346 5312 minor,
3389 5236 3486 5310 qui
3526 5233 3678 5310 apud

1614 5367 1854 5426 VARLE
1885 5368 2178 5428 LECTION
2187 5370 2268 5426 ES
2281 5412 2294 5426 .

335 5449 400 5487 ¹¹⁸
431 5451 730 5511 laboraret
762 5459 810 5512 1.

1861 5529 2086 5590 NOTAE.

640 5622 882 5757 ialiiztii
915 5623 1062 5701 Cat.,
1095 5641 1147 5687 c.
1182 5632 1234 5687 3.

582 5737 621 5768 .,
690 5739 703 5756 .
809 5736 823 5755 .

582 5737 621 5769 ο,
651 5736 703 5756 νο
741 5736 823 5757 ιπι

2101 5629 2250 5704 (165)
2268 5630 2526 5704 Same.
2557 5629 2812 5704 Name
2850 5628 3144 5704 Cmam
3176 5627 3243 5686 R-

2101 5673 2148 5774 ξὶ
2159 5673 2250 5775 ὅόἱ
2268 5673 3072 5775 ἓὶιᾶπώιόὶιῗὲὶᾶὒεὶἵέῑιὲἷ
3081 5673 3585 5773 ῢαῐᾶηιισηθίοε.
3607 5697 3671 5756 a.
