3936 6424
285 349 442 417 1428

280 524 397 595 jam
421 536 667 580 securus
697 521 973 595 locasset,
1013 523 1188 581 Cunis
1203 537 1477 582 reversus
1519 522 1809 595 quomodo
1841 538 1936 581 res

282 628 386 671 sua
404 612 786 685 processisset
809 613 1005 670 abbati
1034 614 1362 684 Berengero
1387 615 1539 687 apud
1562 615 1939 671 Eberneicor-

282 705 398 758 tem
424 701 895 772 commoranti,et
912 702 1200 774 quosipse
1215 706 1589 774 procurasset
1605 702 1714 759 sibi
1734 702 1940 759 rescri-

282 790 334 846 bi
358 790 1008 863 mandavit.Reseripsit
1028 789 1214 862 ille,se
1233 796 1855 863 procurante,paratos
1867 791 1937 848 ad

278 879 607 936 condictam
624 879 978 936 audientiam
995 879 1408 950 convenire,de
1424 881 1692 937 Remensi
1707 880 1937 951 quidem

285 968 592 1039 metropoli
625 968 894 1025 domnum
940 969 1261 1025 Manassen)
1299 969 1701 1040 prtepositum,
1737 974 1938 1041 postea

280 1057 493 1113 factum
522 1056 1029 1128 archiepiscopum
1061 1058 1231 1129 (171),
1253 1058 1542 1126 Rogerum
1568 1056 1938 1113 defensorem

278 1144 544 1202 ecclesiae
564 1149 621 1201 et
660 1145 1157 1215 archidiaconum,
1184 1144 1496 1202 Rodulfum
1521 1145 1937 1202 cancellarium

278 1237 500 1307 etpost
554 1236 870 1291 Manassen]
929 1235 1309 1307 praepositum
1372 1236 1542 1307 (172),
1604 1234 1937 1292 Odalricum

282 1324 661 1381 scolasticum
713 1324 978 1382 ecclesiae
1028 1327 1299 1381 Romanze
1329 1325 1474 1381 satis
1528 1329 1724 1381 notum
1756 1329 1816 1381 et
1847 1339 1940 1381 ca-

283 1430 407 1471 rum
446 1416 619 1486 (173);
655 1415 725 1470 de
766 1414 1015 1472 ecclesia
1078 1414 1231 1471 beati
1267 1415 1511 1486 Remigii
1571 1414 1937 1471 Lambertum

283 1504 537 1575 priorem
571 1510 625 1559 et
655 1518 802 1575 quos
828 1520 1023 1561 secum
1047 1504 1337 1561 deducere
1362 1503 1571 1572 vellet;
1598 1505 1668 1560 de
1691 1503 1937 1559 ecclesia

282 1593 688 1651 Suessionensi
738 1594 1167 1665 Engelrannum
1199 1593 1266 1627 "1
1298 1594 1791 1664 archidiaconum,
1826 1608 1937 1650 non

281 1683 467 1739 multo
498 1688 633 1754 post
664 1684 922 1740 Lauduni
984 1684 1322 1755 episcopum
1380 1684 1712 1740 ordinatum
1745 1683 1933 1755 (174);

281 1769 352 1825 de
385 1769 636 1827 ecclesia
690 1770 1055 1827 Laudunensi
1088 1771 1326 1828 Ebalum
1375 1772 1845 1828 archidiaconum
1878 1776 1938 1827 et

1285 350 1765 417 CHRONICON
1795 349 1859 414 S.
1897 344 2266 412 HUBERTI
2299 350 2671 415 ANDAGIN

1967 483 2022 546 A

3546 352 3707 417 1424

2050 519 2230 592 vavit,
2257 519 2573 594 dicensque
2590 522 2850 581 eamdem
2874 520 3229 581 audientiam
3246 538 3358 582 non
3379 524 3568 583 solum
3590 539 3704 598 per

2051 624 2113 666 se
2144 611 2516 668 avertendam
2566 611 2654 684 1³³,
2688 629 2890 671 verum
2939 629 3043 672 sua
3071 616 3424 672 auctoritate
3478 621 3536 672 et
3563 630 3703 672 con-

2051 698 2231 756 ductu
2260 702 2662 772 roborandam,
2684 703 2964 775 compulit
2989 704 3099 760 sibi
3126 703 3408 775 duplicari
3433 704 3696 776 pecunia:

2051 789 2496 859 promissionem
2516 792 2759 863 primam
2778 810 2791 849 :
2808 793 3010 864 sicque
3026 793 3375 864 malignante
3396 794 3698 865 impietate

2048 892 2179 933 cum
2228 879 2492 950 avaritia,
2550 895 2833 952 oppressa
2864 884 2954 938 est
3016 881 3382 939 eliminandae
3428 882 3699 940 veritatis

2049 967 2432 1037 experientia.
2460 971 2597 1025 Nam
2617 986 2747 1027 cum
2777 972 3112 1028 defensione
3136 971 3300 1028 ducis
3321 976 3377 1029 et
3404 972 3697 1029 conductu

2050 1060 2250 1112 tantus
2275 1061 2504 1128 tamque
2527 1058 2802 1128 vulgatus
2820 1064 3145 1117 conventus
3170 1065 3506 1132 speraretur
3525 1075 3700 1130 agen-

2051 1144 2160 1201 dus
2184 1145 2380 1201 Lcodii
2406 1146 2740 1204 imminente
2761 1148 3030 1206 natalitio
3055 1148 3448 1221 apostolorum
3468 1150 3699 1205 Petriet

2050 1234 2212 1291 Pauli
2241 1234 2361 1305 (au.
2384 1239 2566 1308 1095),
2590 1237 2712 1309 ipsa
2736 1238 2936 1295 eadem
2962 1239 3056 1296 die
3079 1254 3207 1296 cum
3231 1238 3442 1295 comite
3457 1237 3697 1295 Arnulfo

2052 1337 2115 1379 se
2138 1324 2332 1381 Remis
2354 1324 2610 1381 futurum
2643 1326 2872 1397 publice
2904 1327 3187 1398 condixit,
3216 1332 3280 1384 ut
3307 1328 3432 1399 ejus
3460 1341 3696 1384 causam

2050 1428 2179 1469 cum
2210 1413 2493 1470 Rainaldo
2517 1415 2962 1488 archiepiscopo
2987 1420 3204 1487 ageret,
3226 1431 3471 1487 eumque
3493 1418 3563 1473 de
3584 1417 3701 1472 Mo-

2052 1504 2308 1560 somensi
2342 1508 2538 1560 castro
2561 1504 2715 1574 quod
2738 1504 3077 1562 incenderat
3107 1512 3166 1562 et
3196 1509 3523 1562 vastaverat
3547 1504 3698 1574 (175)

2052 1592 2459 1648 concordarct.
2496 1592 2658 1649 Dodo
2692 1593 3027 1664 intelligens
3056 1595 3362 1650 Otbertum
3404 1598 3461 1650 et
3493 1594 3700 1650 ducem

2053 1680 2372 1750 cognitioni
2396 1680 2796 1738 discernenda:
2823 1683 3091 1739 veritatis
3115 1681 3697 1752 defecisse,eumdem

2054 1768 2344 1826 defectum
2369 1771 2567 1826 abbati
2588 1770 2810 1841 retulit,
2837 1776 2893 1827 et
2920 1770 3157 1829 meliora
3190 1770 3443 1842 speranti
3466 1768 3698 1826 maximi

281 1859 706 1915 Adalberonem
740 1860 1032 1931 abbatem,
1058 1865 1116 1916 et
1152 1876 1298 1931 quos
1322 1861 1446 1933 ipse
1477 1876 1708 1932 quoque
1740 1875 1935 1918 secum
1964 1843 2025 1908 Β
2057 1858 2279 1916 doloris
2302 1860 2511 1917 vulnus
2551 1859 2809 1916 adauxit.
2838 1861 3033 1931 Neque
3064 1859 3214 1916 enim
3248 1862 3467 1915 tantum
3497 1873 3602 1930 pro
3633 1870 3699 1914 se

279 1948 481 2004 venire
539 1954 928 2020 competeret.
997 1951 1286 2006 Praeterea
1348 1950 1696 2019 significavit
1755 1951 1805 2006 ei
1839 1966 1941 2022 per

285 2037 521 2093 easdem
554 2036 807 2107 litteras,
841 2038 1087 2095 Henrico
1144 2042 1202 2094 et
1232 2039 1481 2095 Lanzoni
1513 2039 1942 2096 archidiaconis

282 2130 338 2183 et
373 2127 585 2198 quibus
631 2128 740 2184 sibi
775 2128 959 2184 visum
992 2129 1181 2185 fuerat
1234 2128 1778 2186 rationabilioribus
1807 2130 1943 2186 Leo-

282 2214 500 2272 diensis
549 2216 815 2273 ecclesiae
850 2233 955 2288 pro
1017 2232 1076 2272 re
1134 2224 1193 2273 ct
1252 2222 1516 2290 tempore
1576 2233 1638 2274 se
1698 2218 1944 2290 plurima

280 2304 590 2377 scripsisse
619 2310 676 2361 ct
712 2306 1130 2376 transmisisse,
1170 2306 1223 2361 in
1278 2306 1488 2377 quibus
1528 2308 1809 2377 arguebat
1842 2321 1946 2363 eos

281 2392 552 2450 mcr‘cede
576 2392 801 2449 Balaam
834 2393 1113 2450 seductos
1142 2408 1338 2450 coram
1378 2394 1511 2451 ﬁliis
1536 2395 1758 2451 Israhel
1784 2410 1949 2451 scan-

284 2482 476 2539 dalum
504 2483 790 2556 posuisse,
824 2481 1111 2540 habentes
1148 2484 1315 2540 modo
1340 2484 1646 2542 Otbertum
1672 2500 1779 2556 pro
1805 2498 1950 2556 pon-

283 2572 463 2644 tifice,
527 2587 696 2643 quem
757 2588 957 2628 secum
1026 2572 1162 2629 olim
1225 2573 1681 2630 detestabantur
1725 2573 1949 2645 judicio

297 2661 783 2718 contradictionis
806 2661 1169 2732 justissimaz,
1204 2667 1257 2718 et
1293 2667 1356 2720 ut
1386 2662 1509 2735 ipsa
1536 2662 1799 2735 quaedam
1824 2664 1950 2734 ejus

290 2752 472 2807 verba
499 2751 981 2822 interponentur:
1008 2752 1085 2809 Si
1117 2752 1241 2823 Izoc,
1267 2752 1475 2822 inquit,
1507 2753 1664 2810 recte
1676 2753 1944 2825 fecistis,

291 2839 470 2896 hodie
492 2839 783 2897 latamiui
796 2841 863 2897 iu
882 2840 1217 2915 Abimelech
1231 2842 1292 2897 et
1306 2841 1432 2912 ipse
1446 2842 1509 2898 in
1528 2841 1722 2899 vobis:
1758 2841 1951 2898 Domi-

288 2928 606 2986 uusautem
633 2928 938 2986 latabitur
958 2931 1025 2987 in
1045 2930 1319 3001 operibus
1339 2931 1469 2987 suis
1496 2929 1719 3001 (Judic.
1740 2947 1813 3001 ix,
1832 2932 1942 3003 19).

289 3017 502 3075 Omnes
531 3018 638 3074 has
696 3019 1143 3090 procurationes
1201 3020 1559 3076 defensionis
1592 3036 1711 3076 sua:
1742 3020 1946 3077 retulit

288 3108 475 3163 abbas
525 3106 746 3162 Dodoni
782 3108 1051 3174 Cunensi,
1113 3112 1169 3163 et
1203 3112 1270 3164 ut
1304 3124 1503 3165 secum
1527 3109 1730 3165 ducem
1766 3110 1948 3167 Godc-

2056 1948 2313 2019 dolebat,
2331 1949 2620 2006 subducto
2643 1949 2751 2005 sibi
2775 1948 2902 2005 loco
2920 1948 3574 2018 defensionis,quantum
3592 1960 3697 2018 pro

2054 2035 2166 2093 hiis
2198 2052 2343 2108 quos
2392 2041 2691 2093 emoverat
2726 2041 2903 2093 tantze
2960 2035 3380 2108 expectationi.
3443 2033 3698 2091 Subinde

2056 2140 2287 2197 quoque
2322 2128 2687 2196 Berengerus
2740 2127 2923 2183 abbas
2954 2129 3257 2197 assumpto
3289 2124 3480 2197 priore
3509 2123 3695 2180 sancti

2056 2215 2321 2286 Remigii,
2352 2216 2523 2273 Piros
2578 2230 2765 2287 usque
2792 2220 3184 2289 processerat,
3248 2214 3595 2286 quaesiturus
3625 2211 3697 2269 de

2057 2305 2434 2361 certificanda
2459 2306 2780 2362 securitate
2803 2319 3003 2362 eorum
3027 2319 3174 2376 quos
3195 2306 3251 2360 et
3277 2302 3401 2374 ipse
3422 2308 3701 2358 venturos

2060 2394 2497 2451 sollicitaverat.
2536 2393 2752 2451 Ibidem
2789 2394 3082 2467 paulisper
3110 2392 3363 2450 cessanti
3386 2392 3598 2447 missus
3625 2391 3699 2447 ab

2060 2483 2272 2540 abbate
2333 2483 2674 2539 Lambertus
2729 2483 2914 2553 major
2971 2480 3247 2552 occurrit,
3297 2484 3357 2537 et
3409 2495 3519 2551 quo
3569 2486 3699 2535 astu

2062 2572 2291 2628 Otberti
2323 2579 2380 2628 et
2413 2572 2579 2629 ducis
2606 2586 2743 2644 spes
2772 2587 2972 2629 eorum
3004 2573 3283 2628 frustrata
3316 2573 3491 2638 esset,
3524 2566 3701 2623 nichil

2062 2659 2161 2716 tali
2188 2660 2411 2716 verenti
2428 2660 2744 2716 nunciavit.
2774 2660 3135 2729 Berengerus
3151 2657 3563 2728 indignatusex
3584 2658 3699 2711 tam

2059 2750 2253 2805 subita
2274 2765 2467 2806 rerum
2502 2749 2825 2820 eversione,
2861 2749 3057 2805 statim
3092 2747 3351 2804 dictante
3374 2743 3573 2802 eadem
3596 2756 3699 2799 sua

2061 2835 2459 2909 indignatione
2475 2837 3049 2909 scripsitmajoribus
3062 2831 3695 2903 Leodiensisecclesiaa,

2059 2943 2175 2985 non
2195 2932 2353 2984 reate
2375 2943 2476 2984 eos
2510 2928 2672 2984 fama:
2691 2943 2810 2984 sum
2833 2934 2892 2984 et
2916 2926 3122 2983 honori
3144 2923 3527 2993 consuluisse,
3546 2920 3697 2992 judi-

2058 3018 2151 3074 cio
2182 3024 2242 3073 et
2264 3017 2517 3089 justiciaa
2537 3016 2707 3073 nimis
2726 3016 3097 3088 impudenter
3120 3015 3178 3070 in
3206 3012 3395 3086 capite
3410 3026 3515 3068 suo
3546 3010 3698 3066 defe-

2059 3108 2231 3177 cisse,
2251 3106 2540 3162 infamiam
2563 3104 2737 3176 hujus
2776 3105 3041 3162 dcfectus
3062 3105 3152 3161 sui
3173 3104 3339 3173 longe
3354 3102 3584 3171 lateque
3608 3102 3695 3155 tot

290 3195 499 3252 fridum
529 3201 985 3274 commorantem
1030 3197 1258 3254 Bulonii
1295 3198 1633 3254 conveniret
1672 3199 1946 3269 precibus
1979 3208 2032 3274 α
2061 3196 2432 3254 auditoribus
2453 3194 2707 3266 repulsis
2722 3193 3075 3265 declarasse,
3093 3197 3149 3250 et
3168 3198 3354 3249 tamen
3378 3205 3408 3247 a
3429 3187 3694 3246 condicta

288 3273 563 3357 optinuit,
600 3299 705 3356 per
725 3300 787 3340 se
808 3286 1036 3342 certius
1060 3288 1131 3342 ab
1154 3302 1222 3343 co
1248 3287 1628 3358 quaesiturus,
1656 3287 1793 3359 quid
1817 3304 1947 3345 cum

289 3374 536 3431 Otberto
565 3379 879 3430 tractasset
911 3375 982 3431 de
1013 3376 1336 3433 securitate
1369 3377 1576 3446 agendi
1603 3382 1947 3435 conventus.

288 3464 614 3536 Respondit
644 3464 762 3520 dux
809 3465 1019 3521 iterum
1069 3470 1246 3537 atque
1279 3466 1490 3523 iterum
1523 3481 1585 3523 se
1641 3466 1948 3524 Otbertum

291 3567 397 3624 pro
428 3552 541 3608 hoc
592 3552 1025 3625 interpellasse,
1090 3553 1252 3611 illum
1283 3570 1425 3613 vero
1481 3555 1723 3612 variatis
1757 3555 1954 3612 verbis

292 3641 517 3697 certius
566 3640 699 3697 inde
733 3657 793 3697 re
817 3658 1094 3713 sponsum
1134 3643 1421 3701 hactenus
1448 3643 1815 3701 insimulasse
1848 3644 1952 3713 1”;

294 3730 397 3786 sed
430 3730 486 3786 in
519 3731 841 3787 crastinum
876 3746 938 3787 se
971 3731 1308 3789 habiturum
1341 3748 1471 3789 cum
1501 3748 1572 3789 eo
1598 3732 1954 3804 colloquium

291 3818 584 3889 Vilantiae,
634 3834 829 3875 secum
877 3835 945 3876 eo
978 3835 1159 3891 usque
1220 3821 1380 3877 Dodo
1413 3821 1657 3891 veniret,
1720 3820 1957 3893 illicque

296 3907 673 3979 experiretur
704 3908 839 3978 quid
897 3908 1253 3965 credendum
1314 3911 1383 3966 de
1416 3910 1705 3967 mandatis
1760 3912 1957 3968 abbati

296 3997 566 4052 referret.
591 3998 985 4053 Praesenserat
1008 4003 1200 4053 autem
1223 3998 1503 4056 Otbertus
1524 4000 1958 4058 studiosissime

297 4084 567 4140 abbatem
601 4099 721 4141 rem
773 4099 935 4141 suam
970 4101 1340 4157 procurasse,
1392 4091 1597 4160 totque
1655 4090 1957 4147 auditores

304 4173 609 4231 adversum
626 4191 686 4231 se
701 4180 756 4230 et
777 4174 1030 4232 clericos
1045 4192 1185 4233 suos
1202 4178 1353 4233 susci
1367 4179 1708 4250 tasse,ipsos
1728 4195 1958 4252 quoque

299 4262 647 4321 Leodienses
706 4265 1011 4321 maximam
1073 4266 1532 4337 indignationem
1589 4270 1955 4342 concepisse,

299 4354 451 4423 quod
476 4368 741 4424 persona:
760 4354 1003 4411 aliarum
1030 4355 1280 4427 urbium,
1306 4358 1470 4428 quasi
1488 4359 1958 4431 perSpicaciores

302 4443 906 4514 superinduccrentur
930 4444 1014 4501 eis
1035 4445 1105 4500 ad
1131 4445 1585 4518 disputandum;
1610 4449 1957 4506 etdiﬂldens

2062 3285 2359 3343 audientia
2381 3286 2462 3342 sic
2487 3285 2823 3356 frustratos,
2848 3299 3058 3342 causas
3080 3281 3315 3353 agendae
3346 3276 3694 3346 defensionis

2062 3379 2123 3433 et
2137 3375 2443 3432 elimandze
2460 3374 2727 3432 veritatis
2747 3373 3198 3431 nichilhomiuus
3212 3365 3697 3428 eﬂ‘ecisse.Sciens

2064 3479 2297 3538 quoque
2321 3464 2590 3521 abbatem
2604 3462 3021 3520 Theodericum
3037 3461 3183 3519 attici
3198 3457 3543 3531 gravissimo
3565 3469 3699 3512 mte-

2066 3570 2218 3625 rore,
2264 3554 2583 3611 secundum
2618 3552 2791 3608 animi
2825 3552 2911 3609 sui
2964 3548 3416 3608 teneritudinem
3446 3546 3591 3601 hanc
3618 3542 3697 3599 in-

2068 3651 2156 3701 ter
2182 3643 2429 3716 plurima
2454 3641 2535 3697 illi
2561 3641 2803 3713 scripsit
2825 3640 3314 3698 consolationem:
3344 3634 3699 3705 Rerumgui-

2067 3734 2197 3792 dem
2227 3733 2425 3790 exitus
2445 3731 2776 3803 prudentia
2807 3731 3069 3800 metitur,
3103 3729 3207 3789 sed
3234 3730 3430 3788 alieuo
3467 3726 3535 3782 de
3554 3725 3706 3794 cepit

2067 3837 2266 3881 errore
2282 3820 2761 3893 rotamfortuuce
2772 3835 2875 3877 nos
2891 3819 3263 3891 q-uoguealiq
3272 3819 3499 3876 uandiu
3522 3817 3686 3875 νευθί

2066 3913 2278 3981 cimus,
2297 3911 2417 3967 etm
2425 3911 2659 3967 arimos
2672 3908 2901 3965 labores
2897 3908 3153 3980 frustra
3161 3908 3416 3979 fatigati
3436 3904 3702 3979 expendi-

2066 4016 2216 4059 mus.
2234 4001 2376 4057 Erit
2387 4001 2541 4058 certe
2553 4000 2586 4055 ὴ
2596 4013 2659 4057 oc
2678 3998 2885 4055 aeterni
2903 3997 3137 4055 Judicis
3158 3996 3484 4068 vindicare,
3497 4010 3600 4068 pro
3612 4008 3704 4053 cat-

2063 4089 2093 4160 7'
2100 4104 2167 4148 us
2167 4089 2295 4162 ﬁde
2307 4091 2573 4146 nissime
2590 4089 2992 4160 proposuimus
3022 4086 3296 4144 inimicis
3305 4087 3431 4158 ejus
3444 4085 3705 4157 displice-

2068 4195 2152 4237 re.
2193 4182 2579 4250 Summopere
2598 4193 2731 4235 vero
2770 4176 3105 4235 curandum
3126 4176 3214 4233 est
3223 4175 3386 4233 vobis
3407 4175 3511 4233 hoc
3528 4176 3705 4233 citius

2071 4271 2157 4327 eis
2168 4283 2315 4340 quos
2325 4267 2600 4325 oocastis.
2619 4268 2764 4324 utiu
2777 4266 2913 4323 locis
2924 4267 3053 4323 suis
3083 4266 3323 4334 cesserit,
3346 4264 3700 4337 signiﬁcare.

2072 4360 2198 4430 Ego
2211 4355 2770 4430 quoquerediensid
2779 4356 2973 4427 ipsum
2986 4352 3200 4411 curabo
3210 4353 3530 4411 maturi-are.
3551 4350 3701 4408 Vale.

2074 4450 2189 4504 Nec
2222 4462 2401 4516 mora,
2428 4446 2713 4503 ordinatis
2745 4445 2817 4501 ab
2842 4449 3090 4515 utroque
3119 4443 3345 4514 legatis,
3369 4448 3431 4499 ut
3450 4445 3706 4499 cessante

302 4532 457 4604 parti
482 4549 600 4590 sum
632 4535 675 4590 si
711 4535 1217 4605 congrederentur
1245 4537 1296 4592 ei
1323 4536 1392 4592 ad
1411 4537 1725 4610 judicium,
1760 4555 1959 4598 neces-
1986 4602 2034 4610 __
2076 4536 2367 4594 audientia
2408 4540 2711 4593 cessarent
2733 4540 2792 4590 et
2821 4532 3069 4604 evocati,
3096 4533 3454 4602 Berengerus
3482 4529 3706 4587 rediens

302 4602 535 4679 sitatem
562 4602 916 4681 imminentis
931 4625 1243 4682 audientize
1264 4602 1579 4684 destinavit
1597 4643 1658 4685 se
1684 4602 1959 4700 quocum-
1986 4602 2043 4665 D
2075 4626 2268 4683 Remis
2292 4625 2641 4697 quantocius
2655 4621 2789 4680 duci
2810 4602 3088 4692 occurrit,
3111 4627 3168 4677 et
3187 4620 3320 4692 quia
3340 4635 3441 4693 pro
3459 4624 3710 4690 tempore

302 4723 415 4783 que
445 4712 614 4769 modo
644 4713 833 4770 vitare
868 4733 880 4768 :
916 4714 1069 4770 unde
1101 4720 1160 4771 et
1194 4716 1327 4772 duci
1362 4716 1431 4773 ad
1468 4732 1527 4773 se
1559 4718 1816 4775 venienti
1858 4721 1972 4778 hoc
2076 4715 2514 4774 sibividebatur
2530 4705 3707 4786 potenspersona,potiuscautelenienda,

303 4798 493 4873 ipsum
518 4801 812 4860 secretius
843 4802 1156 4861 intimavit.
1188 4806 1311 4861 Dux
1336 4820 1476 4863 vero
1500 4810 1560 4863 ut
1593 4806 1702 4865 hoc
1726 4810 1971 4879 audivit_
2080 4820 2250 4879 quam
2283 4804 2642 4862 mordaciter
2670 4801 3089 4876 eanperanda,
3115 4815 3243 4858 cum
3266 4798 3497 4871 publice
3517 4809 3710 4868 quere-

304 4872 517 4949 callide
552 4893 705 4965 quod
739 4890 988 4949 timebat
1013 4892 1295 4952 Otbertus
1320 4894 1608 4955 adversus
1630 4912 1759 4956 eum
1787 4872 1977 4970 ingra:
2081 4872 2246 4957 retur
2279 4894 2349 4953 de
2380 4910 2447 4951 ea
2493 4908 2665 4967 quam
2725 4872 3060 4966 patiebatur
3112 4894 3317 4948 sancta
3344 4886 3588 4947 ecclesia
3645 4885 3710 4942 ab

1675 4998 1911 5054 VARIIE
1951 4997 2358 5060 LECTIONES.

353 5087 885 5173 .”‘,Em.01l‘9nnulm
925 5094 980 5173 1.
1016 5091 1123 5150 sed
1152 5090 1883 5173 iﬂfraﬁngelramuum.“
1924 5097 1994 5135 1⁸³
2020 5114 2135 5173 non
2168 5094 2665 5173 interpoueudmu
2689 5091 2950 5163 videtur,
2979 5091 3106 5151 uisi
3131 5086 3520 5162 interpretari
3544 5082 3712 5144 mali:

308 5158 737 5219 dissimulando
771 5162 1068 5221 vitavisse.
1152 5162 1219 5197 ’³³
1251 5158 1512 5224 alter-uin
1541 5181 1653 5224 non
1684 5171 1981 5231 excidisse
2008 5171 2268 5242 videtur,

1900 5269 2136 5329 NOTIE.

381 5356 532 5429 (171)
564 5358 926 5429 Raginoldus
948 5363 1213 5419 mortuus
1233 5365 1323 5419 est
1353 5377 1434 5420 xu
1454 5363 1573 5420 Kal.
1601 5364 1769 5422 Febr.
1799 5372 1962 5425 1000.

308 5429 677 5558 Ιέἓοᾶἒ
711 5445 801 5504 ap.
836 5432 1033 5505 Varia,
1084 5434 1369 5492 Archives
1396 5436 1608 5493 admin.
1645 5437 1715 5494 de
1748 5437 1801 5495 la
1834 5439 1971 5499 ville

2156 5368 2303 5440 (173)
2339 5369 2478 5440 1097
2518 5363 2811 5440 iegatione
2838 5361 2923 5440 ad
2957 5360 3246 5419 Urbanum
3272 5356 3322 5416 II
3354 5357 3587 5416 functus
3613 5358 3713 5414 est.

2081 5437 2306 5505 Ma‘rlot',
2343 5438 2490 5494 llist.
2525 5438 2684 5493 Rem.
2719 5437 2787 5503 ll,
2827 5437 2950 5490 214.

2156 5501 2708 5583 (174ijnn071096.
2765 5501 3053 5578 Sigeberti
3110 5506 3277 5562 Auct.
3335 5501 3717 5572 Laudunense,

2081 5581 2226 5640 Mo‘n.
2265 5581 2356 5638 SS.
2394 5581 2483 5652 VI,
2520 5582 2641 5637 445.

2155 5652 2304 5726 (175)
2338 5654 2503 5710 Anno
2536 5654 2692 5723 1092,
2727 5651 2873 5709 Ann.
2905 5650 3139 5708 Mosom.

387 5570 535 5646 (172)
570 5572 706 5646 Quo,
754 5589 848 5632 xxv
898 5573 1027 5633 Kal.
1096 5576 1233 5635 Oct.
1298 5579 1435 5636 1106
1492 5585 1725 5638 mortuo
1782 5581 1972 5638 archi-

311 5654 629 5773 episcotpus
657 5645 888 5707 electus
917 5653 1026 5721 est,
1062 5651 1119 5706 et
1152 5654 1310 5724 1108,
1339 5652 1609 5711 Gerrasio
1630 5653 1969 5715 adversario

308 5727 506 5788 prteva
535 5720 651 5782 uit.
