3936 6424
317 459 470 524 1429

1341 452 1816 519 CHRONICON
1846 451 1912 515 Β.
1940 448 2308 514 HUBERTI
2337 450 2726 514 ANDAGIN.

3558 438 3711 502 1430

314 614 462 688 quia
484 627 592 670 nec
587 610 1160 685 furnecsacrilegus
1171 611 1402 666 sumre!
1407 610 1517 680 fui
1531 611 1659 680 ejus
1677 610 1950 677 ecclesia,
1983 587 2038 647 Α
2062 619 2389 675 prasumas
2401 625 2424 673 ,-
2435 620 2574 661 nam
2594 607 2647 661 si
2667 605 2782 660 tale
2796 602 2946 688 quid
2951 601 3200 672 feceris,
3237 598 3301 653 in
3331 597 3392 688 te.
3407 595 3566 652 scias
3583 595 3709 688 rin-

313 718 497 774 quam
520 705 632 759 Dei
657 702 864 772 gratia
893 716 1049 771 rego,
1093 714 1280 771 neque
1311 700 1614 757 ecclesiam
1648 698 1955 768 aliquibus

310 791 633 849 suisrebus
643 791 920 860 spoliari,
937 805 1040 845 nec
1061 793 1381 860 quicquam
1398 791 1466 845 de
1470 790 1693 861 fundis
1707 791 1836 858 ejus
1849 789 1957 842 aut

310 881 557 936 cendidi
581 882 690 935 aut
711 879 976 935 distraai
999 881 1107 934 aut
1125 882 1403 948 cuiquam
1429 879 1626 947 quoad
1654 880 1670 930 i
1681 895 1714 932 n
1730 893 1815 932 me
1813 877 1956 947 fuit

308 983 379 1026 us
390 983 608 1040 urpare
613 970 887 1038 permisi.
917 970 1040 1023 Sed.
1053 983 1177 1022 cum
1196 970 1448 1023 riderem
1472 983 1565 1024 res
1577 984 1610 1022 a
1623 969 1844 1022 liarum
1866 981 1949 1021 ec-

309 1059 632 1114 clesiarum
654 1071 690 1112 a
711 1058 840 1113 suis
881 1059 1124 1126 emptori
1133 1057 1255 1124 bus,
1281 1057 1386 1113 hoc
1406 1058 1495 1112 est
1513 1071 1549 1111 a
1587 1056 1942 1122 ll'olbodone,

308 1145 682 1215 Leuponem,
725 1145 1068 1214 Gisleberto,
1110 1147 1507 1211 Wartmundo,
1531 1145 1686 1200 male
1731 1145 1940 1212 diripi,

307 1234 441 1289 etin
453 1236 716 1304 pretium
729 1235 1556 1291 simoniacasuaceualitatis
1566 1234 1813 1304 pessime
1826 1235 1943 1289 dis-

309 1322 501 1391 trahi,
525 1324 734 1379 timens
756 1338 824 1378 ne
844 1323 1127 1380 similiter
1163 1324 1230 1378 ab
1254 1326 1459 1394 aliquo
1487 1338 1797 1394 percasore
1848 1335 1942 1377 res

307 1412 569 1469 ecclesia
584 1414 798 1469 nostra
820 1413 1321 1483 dilapidarentur,
1361 1414 1607 1470 conci/io
1623 1412 1872 1484 Godefri
1878 1413 1941 1468 di

308 1498 482 1556 ducis
523 1502 901 1571 aliorumque
938 1502 1299 1570 sapient-ium
1327 1503 1608 1565 piro-rum,
1649 1501 1754 1571 qui
1785 1500 1944 1570 quod

293 1589 507 1657 postea
532 1589 756 1645 accidit
780 1588 1145 1655 verebantur.
1165 1592 1398 1659 partem
1423 1589 1689 1645 thesauri
1712 1592 1942 1645 cuima-

304 1677 469 1732 a‘ime
492 1676 785 1746 timebam,
807 1679 1242 1748 egredientibus
1263 1694 1481 1734 mecum
1502 1681 1569 1734 de
1588 1681 1942 1736 monasterio

289 1765 612 1836 fratribus
626 1766 953 1836 ciris_/icteli
961 1767 1064 1821 bus
1081 1769 1362 1832 commisi,
1391 1769 1445 1822 et
1461 1784 1574 1823 non
1590 1769 1749 1823 alias
1763 1784 1943 1840 quam

306 1855 480 1928 infra
490 1858 905 1927 possessio-nem
920 1858 976 1911 et
969 1856 1236 1927 fundum
1254 1858 1506 1914 ecclesia
1517 1859 1709 1914 sancti
1727 1861 1786 1913 Η
1789 1858 1945 1913 uber-

2067 673 2404 743 dicandum.
2441 711 2465 734 ιι
2492 688 2643 743 Item
2673 689 2744 743 Gr
2760 682 2995 753 egorius
3029 684 3093 737 in
3126 677 3563 746 e'rangelivrum
3589 673 3708 728 tra-

2064 777 2353 832 ctatibus:
2375 799 2398 824 α
2413 777 2581 843 .S'ape
2597 774 2863 844 pastores
2881 770 3135 826 ecclesia
3150 769 3210 822 in
3240 763 3507 836 ligandis
3531 760 3708 817 εἰδοῖ-

2061 865 2268 921 pendis
2292 880 2413 920 sua
2437 863 2766 920 voluntatis
2787 861 2976 915 motus
3018 873 3126 913 non
3165 856 3356 911 auten
3384 863 3707 907 causarum

2057 953 2275 1008 merita
2300 955 2648 1021 sequuntur,
2668 951 2823 1006 unde
2849 951 2916 1011 /it
2937 949 3000 1003 ut
3022 949 3132 1001 hac
3165 942 3395 1013 ligandi
3417 938 3706 994 ets-olitori-

2059 1041 2420 1110 dipotestate
2447 1056 2506 1096 se
2531 1040 2746 1110 ρνὶιςθί,
2779 1039 2885 1108 qui
2919 1037 3193 1103 hancpro
3215 1034 3342 1087 suis
3383 1026 3705 1084 eoluntati-

2057 1128 2179 1194 bus,
2204 1145 2319 1185 non
2332 1144 2444 1200 pro
2467 1130 2855 1198 subjectorum
2883 1125 3140 1180 moribus
3163 1119 3413 1177 eaercet.
3445 1113 3708 1184 Sapo/it

2052 1219 2121 1272 ut
2146 1233 2287 1288 erga
2312 1221 2645 1288 proximum
2671 1219 2799 1274 odio
2814 1214 3127 1283 cete/ralia
3144 1209 3444 1266 mereatur
3469 1204 3698 1274 pastor.

2049 1309 2328 1365 Judicare
2349 1310 2540 1365 autem
2565 1309 2631 1363 de
2653 1305 2934 1376 subjectis
2957 1305 3135 1373 digne
3165 1297 3480 1370 nequeunt,
3507 1293 3612 1363 qui
3638 1291 3704 1347 in

2048 1398 2416 1453 subdito-mini
2441 1398 2637 1454 causis
2659 1410 2769 1452 sua
2796 1394 2889 1449 rel
2901 1393 3039 1447 odia
3061 1391 3152 1446 cel
3159 1389 3425 1458 gratiam
3448 1397 3707 1455 sequun-

2051 1487 2167 1542 tur.
2199 1488 2408 1543 C’aitsa
2438 1501 2573 1555 ergo
2586 1483 2904 1556 pensanda
2933 1481 3090 1550 sunt,
3123 1479 3181 1534 et
3209 1479 3345 1534 tunc
3376 1473 3612 1546 ligandi
3645 1471 3702 1526 et

2050 1575 2312 1630 sotcendi
2334 1576 2592 1644 potestas
2614 1571 2957 1629 exercenda.
2995 1589 3022 1620 »

2124 1695 2210 1746 82.
2249 1691 2420 1761 (102.)
2446 1692 2518 1744 Ea
2555 1693 2922 1758 tempestate,
2959 1686 3229 1739 hortante
3266 1696 3408 1752 papa
3439 1681 3691 1749 Urbano,

2056 1794 2164 1835 una
2199 1779 2520 1847 eademque
2539 1778 2782 1832 intentio
2807 1776 2984 1829 totius
3009 1769 3696 1827 occidentischristianos

2056 1869 2356 1923 exciverat
2391 1866 2654 1938 pepulos,
2681 1865 2963 1919 νὶὼιιὶοκΛ,
3000 1867 3254 1917 armatos
3285 1858 3696 1927 .lerosolymam

309 1946 512 2002 ticum
555 1945 702 2016 ipsis
721 1947 987 2016 ﬁdeliter
1009 1961 1191 2018 usque
1222 1948 1302 2003 ad
1335 1963 1510 2002 unum
1547 1949 1944 2018 quadrantem
1975 1950 2025 2008 Β
2058 1957 2238 2018 adire,
2273 1962 2331 2011 οι
2407 1956 2623 2011 οᾱοευι
2659 1957 2866 2008 Persas
2918 1953 3013 2022 qui
3067 1965 3191 2004 eam
3235 1949 3567 2003 invaserant
3603 1947 3698 2000 de-

305 2037 668 2103 co-nsertaci,
715 2050 1020 2106 meamque
1048 2037 1480 2093 restitutionem
1517 2039 1793 2106 operante
1836 2037 1944 2093 Dei

294 2125 526 2195 gratia,
542 2139 657 2180 non
684 2126 922 2181 utsacri
933 2126 1112 2195 legas,
1130 2127 1228 2182 sed
1251 2127 1314 2181 ut
1328 2127 1520 2188 fillelis
1534 2127 1932 2196 conservator,

315 2214 479 2284 quod
495 2227 667 2269 suum
696 2214 830 2268 erat
872 2216 1360 2271 eeclesiamecum
1383 2216 1643 2272 restitui.
1691 2217 1852 2271 Unde
1889 2218 1944 2273 si

305 2315 438 2373 qua
439 2302 718 2372 jaculata
744 2303 1139 2359 estsententia
1158 2305 1788 2361 eaconmzunieationis
1811 2305 1947 2361 irri-

307 2389 571 2446 tameam
593 2391 830 2446 censent
866 2393 1186 2461 prasentia
1223 2393 1562 2448 testimonia
1598 2395 1944 2449 sanctarum

314 2478 794 2549 Scripturarum.
820 2494 952 2549 qua
986 2495 1077 2535 me
1093 2483 1480 2551 propugnant
1507 2483 1563 2537 et
1593 2483 1942 2539 defendunt.

310 2567 716 2637 Hieronymus
730 2569 790 2622 in
803 2571 1244 2625 conmienta'riis
1274 2585 1448 2639 super
1473 2572 1792 2627 Mathaum
1821 2587 1945 2628 rer-

302 2667 435 2710 sum
460 2657 636 2712 illum
682 2671 972 2727 exponens
1000 2677 1010 2710 :
1042 2681 1065 2706 ε
1105 2659 1516 2728 Quodcumque
1554 2661 1946 2730 ligarerissu-

299 2757 406 2814 per
446 2744 684 2814 terram,
711 2747 826 2802 erit
844 2746 1099 2814 ligatum
1129 2748 1183 2802 et
1200 2749 1263 2803 in
1278 2749 1438 2803 catis
1461 2749 1516 2803 et
1544 2751 1947 2822 quor/cumque

301 2831 550 2889 solveris
560 2847 735 2904 super
751 2835 964 2891 terram
975 2836 1183 2906 ,eritso
1193 2837 1279 2890 lut
1287 2851 1378 2891 um
1395 2838 1521 2892 etin
1535 2839 1939 2908 caliswlatlh.

309 2935 424 2989 xvx,
452 2924 503 2989 9,
534 2941 560 2971 ››
595 2922 686 2978 ita
717 2923 893 2979 dicit:
927 2924 1163 2980 «Istum
1193 2925 1380 2981 locum
1405 2925 1719 2995 presbiteri
1743 2929 1797 2982 et
1827 2929 1943 2999 cpi-

305 3011 466 3080 scopi
494 3023 607 3065 non
650 3011 1071 3082 intelligentes,
1106 3013 1352 3084 aliquid
1379 3013 1495 3070 sibi
1518 3016 1588 3069 de
1613 3016 1942 3084 pharisae-

302 3111 459 3168 rum,
495 3102 808 3156 assumunt
831 3103 1172 3171 supercilio,
1209 3104 1275 3157 ut
1300 3103 1392 3157 rel
1422 3103 1738 3174 dumpnent
1781 3107 1940 3161 inno—

301 3187 521 3252 centes,
549 3189 645 3244 oel
664 3189 958 3246 soloerese
979 3191 1182 3245 noa‘ios
1197 3191 1585 3261 arbitrentur,
1622 3208 1750 3249 cum
1778 3197 1940 3265 apud

2059 2045 2297 2112 bellare,
2334 2049 2665 2112 terrami‘lue
2709 2039 3179 2112 repromissionis
3219 2036 3328 2092 sibi
3391 2035 3693 2090 tenendam

2057 2134 2300 2201 subjuga
2313 2149 2386 2187 re.
2403 2133 2541 2187 lluic
2573 2130 2928 2201 expeditioni
2955 2144 3064 2183 non
3086 2127 3270 2183 solum
3289 2125 3536 2180 diversa:
3559 2126 3696 2178 {eta-

2054 2222 2128 2275 tis
2164 2223 2492 2292 populares,
2529 2220 2628 2275 sed
2653 2219 2952 2288 etiamipsi
2988 2215 3416 2286 provinciarum
3448 2226 3693 2266 consen-

2055 2316 2249 2364 serant
2290 2311 2670 2381 principes,et
2700 2313 2908 2378 sponte
2942 2305 3296 2376 posthabitis
3327 2302 3604 2357 uxoribus
3635 2304 3694 2355 et

2057 2399 2212 2467 filiis,
2247 2399 2560 2453 honoribus
2591 2413 2818 2468 quoque
2850 2400 2906 2449 et
2935 2393 3299 2459 patrimoniis
3326 2395 3423 2446 aut
3457 2388 3690 2445 omnino

2057 2489 2280 2544 relictis
2304 2493 2398 2542 aut
2423 2487 2609 2557 pretio
2633 2485 2957 2548 distractis,
2980 2482 3333 2538 festinabant
3355 2482 3594 2548 captare
3619 2476 3693 2529 in-

2061 2584 2221 2633 certa
2259 2593 2361 2648 pro
2394 2577 2598 2631 certis.
2639 2578 2774 2630 Cum
2807 2570 3278 2628 hiisGodefridus
3314 2569 3426 2623 dux
3463 2567 3546 2620 ire
3576 2565 3691 2619 dis-

2058 2672 2354 2737 posuerat,
2381 2673 2438 2720 et
2471 2680 2641 2720 causa
2681 2663 2917 2733 parandi
2943 2664 3299 2716 commeatus
3344 2655 3687 2711 Buloniense

2060 2773 2119 2811 ca
2132 2763 2181 2811 st
2195 2772 2314 2810 ιίιιι]
2333 2757 2400 2809 Ot
2415 2757 2577 2809 berto
2599 2753 2798 2807 venale
2814 2755 3182 2820 exposuerat.
3203 2749 3382 2802 Causa
3409 2745 3579 2814 hujus
3597 2758 3692 2797 ne-

2053 2845 2195 2914 gotii
2229 2844 2552 2914 exequendi
2585 2843 2680 2897 Ida
2708 2846 2889 2896 mater
2923 2839 3088 2894 ducis
3109 2833 3688 2905 ejusdemBulonium

2053 2935 2234 2998 venit;
2262 2950 2388 3003 quin
2414 2933 2616 2988 videns
2640 2930 2936 3001 deperisse
2970 2926 3341 2983 elemosinam
3379 2923 3564 2994 patris
3601 2937 3690 2977 Stll

2052 3023 2290 3091 majoris
2321 3021 2634 3087 Godefridi,
2671 3025 2727 3075 et
2758 3019 3073 3074 monachos
3114 3013 3461 3070 discessisse
3500 3012 3570 3066 ab
3601 3025 3692 3065 cc-

2048 3112 2225 3167 clesia
2265 3111 2594 3166 hcatiPetri
2629 3123 2915 3163 consensu
2943 3107 3042 3160 lilii
3091 3105 3177 3159 sui
3220 3101 3532 3167 Godefridi,
3593 3098 3686 3168 qui

2049 3200 2312 3255 remissis
2340 3199 2618 3254 fratribus
2640 3197 2709 3251 ad
2752 3201 2993 3251 matrem
3043 3192 3353 3249 ecclesiam
3391 3189 3541 3244 beati
3573 3189 3684 3240 Ilu-

299 3275 488 3331 Deum
517 3290 632 3366 non
659 3279 955 3335 sententia
998 3279 1386 3347 sacerdotum,
1413 3282 1516 3336 sed
1550 3296 1780 3336 reorum
1809 3285 1936 3340 rita
1969 3305 2014 3366 ρ
2050 3289 2219 3357 berti,
2247 3290 2482 3343 hortatu
2508 3284 2944 3341 domnillenrici
2974 3281 3264 3353 pontificis
3285 3280 3487 3333 iterata
3511 3278 3689 3332 dona-

297 3365 632 3434 quaratur.
673 3367 948 3435 Legimus
976 3368 1041 3422 in
1065 3369 1319 3424 Leeitico
1345 3369 1415 3424 de
1437 3369 1683 3439 leprosis
1713 3371 1814 3426 ubi
1832 3373 1936 3440 ju-

296 3451 464 3509 betur
482 3453 552 3508 ut
575 3455 887 3510 ostendant
904 3468 967 3512 se
991 3457 1394 3513 sacerdotibus
1419 3477 1437 3511 .-
1475 3479 1496 3507 τι
1533 3461 1686 3516 Etsi
1718 3460 1937 3531 lem-am

294 3539 637 3610 habuerint,
675 3543 812 3598 tunc
835 3557 872 3597 a
899 3544 1201 3599 sacerdote
1229 3547 1522 3602 immundi
1542 3549 1706 3616 ﬂant
1729 3548 1931 3617 (terit,

293 3643 406 3684 xw.
446 3633 520 3698 4).
549 3649 576 3680 ››
602 3644 717 3685 non
760 3631 918 3700 quod
955 3632 1287 3689 sacerdotes
1328 3633 1659 3692 immundos
1684 3637 1938 3708 faciant

296 3717 572 3788 leprosos,
602 3718 708 3773 sed
735 3719 893 3788 quod
912 3718 1170 3775 habeant
1198 3722 1477 3778 notitiam
1500 3725 1715 3794 leprosi
1747 3727 1806 3781 et
1821 3741 1936 3783 non

293 3805 530 3876 leprosi,
561 3808 617 3863 et
642 3807 877 3878 possint
900 3809 1250 3879 discernere,
1278 3813 1385 3881 qui
1412 3815 1669 3870 mundus
1696 3817 1795 3870 cel
1827 3819 1935 3886 qui

288 3894 634 3953 immundus
661 3897 761 3953 sit.
802 3897 1089 3961 Quomodo
1121 3913 1255 3969 ergo
1287 3899 1579 3970 leprosum
1618 3902 1704 3959 ibi
1742 3919 1934 3961 sacer-

289 3982 394 4038 dos
421 3985 708 4040 mundum
737 3985 832 4040 cel
857 3986 1222 4041 immundum
1265 3987 1736 4058 discoopericndo
1739 3993 1924 4064 facit,

283 4070 377 4127 sic
406 4071 462 4126 et
488 4072 588 4128 hic
616 4073 728 4128 aut
753 4071 910 4143 ligat
937 4073 1047 4129 aut
1062 4074 1245 4130 sole-it
1266 4078 1567 4148 episcopus
1589 4082 1929 4152 celpresbi.

286 4158 394 4227 ter,
428 4174 541 4215 non
561 4173 653 4216 eos
671 4163 772 4232 qui
799 4161 1060 4217 insontes
1076 4163 1218 4218 sunt
1254 4164 1309 4218 et
1337 4165 1527 4233 noxii,
1561 4168 1666 4222 sed
1683 4184 1794 4238 pro
1808 4172 1924 4240 eji-

281 4248 374 4304 cio
405 4261 509 4303 suo
555 4262 684 4305 cum
709 4250 1083 4319 peccatorum
1121 4253 1389 4309 audierit
1426 4257 1768 4327 varietates,
1809 4261 1928 4316 scit

277 4335 388 4406 qui
413 4337 696 4408 ligandus
716 4340 808 4394 cel
825 4341 931 4410 qui
948 4341 1260 4397 solvendus
1280 4342 1381 4398 sit.
1412 4365 1436 4390 ιι
1473 4342 1796 4415 Gregorius
1815 4364 1919 4418 pa-

265 4439 358 4496 pa
385 4426 682 4482 Januario
698 4427 1076 4484 C’arallitano
1089 4430 1378 4500 episcopo:
1417 4451 1445 4483 «
1466 4434 1917 4506 Interquerelas

273 4513 638 4584 multiplices
666 4515 939 4572 Isidor-us
959 4518 1053 4571 eir
1074 4518 1449 4576 clarissimus
1466 4537 1503 4576 a
1510 4521 1916 4592 fraternitate

277 4601 384 4658 tua
404 4617 466 4659 se
506 4606 1073 4661 eacommunicatum
1101 4609 1453 4676 conquestus
1486 4612 1602 4667 est:
1633 4615 1792 4683 quod
1808 4631 1915 4673 cur

269 4691 504 4762 factum
507 4691 648 4764 fuel
663 4693 732 4762 it,
754 4695 891 4749 dum
905 4695 1164 4750 aclerico
1181 4695 1245 4728 ¹²⁶
1267 4698 1362 4751 tuo
1385 4700 1491 4769 qui
1503 4714 1766 4769 prasens
1783 4707 1914 4761 erat

270 4779 665 4838 voluissemus
696 4782 1020 4852 addiscere,
1052 4797 1167 4852 pro
1203 4787 1377 4840 nulla
1420 4787 1550 4842 alia
1574 4802 1757 4847 causa
1790 4795 1914 4850 nisi

261 4880 378 4939 pro
411 4881 470 4923 eo
499 4868 657 4939 quod
685 4869 739 4923 te
767 4870 1179 4940 injuriarerat
1191 4872 1437 4944 factum
1458 4877 1736 4934 innotuit.
1779 4883 1916 4944 Qua

268 4969 368 5012 res
390 4970 494 5012 nos
508 4957 872 5012 vehementer
885 4960 1125 5030 afﬂixit
1147 4979 1157 5012 :
1175 4963 1322 5030 quia
1345 4964 1400 5018 si
1419 4963 1508 5019 ita
1529 4967 1632 5034 est,
1655 4969 1849 5024 nichil
1863 4971 1916 5025 te

271 5044 535 5115 cogitare
556 5045 626 5100 de
653 5046 982 5104 calestibus
1003 5049 1715 5120 ostendis;sedterrennm
1740 5058 1794 5112 te
1813 5059 1916 5114 ha-

273 5130 405 5187 bere
446 5133 1299 5207 conversationemsigniﬁcas,
1337 5138 1474 5194 dum
1501 5156 1615 5211 pro
1646 5143 1915 5202 vindicta

259 5222 525 5292 propria
554 5222 818 5293 injuria,
850 5224 1009 5294 quod
1043 5227 1236 5282 sacris
1283 5228 1510 5298 regulis
1535 5232 1907 5303 prohibetur,

266 5309 742 5366 maledictionem
778 5312 1186 5370 anathematis
1216 5316 1520 5373 inceaisti.
1560 5320 1721 5375 Unde
1744 5322 1811 5376 de
1831 5337 1912 5379 ce-

269 5398 390 5454 tero
405 5400 526 5456 esto
541 5401 1001 5472 circumspectus
1014 5403 1194 5473 atque
1206 5404 1521 5476 sollicitus,
1540 5409 1600 5464 et
1614 5415 1674 5465 la
1683 5411 1768 5466 lia
1785 5414 1907 5468 cui-

263 5501 448 5558 quam
461 5503 572 5559 pro
587 5488 928 5561 defensione
949 5491 1196 5561 injuria
1216 5493 1328 5551 tua
1349 5495 1578 5566 inferre
1589 5498 1775 5554 denuo
1789 5514 1905 5557 non

2049 3379 2203 3432 tione
2267 3375 2436 3445 legali
2464 3374 2742 3444 quidquid
2763 3378 2886 3428 erat
2939 3371 3271 3426 elemosian
3299 3365 3561 3437 praedicti
3594 3365 3683 3420 avi

2048 3469 2131 3522 sui
2160 3467 2212 3520 in
2249 3468 2425 3520 rebus
2453 3459 3279 3518 [nobilibusvelimmobilibus
3305 3459 3472 3512 beato
3511 3457 3683 3509 Petro
3763 3517 3774 3527 .

2047 3561 2105 3610 et
2132 3557 2298 3609 beato
2331 3555 2588 3610 Iluherto
2606 3551 2928 3607 tradiderat
2952 3563 3143 3604 coram
3167 3546 3417 3602 testibus
3435 3543 3679 3611 idoneis,

2045 3643 2472 3714 gravitertulit,
2508 3646 2563 3696 et
2595 3641 2861 3696 abbatem
2909 3636 3322 3693 Theodericum
3370 3635 3440 3688 ad
3492 3648 3553 3688 se
3597 3647 3685 3687 ve-

2050 3736 2172 3789 nire
2194 3732 2515 3788 mandavit.
2559 3735 2596 3786 A
2632 3744 2743 3800 quo
2775 3729 2906 3784 dum
2933 3731 3223 3797 quaireret
3247 3739 3372 3779 cum
3409 3735 3678 3789 mcerore,

2045 3839 2151 3880 cur
2174 3822 2264 3878 vel
2327 3818 2905 3891 quomodomemoria
2955 3816 3135 3886 patris
3166 3814 3255 3870 sui
3306 3813 3431 3868 loco
3457 3811 3553 3865 illo
3586 3811 3679 3864 de-

2048 3914 2118 3967 fet
2141 3912 2299 3979 isset,
2337 3909 2639 3979 respondit
2673 3909 2853 3963 abbas
2891 3906 2945 3959 id
2998 3904 3162 3959 fratri
3187 3919 3291 3958 suo
3324 3909 3379 3956 et
3416 3901 3529 3955 lilio
3577 3913 3679 3954 suo

2045 4000 2462 4071 imputandum,
2521 3997 2616 4066 qui
2654 3995 2972 4051 subtractis
3016 3993 3303 4048 reditibus
3337 3988 3682 4045 adniehilas-

2040 4095 2165 4144 sent
2198 4089 2387 4143 locum
2412 4100 2729 4153 omnesque
2773 4084 3174 4138 destructorcs
3196 4083 3320 4149 ejus
3346 4083 3546 4133 nosset
3585 4091 3682 4130 ex-

2037 4176 2489 4234 communicatos
2512 4173 2828 4228 secundum
2886 4169 3198 4225 Alexandri
3233 4184 3395 4238 papre
3447 4163 3681 4236 privile-

2032 4265 2187 4334 gium
2205 4305 2215 4316 .
2233 4265 2299 4316 At
2320 4260 2525 4315 femina
2549 4259 2784 4315 virtutis
2807 4257 3057 4312 sollicita
3084 4271 3186 4325 pro
3213 4260 3376 4324 patre
3401 4251 3676 4307 salvando

2031 4356 2284 4422 itemque
2306 4365 2410 4420 pro
2441 4351 2622 4403 fratre
2636 4353 2693 4402 et
2717 4347 2834 4400 lilio
2859 4343 3240 4412 absolvendo,
3259 4343 3670 4397 abbatemcum

2027 4441 2282 4498 lacrimis
2307 4438 2512 4494 adorsa
2545 4441 2635 4492 est
2667 4449 2854 4502 orare,
2894 4438 2956 4489 ut
2987 4449 3183 4489 curam
3219 4431 3485 4487 ecclesizc
3520 4428 3672 4484 beati

2023 4532 2184 4588 Petri
2211 4531 2562 4595 resumeret,
2598 4531 2654 4580 et
2689 4523 2966 4594 repositis
2998 4522 3074 4576 ibi
3118 4521 3417 4589 fratribus,
3455 4519 3676 4590 pericu-

2027 4621 2140 4675 lum
2161 4631 2365 4673 eorum
2384 4614 2478 4685 qui
2505 4615 2558 4668 in
2579 4616 2752 4668 Deum
2771 4617 2831 4666 et
2849 4628 2912 4682 pa
2927 4619 3070 4665 trem
3095 4626 3258 4665 suum
3284 4612 3673 4680 peccaverunt

2030 4708 2390 4764 absolveret.
2425 4704 2506 4758 Ad
2562 4702 2878 4757 haicabbas
2911 4715 3039 4756 cum
3094 4703 3334 4767 negaret
3383 4713 3440 4753 se
3499 4712 3670 4767 posse

2027 4798 2177 4868 quod
2215 4794 2536 4863 cogebatur
2567 4791 2734 4858 velle,
2763 4795 2947 4844 mater
2998 4788 3172 4842 ﬁlium
3225 4802 3390 4842 suum
3441 4785 3670 4855 impulit

2027 4886 2327 4958 porrigere
2360 4881 2442 4936 llli
2467 4880 2762 4935 humiliter
2789 4877 3016 4932 vadium
3041 4875 3668 4943 satisfactionis,utrpie

2024 4974 2248 5028 veniam
2309 4967 2928 5025 exeommnnicationis
2997 4966 3310 5035 obtineret,
3361 4964 3665 5020 ecclesiam

2025 5066 2267 5116 matrem
2289 5059 2358 5114 de
2393 5057 2643 5112 Saltiaco
2668 5056 2791 5111 rivo
2816 5054 2959 5124 (-181)
2993 5069 3121 5110 cum
3156 5053 3398 5124 capellis
3436 5053 3667 5106 illisnb-

2019 5149 2465 5218 jectisitemque
2487 5145 2707 5217 capella
2733 5144 2950 5200 sanctis
2969 5143 3207 5198 Johanni
3248 5150 3304 5197 et
3339 5142 3665 5213 prmbcndis

2027 5237 2104 5291 ibi
2145 5236 2577 5292 deserventium
2611 5232 2954 5289 clericorum
2979 5233 3364 5302 omnibusque
3401 5232 3663 5301 ejusdem

2019 5326 2261 5398 capellae
2334 5323 2649 5380 mobilibus
2678 5327 2734 5377 et
2768 5321 3199 5385 immobilibus;
3232 5321 3309 5375 ita
3358 5324 3552 5377 tamen
3602 5324 3664 5375 ut

2020 5412 2442 5468 decedentibus
2465 5410 2695 5467 clericis
2727 5411 3013 5480 quierant
3055 5414 3191 5466 tunc
3216 5408 3510 5479 temporis,
3546 5421 3666 5461 om-

2016 5502 2107 5556 nia
2142 5500 2814 5570 subjaceantmonachis,
2845 5504 3197 5570 procurante
3230 5499 3440 5554 abbate
3471 5493 3636 5567 capel

1629 5612 1862 5670 νΑιιυΕ
1901 5615 2297 5672 LECTIONES.

1848 5755 2068 5811 ΝΟΤᾸΕ.

334 5671 402 5706 ¹²⁸
433 5673 780 5746 Leupodone
813 5682 863 5734 1.
900 5677 975 5734 1*.
1053 5676 1120 5710 ³³⁸
1147 5678 1307 5734 clero
1339 5683 1387 5733 1.
1425 5681 1500 5734 1‘.

330 5815 479 5890 (18-1)
506 5816 915 5876 Sansanruth.
950 5819 1012 5873 R.
