3936 6432
287 456 435 520 1438

1247 447 1723 512 CHRONICON
1781 446 1846 508 S.
1894 442 2255 506 HUBERTI
2299 437 2687 504 ANDAGIN.

3527 435 3679 497 1434

280 628 378 674 seu
390 609 738 667 tialitcrvel
745 623 848 680 per
871 607 1104 664 litteras
1117 600 1931 677 ejussignatasessetabsolu-

2089 615 2180 669 ide
2201 628 2330 683 ros;
2357 613 2460 670 sed
2489 614 2635 683 quia
2667 613 2909 668 domnus
2939 611 3114 682 H-ugo
3147 610 3560 681 Lugdunensis
3590 625 3685 668 ar-

283 705 479 770 tus,ac
498 701 589 758 sic
606 700 756 756 liber
770 699 1206 768 archiepiscopo
1225 696 1490 751 Remensi
1507 709 1602 749 con
1613 705 1828 748 cessus:
1832 693 1866 760 j
1875 705 1933 743 u-

282 791 552 847 dicatum
584 790 674 845 est
708 790 900 859 ipsum
925 787 997 842 ab
1018 787 1226 841 abbate
1246 798 1349 840 suo
1371 798 1563 838 ervom
1575 798 1619 836 m
1631 797 1708 837 un
1719 781 1930 836 {catum

281 894 427 948 esse,
444 892 550 934 nec
569 878 643 933 ab
665 879 924 947 episcipo
947 875 1216 930 Remensi
1234 873 1676 941 retineriposse.
1695 867 1934 923 Judicio

284 968 480 1034 finito,
496 967 847 1035 sapedictus
866 964 1102 1017 monaclz
1117 977 1181 1016 us
1198 962 1439 1016 minime
1457 960 1571 1028 adq
1585 959 1785 1023 uiecit,
1803 958 1860 1011 et
1874 961 1936 1014 ut

282 1054 562 1126 pluribus
587 1054 819 1108 ridetur
843 1065 1109 1121 quarens
1126 1065 1259 1106 occa
1272 1053 1473 1106 sionem
1493 1048 1774 1119 rogandi,
1791 1060 1936 1116 ρνιε-

270 1144 536 1215 grarari
554 1157 615 1197 se
633 1143 814 1208 dixit,
837 1142 892 1196 et
908 1141 1277 1197 audientiam
1296 1140 1539 1193 vestrae-2
1565 1136 1929 1193 reclamat-it.

285 1235 466 1296 Quem
496 1246 626 1288 cum
657 1230 1132 1299 archiepiscopus
1164 1230 1416 1283 retinere
1452 1227 1619 1282 rei/et
1645 1227 1702 1282 et
1733 1223 1934 1281 abbati

283 1333 393 1376 suo
432 1320 700 1386 reddere,
733 1320 970 1388 prOpter
1008 1319 1483 1373 reclamationem
1520 1317 1766 1370 restram
1801 1313 1937 1368 libe-

283 1423 422 1464 rum
436 1407 716 1479 permisit
732 1408 834 1462 ire.
861 1407 970 1470 Qui
993 1407 1153 1462 illico
1173 1406 1252 1460 ad
1269 1419 1370 1461 nos
1391 1420 1487 1459 τίη]
1501 1407 1642 1464 iens,
1659 1405 1747 1458 rei
1757 1403 1938 1472 gesta

276 1498 496 1553 seriem.
528 1495 696 1551 nobis
724 1495 1052 1558 nuntiarit,
1080 1496 1136 1548 et
1153 1509 1227 1548 ex
1247 1496 1374 1563 ejus
1403 1493 1695 1548 relatione
1725 1491 1853 1544 ili/li
1877 1490 1942 1542 'i.

272 1598 430 1653 mus,
465 1585 636 1654 juste
674 1597 798 1640 eum
838 1598 1000 1654 posse
1039 1585 1302 1637 rerocari
1333 1581 1405 1635 ab
1437 1581 1645 1635 abbate
1684 1579 1936 1648 .llajoris

282 1674 670 1730 monasterii.
712 1672 1033 1728 Nuntiarit
1065 1673 1236 1726 etiam
1269 1670 1432 1724 nobis
1457 1685 1562 1739 pro
1599 1667 1936 1738 tiujusmodi

283 1762 525 1832 negotio
547 1776 579 1831 q
593 1761 830 1817 uosdam
841 1760 1082 1831 fratres
1102 1760 1354 1829 Major-is
1373 1759 1719 1814 monasterii
1739 1757 1817 1811 ad
1835 1770 1934 1809 uos

279 1852 581 1918 venturos,
599 1852 654 1905 et
672 1849 834 1904 nobis
853 1849 1121 1920 offerenti
1131 1848 1233 1903 bus
1254 1850 1316 1903 ut
1325 1862 1432 1917 pro
1449 1862 1555 1901 sua
1576 1845 1934 1902 comi/renda-

2044 705 2138 760 cbi
2146 706 2442 774 episcopus
2465 718 2685 758 omnem
2707 704 2970 758 ordinem
2985 716 3187 758 rerum
3201 701 3366 757 vobis
3380 701 3513 773 sign
3523 703 3543 758 i
3536 703 3686 772 ﬂea-

2042 794 2145 861 vit,
2163 794 2319 850 sicut
2337 793 2481 848 audi
2492 794 2696 860 rimus,
2713 792 3052 848 reverentia
3071 792 3272 848 eestree
3286 792 3682 863 suggerimus,

2043 883 2112 937 ut
2139 883 2193 937 si
2226 882 2306 937 ad
2335 895 2429 936 cos
2461 881 2689 937 renerit
2727 881 2881 936 idem
2920 883 3160 937 monac/1
3175 895 3260 949 us,
3292 881 3684 951 prudentiam

2042 972 2298 1026 vestram
2324 970 2510 1027 nullis
2531 969 2956 1026 circumreniat
2975 969 3434 1037 calliditatibus,
3464 969 3569 1025 sed
3577 969 3686 1040 fa-

2044 1060 2224 1114 ciatis
2247 1059 2299 1113 ei
2321 1059 2639 1115 secundum
2658 1060 3016 1130 sapientiam
3039 1073 3218 1128 quam
3238 1073 3275 1115 a
3296 1060 3411 1113 Deo
3431 1056 3682 1114 liabetis.

2046 1149 2604 1204 Rererentissimam
2643 1163 2713 1204 ac
2746 1149 3198 1205 dilectissimum
3228 1146 3392 1203 nobis
3413 1146 3687 1217 paterni-

2047 1237 2225 1291 tatem
2255 1238 2515 1292 vestram
2544 1238 2814 1295 dominus
2849 1237 3126 1294 Christus
3154 1250 3366 1294 sanam
3388 1236 3443 1290 et
3463 1235 3687 1292 incolu-

2043 1340 2187 1379 mem
2213 1341 2251 1381 n
2273 1324 2378 1382 ibis
2401 1329 2693 1382 conservet
2713 1327 2767 1382 et
2789 1328 3078 1382 universae
3099 1327 3377 1382 ecclesiis.

2117 1472 2201 1520 85.
2225 1467 2394 1536 (106.)
2418 1469 2607 1522 Abbas
2632 1473 2821 1522 autem
2846 1467 3231 1522 Theodericus
3252 1467 3304 1521 in
3330 1468 3475 1521 festo
3496 1465 3682 1520 sancti

2046 1555 2247 1622 :Egidii
2293 1557 2475 1625 (Sept.
2516 1561 2585 1624 1),
2631 1558 2724 1625 qui
2756 1558 2886 1610 olim
2926 1559 3108 1611 fuerat
3143 1557 3266 1610 dies
3300 1554 3686 1609 ordinationis

2046 1644 2190 1711 ejus,
2227 1644 2295 1697 de
2338 1646 2685 1699 monasterio
2731 1660 3002 1714 egressus
3039 1662 3165 1700 cum
3208 1644 3396 1699 Remis
3437 1656 3686 1698 morare-

2046 1734 2164 1799 tur,
2203 1732 2252 1785 in
2281 1732 2711 1803 sollempnitate
2745 1734 2928 1787 sancti
2965 1733 3203 1799 Remigii
3229 1731 3493 1800 sequenti
3519 1745 3686 1784 vene-

2049 1826 2182 1873 runt
2210 1820 2278 1874 ad
2303 1838 2431 1876 eum
2460 1823 2742 1878 Raincrus
2767 1822 3043 1889 Pirensis,
3071 1823 3362 1876 Robcrtus
3387 1819 3684 1887 Cunensis,

280 1939 441 1994 tione
461 1939 554 1992 vel
571 1939 968 2002 restitutione,
995 1938 1202 2007 siﬂeri
1216 1938 1430 2005 posset,
1464 1951 1554 1990 eos
1578 1934 1928 2003 expectaret,

2089 1909 2316 1962 l'ircdus
2361 1925 2588 1979 quoque
2633 1911 2984 1980 pricpnsitus
3020 1909 3469 1972 lil'icrncicortis,
3505 1909 3574 1962 de,
3608 1908 3690 1962 in-

274 2029 579 2085 sustinere
601 2027 811 2083 noluit.
835 2026 891 2080 et
906 2041 940 2080 a
960 2025 1125 2082 nobis
1147 2025 1448 2081 abscessit.
1476 2024 1586 2078 Die
1609 2024 1803 2077 autem.
1823 2024 1935 2076 ter-

277 2117 361 2172 tio
379 2117 512 2185 post
531 2115 660 2184 ejus
677 2115 1006 2170 abscessum
1031 2113 1276 2168 domnus
1297 2115 1350 2167 Η
1361 2115 1378 2167 i
1388 2112 1616 2182 lgoldus
1638 2126 1788 2182 quon
1801 2111 1935 2164 dam

278 2205 733 2260 S-uessionensis
756 2205 1056 2274 episcopus
1079 2204 1223 2270 (187)
1245 2202 1514 2273 etfrater
1533 2201 1782 2254 Pontius
1807 2212 1934 2252 nos-

277 2292 367 2347 ter
391 2291 687 2363 quondam
721 2293 910 2358 notus,
944 2291 1180 2362 Iiodulf
1181 2306 1244 2345 us
1273 2304 1502 2360 quoque
1530 2289 1830 2344 [Bernensis
1851 2303 1936 2343 ec-

283 2383 482 2439 clesia
503 2383 760 2452 praposi
769 2381 860 2436 tus
883 2380 964 2435 ad
982 2394 1083 2435 nos
1106 2382 1419 2444 renientes,
1451 2394 1568 2433 rem
1587 2380 1813 2449 gestam
1840 2393 1933 2433 no-

276 2470 370 2526 bis
396 2483 500 2540 per
531 2470 798 2525 ordinem
827 2471 1247 2534 narrar-erunt,
1274 2469 1328 2524 et
1350 2483 1422 2523 ea:
1440 2469 1604 2538 parte
1633 2467 1932 2522 liemensis

290 2558 726 2628 archiepiscopi
779 2559 1006 2614 litteras
1054 2557 1418 2620 obtulerunt,
1465 2556 1829 2611 obsecrantes
1867 2557 1935 2608 ut

283 2647 486 2702 nostro
526 2647 772 2703 consilio
811 2647 1065 2701 alterum
1101 2645 1369 2701 abbatem
1398 2647 1456 2700 in
1493 2646 1733 2699 ecclesia
1779 2643 1932 2698 beati

291 2733 558 2804 Remigii
575 2733 691 2790 sibi
713 2734 994 2788 ordinare
1018 2734 1234 2800 liceret,
1255 2748 1322 2787 ne
1341 2732 1748 2787 detrimentum
1769 2731 1932 2801 pate-

283 2823 474 2889 retur,
500 2824 554 2878 si
586 2822 689 2877 diu
716 2823 938 2877 rectore
968 2822 1210 2876 careret.
1245 2821 1406 2884 Quod
1434 2821 1671 2890 quidem
1692 2821 1932 2890 prapter

279 2912 470 2968 solam
528 2911 984 2981 appellationem
1042 2911 1298 2966 vestram
1338 2911 1550 2980 facere
1606 2910 1930 2977 noluimus,

281 2999 562 3070 quamvis
595 3000 754 3070 quod
783 3001 844 3054 in
877 2999 1042 3054 tanto
1071 2999 1351 3054 concentu
1375 2999 1430 3052 et
1449 3013 1484 3052 a
1509 2998 1628 3052 tam
1657 2997 1934 3052 discretis

266 3087 866 3160 personisfactu-mf
865 3102 1003 3143 uera
1013 3088 1051 3155 t,
1066 3088 1296 3157 justum
1323 3099 1701 3141 censeremus.
1721 3086 1936 3154 Itaque

281 3189 420 3230 cum
442 3189 557 3231 non
577 3177 662 3232 sit
679 3177 942 3232 nostrum
967 3174 1309 3232 sanctitatis
1330 3176 1537 3230 res/ree
1549 3174 1936 3243 prudentiam

285 3263 508 3333 docere,
539 3265 854 3335 provideat
879 3265 1075 3321 vestra
1096 3264 1454 3354 pateruitai.
1492 3263 1756 3354 qualiter
1784 3275 1942 3354 prie:
1971 3294 2017 3354 Ο

285 3355 441 3409 dcto
482 3355 784 3422 monac/io,
822 3356 877 3410 si
903 3354 1276 3423 presenti/1m
1310 3353 1560 3407 res/ram
1595 3351 1824 3406 adierit
1853 3351 1943 3409 τιι

293 3444 530 3499 litteras
560 3443 720 3500 vobis
751 3442 1064 3510 direxerit,
1097 3441 1528 3511 respon'lealis.
1567 3442 1642 3495 .S'i
1673 3441 1825 3494 enim
1855 3454 1937 3493 ec-

285 3532 470 3587 clesia
514 3530 666 3587 beati
709 3531 969 3600 Remigii
1008 3532 1235 3586 renerit
1264 3532 1324 3584 in
1345 3530 1636 3599 potestate
1673 3528 1936 3597 alicujus

285 3619 638 3689 irreligiosi,
673 3620 730 3674 et
758 3621 822 3674 in
855 3618 1279 3687 temporalibus
1321 3618 1378 3672 et
1416 3618 1475 3671 in
1513 3616 1936 3686 .sj.iriturl."ibus

285 3708 608 3774 minuetur,
637 3708 692 3762 et
713 3707 1122 3776 cumpericulo
1149 3707 1486 3761 animarum
1506 3706 1699 3759 cultus
1720 3705 1938 3759 divina

283 3795 602 3868 religionis
633 3795 716 3850 ibi
759 3795 1258 3852 adaicliilabitur.

359 3904 444 3956 84.
482 3901 653 3972 (103.)
697 3903 856 3969 llugo
908 3914 1137 3970 quoque
1194 3899 1594 3955 Cluniacensis
1646 3900 1824 3954 abbas
1869 3899 1937 3953 de

287 3989 488 4046 eodem
515 3991 745 4058 negotio
774 3990 1012 4059 scripsit
1035 3989 1220 4044 cidem
1249 4003 1409 4058 papze
1430 3989 1660 4042 Urbano
1688 4007 1697 4040 :
1725 3990 1944 4043 Amar-

293 4079 520 4136 tissimo
545 4080 600 4133 et
619 4078 1110 4134 rerereudissimo
1130 4078 1321 4146 patri,
1353 4076 1572 4132 sancte
1599 4077 1776 4146 atque
1807 4091 1944 4145 apo-

288 4170 514 4225 stolicae
535 4168 693 4223 sedis
715 4181 937 4224 summo
955 4166 1246 4236 pontifici,
1271 4166 1473 4220 domno
1482 4166 1658 4235 papa
1683 4163 1940 4224 Urbano:

294 4257 488 4314 frater
518 4257 690 4327 Hugo
732 4257 1144 4312 Cluniacensis
1174 4268 1303 4310 cum
1340 4255 1459 4310 tota
1491 4255 1943 4324 congregatione

293 4346 496 4400 nostra
533 4347 846 4400 continuas
877 4346 932 4398 et
946 4343 1344 4414 fidelissimos
1375 4344 1697 4399 devotionis
1725 4343 1942 4399 oratio-

296 4448 397 4489 nes
419 4434 477 4490 et
488 4433 833 4504 perpetuam
847 4445 1064 4503 pacem.
1091 4432 1294 4501 Multi,
1320 4448 1349 4487 ο
1373 4433 1601 4487 domine
1628 4433 1815 4503 pater,
1839 4435 1943 4502 ju-

297 4523 407 4578 stis
440 4535 511 4580 ac
538 4521 892 4580 necessariis
921 4521 1120 4577 causis
1154 4520 1542 4577 eristentibus
1573 4521 1818 4592 cupiunt
1855 4521 1942 4576 di-

290 4625 477 4682 gnam
503 4613 758 4668 vestram
783 4609 1368 4680 adirepreesentiam,
1402 4609 1504 4666 sed
1535 4611 1942 4680 impedirentur
1967 4639 2024 4702 Β

299 4700 490 4757 variis
517 4697 986 4772 difﬁcultatibus
1013 4697 1447 4754 obsistentibus.
1485 4699 1650 4754 Unde
1671 4701 1726 4754 et
1746 4699 1942 4769 aliqui

303 4802 496 4844 eorum
523 4788 734 4844 saltem
761 4787 842 4842 ad
867 4800 971 4842 nos
996 4786 1255 4854 veniunt,
1285 4788 1463 4854 quasi
1494 4788 1574 4842 ad
1602 4788 1944 4844 domesticos

302 4877 543 4946 vestros,
576 4877 630 4932 si
654 4889 768 4945 quo
788 4875 954 4930 modo
977 4874 1062 4930 eis
1083 4874 1428 4930 consulatur
1446 4874 1540 4929 vel
1557 4875 1946 4932 subveniatur

303 4965 548 5021 illorum
571 4963 1039 5020 necessitatibus.
1074 4963 1244 5020 Inter
1266 4977 1410 5034 quos
1433 4963 1676 5020 domnus
1705 4963 1946 5020 Manas-

303 5066 394 5110 ses
417 5055 726 5109 Remorum
737 5052 909 5124 ponti
902 5052 1040 5124 fetv,
1065 5051 1253 5107 vester
1273 5051 1520 5106 humilis
1530 5053 1727 5122 ﬁlius,
1751 5053 1947 5109 noster

305 5155 537 5214 quoque
555 5141 793 5197 devotus
810 5141 1058 5209 amicus,
1083 5151 1255 5210 quem
1277 5140 1410 5195 etin
1435 5139 1564 5196 alia
1586 5141 1834 5210 epistola
1856 5155 1950 5196 ro-

306 5229 394 5288 bis
413 5245 664 5288 commen
673 5229 966 5299 ducimus,
984 5228 1333 5300 conquestus
1350 5229 1439 5284 est
1455 5228 1620 5285 nobis
1639 5229 1708 5284 de
1722 5229 1950 5300 Majori

305 5317 660 5374 monasterio
694 5321 757 5370 in
787 5317 1033 5374 ecclesia
1066 5317 1221 5372 beati
1254 5315 1516 5386 Remigii
1552 5329 1609 5371 se
1638 5317 1950 5386 quemdam

304 5407 651 5463 monachum
674 5404 941 5462 abbatem
964 5405 1292 5472 ordinasse,
1317 5405 1372 5459 et
1391 5405 1554 5474 longe
1572 5405 1752 5459 aliter
1770 5419 1950 5473 quam

304 5494 584 5565 sperabat
615 5494 685 5549 de
712 5494 840 5565 ejus
867 5493 1217 5563 irretigione
1244 5493 1572 5548 maximum
1607 5493 1722 5548 loco
1754 5492 1953 5563 damp-

302 5595 445 5640 num
478 5583 842 5653 provenisse.
891 5581 1083 5640 Petiit
1118 5589 1312 5640 autem
1342 5581 1412 5636 ut
1436 5579 1953 5653 interpellaremus

2051 1999 2306 2054 tentione
2347 2000 2472 2066 ejus
2515 2001 2731 2054 certius
2773 2000 3124 2068 inquisituri.
3173 2004 3214 2053 A
3245 2015 3357 2069 quo
3384 2012 3511 2053 cum
3545 1995 3691 2050 didi-

2047 2089 2282 2148 cissent,
2325 2088 2602 2157 privatam
2646 2088 2818 2142 vitam
2851 2102 2910 2142 se
2943 2093 3151 2158 spante
3181 2088 3453 2156 elegisse,
3485 2089 3572 2141 tot
3611 2086 3692 2140 ἰη-

2046 2176 2397 2229 scetationes
2422 2177 2647 2230 (liberti
2676 2177 2790 2245 pati
2820 2191 2927 2229 non
2956 2191 3140 2246 poSsc,
3167 2175 3472 2230 ecclesiam
3498 2175 3572 2229 ob
3597 2174 3685 2229 sui

2046 2263 2315 2317 invidiam
2341 2264 2562 2318 destrui
2589 2265 2791 2326 vitare,
2817 2265 2969 2318 nolle
2994 2264 3240 2333 amplius
3267 2276 3538 2334 przccssc,
3567 2262 3689 2332 qui-

2047 2353 2150 2406 bus
2170 2353 2222 2405 in
2245 2358 2326 2405 tot
2352 2354 2630 2422 periculis
2657 2368 2765 2406 non
2794 2353 3079 2408 sufﬁceret
3109 2353 3423 2423 prodesse:
3453 2367 3691 2422 respon-

2045 2441 2253 2496 derunt
2299 2442 2508 2495 fratres
2552 2443 2658 2497 hoc
2703 2458 2811 2496 non
2856 2442 2938 2496 sic
2982 2446 3198 2495 temere
3238 2440 3540 2509 agendum,
3585 2439 3687 2495 sed

2043 2529 2436 2585 consulendos
2461 2532 2703 2585 abbales
2727 2530 2820 2600 qui
2842 2529 2907 2583 ad
2934 2530 3272 2600 prazdictunn
3295 2534 3690 2584 convenerant

2045 2617 2252 2670 festum
2302 2620 2641 2674 llecernitur
2667 2619 2843 2687 igitur
2869 2624 3094 2688 tempus
3119 2618 3187 2672 ad
3216 2633 3352 2672 rem.
3382 2618 3445 2672 Et
3467 2633 3593 2673 cum
3617 2618 3685 2672 ad

2044 2705 2308 2759 abbatem
2335 2713 2518 2761 sancti
2549 2708 2787 2776 Remigii
2811 2713 3176 2776 czeterosque
3199 2707 3274 2761 ibi
3298 2706 3585 2763 collectos
3609 2722 3674 2762 ec

2045 2793 2235 2848 clcsim
2263 2796 2560 2851 Remensis
2583 2797 2884 2851 consilium
2921 2797 3228 2864 referrent,
3264 2801 3322 2851 et
3347 2795 3426 2849 illi
3452 2810 3684 2851 causam

2047 2882 2272 2936 ablatis
2293 2885 2627 2940 Theoderici
2653 2885 2837 2939 veteri
2863 2885 2978 2952 jam
3004 2885 3203 2940 auditu
3231 2884 3590 2939 notissimam
3617 2883 3685 2938 ad

2045 2972 2507 3040 respomli-ndum
2562 2973 2961 3042 ventilassent,
3007 2975 3075 3029 ad
3130 2975 3276 3030 hunc
3329 2974 3688 3029 devenerunt

2049 3059 2236 3128 linem,
2261 3067 2321 3115 ut
2344 3064 2473 3131 quia
2503 3064 2761 3133 privatus
2781 3064 2971 3118 vivere
2995 3064 3171 3118 vellet
3197 3078 3264 3118 ne
3291 3063 3534 3117 Otbcrto
3558 3063 3689 3118 sub-

2046 3154 2222 3217 esset,
2253 3157 2505 3218 caveret,
2542 3167 2609 3206 ne
2639 3152 2788 3206 unde
2819 3167 2878 3207 se
2907 3153 3212 3222 expediret
3245 3151 3418 3207 alium
3450 3150 3689 3221 impedi-

2048 3242 2156 3302 ret,
2187 3254 2326 3293 neve
2355 3241 2632 3309 praedicto
2658 3241 2902 3294 Otbcrto
2929 3241 3238 3307 ingereret,
3267 3253 3434 3307 quem
3460 3237 3688 3292 noviter

2051 3341 2152 3395 pro
2185 3342 2246 3380 se
2279 3328 2731 3382 consecrandum
2766 3328 3030 3396 eligeret.
3067 3327 3387 3398 Respondit
3420 3328 3600 3382 abbas
3632 3326 3685 3380 in

2047 3414 2152 3468 hoc
2188 3415 2310 3484 ipso
2343 3416 2450 3469 sibi
2485 3421 2542 3470 et
2577 3415 2854 3469 fratribus
2880 3416 3003 3469 suis
3028 3415 3412 3482 consuluisse,
3444 3419 3503 3470 et
3532 3419 3689 3468 dom-

2047 3516 2177 3554 nam
2203 3503 2588 3570 Bcrcngerum
2609 3504 2874 3557 abbatem
2897 3503 3083 3557 sancti
3112 3504 3400 3558 Laurentii
3428 3502 3536 3557 sibi
3563 3516 3690 3557 suc-

2044 3604 2334 3644 cessorcm
2364 3591 2478 3657 jam
2505 3591 2600 3645 diu
2626 3591 2775 3660 apud
2801 3606 2862 3645 se
2888 3592 3230 3658 destinasse,
3259 3591 3390 3660 quia
3415 3595 3471 3645 et
3498 3603 3691 3644 mona-

2045 3675 2190 3732 chus
2221 3677 2353 3731 olim
2389 3679 2563 3732 fuerit
2591 3679 2874 3748 ccclesiai,
2910 3685 2966 3733 et
3001 3695 3029 3734 a
3064 3681 3271 3734 domno
3304 3679 3549 3734 Henrico
3573 3678 3690 3748 epi-

2048 3778 2222 3836 acopo
2244 3768 2920 3838 consecratuslegitimc,
2954 3769 3109 3824 nulla
3144 3769 3426 3838 indigeret
3460 3767 3686 3822 Othcrti

2045 3858 2504 3911 consecratione.
2528 3859 2813 3913 Laudatus
2834 3857 3012 3913 abbas
3032 3858 3086 3913 id
3108 3859 3324 3929 optime
3346 3856 3687 3928 providisse,

2048 3957 2333 3999 consensu
2368 3946 2778 4015 przcdictorum
2812 3947 2900 4002 vel
2933 3948 3307 4018 praisentium
3340 3949 3580 4002 fratrum
3616 3943 3691 3999 ibi

2051 4035 2287 4103 scripsit
2341 4035 2664 4102 Berengero
2714 4037 2820 4090 sub
2871 4037 3266 4091 obtestatione
3319 4033 3693 4105 professionis

2052 4137 2190 4188 sure,
2220 4137 2386 4191 quam
2417 4123 2628 4177 fecerat
2654 4123 2939 4191 ecclesiae,
2969 4129 3029 4180 ut
3055 4124 3134 4178 illi
3162 4125 3214 4177 in
3243 4123 3512 4193 praesenti
3546 4122 3696 4192 peri-

2051 4210 2182 4266 culo
2207 4216 2600 4278 succurreret,
2630 4211 2898 4279 quodque
2933 4211 3148 4267 volenti
3181 4211 3370 4265 animo
3399 4211 3690 4266 abbatiam

2053 4300 2162 4355 sibi
2189 4299 2554 4354 commissam
2583 4299 2970 4368 relinqueret;
3001 4299 3106 4355 hac
3139 4305 3325 4354 tamen
3355 4297 3584 4354 omnino
3615 4298 3696 4353 in-

2051 4389 2337 4458 terposita
2363 4387 2716 4458 conditione,
2746 4389 2896 4458 quod
2922 4389 3277 4458 quibuslibet
3303 4388 3433 4443 aliis
3458 4392 3696 4459 postpo-

2055 4477 2205 4546 sitis,
2243 4476 2369 4532 ideo
2391 4491 2517 4532 eum
2545 4491 2944 4533 successorem
2969 4477 3268 4546 elegisset,
3301 4493 3369 4532 ne
3391 4491 3697 4533 consecra-

2056 4566 2209 4621 tione
2243 4565 2466 4619 Otbcrti
2503 4565 2807 4635 indigezet.
2846 4565 3091 4636 Scripsit
3121 4565 3294 4620 etiam
3327 4565 3604 4624 fratribus
3638 4565 3692 4619 in

2053 4668 2376 4722 commune,
2414 4659 2472 4708 ut
2499 4669 2665 4723 quem
2690 4653 2966 4722 elegerat,
3003 4653 3108 4724 ipsi
3137 4668 3363 4723 quoque
3388 4652 3691 4722 eligerent,

2055 4743 2253 4812 sicque
2288 4756 2388 4812 per
2420 4757 2620 4797 manus
2660 4742 2889 4796 Raincri
2934 4742 3187 4797 PlI'CRSlS
3219 4747 3274 4797 et
3308 4741 3546 4796 Roberti
3592 4741 3693 4795 Cu-

2056 4831 2251 4885 nensis
2285 4829 2550 4884 baculum
2577 4828 2928 4901 pastoralem
2955 4829 3172 4885 remisit
3198 4829 3491 4893 ecclesiae;
3527 4842 3694 4898 quem

2057 4919 2138 4973 illi
2171 4918 2321 4989 apud
2354 4919 2519 4973 Piros
2552 4933 2623 4973 ex
2655 4918 2925 4974 consultu
2959 4917 3188 4972 interim
3224 4917 3606 4987 reliquerunt,
3634 4921 3694 4971 ut

2059 5007 2222 5078 quasi
2249 5007 2318 5061 de
2342 5006 2582 5062 incertis
2611 5006 2796 5062 adhuc
2833 5007 3006 5061 rebus
3037 5006 3381 5076 praeveniret
3407 5005 3560 5059 inter
3583 5003 3700 5060 dis-

2058 5097 2316 5153 sidentes
2337 5096 2558 5151 certius
2580 5095 2902 5162 consilium,
2926 5099 2984 5148 et
3011 5100 3171 5150 tanto
3194 5094 3368 5150 citius
3392 5093 3697 5162 Bercngeri

2058 5184 2338 5252 eligerent
2389 5182 2689 5251 auxilium,
2742 5187 2956 5252 quanto
2989 5197 3056 5236 ex
3086 5181 3440 5238 Theoderico
3487 5182 3698 5237 abbate

2058 5276 2328 5341 gravaret
2367 5285 2468 5324 eos
2507 5269 2884 5326 desolationis
2923 5284 3043 5324 sua;
3087 5269 3401 5340 fastidium,
3457 5269 3699 5324 maxime

2064 5365 2302 5431 prepter
2335 5359 2773 5414 insectationem
2807 5357 3058 5427 Otberti,
3095 5371 3221 5428 quae
3256 5361 3413 5413 tanto
3445 5356 3702 5412 immine-
3735 5365 3742 5370 '

2063 5455 2149 5504 ret
2181 5449 2265 5504 eis
2299 5447 2586 5516 infestior,
2619 5450 2833 5517 quanto
2863 5446 2918 5501 in
2948 5445 3244 5502 desolatos
3273 5446 3630 5503 effrenatior.

2133 5584 2218 5636 86.
2247 5579 2417 5652 (107.)
2445 5579 2708 5642 Redditis
2729 5593 2867 5636 vero
2887 5576 3103 5636 litteris
3121 5577 3457 5638 Theoderici
3477 5578 3532 5636 in
3553 5594 3677 5637 com
3692 5618 3721 5638 .

1891 5679 2089 5737 ΝΟΤᾸΞ
2105 5719 2118 5732 .

377 5752 524 5824 (187)
556 5754 710 5808 Tunc
743 5749 1057 5805 monachus
1089 5747 1505 5805 Cluniacensis.
