3936 6424
258 416 414 484 1435

1242 430 1724 501 CHRONICON
1767 433 1834 500 S.
1885 434 2254 505 HUBEHTI
2298 434 2698 505 ANDAGIN.

3515 433 3683 503 1486

260 576 416 634 muni
448 576 762 652 audientia,
793 595 923 640 cum
947 598 1101 643 mers
1123 591 1431 647 notaretur
1463 590 1555 648 vel
1587 590 1713 661 ejus
1740 605 1911 663 spon-
1940 582 1996 644 A
2026 606 2185 649 ream
2217 592 2272 651 in
2301 595 2671 668 coemptione
2701 590 3063 650 Bulloniensi
3089 590 3463 662 deliberaret,
3495 592 3686 651 Code-

261 669 429 723 tanea
452 668 706 738 privatio
725 670 817 727 vel
838 674 1146 745 Berengeri
1168 678 1432 746 eligenda
1456 681 1740 751 prtelatio,
1767 686 1827 737 ut
1850 680 1913 736 fit

259 754 314 853 in
340 756 621 853 novandis
647 760 840 832 rebus,
876 780 983 833 pro
1006 781 1113 822 suo
1136 768 1383 838 quisque
1411 770 1517 826 niti
1551 772 1731 843 coepit
1759 771 1915 841 inge-

259 847 353 900 nio
373 862 386 909 ;
403 855 528 901 orta
551 847 705 904 inter
723 866 824 907 eos
845 852 1226 926 dissentione,
1243 858 1658 916 Theodericum
1680 861 1913 930 quidem

265 935 610 992 commissos
642 938 758 995 sibi
791 940 1120 1000 inordinate
1151 945 1498 1013 deseruisse,
1527 948 1597 1004 ad
1622 951 1913 1005 abbatiam

257 1037 399 1078 vero
434 1028 744 1094 regendam
777 1030 978 1101 plures
1008 1035 1159 1105 apud
1191 1050 1295 1091 eos
1329 1052 1663 1108 superesse,
1707 1041 1917 1095 Beren-

254 1125 396 1179 gcro
418 1128 582 1171 suam
603 1117 683 1172 illi
709 1121 977 1177 sufﬁcere
994 1139 1180 1194 posse,
1199 1126 1360 1183 nullo
1377 1129 1545 1184 modo
1565 1144 1629 1184 se
1649 1129 1766 1199 pati
1785 1143 1915 1185 eum

256 1201 367 1256 sibi
405 1218 681 1274 prmessc.
728 1210 1041 1269 lndifflnito
1070 1229 1210 1271 vero
1243 1217 1489 1273 consilio
1521 1218 1574 1273 in
1608 1221 1724 1273 tam
1756 1218 1918 1273 vario

261 1290 555 1366 dissensu,
599 1312 710 1352 non
744 1301 928 1357 multo
963 1309 1090 1373 post
1123 1304 1367 1362 redditrc
1398 1311 1536 1363 sunt
1571 1306 1785 1365 litterae
1819 1310 1920 1362 Bc-

262 1396 534 1454 rcngcro,
573 1386 765 1445 missae
787 1390 872 1445 illi
899 1406 929 1447 a
951 1393 1326 1451 Theoderico.
1364 1399 1422 1451 ln
1453 1398 1666 1467 quibus
1694 1412 1823 1454 cum
1856 1412 1918 1452 se

264 1470 509 1541 legisset
532 1474 804 1549 electum,
827 1486 885 1536 et
904 1482 1081 1538 sciret
1099 1484 1214 1553 jam
1236 1500 1264 1541 a
1289 1486 1571 1541 fratribus
1596 1486 1913 1557 repulsum,

261 1562 564 1631 paululum
586 1568 927 1626 subridens:
949 1572 1117 1643 0010,
1137 1574 1343 1645 inquit,
1365 1576 1661 1633 Uticensis
1680 1576 1776 1633 die
1796 1591 1919 1646 qua

2026 683 2175 740 frido
2217 685 2289 742 de
2327 686 2463 741 [Iam
2504 684 2620 740 duo
2661 681 2915 740 dorsalia
2956 696 3086 737 cum
3125 680 3429 739 dalmatica
3460 696 3571 739 una
3608 686 3676 739 et

2020 788 2203 846 cappa
2234 776 2649 844 commodaret,
2684 774 2740 828 in
2773 772 2894 843 ipsa
2929 785 3158 842 quoque
3191 771 3525 828 infirmitate
3559 786 3672 829 sua

2023 866 2284 918 extrema
2317 865 2644 931 Bcrengcro
2674 866 2895 932 partem
2927 860 3050 915 auri
3075 864 3134 914 et
3155 860 3381 931 copiam
3414 861 3676 932 lapidum

2028 953 2419 1024 pretiosorum
2451 968 2481 1008 a
2511 952 2640 1007 loco
2683 948 3036 1020 asportanda
3081 948 3459 1018 relinqueret.
3501 951 3567 1005 Et
3599 964 3679 1008 ne

2026 1042 2119 1097 cui
2144 1042 2413 1097 videatur
2436 1040 2506 1095 de
2532 1041 2840 1094 Lamhcrto
2862 1039 2983 1094 haec
3006 1036 3145 1093 talis
3170 1038 3383 1093 mentio
3406 1038 3496 1093 vel
3520 1038 3678 1110 apud

2026 1132 2202 1186 Deum
2245 1128 2491 1201 poenalis
2528 1126 2859 1184 criminatio
2902 1124 2995 1181 vel
3035 1125 3187 1196 apud
3230 1125 3490 1182 homines
3522 1126 3681 1197 judi-

2026 1219 2192 1275 cialis
2210 1219 2520 1286 detractio,
2550 1216 2773 1273 noverit
2793 1230 2921 1272 eum
2948 1215 3160 1270 acerbo
3182 1219 3237 1272 et
3260 1214 3430 1284 longo
3449 1214 3675 1288 dolore,

2030 1314 2092 1365 ut
2124 1310 2231 1364 hoc
2265 1309 2503 1378 faceret,
2546 1308 2945 1378 provocatum,
2991 1304 3123 1360 dum
3163 1303 3333 1360 nimis
3371 1304 3678 1361 inhoneste

2034 1402 2323 1454 tractatus
2343 1402 2399 1453 et
2421 1396 2736 1468 despectus
2759 1395 2812 1451 in
2839 1395 2966 1465 ipsa
2988 1398 3311 1462 senectute,
3333 1399 3423 1449 tot
3444 1392 3681 1451 labores

2024 1487 2353 1562 juventutis
2367 1501 2488 1543 suae
2503 1486 2652 1557 apud
2672 1484 2933 1554 ingratos
2947 1482 3492 1539 dolcretevanuisse
3508 1501 3522 1550 ;
3538 1483 3677 1553 quia

2028 1581 2202 1633 etest
2227 1576 2613 1632 miserrimum
2638 1588 2821 1642 genus
2844 1571 3227 1640 infelicitatis,
3252 1571 3471 1628 felicem
3494 1571 3679 1629 fuisse

250 1663 469 1719 passus
486 1654 578 1711 est
590 1658 891 1727 repulsam
911 1662 1074 1729 risit,
1097 1663 1157 1718 et
1170 1665 1331 1721 nocte
1348 1680 1471 1735 qua
1487 1667 1816 1724 moriturus
1833 1668 1927 1724 est
2027 1666 2171 1722 etde
2188 1680 2367 1735 regno
2382 1666 2435 1720 in
2453 1664 2779 1732 servitium,
2799 1662 2968 1717 immo
2984 1667 3158 1717 contu
3171 1660 3369 1716 melias
3382 1660 3679 1717 decidere.

255 1738 417 1809 legit.
469 1743 606 1808 Quae
642 1746 872 1815 quidem
906 1750 1140 1821 repulsa
1178 1751 1315 1809 licet
1351 1755 1527 1811 altius
1558 1770 1726 1825 quam
1762 1756 1917 1826 quis-

257 1841 431 1897 quam
462 1836 629 1889 ratus
661 1840 815 1891 esset
842 1837 895 1892 in
920 1854 1025 1895 cor
1045 1840 1171 1909 ejus
1197 1842 1565 1899 descenderit
1602 1843 1770 1915 (188),
1808 1860 1914 1917 pro

2096 1759 2182 1813 88.
2212 1756 2384 1823 (110.)
2408 1757 2465 1809 In
2491 1754 2690 1809 eodem
2715 1767 2854 1808 vero
2876 1765 3024 1807 anno
3047 1750 3278 1821 [1097?]
3304 1749 3450 1821 (189)
3475 1749 3681 1807 Kalen-

2028 1845 2115 1901 dis
2144 1845 2294 1901 Junii
2329 1845 2610 1900 Otbcrtus
2642 1846 2900 1898 castrum
2926 1841 3150 1896 Mirvolt
3178 1854 3285 1895 non
3309 1839 3475 1909 longe
3499 1839 3673 1896 situm

255 1920 519 2030 tempore
557 1925 749 2030 tamen
778 1927 941 1995 quasi
970 1929 1215 1999 benigne
1249 1932 1569 2002 respondit,
1605 1935 1750 1989 satis
1781 1950 1916 1990 con'
1942 1967 1999 2030 Η
2028 1950 2059 1992 a
2093 1934 2446 1990 monasterio
2480 1933 2550 1988 ad
2584 1932 3004 1988 desolationem
3046 1928 3511 1998 circumjacentis
3542 1943 3677 1999 pro-

254 2006 409 2063 sulte
444 2012 793 2080 pepulsorcs
835 2030 974 2074 suos
1012 2020 1311 2076 censuisse
1345 2036 1445 2077 sua
1481 2023 1590 2077 sibi
1624 2024 1908 2093 sufﬁcere,

261 2096 573 2169 unicuique
593 2101 645 2156 in
663 2104 911 2161 ecclesia
934 2121 1035 2162 sua
1058 2108 1330 2164 militanti
1352 2110 1611 2167 debitum
1633 2112 1911 2170 honorem

251 2190 611 2257 competere,
648 2190 798 2246 scire
824 2207 886 2249 se
911 2195 1171 2253 moribus
1200 2212 1401 2255 eorum
1429 2214 1539 2257 non
1564 2204 1911 2273 convenire;

259 2283 592 2344 quaererent
623 2280 717 2335 cui
753 2280 858 2337 llos
886 2283 1089 2352 glorize
1116 2285 1231 2355 jam
1266 2288 1416 2359 apud
1450 2304 1551 2345 eos
1585 2290 1913 2348 decidentis

259 2361 586 2436 refloreret,
621 2372 680 2423 et
713 2370 920 2440 religio
961 2373 1240 2431 deficiens
1281 2384 1635 2447 resurgeret.
1674 2381 1911 2438 Audivit

253 2449 477 2508 interea
507 2454 792 2513 Otbertus
819 2475 1008 2517 rerum
1033 2464 1265 2535 seriem,
1297 2471 1354 2521 et
1380 2469 1636 2525 evocatis
1660 2470 1731 2525 ad
1754 2485 1816 2526 se
1840 2471 1912 2527 de

256 2543 613 2599 monasterio
643 2560 793 2616 quos
827 2555 1066 2607 noverat
1102 2554 1394 2621 meliores,
1441 2556 1634 2613 mirari
1672 2574 1733 2614 se
1766 2559 1910 2615 dixit

250 2644 357 2684 cur
384 2631 773 2703 Berengerum
803 2639 1183 2710 repulissent,
1213 2658 1381 2713 quem
1410 2644 1463 2699 in
1486 2646 1911 2705 ecclesiasticis

250 2717 611 2779 utilitatibus
651 2724 839 2782 virum
882 2735 997 2784 tam
1042 2730 1330 2788 valentem
1358 2733 1474 2803 jam
1509 2735 1773 2806 rapuisse
1816 2736 1913 2793 de-

251 2806 540 2865 buissent.
566 2812 775 2869 Eadem
804 2819 1097 2874 sententia
1124 2819 1193 2875 de
1221 2822 1545 2892 Berengero
1569 2824 1721 2895 apud
1744 2824 1914 2881 cleri-

256 2909 360 2985 cos
379 2902 438 2954 et
460 2897 644 2957 laicos
660 2905 1096 2978 crebrescebat,
1113 2914 1169 2963 et
1186 2911 1468 2967 neminem
1487 2913 1567 2967 rei
1589 2918 1646 2968 et
1666 2919 1912 2985 tempori

255 2983 547 3043 utiliorem
572 2992 913 3050 censebant.
938 2996 1058 3050 Jam
1082 2998 1257 3053 etiam
1285 3000 1499 3056 fratres
1524 3006 1606 3056 tot
1635 2983 1915 3060 assertio-

256 3072 427 3130 nibus
459 3078 709 3135 convicti
740 3091 1166 3141 consenserant
1188 3088 1315 3159 ejus
1338 3089 1634 3162 electioni,
1659 3107 1786 3149 cum
1812 3094 1912 3149 ille

258 3164 437 3255 semel
494 3174 776 3240 concepta
827 3171 1224 3243 indignatione
1282 3177 1481 3237 nrimzn
1534 3181 1907 3255 repulsionis,

250 3251 424 3309 nullis
458 3257 737 3326 precibus
768 3259 1018 3331 Otbcrti,
1057 3264 1232 3322 nullis
1258 3251 1777 3327 acclamationibus
1804 3251 1911 3329 fra-

250 3343 402 3397 trum
438 3343 531 3400 vel
560 3345 702 3402 cleri
734 3349 953 3406 evaluit
987 3355 1387 3423 procurationi
1417 3357 1633 3414 oblata:
1668 3361 1903 3417 attrahi.

250 3429 348 3519 Tot
376 3432 1051 3509 igiturtcmpestatibus,
1084 3447 1175 3498 tot
1208 3444 1719 3516 dilationibusjam
1745 3464 1907 3519 paene

247 3517 577 3609 deficientis
646 3529 912 3587 ecclesia)
981 3538 1268 3602 pertzrsus
1333 3538 1636 3609 Othertus,
1698 3517 1906 3597 indixit

249 3607 552 3681 fratribus,
599 3620 659 3671 ut
706 3632 874 3686 quem
908 3622 1126 3680 vellent
1157 3624 1227 3681 de
1260 3627 1385 3682 suis
1416 3607 1700 3697 eligerent
1733 3631 1907 3702 eique

242 3703 710 3760 consecrandum
744 3706 798 3762 in
830 3709 1100 3767 abbatem
1135 3721 1581 3783 praescntarent.

244 3873 254 3884 .
314 3790 401 3884 ΒΤ.
430 3789 605 3884 (109.)
634 3795 789 3852 Inter
809 3798 916 3855 bas
941 3798 1406 3872 disceptationes
1429 3806 1767 3863 Lambertus
1792 3823 1907 3865 ma-

234 3877 327 3943 jor
366 3877 696 3938 infirmatus
735 3885 805 3939 ad
847 3892 1115 3959 mortem,
1172 3891 1561 3961 Bcrengerum
1596 3895 1666 3949 de
1698 3896 1903 3953 Lcodio

240 3963 312 4020 ad
364 3980 428 4022 se
484 3972 981 4031 reconciliandam
1030 3979 1345 4050 mandavit,
1398 3987 1727 4054 unctusque
1771 3986 1900 4045 oleo

247 4056 400 4146 quod
427 4058 541 4113 sibi
568 4068 912 4132 reposuerat
936 4080 1005 4121 ex
1029 4070 1469 4127 consecratione
1502 4073 1729 4129 Ilenrici
1767 4092 1903 4146 pon-

240 4143 436 4215 tiflcis,
484 4162 634 4205 anno
668 4150 957 4211 incarnati
992 4154 1089 4211 Vel
1108 4157 1162 4212 bi
1202 4163 1356 4230 1099,
1390 4164 1423 4216 8
1455 4162 1741 4220 Kalendas
1768 4143 1899 4221 Maii

237 4233 405 4289 obiit.
440 4235 547 4302 Qui
584 4243 865 4299 strenuus
901 4251 1255 4315 cooperator
1293 4249 1525 4306 abbatis
1560 4251 1897 4309 Theoderici

2026 2024 2231 2081 vincite
2265 2022 2613 2089 refirmavit;
2649 2020 2804 2093 quod
2828 2023 3072 2091 optentu
3096 2018 3313 2074 domini
3335 2016 3677 2076 Theoderici

2026 2112 2260 2181 majoris
2292 2112 2577 2167 llenricus
2603 2110 2919 2181 episcopus
2949 2107 3246 2179 dejecerat
3276 2108 3386 2163 sub
3418 2106 3676 2162 intermi-

2023 2202 2256 2257 natione
2289 2198 2555 2272 perpetui
2585 2197 2975 2255 anathematis
3001 2215 3013 2251 :
3041 2197 3225 2268 ipsum
3255 2210 3485 2267 quoque
3514 2210 3675 2252 mon-

2022 2295 2139 2347 tem
2172 2291 2269 2362 qui
2299 2292 2370 2347 ab
2402 2290 2645 2359 antiquo
2688 2290 2875 2345 fuerat
2910 2287 3063 2345 beati
3098 2287 3339 2342 Huberti
3382 2284 3681 2358 ecclesia);

2023 2381 2252 2437 firmato
2295 2379 2604 2451 privilegio
2640 2377 2912 2447 legaliter
2947 2376 3204 2433 reddidit
3233 2375 3401 2446 (190),
3433 2374 3667 2431 condita

2022 2470 2235 2526 ibidem
2283 2473 2341 2525 et
2388 2468 2657 2524 dedicata
2706 2466 2956 2523 ecclesia
3006 2466 3061 2520 in
3112 2465 3329 2521 honore
3375 2464 3525 2520 beati
3575 2464 3675 2520 Mi-

2021 2558 2262 2627 chaelis,
2298 2559 2512 2613 fratres
2540 2556 2830 2612 secretius
2853 2559 3058 2625 utpote
3084 2554 3136 2609 in
3160 2552 3396 2609 deserto
3423 2555 3537 2610 Deo
3569 2554 3675 2609 mi-

2020 2647 2300 2704 litaturos
2338 2646 2663 2703 constituit.
2709 2644 3105 2701 Provinciales
3134 2651 3327 2700 autem
3359 2659 3432 2698 ex
3461 2645 3671 2699 timore

2022 2736 2404 2793 desolationis
2440 2749 2608 2805 quam
2641 2735 2998 2790 verebantur
3029 2747 3139 2790 non
3173 2732 3357 2789 solum
3390 2732 3520 2802 sibi,
3565 2731 3667 2788 sed

2021 2830 2078 2882 et
2107 2825 2360 2898 posteris
2385 2825 2530 2891 suis,
2556 2824 2823 2880 condicta
2849 2821 2940 2879 die
2962 2824 3356 2878 convenerunt
3388 2821 3457 2877 ad
3485 2819 3669 2878 eccle-

2024 2916 2167 2971 siam
2195 2915 2349 2970 beati
2375 2913 2642 2984 lluberti,
2670 2911 3115 2984 expostulantes
3146 2926 3359 2982 corpus
3386 2910 3512 2980 ejus
3538 2925 3668 2968 cum

2021 3004 2279 3083 lacrimis
2311 3005 2560 3059 Otbcrto
2593 3001 2959 3074 praesentari,
2997 3000 3042 3058 si
3080 3000 3229 3057 forte
3253 2999 3347 3056 vel
3371 3000 3454 3056 sic
3477 2999 3677 3071 resipi-

2023 3101 2215 3154 sceret
2249 3098 2320 3153 ab
2354 3096 2677 3153 intentione
2709 3094 2881 3165 hujus
2913 3108 3038 3151 suae
3070 3092 3437 3165 inceptionis.
3475 3092 3668 3150 Coacti

2022 3188 2236 3244 fratres
2259 3202 2370 3243 non
2396 3184 2583 3242 solum
2606 3184 2960 3241 necessitate
2992 3182 3303 3251 communi,
3335 3181 3439 3238 sed
3460 3188 3519 3238 et
3541 3196 3669 3253 pro-

2020 3277 2147 3351 pria
2180 3292 2309 3346 quae
2343 3275 2526 3344 magis
2560 3272 3070 3346 praeponderabat,
3104 3271 3239 3328 licet
3271 3271 3439 3328 nimis
3480 3271 3673 3328 incon-

2021 3365 2200 3435 sulte,
2223 3369 2401 3435 utque
2426 3364 2489 3419 fit
2513 3363 2564 3418 in
2584 3377 2777 3419 rerum
2799 3360 3183 3418 tumultuaria
3209 3359 3665 3432 perturbatione,

2019 3453 2195 3510 nullis
2219 3451 2818 3525 prmmissisjejuniis,
2851 3448 3029 3506 nullis
3053 3447 3285 3518 vigiliis,
3317 3447 3476 3505 nullo
3498 3462 3670 3520 appa-

2019 3548 2147 3599 ratu
2182 3543 2357 3613 hujus
2390 3540 2771 3610 executionis,
2808 3545 3069 3595 assumto
3095 3537 3245 3593 beati
3270 3537 3375 3593 viri
3400 3550 3662 3608 corpore,

2018 3635 2440 3704 processerunt
2463 3630 2635 3687 nudis
2657 3628 2902 3701 pedibus
2924 3632 2981 3684 et
3005 3632 3211 3699 operto
3233 3627 3426 3699 capite
3457 3625 3541 3683 ‘”.
3576 3626 3668 3681 Vi-

2014 3722 2187 3778 deres
2207 3720 2422 3792 passim
2442 3717 2918 3775 concurrentium
2939 3718 3147 3773 turbas
3161 3716 3360 3786 augeri
3375 3715 3462 3785 ιω,
3479 3714 3666 3772 luctu-

2015 3825 2128 3881 que
2159 3809 2424 3880 populari
2457 3808 2789 3864 canentium
2822 3806 3071 3862 letanias
3098 3809 3159 3860 et
3190 3804 3446 3877 psalmos
3476 3804 3663 3876 depri-

2014 3900 2109 3955 mi.
2144 3898 2377 3954 Audivit
2409 3898 2693 3954 Otbcrtus
2719 3896 2866 3952 tanti
2900 3894 3194 3966 pontificis
3221 3893 3571 3950 auctoritate
3600 3907 3661 3951 se

2014 3987 2267 4059 insequi,
2300 3993 2360 4043 et
2389 3988 2459 4043 ad
2487 3987 2691 4043 horam
2735 3987 2931 4043 furore
2969 3983 3359 4054 dissimulato,
3402 3997 3662 4040 ascenso-

2014 4094 2127 4151 que
2158 4094 2309 4149 equo
2333 4093 2463 4135 cum
2487 4078 2612 4134 suis
2635 4081 2690 4133 et
2718 4077 2843 4149 ipse
2875 4074 3246 4132 venientibus
3277 4073 3503 4130 obviam
3537 4085 3664 4145 pra“

2009 4168 2214 4224 cessit.
2237 4169 2525 4223 Praetenta
2549 4182 2687 4223 vero
2704 4166 3000 4238 paulisper
3020 4164 3344 4221 reverentia
3361 4161 3655 4232 orationis,

2013 4262 2147 4328 post
2167 4256 2571 4327 aspersionem
2596 4270 2760 4326 aquae
2786 4254 3131 4322 benedictae,
3159 4253 3312 4308 inter
3330 4250 3660 4307 thuriﬁcan-

237 4321 497 4394 majoris,
524 4326 600 4415 Ain
643 4330 1017 4399 acquirendis
1060 4336 1298 4405 praediis
1337 4342 1393 4393 et
1434 4341 1809 4411 ornamentis,
1843 4343 1898 4398 in
1929 4316 1984 4379 D
2013 4316 2147 4402 dum
2180 4316 2391 4403 fustem
2425 4345 2498 4401 ad
2529 4316 2869 4415 hoc'ipsum
2906 4316 3171 4415 paratum
3202 4340 3469 4411 arripuit,
3500 4342 3556 4395 et
3589 4338 3657 4395 de

243 4413 592 4470 renovandis
610 4421 669 4470 et
687 4419 1036 4490 ampliandis
1056 4424 1342 4493 :ediflciis,
1362 4426 1415 4482 in
1434 4427 1902 4488 vitreisetfabre-

238 4499 503 4571 facturis,
540 4503 594 4558 in
630 4506 956 4567 ordinando
994 4512 1237 4570 fratrum
1277 4515 1435 4573 victu
1469 4521 1526 4572 et
1561 4519 1804 4586 vestitu,
1839 4527 1898 4577 et

235 4588 290 4644 in
336 4590 801 4666 quibuscumque
844 4605 1079 4669 poterat
1120 4601 1386 4661 ecclesiae
1427 4607 1797 4677 profectibus
1835 4613 1895 4667 et

237 4677 622 4752 utilitatibus,
648 4697 778 4741 cum
804 4687 914 4743 sub
936 4688 1291 4748 Theoderico
1310 4693 1541 4763 juniore
1561 4702 1794 4753 assueta
1822 4698 1898 4754 di-

235 4767 465 4837 gnitate
497 4773 782 4844 privatus,
819 4776 1228 4837 adolescentes
1259 4782 1369 4838 sibi
1406 4785 1668 4855 praiponi
1694 4785 1898 4855 justis-

230 4856 375 4913 sime
401 4857 824 4934 indignaretur,
859 4866 1006 4924 adeo
1037 4875 1281 4927 coactus
1306 4876 1399 4927 est
1422 4870 1489 4905 ¹²⁶
1513 4873 1804 4946 desipere,
1832 4880 1897 4933 ut

230 4951 363 5016 post
387 4948 708 5010 discessum
738 4954 994 5025 ejusdem
1025 4958 1364 5017 Theoderici
1391 4962 1711 5019 scrinulum
1738 4964 1893 5021 beati

232 5035 475 5094 Huberti
494 5041 645 5111 quod
663 5052 907 5115 argento
920 5054 1255 5121 paraverat,
1274 5051 1471 5108 ablato
1487 5052 1660 5108 etiam
1677 5067 1739 5109 ca
1752 5055 1897 5125 pitio

234 5137 412 5182 aureo
445 5128 674 5186 mirifici
721 5134 936 5206 operis,
973 5136 1327 5211 dispararet,
1358 5155 1487 5197 cum
1522 5142 1901 5200 exactoribus

233 5213 492 5289 episcopi
536 5222 661 5277 tres
705 5235 915 5281 cruces
944 5239 1154 5284 aureas
1180 5233 1241 5285 et
1271 5229 1527 5287 tabulam
1560 5230 1767 5288 altaris
1799 5248 1898 5290 au-

2012 4435 2179 4492 caesis
2209 4436 2454 4492 fratrum
2495 4434 2790 4504 capitibus
2830 4431 3110 4502 sanguine
3149 4430 3292 4499 fuso,
3337 4444 3434 4499 per
3460 4426 3655 4485 silvam

2014 4524 2282 4597 palantes
2315 4524 2429 4580 huc
2461 4522 2716 4592 illucque
2749 4520 3047 4593 dispersit.
3073 4520 3260 4590 Super
3280 4520 3494 4575 tantam
3517 4519 3657 4571 tam-

2009 4628 2120 4683 que
2170 4612 2512 4683 injuriosam
2564 4610 2954 4666 temeritatem
3003 4607 3426 4665 demirantibus
3469 4604 3653 4661 turbis

2001 4701 2288 4774 justitiam
2333 4699 2638 4768 Altissimi,
2681 4699 2777 4770 qui
2820 4714 2950 4755 cum
2988 4698 3070 4755 sit
3110 4696 3336 4768 patiens
3376 4693 3649 4763 redditor,

2006 4789 2325 4847 secundum
2361 4788 2800 4845 multitudinem
2836 4788 2937 4844 ira
2971 4801 3092 4844 sum
3124 4786 3316 4845 (Psal.
3348 4800 3402 4851 χ,
3435 4784 3509 4854 4),
3543 4797 3650 4839 non

2008 4881 2241 4953 quaerit,
2290 4878 2578 4952 perlatum
2621 4882 2711 4934 est
2755 4892 2971 4950 corpus
3012 4875 3199 4933 sancti
3241 4875 3310 4930 ad
3351 4872 3651 4930 ecclesiam

2008 4968 2164 5025 beati
2198 4966 2495 5024 Michaelis
2527 4966 2885 5036 archangeli,
2919 4964 3251 5035 ibidemque
3279 4960 3648 5032 advigilatum

2009 5070 2039 5111 a
2070 5054 2354 5111 fratribus
2386 5052 2736 5110 recollectis.
2775 5055 2832 5108 In
2861 5052 3182 5109 crastinum
3216 5047 3558 5120 disponebat
3589 5045 3651 5101 il-

2008 5142 2108 5201 lud
2138 5142 2423 5199 violenter
2446 5141 2823 5199 auferendum
2857 5141 3159 5209 Othertus,
3194 5138 3297 5195 sed
3320 5151 3447 5193 cum
3471 5135 3525 5191 in
3551 5135 3646 5191 tali

2009 5231 2470 5304 praesumptione
2516 5245 2686 5288 nemo
2726 5230 2839 5288 sibi
2877 5228 3197 5287 assentiret
3235 5240 3492 5296 suorum,
3536 5223 3648 5295 jam

1589 5346 1826 5403 VARIAS
1867 5346 2270 5404 LECTIONES.

303 5426 368 5463 ¹²⁸
400 5429 563 5491 deest
590 5441 611 5490 1
634 5478 647 5491 .

732 5434 799 5470 ¹²⁹
827 5452 1077 5513 corpore
1109 5446 1130 5498 1
1157 5442 1181 5498 ?
1252 5440 1323 5476 ²³⁰
1349 5442 1441 5504 ita
1474 5458 1633 5502 corr.
1670 5443 1980 5513 Marte“;
2009 5446 2226 5518 angari
2258 5448 2306 5500 1.

1827 5560 2030 5617 NOTAE
2046 5601 2061 5616 .

234 5626 257 5639 η

296 5649 447 5793 (188)
478 5653 810 5736 E.Sallustii
839 5654 965 5726 Iug.
1003 5670 1055 5712 c.
1094 5660 1148 5713 11
1182 5658 1360 5714 verba
1394 5658 1662 5730 sumpsit.

325 5725 445 5793 189)
478 5728 582 5784 Hic
618 5740 787 5783 error
817 5730 931 5793 est,
965 5727 1062 5793 qui
1099 5728 1350 5785 fortasse
1384 5728 1439 5784 in
1474 5731 1604 5785 anni
1637 5744 1662 5785 ι]

325 5725 445 5797 189)
478 5726 596 5798 Hic,
618 5740 787 5783 error
817 5725 1062 5798 est,gqui
1099 5728 1350 5785 fortasse
1384 5728 1439 5784 in
1474 5725 1604 5785 anni
1637 5742 1880 5787 numero

223 5790 388 5867 latet,
415 5790 544 5855 nam
568 5796 879 5871 de,Wiredi
901 5790 1187 5857 electione
1208 5805 1344 5873 post
1366 5800 1490 5857 hac
1514 5801 1667 5858 facta
1690 5800 1880 5858 adhuc

1995 5660 2262 5716 Urbanus
2299 5670 2444 5729 papa
2487 5657 2605 5725 (ob.
2642 5660 2781 5715 1099
2810 5656 2924 5714 Jul.
2957 5655 3049 5726 29)
3093 5652 3437 5712 sententiam
3479 5651 3637 5709 tulit.

2067 5733 2190 5804 190)
2223 5730 2287 5785 ν.
2321 5742 2496 5801 supra
2527 5744 2578 5787 c.
2615 5730 2701 5787 48.
