3936 6426
211 394 365 463 1489

208 625 467 683 cundum
484 630 762 701 regulam
780 635 1698 711 sanetiBenedictifueritfacta,
1718 653 1857 712 quo-

204 714 394 785 modo,
417 714 688 790 inquam,
714 720 982 781 humana
996 726 1209 796 gratia
1222 727 1279 783 et
1301 728 1536 785 terrena
1549 728 1858 786 commodi-

209 803 303 860 tas
318 804 376 859 et
392 806 832 881 cetera,quibus
851 813 1092 885 indigni
1116 815 1378 875 homines
1398 817 1649 890 indigne
1660 818 1742 876 ad
1761 818 1858 875 lto-

207 905 381 950 uores
399 895 592 953 solent
608 902 883 972 prone/ii,
895 905 1114 974 procul
1115 905 1382 978 fuerunt
1400 921 1439 964 a
1458 907 1647 978 nobis,
1662 908 1859 980 utpote

210 980 318 1069 qui
343 983 465 1040 tam
483 987 789 1045 carnalem
807 1004 989 1061 quam
1007 996 1162 1065 spiri
1170 995 1269 1053 tua
1279 996 1389 1052 lem
1406 996 1499 1053 rei
1527 998 1737 1056 oestree
1751 1012 1859 1069 pu-

215 1067 380 1129 blica
397 1077 840 1145 reparationem
849 1096 964 1152 per
982 1097 1079 1140 eos
1101 1084 1510 1144 desideramus
1528 1089 1684 1157 fieri,
1698 1067 1859 1145 nulli

207 1158 407 1216 notius
427 1163 519 1220 est
533 1179 717 1234 quam
734 1168 915 1240 vobis,
941 1171 1001 1227 et
1025 1173 1287 1230 eumdem
1314 1176 1489 1233 recta
1508 1176 1858 1234 intentionis

208 1248 443 1336 oculum
462 1266 688 1326 semper
698 1271 936 1329 purum,
959 1275 1185 1333 semper
1195 1264 1466 1336 apertum
1479 1252 1621 1336 erga
1632 1280 1732 1323 eos
1754 1266 1858 1322 ba-

209 1333 342 1392 bere
362 1339 577 1412 colens,
602 1345 763 1414 quod
779 1348 847 1403 in
865 1348 1028 1407 vobis
1052 1350 1189 1408 bene
1208 1333 1617 1425 cceptumfuit,
1641 1354 1858 1412 melius

208 1427 490 1494 perﬁcere
507 1432 690 1501 colui,
717 1435 774 1491 et
793 1437 876 1492 ad
902 1436 1326 1497 benedictionis
1351 1442 1624 1512 gratiam
1644 1444 1709 1499 in
1723 1457 1858 1514 pro-

207 1514 372 1570 ximo
391 1530 491 1574 eos
507 1521 848 1593 perducere,
881 1527 1001 1581 Deo
1030 1528 1381 1600 opitulante,
1408 1531 1701 1602 disposui.
1756 1532 1859 1590 Vos

208 1603 407 1660 autem
434 1606 541 1663 illo
573 1608 825 1681 tempore
853 1615 1240 1687 imparatum,
1272 1634 1372 1677 eos
1401 1621 1467 1677 in
1496 1620 1860 1692 quibusdam

209 1693 470 1780 negotiis
494 1697 956 1760 lacrimabiliter
968 1704 1217 1764 dixistis
1230 1707 1580 1780 obligatum,
1597 1711 1655 1767 et
1672 1712 1860 1769 consi-

212 1775 290 1833 lio
313 1782 371 1836 et
398 1786 636 1840 auailio
668 1786 966 1861 bonorum,
995 1798 1292 1865 preecipue
1319 1775 1518 1854 autem
1545 1775 1859 1859 concordia

210 1866 523 1973 etunanim
533 1874 960 1950 itatefratrum
972 1896 1065 1938 oes
1073 1882 1299 1940 trorum.
1312 1886 1393 1942 ad
1413 1888 1536 1943 tam
1548 1887 1858 1945 sublimem
1890 1913 1940 1973 Β

200 1956 473 2047 gratiam
493 1973 617 2018 esse
631 1967 948 2034 pi'ooenien
957 1969 1116 2041 dum,
1139 1972 1410 2044 diemque
1428 1976 1613 2047 hujus
1630 1977 1721 2033 rei
1730 1992 1859 2047 per-

207 2043 480 2133 ﬁciendo:
492 2050 753 2119 elegistis
772 2055 828 2110 et
843 2058 1104 2129 petistis,
1123 2061 1256 2119 etin
1270 2043 1607 2133 ipsasancti
1618 2043 1860 2123 Andrece

209 2130 561 2225 testiettate,
586 2154 677 2195 me
707 2147 1024 2217 annuente,
1057 2130 1382 2209 statuistis.
1409 2154 1536 2209 Sed
1554 2156 1705 2225 quia
1723 2155 1861 2213 tunc

207 2218 413 2313 leodii
433 2226 826 2302 non/nimus,
858 2234 1078 2308 quippe
1106 2240 1315 2297 honori
1345 2242 1407 2298 et
1414 2218 1636 2313 qratiee
1663 2244 1861 2302 domui

209 2308 589 2380 imperatoris
613 2318 974 2383 deseruimus
991 2327 1159 2399 (191),
1175 2344 1274 2387 eos
1296 2308 1438 2389 tunc
1454 2333 1735 2390 Leodium.
1747 2350 1865 2392 non

204 2400 436 2491 venisse
458 2419 841 2480 nequaquam
869 2414 1252 2487 negligentiae
1279 2421 1660 2491 imputamus.
1689 2425 1865 2482 Nunc

208 2487 405 2583 autem
414 2496 816 2583 pracipiendo
826 2502 990 2560 vobis
1005 2504 1197 2563 denun
1207 2487 1452 2581 tiamus,
1467 2512 1527 2567 et
1538 2526 1646 2583 per
1658 2527 1760 2570 oer
1771 2527 1866 2570 am

207 2573 607 2640 obedientiam
618 2600 720 2645 eos
732 2590 1131 2663 admonemus,
1148 2573 1465 2657 utremotis
1477 2573 1748 2660 omnibus
1760 2605 1866 2660 im-

195 2665 563 2759 pedimentis
588 2676 815 2735 10Kal.
841 2680 1159 2742 Februarii
1182 2686 1366 2759 (1098)
1403 2690 1607 2747 Leodii
1632 2692 1773 2749 sitis
1798 2692 1867 2750 in

211 2757 497 2851 crastino,
518 2762 627 2820 hoc
646 2766 738 2822 est
764 2767 828 2823 in
848 2782 946 2840 seq
956 2772 1121 2831 uenti
1141 2774 1239 2831 die
1258 2757 1559 2836 dominica
1582 2778 1757 2851 (192),
1784 2780 1866 2838 ad

209 2846 657 2940 percipiendam
696 2854 1150 2917 benedictionem
1189 2866 1470 2936 paratus,
1516 2846 1866 2940 eosque'per

212 2931 401 2989 Deum
424 2938 480 2991 et
477 2952 592 3008 per
621 2939 855 3000 beatum
899 2931 1235 3007 Hubertum
1255 2931 1863 3014 omnimodis-ammo-

210 3019 409 3117 nitum
436 3039 560 3117 esse
586 3034 879 3104 volumus,
918 3037 988 3092 ut
1013 3038 1260 3104 interim
1288 3043 1486 3100 nicnil
1512 3046 1705 3117 aliud,
1737 3047 1861 3104 nisi

208 3114 365 3207 quod
386 3114 478 3207 ad
495 3132 696 3207 meum
724 3121 1002 3181 bonorem
1030 3128 1089 3184 et
1112 3129 1195 3185 ad
1219 3132 1477 3190 ecclesiae
1501 3114 1709 3192 vestra
1738 3149 1863 3207 spe-

207 3200 680 3294 ctetutililatem,
696 3215 1232 3281 quaeraturaeobis
1252 3221 1345 3277 vel
1362 3223 1601 3294 agatur.
1642 3200 1854 3281 Valete.

208 3286 300 3384 Sic
326 3290 626 3384 Oibertus,
742 3300 924 3373 aiunt,
948 3304 1145 3373 gladio
1892 3274 1939 3337 Ο

207 3380 440 3438 stantia:
472 3383 527 3475 in
554 3387 783 3446 Wiredo
812 3400 1122 3464 supererat
1149 3397 1409 3457 funditus
1431 3380 1704 3475 extinxit,
1734 3403 1861 3460 ille-

209 3482 319 3558 que
372 3472 607 3542 praefixa
659 3479 772 3535 sibi
805 3480 898 3537 die
950 3483 1221 3541 Leodium
1257 3489 1439 3544 venit.
1509 3472 1858 3558 Quem'dum

209 3555 491 3617 Othcrtus
508 3573 783 3635 argueret
812 3575 922 3625 tam
946 3570 1043 3627 diu
1066 3574 1279 3632 oblatae
1295 3576 1404 3632 sibi
1432 3555 1861 3640 benedictionis

206 3647 455 3744 gratiam
474 3655 926 3744 subterfugisse,
955 3659 1053 3717 ille
1076 3663 1145 3719 ad
1163 3663 1361 3721 horam
1380 3669 1543 3738 quasi
1561 3676 1859 3744 resumpto

209 3734 335 3791 zelo
362 3740 634 3800 veritatis
666 3749 1040 3819 attestandae,
1076 3751 1165 3805 vel
1201 3757 1264 3808 ut
1298 3734 1429 3811 inde
1457 3757 1607 3827 apud
1643 3734 1858 3817 fratres

206 3828 604 3887 cxcusabilior
633 3832 937 3891 videretur
969 3837 1039 3893 de
1070 3853 1175 3895 sua
1214 3845 1679 3916 consecratione,
1713 3849 1861 3906 hanc

208 3917 624 3987 praetenderet,
656 3920 710 3975 in
742 3924 973 3994 publica
1003 3927 1298 3985 audientis
1333 3932 1644 3991 subintulit
1676 3936 1860 3997 libero

208 4014 330 4097 ore,
354 4018 463 4059 non
487 4006 599 4062 sibi
622 4008 807 4066 videri
824 4015 1182 4072 commodam
1206 4019 1331 4090 ejus
1358 4021 1858 4097 benedictionem;

210 4091 423 4164 quippe
445 4111 574 4152 cum
615 4097 1084 4162 inobstinatione
1112 4109 1229 4163 tam
1255 4109 1423 4180 longa
1467 4112 1750 4173 adversus
1773 4091 1862 4174 se;

210 4182 408 4273 demet
431 4186 808 4246 autoritatem
836 4194 1217 4263 apostolicam
1244 4199 1857 4273 Henricoreginitcnti

208 4270 582 4342 singulariter
605 4278 846 4352 faveret,
893 4285 1014 4337 tum
1046 4284 1177 4355 quia
1205 4300 1278 4343 ex
1300 4287 1407 4345 hoc
1432 4270 1662 4362 ipso,vsi
1687 4294 1860 4351 bene-

208 4359 508 4419 diceretur
529 4364 601 4420 ab
632 4380 723 4438 eo,
749 4369 995 4426 timebat
1020 4372 1264 4431 fratrum
1289 4359 1530 4436 suorum
1563 4359 1857 4440 contradi-

207 4450 484 4523 ctionem,
519 4457 639 4509 tum
672 4456 845 4513 etiam
878 4460 1011 4532 quia
1045 4461 1100 4518 in
1135 4462 1557 4525 desolationem
1588 4471 1854 4530 ecclesiae

210 4537 363 4595 beati
390 4542 632 4599 lluberti
657 4550 914 4603 castrum
940 4550 1169 4608 Mirvolt
1192 4553 1575 4629 reﬁrmasset,
1604 4561 1755 4631 quod
1783 4576 1853 4618 ne

205 4642 558 4719 a-quoquam
608 4634 859 4707 amplius
892 4638 1058 4697 ﬁeret
1107 4643 1393 4702 Henricus
1452 4627 1937 4719 praedecessorD

206 4716 333 4810 ejus
358 4718 869 4810 interdixeratsub
886 4733 1169 4800 perpetuo
1192 4716 1590 4803 anathemate;
1617 4753 1856 4810 respon-

207 4808 382 4865 dente
406 4809 653 4868 Otberto
676 4829 788 4871 non
809 4816 980 4874 modo
1002 4833 1135 4876 esse
1169 4824 1398 4894 tempus
1429 4825 1601 4882 istius
1634 4808 1858 4885 discus-

206 4896 388 4954 sionis
420 4902 681 4970 agendas.
716 4903 1198 4980 dissimulataque
1226 4910 1436 4969 callide
1458 4913 1858 4985 indignatione

207 4988 555 5062 invectionis
590 4998 702 5047 tam
737 4994 970 5067 subitae,
1009 4995 1163 5053 illam
1195 5013 1357 5057 suam
1390 5002 1855 5063 benedictionem

204 5071 317 5166 jam
344 5077 507 5147 quasi
532 5079 1516 5148 nolentideliborabatsubtrahere.
1534 5092 1860 5166 Statimque

207 5161 354 5221 bene
368 5168 644 5225 conscius
666 5169 793 5240 ejus
819 5172 1211 5233 animositatis
1242 5178 1314 5234 ad
1338 5194 1457 5235 rem
1475 5180 1628 5238 inter
1643 5161 1863 5241 utrum-

209 5264 321 5341 que
336 5258 796 5327 componendam
832 5262 1193 5333 Berengerus
1224 5267 1556 5341 subintulit,
1594 5271 1863 5330 benedic-

203 5338 555 5400 tionemnon
582 5359 716 5403 esse
749 5347 1003 5421 Otberti,
1036 5352 1135 5409 sed
1166 5354 1295 5422 Dei;
1327 5370 1456 5413 cum
1486 5338 1726 5416 econtra
1751 5362 1859 5419 Do-

209 5429 398 5522 minus
426 5448 529 5505 per
559 5435 897 5494 Malachiam
932 5438 1086 5496 dicat
1113 5441 1185 5499 de
1212 5445 1626 5504 sacerdotibus
1659 5448 1861 5522 eispli-

205 5520 478 5582 centibus
509 5526 651 5584 sibi:
693 5526 1062 5587 Maledicam
1111 5529 1612 5595 benedictionibus
1641 5520 1862 5599 vestris

1812 5627 2014 5687 NOTA'J

282 5709 437 5795 (191)
483 5712 589 5795 Qui
625 5718 761 5795 tunc
794 5715 1101 5789 Mogontiae
1128 5717 1485 5793 colloquium
1516 5721 1739 5795 habuit,
1770 5727 1856 5780 te.

216 5782 308 5836 ste
340 5781 702 5842 Ekkehardo.

1189 405 1666 478 CHRONICON
1708 412 1776 477 S.
1821 411 2189 482 HUBERTI
2231 419 2621 490 ANDAGIN.

207 532 277 593 in
292 534 1017 652 C’ﬁzristoﬂepromotione
1030 545 1134 603 tua
1145 547 1412 620 qualiter
1423 549 1703 608 canonice
1714 554 1761 607 et

1332 548 1412 652 fer
1423 549 1703 652 σξιξξοπξοθ
1714 549 1858 608 θίεθ·
1885 549 1941 611 Α
1968 574 2246 644 quianon
2255 577 2555 648 posuistis
2572 593 2750 652 super
2770 594 2886 652 cor,

3455 422 3613 491 1440

2910 579 2982 638 ut
2985 596 3026 654 θ
3034 580 3238 640 loriam
3253 582 3479 642 nomini
3488 597 3611 642 meo

1968 661 2122 721 detis
2137 665 2420 730 (Malaclt.
2457 683 2517 737 ιι,
2550 672 2626 742 2).
2662 672 2985 742 Aceeperat
3008 674 3149 729 tunc
3173 673 3455 745 temporis
3487 672 3610 745 qui-

1968 750 2097 809 dam
2123 755 2437 813 monachus
2466 758 2621 813 beati
2650 758 2936 815 Laurentii
2972 760 3314 818 Lambertus
3345 760 3416 818 de
3438 776 3607 820 manu

1968 839 2198 898 Otberti
2229 844 2520 902 abbatiam
2555 846 2971 918 Florinensem,
2998 849 3117 920 qui,
3151 854 3214 906 ut
3238 849 3354 920 jam
3388 851 3607 908 dictum

1966 934 2054 986 est
2090 929 2237 1004 (193)
2281 947 2392 989 non
2432 935 2545 991 nisi
2574 951 2703 993 cum
2736 942 2910 1008 sputo
2942 938 3191 995 nominis
3218 938 3344 1009 ejus
3375 943 3604 1011 poterat

1968 1019 2317 1087 meminisse,
2375 1022 2648 1093 quamdiu
2703 1040 2829 1079 cum
2890 1026 3214 1097 Bercngero
3274 1029 3607 1086 morabatur

1968 1108 2120 1179 apud
2153 1109 2358 1167 cellam
2394 1113 2806 1170 Eberncnsem.
2837 1114 3017 1185 Hujus
3061 1130 3189 1172 cum
3218 1115 3446 1173 Wiredo
3473 1131 3608 1174 con-

1968 1199 2251 1255 secrando
2290 1201 2609 1257 constituta
2656 1207 2785 1258 erat
2834 1204 3227 1274 consecratio,
3271 1219 3437 1276 quam
3469 1209 3605 1262 tunc

1968 1286 2201 1356 quidem
2222 1288 2409 1358 gratia
2434 1289 2653 1346 Wiredi
2682 1291 3046 1361 Berengerus
3066 1291 3439 1349 differendam
3462 1293 3608 1365 opti-

1967 1375 2115 1445 nuit,
2141 1376 2327 1433 donec
2350 1378 2679 1449 Stephanus
2710 1380 2895 1435 sancti
2917 1380 3115 1437 Jacobi
3139 1382 3321 1439 abbas
3353 1382 3607 1454 praemis-

1969 1479 2071 1521 sus
2092 1465 2163 1521 ad
2189 1466 2500 1523 ecclesiam
2532 1469 2685 1524 beati
2716 1469 2957 1525 Huberti
2987 1485 3059 1525 ex
3091 1471 3439 1527 auctoritate
3470 1486 3608 1542 pon-

1969 1553 2169 1610 tiﬁcali
2193 1554 2533 1613 hortaretur
2550 1558 2763 1613 fratres
2779 1559 3110 1615 consentire
3130 1559 3366 1629 agendas
3381 1560 3610 1616 benedi-

1968 1643 2168 1699 ctioni.
2211 1644 2312 1700 Ille
2345 1645 2661 1703 adveniens
2711 1662 2841 1703 cum
2868 1646 3086 1704 nullum
3120 1648 3458 1719 qumstionis
3488 1663 3609 1707 sua
3698 1688 3707 1689 κ

1968 1733 2267 1803 cptineret
2297 1735 2589 1802 effectum,
2635 1736 2788 1792 inter
2819 1736 3103 1805 agendum
3133 1737 3448 1808 requisitus
3466 1742 3605 1795 esta

1972 1820 2274 1893 fratribus,
2320 1828 2382 1879 ut
2432 1825 2749 1881 secundum
2783 1825 2998 1881 suimet
3047 1825 3406 1884 intellectum
3433 1841 3610 1899 super

1970 1911 2230 1981 ejusdem
2253 1912 2332 1967 rei
2358 1913 2655 1983 negotium
2676 1914 2948 1971 redderet
2977 1915 3064 1971 eis
3081 1914 3327 1972 liberum
3347 1916 3610 1973 veritatis
3698 1984 3707 1991 ο

1970 2003 2028 2055 ct
2052 1999 2299 2069 justitiaa
2333 2002 2662 2058 consilium.
2700 2004 2939 2059 Miratus
2970 2004 3151 2061 abbas
3180 2005 3262 2062 sic
3293 2019 3354 2061 se
3382 2004 3610 2062 conclu-

1972 2104 2119 2160 sum,
2138 2105 2265 2146 cum
2293 2092 2455 2162 quasi
2482 2093 2718 2149 obtorto
2748 2093 2902 2150 collo
2923 2099 3233 2164 cogeretur
3251 2095 3444 2152 dicere
3458 2095 3609 2167 quod

1970 2177 2210 2235 nolebat
2232 2180 2503 2238 veritatis
2525 2186 2586 2237 et
2597 2181 2845 2252 justitize
2861 2183 3275 2254 testimonium,
3293 2184 3606 2256 respondit,

1972 2280 2035 2323 se
2062 2282 2176 2323 non
2206 2268 2436 2326 venisse
2478 2274 2543 2326 ut
2577 2270 2831 2327 deferret
2865 2272 2953 2327 eis
2984 2272 3255 2329 veritatis
3284 2276 3345 2329 et
3367 2272 3612 2343 justitiae

1973 2357 2393 2429 testimonium,
2448 2359 2552 2415 sed
2589 2364 2650 2415 ut
2704 2360 3025 2416 voluntatis
3056 2376 3257 2418 eorum
3307 2361 3394 2418 eis
3424 2361 3519 2433 qui
3549 2376 3612 2419 se

1973 2445 2254 2502 miserant
2283 2448 2535 2504 referret
2566 2462 2888 2506 assensum.
2924 2449 3133 2520 Sicque
3183 2449 3410 2507 inactus
3440 2451 3613 2508 rediit

1976 2536 2267 2592 Leodium.
2300 2536 2568 2594 Wiredus
2597 2538 2737 2595 licet
2766 2538 3059 2596 sollicitus
3089 2541 3358 2596 fraternae
3387 2544 3613 2597 contra-

1975 2622 2270 2696 dictionis,
2305 2626 2488 2696 magis
2530 2631 2723 2683 autem
2775 2628 3050 2685 curiosus
3078 2628 3613 2700 quomodocumque

1976 2713 2295 2772 retinendae
2317 2715 2697 2787 praelationis,
2721 2715 3004 2773 Lamberti
3032 2716 3615 2789 prmdicticonsecra-

1972 2802 2117 2860 tioni
2150 2804 2387 2873 agendae
2421 2804 2573 2860 ultro
2606 2820 2667 2863 se
2703 2806 3137 2863 consecrandus
3170 2805 3427 2876 ingessit.
3459 2806 3615 2863 Lam-

1971 2891 2175 2948 bertus
2206 2907 2317 2949 non
2351 2892 2532 2950 multo
2565 2900 2697 2966 post
2731 2896 3119 2965 redarguente
3147 2909 3209 2951 se
3252 2894 3610 2953 conscientia

1972 2981 2263 3038 abbatiam
2289 2982 2677 3041 Florinensem
2704 2987 2911 3056 sponte
2935 2984 3214 3041 deseruit.
3241 2983 3505 3042 Wiredus
3522 2998 3615 3043 as-

1970 3075 2204 3140 sumpto
2235 3086 2430 3128 secum
2457 3073 2666 3130 iterum
2692 3072 3003 3129 Frederico
3029 3072 3346 3145 praeposito
3370 3073 3616 3145 Andagi-

1970 3172 2104 3215 num
2139 3160 2315 3229 venit,
2351 3160 2794 3233 diutissimeque
2828 3166 3085 3234 sperata,
3111 3161 3213 3219 sed
3253 3166 3457 3233 negata
3488 3176 3617 3235 pro~

1968 3248 2235 3305 cessione
2265 3249 2576 3306 ecclesiam
2606 3250 2851 3307 introiit.
2876 3250 3148 3320 lnjuriam
3172 3251 3344 3322 hujus
3365 3249 3617 3307 aversio-

1969 3336 2059 3393 nis
2086 3352 2199 3393 non
2221 3339 2406 3395 solum
2433 3339 2544 3395 sibi
2579 3338 3049 3411 injuriosam,sed
3069 3343 3128 3397 et
3161 3339 3405 3398 Otberto
3433 3339 3618 3397 eccle-

1971 3426 2190 3497 siteque
2213 3428 2516 3485 Leodiensi
2537 3429 2593 3485 in
2615 3429 2850 3501 publico
2874 3430 3119 3485 fratrum
3137 3432 3446 3498 conventu,
3473 3443 3616 3501 prte-

1970 3522 2133 3571 sente
2166 3515 2338 3572 immo
2370 3517 2706 3586 indignante
2738 3518 3047 3575 Frederico
3073 3522 3452 3589 conquestus,
3484 3530 3612 3573 cum

1969 3619 2038 3660 eo
2062 3604 2333 3662 [.eodium
2357 3606 2553 3676 rediit,
2578 3607 2791 3662 ibidem
2816 3607 2925 3665 hoc
2957 3607 3142 3679 ipsum
3164 3612 3608 3679 conquesturus.

1970 3694 2039 3749 Et
2062 3694 2198 3764 quia
2218 3700 2359 3752 tunc
2378 3700 2489 3751 tem
2499 3696 2955 3767 porisjustitiam
2972 3697 3333 3769 deprimebat
3351 3697 3612 3768 potestas

1970 3787 2031 3839 et
2059 3783 2338 3839 rationem
2375 3784 2670 3856 voluntas,
2702 3786 2933 3856 quidam
2962 3801 3034 3842 ex
3065 3786 3343 3843 fratribus
3371 3785 3613 3842 inferen-

1971 3871 2101 3926 dam
2124 3871 2236 3928 sibi
2278 3872 2615 3930 violentiam
2663 3874 3006 3945 timuerunt,
3026 3878 3083 3930 et
3108 3888 3181 3930 ex
3202 3874 3288 3931 eis
3310 3872 3505 3930 decem
3538 3872 3613 3928 si-

1973 3959 2090 4016 mul
2119 3960 2174 4014 in
2200 3974 2307 4017 una
2332 3960 2424 4017 die
2448 3962 2735 4019 abeuntes
2756 3978 2863 4034 per
2885 3962 3069 4020 cellas
3089 3962 3475 4020 diverterunt.
3494 3960 3611 4018 Hiis

1972 4049 2133 4119 quasi
2152 4055 2504 4107 exoneratus
2527 4049 2645 4120 jam
2677 4051 2946 4108 securior
2977 4052 3148 4108 immo
3168 4050 3415 4109 ferocior
3434 4050 3612 4107 Wire-

1970 4136 2081 4194 dus
2111 4137 2306 4207 rediit,
2334 4137 2690 4210 nimiumque
2711 4140 3325 4212 ambitiosuspropriaa
3354 4138 3607 4196 domina-

1972 4226 2214 4282 tioniset
2238 4227 2473 4284 omnino
2498 4227 2839 4286 incredulus
2869 4230 3141 4287 fraternae
3162 4226 3609 4301 procurationis,

1969 4314 2408 4373 ecclesiasticas
2440 4316 2916 4389 dispensationes
2938 4319 3049 4375 sub
3072 4332 3135 4374 se
3162 4316 3291 4375 solo
3315 4316 3612 4390 provisere

1968 4404 2261 4460 commisit
2292 4405 2478 4462 laicis.
2516 4406 2611 4462 Sic
2649 4421 2791 4476 ergo
2823 4407 2946 4479 ipse
2973 4406 3190 4464 laboris
3219 4406 3526 4479 impatiens
3554 4408 3615 4461 et

1968 4490 2123 4548 domi
2156 4493 2599 4565 conquiescens,
2635 4496 2770 4551 dum
2800 4510 2910 4551 non
2945 4495 3043 4551 Dei
3087 4494 3192 4551 sed
3219 4508 3324 4551 sua
3359 4505 3615 4565 quaren-

1967 4581 2130 4639 tibus
2154 4582 2338 4653 magis
2361 4597 2531 4653 quam
2554 4584 2835 4641 fratribus
2854 4583 3325 4654 dispensationes
3345 4580 3617 4639 ecclesia-

1968 4671 2148 4727 sticas
2165 4670 2457 4730 crederet.
2474 4676 2778 4742 cmperunt
2804 4670 2964 4728 nullo
2994 4675 3344 4744 procurante
3360 4668 3615 4727 sationes

1970 4758 2260 4831 deperire,
2280 4759 2660 4817 dominicales
2685 4760 3154 4817 mansionescum
3170 4758 3399 4815 horreis
3422 4771 3610 4827 ruere,

1969 4847 2427 4905 assentientibus
2443 4848 2777 4906 infidelibus
2792 4848 3078 4905 ministris
3093 4847 3363 4904 eteodem
3378 4860 3613 4903 assensu

1969 4951 2033 4994 se
2059 4936 2220 5009 ipsos
2242 4937 2567 5008 tuentibus,
2600 4938 2931 4994 omnimodo
2962 4936 3227 4994 advocati
3254 4948 3494 5005 regnare
3524 4948 3616 4992 su-

1969 5039 2075 5098 per
2107 5039 2397 5098 pauperes
2420 5023 2708 5096 ecclesiaa,
2742 5025 3034 5097 legitimas
3048 5024 3499 5082 consuetudines
3520 5021 3615 5079 de-

1968 5118 2161 5172 tortas
2181 5115 2253 5170 ad
2269 5114 2549 5186 placitum
2565 5128 2734 5171 suum
2752 5113 3078 5186 demutare,
3102 5114 3345 5172 obsonia
3360 5111 3612 5168 indebita

1971 5204 2209 5274 exigere
2239 5208 2296 5260 et
2323 5202 2482 5275 leges
2509 5203 2867 5262 voluntarias
2890 5203 3175 5261 adversus
3202 5200 3508 5259 ecclesiam
3537 5199 3618 5255 in-

1972 5292 2710 5363 gravare,constitutiones
2726 5307 2867 5351 suas
2880 5292 3106 5350 exactis
3119 5292 3489 5348 scabinorum
3503 5288 3619 5346 vio-

1970 5384 2159 5439 tenter
2183 5381 2423 5452 judieiis
2453 5382 2509 5437 in
2554 5388 2855 5455 posterum
2901 5382 3150 5451 ﬁrmare,
3185 5377 3619 5451 deprecatorias

1967 5469 2255 5530 violenter
2285 5470 2645 5542 qumstiones
2677 5484 3054 5542 exaggerare.

2057 5725 2208 5797 (192)
2243 5726 2360 5783 Hoc
2391 5726 2665 5786 convenit
2699 5740 2750 5784 a.
2790 5730 2943 5787 1098.

2067 5797 2217 5870 (193)
2251 5799 2389 5873 Cap.
2418 5801 2505 5859 52.
