3936 6454
272 410 420 475 1441

1247 403 1726 471 CHRONICON
1769 400 1837 467 S.
1884 397 2253 465 HUBERTI
2292 399 2687 465 ANDAGIN.

3513 398 3664 463 1442

340 567 427 621 90.
446 561 624 633 (114.)
647 562 874 618 Interea
899 559 1311 630 indignabatur
1330 558 1717 616 Theodericus
1751 568 1913 613 suam
1942 537 1999 598 Α
2016 553 2383 624 panitentia
2399 554 2610 612 sciatis
2630 553 2699 610 in
2719 553 2823 610 hoc
2844 565 3163 623 superesse,
3188 553 3259 609 ut
3281 551 3489 610 Jesum
3514 566 3672 624 pra-

272 649 344 709 de
368 653 700 721 Berengero
726 648 1079 706 annullatam
1110 647 1475 717 electionem,
1499 647 1793 718 cmpitque
1821 646 1917 701 ab-

275 740 494 797 batiam
517 753 681 795 suam
722 742 1008 808 repetere,
1036 751 1203 807 quam
1236 750 1300 791 ea
1352 740 1574 792 tantum
1618 734 1918 791 remiserat

273 827 632 896 conditione,
656 831 721 882 ut
760 827 811 881 ei
845 825 978 881 talis
1018 825 1383 893 succederet,
1411 824 1508 894 qui
1558 838 1668 878 non
1693 820 1921 877 Otberti

277 916 569 985 indigeret
599 913 1059 971 consecratione.
1093 912 1344 970 Consilio
1369 926 1509 981 ergo
1543 910 1823 966 Manassis
1857 907 1925 943 ³³³

277 1004 595 1060 Remorum
619 1002 1045 1073 archiepiscopi
1070 1008 1128 1056 et
1154 1002 1426 1057 abbatum
1448 1000 1543 1070 qui
1562 1004 1744 1054 testes
1757 1000 1923 1055 erant

278 1092 543 1164 przel‘ataa
564 1090 918 1147 conditionis
932 1089 1329 1157 confirmatus,
1345 1103 1417 1143 ex
1439 1088 1548 1143 hoc
1573 1086 1924 1159 ipsojustam

279 1177 579 1251 querelam
604 1178 811 1248 agendi
834 1178 1058 1248 scripto
1081 1176 1374 1232 mandavit
1396 1175 1647 1244 Wiredo,
1680 1190 1741 1231 se
1783 1175 1926 1231 satis

275 1281 576 1339 superque
618 1267 839 1337 mirari,
876 1266 1036 1322 illum
1076 1278 1191 1321 tam
1241 1265 1607 1335 impudenter
1663 1265 1928 1336 potuisse

280 1354 409 1412 fieri
453 1361 776 1412 monstrum
817 1359 932 1411 tam
957 1354 1205 1411 diversae
1236 1353 1750 1424 dissimilitudinis,
1783 1360 1849 1411 ut
1896 1368 1927 1409 a

279 1443 582 1500 sententia
611 1444 780 1514 cujus
802 1443 936 1499 olim
962 1458 1160 1499 secum
1190 1443 1376 1498 fuerat
1400 1442 1719 1498 acerrimus
1742 1455 1929 1497 asser-

282 1536 528 1603 tor,tam
540 1532 659 1589 cito
684 1532 963 1588 exciderit
980 1531 1344 1603 apostaticus
1367 1531 1635 1587 desertor
1650 1573 1665 1597 ,
1681 1530 1929 1602 ideoque

280 1620 504 1677 nullam
548 1621 657 1675 sibi
701 1619 956 1676 debitam
998 1619 1053 1675 in
1092 1619 1507 1675 ecclesiasticis
1546 1619 1932 1688 dignitatibus

283 1707 708 1780 praelationem,
731 1722 860 1765 cum
882 1708 1057 1767 etiam
1082 1723 1185 1779 pro
1210 1707 1475 1764 mercede
1516 1708 1686 1778 hujus
1725 1708 1931 1778 iniqui-

272 1796 427 1852 .tatis
450 1795 789 1867 apostolicae
812 1795 967 1871 sedis
1008 1795 1333 1866 prodiderit
1364 1797 1771 1852 auctoritatem
1799 1816 1811 1851 :
1837 1797 1927 1853 vel

2027 656 2127 712 cep
2134 643 2312 699 torem
2324 642 2659 699 reclametis
2672 657 2709 698 a
2724 643 2892 712 longe
2900 642 2976 699 Si
2988 643 3187 698 autem
3189 657 3228 711 g
3236 642 3450 698 loriam
3465 643 3575 698 Dei
3588 656 3676 699 re-

2031 730 2362 799 linquentes
2374 730 2430 787 et
2447 730 2701 786 vestram
2711 730 3062 787 constituere
3079 729 3512 805 volentesjacti
3532 730 3677 788 estis

2031 818 2371 889 apostolici,
2394 832 2585 875 nonne
2601 849 2671 858 —
2688 818 2989 889 siquidem
3009 820 3080 875 de
3093 819 3394 876 similibus
3414 819 3568 876 idem
3589 819 3681 877 est

2023 907 2329 979 judicium
2349 938 2419 947 —
2439 907 2633 979 επεσιὶ
2650 906 2793 964 estis
2807 906 3067 964 membra
3086 907 3330 977 diaboli,
3346 908 3419 964 ut
3435 910 3500 965 in
3516 907 3677 966 vobis

2023 998 2160 1067 jam
2171 997 2441 1067 operetur
2450 996 2800 1067 mysterium
2810 996 3164 1067 iniquitatis
3174 1004 3199 1052 r
3214 997 3298 1053 Et
3310 1011 3384 1053 ne
3398 997 3678 1055 videatur

2034 1084 2199 1142 vobis
2216 1084 2399 1141 nimis
2420 1086 2721 1155 injuriosa
2743 1084 2864 1141 liae
2887 1085 3090 1141 nasum
3106 1085 3420 1155 sententia,
3434 1085 3605 1142 verbo
3621 1087 3683 1143 et

2037 1174 2299 1244 exemplo
2320 1174 2508 1229 vestro
2512 1174 2649 1243 jam
2671 1173 2779 1229 diu
2794 1172 3065 1243 probata,
3080 1175 3364 1231 consulite
3384 1176 3567 1233 totius
3587 1189 3678 1232 ca-

2039 1261 2271 1318 tholica
2317 1261 2792 1319 cbristianitatis
2831 1262 3127 1332 ecclesias,
3159 1263 3446 1320 consulite
3493 1266 3678 1322 etiam

2036 1351 2263 1407 vestras
2283 1349 2445 1421 apud
2461 1363 2563 1406 vos
2583 1350 2993 1419 conscientias,
3016 1353 3219 1407 utrum
3235 1366 3334 1408 vos
3369 1353 3437 1409 in
3455 1354 3553 1410 liis
3590 1367 3678 1411 co-

2037 1437 2279 1495 natibus
2303 1439 2518 1495 vestris
2546 1452 2745 1496 coram
2769 1439 2889 1494 Deo
2924 1440 3021 1495 vel
3053 1443 3334 1497 excusent
3365 1441 3454 1498 vel
3489 1440 3680 1499 absol-

2038 1528 2199 1582 vant.
2220 1527 2589 1597 thuomodo
2603 1526 3030 1597 defecitvestra
3039 1527 3233 1586 virtus
3250 1529 3674 1603 etconstantia,

2039 1615 2148 1685 qui
2168 1614 2468 1672 nobiscum
2477 1630 2591 1687 per
2619 1616 2857 1673 exteras
2885 1617 3169 1688 regiones,
3197 1619 3267 1674 ut
3291 1620 3677 1693 videbamini,

2034 1718 2142 1773 pro
2163 1716 2359 1759 amore
2382 1703 2615 1760 C’liristi
2617 1706 2790 1775 passi
2809 1705 3213 1763 mendicitates
3227 1709 3285 1763 et
3299 1710 3492 1765 eailia
3503 1710 3683 1781 quasi

2043 1793 2359 1864 cujusdam
2376 1794 2665 1864 martyrii
2691 1794 2926 1863 palmas
2954 1796 3023 1851 in
3050 1798 3356 1867 conspectu
3384 1798 3685 1858 hominum

284 1884 335 1941 si
359 1898 491 1941 eum
516 1889 579 1940 ut
602 1884 791 1940 minus
816 1884 1094 1940 scientem
1134 1899 1240 1939 suo
1287 1883 1520 1940 seduxit
1566 1885 1831 1954 consilio,
1866 1889 1928 1942 ut
1959 1893 2014 1956 Β
2040 1880 2499 1954 praferebatis?
2529 1881 2811 1952 quomodo
2855 1882 3296 1941 scandalizetur
3333 1888 3400 1944 in
3426 1889 3685 1946 vestram

286 1988 351 2030 se
371 1973 605 2029 abbatia
622 1988 729 2045 pro
743 1972 954 2028 Christi
979 1972 1089 2027 ﬁde
1113 1972 1361 2044 privato,
1381 1973 1783 2031 fraudulenter
1805 1974 1933 2044 ejus

287 2062 629 2119 succederet
655 2061 804 2132 loco,
831 2063 888 2117 in
909 2062 1183 2118 condicto
1215 2077 1246 2118 a
1274 2077 1336 2118 se
1359 2062 1622 2121 ecclesiae
1664 2066 1934 2121 Romanae

279 2148 507 2220 judicio
529 2165 602 2206 ex
623 2151 737 2207 hiis
767 2151 1036 2206 omnibus
1068 2150 1219 2206 inter
1258 2165 1360 2207 eos
1400 2156 1673 2221 ageretur
1715 2152 1938 2209 discus-

284 2238 393 2294 sio.
419 2238 666 2311 Scripsit
690 2244 883 2296 autem
907 2238 959 2294 ei
984 2239 1091 2294 hoc
1108 2239 1310 2295 modo:
1330 2240 1548 2297 Frater
1574 2242 1940 2313 T.eeterique

266 2326 513 2401 fratres
536 2326 925 2399 dispersionis
940 2326 1196 2384 ecclesia
1208 2326 1360 2385 beati
1372 2328 1543 2385 Petri
1564 2330 1623 2385 et
1642 2328 1800 2387 beati
1813 2332 1941 2394 Hu.

284 2414 437 2474 berti
468 2417 546 2472 W.
571 2418 756 2473 nimis
789 2415 1103 2473 ambitioso
1142 2416 1202 2472 et
1224 2417 1666 2474 inconsiderate
1679 2420 1941 2490 gloriam

275 2505 589 2576 propriam
607 2505 920 2575 quarenti,
946 2503 1007 2559 et
1026 2505 1093 2561 in
1114 2503 1222 2561 liae
1238 2505 1367 2574 ipso
1393 2506 1601 2562 contra
1650 2507 1838 2564 Deum
1886 2524 1940 2572 ei

281 2592 671 2663 apostolicam
685 2593 876 2649 sedem
869 2591 1228 2664 faventibus
1237 2592 1373 2649 sibi.
1394 2593 1592 2651 Filius
1604 2595 1809 2653 aterni
1821 2598 1940 2655 Pa-

283 2679 398 2736 tris
417 2693 644 2751 semper
660 2680 976 2738 eoaternus
995 2680 1055 2736 et
1068 2682 1385 2752 coaqualis
1407 2682 1462 2738 ei
1476 2682 1541 2739 in
1559 2684 1792 2741 unitate
1802 2686 1940 2756 Spi-

286 2767 452 2825 ritus
465 2770 683 2837 sancti,
719 2783 835 2824 non
867 2770 1150 2839 rapinam
1172 2769 1510 2827 arbitratus
1547 2785 1609 2828 se
1653 2774 1941 2843 aqualem

289 2854 435 2925 Deo,
470 2857 848 2927 semetipsum
891 2857 1253 2927 eainanivit,
1286 2858 1347 2914 et
1396 2861 1703 2932 assumpta
1730 2862 1943 2933 foima

290 2944 450 3001 servi
468 2944 600 3001 sine
619 2944 953 3001 conditione
980 2944 1210 3015 servili,
1246 2945 1511 3002 oblatum
1546 2946 1665 3005 sibi
1692 2961 1943 3019 regnum

292 3029 582 3101 fugiendo
599 3032 906 3089 recusavit
920 3032 981 3087 et
995 3046 1225 3089 crucem
1243 3032 1362 3089 sibi
1395 3032 1678 3106 bajulans
1695 3036 1777 3092 ad
1793 3051 1945 3095 mor-

295 3118 410 3175 tem
418 3133 534 3191 pro
554 3119 721 3178 nobis
741 3120 900 3177 ultro
929 3120 1242 3191 descendit,
1266 3136 1445 3194 seque
1457 3124 1621 3181 viam
1641 3124 1945 3185 humilita-

298 3206 379 3264 tis
390 3220 505 3263 non
515 3210 881 3280 arrogantia
893 3208 1945 3272 constituitimitatoribussuistem

296 3308 616 3367 resurgens
635 3311 675 3353 a
693 3298 946 3354 mortuis
965 3298 1031 3355 in
1054 3298 1218 3355 trina
1234 3301 1597 3373 confessione
1610 3302 1947 3362 dilectionis

2047 1970 2413 2041 apostasiam
2426 1968 2493 2025 in
2501 1968 2631 2025 suis
2647 1969 2788 2026 locis
2798 1970 3345 2029 ?Scandalizantur
3355 1976 3421 2031 in
3430 1976 3592 2035 vobis
3608 1991 3688 2035 se-

2048 2059 2148 2116 des
2163 2058 2483 2126 Remensis,
2501 2057 2932 2128 Laudunensis,
2945 2058 3248 2130 Metensis,
3278 2062 3683 2139 Virdunensis,

2056 2147 2369 2215 Tullensis,
2390 2159 2522 2216 qua
2540 2144 2701 2202 vobis
2714 2147 3190 2216 praconantibus
3211 2150 3489 2208 dolebant
3504 2157 3689 2214 omni-

2049 2250 2142 2304 no,
2158 2234 2263 2292 sed
2271 2234 2468 2291 adhuc
2479 2233 2678 2290 dolent
2688 2233 3172 2292 decolorationem
3182 2240 3483 2308 quondam
3497 2245 3690 2314 splen-

2050 2324 2381 2381 didissima
2391 2322 2452 2379 et
2461 2321 2929 2393 religiosissima
2948 2324 3202 2382 ecclesia
3224 2328 3691 2403 Leodiensis,sed

2052 2414 2107 2470 et
2126 2413 2341 2469 nostra
2356 2410 2947 2482 Andaginensis.Sed
2957 2413 3130 2470 etille
3138 2417 3450 2475 modernus
3461 2422 3592 2490 ejus
3601 2435 3688 2479 se-

2053 2503 2147 2559 dis
2166 2501 2558 2573 angelus,non
2578 2499 2717 2556 bene
2744 2500 2933 2557 nostri
2954 2503 3270 2575 sollicitus,
3286 2507 3581 2567 instinctu
3597 2526 3690 2568 ve-

2049 2594 2172 2651 stro
2183 2589 2713 2660 srcipsitRemensi
2724 2602 2907 2659 nuper
2919 2591 3694 2665 archiepiscopo,utclaude-

2049 2682 2144 2739 ret
2159 2678 2328 2737 nobis
2353 2677 2562 2749 aperta
2582 2676 2815 2734 viscera
2837 2691 2960 2735 sua
2978 2680 3697 2755 caritatis,etprobiberet

2051 2783 2155 2827 nos
2172 2766 2443 2839 aﬂnibus
2461 2766 2590 2823 suis
2603 2766 3012 2823 etconstitutis
3023 2770 3185 2838 apud
3202 2770 3297 2839 sej
3302 2772 3455 2830 ustis
3464 2790 3695 2845 posses-

2051 2856 2321 2916 sionibus
2330 2856 2782 2925 nostris.Neq-ue
2801 2856 2952 2911 certe
2963 2856 3116 2914 satis
3120 2858 3476 2930 fuitgloria
3490 2865 3696 2923 vestra

2054 2946 2489 3004 ecclesiasticas
2505 2958 2797 3015 personas
2819 2944 2887 3000 in
2906 2959 3011 3003 nos
3032 2950 3573 3023 commovisse,quot
3604 2956 3696 3011 ut-

2054 3033 2510 3106 cumquefuerit
2533 3032 2872 3103 tolerabile;
2890 3033 2993 3089 sed
3011 3034 3066 3089 et
3076 3037 3698 3109 eonductuprasentia

2052 3124 2262 3181 vestra
2283 3136 2502 3192 quamp
2511 3122 2666 3177 [ures
2688 3121 3069 3178 saeularium
3090 3124 3482 3194 tyrannorum
3497 3130 3580 3185 ad
3592 3144 3697 3188 nos

2055 3211 2466 3269 insectandum
2478 3209 2742 3279 pramiis
2763 3210 3311 3280 etpromissionibus
3327 3219 3701 3289 armastis,et

2054 3301 2263 3359 contra
2290 3299 2631 3356 sanctorum
2659 3312 2947 3355 canonum
2965 3299 3197 3357 decreta
3217 3303 3298 3358 al
3323 3306 3698 3365 audientiam

298 3397 423 3441 sua
440 3397 591 3455 oves,
610 3399 763 3457 quas
781 3386 1074 3456 sanguine
1092 3400 1196 3443 suo
1210 3388 1559 3459 redemerat,
1586 3392 1762 3447 Petro
1781 3407 1943 3449 eom-
2056 3403 2253 3446 eorum
2274 3401 2379 3443 nos
2401 3387 2688 3443 violenter
2700 3388 2989 3458 coegistis.
3005 3388 3118 3453 Qui
3138 3390 3204 3446 in
3215 3405 3319 3448 nos
3329 3393 3483 3450 satis
3493 3396 3700 3453 buma-

298 3473 487 3530 misit.
516 3474 732 3531 Petrus
751 3488 885 3531 cum
904 3474 1052 3531 data
1071 3473 1188 3532 sibi
1201 3477 1493 3547 potestate
1513 3479 1749 3549 ligandi
1770 3482 1945 3539 etsol-
2052 3477 2252 3534 niores
2279 3475 2538 3534 caritate
2558 3476 2776 3545 vestra,
2793 3490 2924 3532 cum
2944 3477 3367 3550 intelligerent,
3383 3482 3560 3539 immo
3572 3498 3705 3541 cum

300 3561 477 3617 vendi
494 3562 756 3619 eamdem
776 3562 1192 3621 auctoritatem
1212 3565 1271 3620 et
1286 3579 1492 3622 curam
1510 3568 1639 3623 sedi
1672 3571 1947 3629 Romana
2052 3565 2425 3623 mirarentur
2435 3578 2540 3621 nos
2553 3563 2618 3596 ¹³⁴
2632 3578 2670 3621 a
2678 3564 2873 3634 priori
2884 3566 3183 3624 sententia
3194 3568 3472 3627 veritatis
3486 3571 3712 3631 dissen.

300 3650 574 3721 reliquit.
596 3650 842 3709 Constat
860 3665 995 3723 ergo
1019 3653 1620 3727 (Jbristorepugnare,
1645 3660 1947 3719 eeclesias-
2055 3652 2634 3725 tire,e.v}iorruerunt
2660 3654 2815 3709 inter
2844 3667 2949 3710 nos
2972 3652 3236 3712 tr‘actare
3255 3658 3416 3727 quod
3432 3661 3705 3732 nonlera.
3763 3710 3777 3733 ,

306 3737 437 3795 tica
466 3739 817 3797 auctoritati
839 3741 900 3797 et
922 3742 1258 3812 apostolica
1304 3745 1431 3800 sedi
1461 3758 1578 3800 non
1613 3745 1866 3818 obedire,
1893 3748 1950 3805 et
2056 3759 2254 3805 eorum
2255 3742 2555 3815 judicare.
2573 3739 3709 3805 NobisautemaudientiamvelRemint

307 3838 402 3882 eos
422 3826 653 3883 aterna
671 3829 881 3887 mortis
900 3830 1129 3887 diluvio
1150 3830 1388 3900 involvi,
1415 3831 1522 3903 qui
1553 3835 1728 3892 eatra
1747 3850 1952 3894 arcam
2059 3839 2145 3895 sis
2166 3835 2263 3892 vel
2274 3831 2687 3889 Laudunensis
2704 3831 3707 3905 ecclesiareclamantibus,tandem

307 3913 617 3972 catholica
644 3918 905 3975 unitatis
918 3918 1421 3991 fuerintreperti.
1456 3920 1548 3978 Ad
1584 3922 1739 3982 hanc
1772 3926 1954 3998 ﬁdem
2064 3924 2263 3983 Remis
2283 3918 2892 3991 convenimus,ibique
2912 3935 3043 3978 cum
3080 3920 3362 3981 Manasse
3381 3925 3708 3997 archiepis-

312 4002 622 4059 tenendam
642 4005 886 4061 domnus
904 4007 1274 4077 Berengerus
1294 4021 1425 4064 cum
1447 4010 1575 4066 suis
1602 4012 1801 4069 vestra
1820 4029 1956 4085 quo-
2064 4027 2198 4085 c0po
2216 4010 2683 4081 Engelramnum
2704 4008 3150 4066 Laudunensem
3167 4011 3497 4083 episcopum
3506 4013 3708 4084 pridie

311 4105 427 4164 que
445 4089 755 4148 industria
768 4092 989 4148 doctior
1000 4094 1054 4148 et
1059 4095 1398 4163 ferventior
1418 4097 1758 4167 ceteris,nos
1778 4103 1960 4173 quasi
2067 4105 2254 4160 Roma
2262 4111 2591 4170 regressum
2604 4098 3025 4153 invenimuszin
3036 4098 3351 4157 audientia
3360 4113 3558 4157 eorum
3571 4101 3710 4158 dato

310 4179 708 4251 simpliciores
728 4180 785 4235 et
803 4180 1101 4238 tardiores
1129 4184 1503 4254 informavit,
1521 4187 1602 4242 ad
1621 4190 1752 4258 ejus
1764 4190 1962 4261 defen—
2067 4189 2237 4248 nobis
2269 4186 2336 4220 ¹³⁴
2366 4188 2483 4243 loco
2511 4199 2610 4242 vos
2636 4185 3013 4256 defendendi,
3036 4185 3202 4243 nobis
3231 4188 3429 4244 autem
3461 4189 3710 4245 libenter

314 4270 537 4327 sionem
556 4268 737 4327 etiam
757 4283 887 4326 cum
913 4270 1186 4341 periculo
1214 4273 1351 4329 vita
1369 4273 1585 4331 nostra
1633 4278 1964 4349 eaemplum
2072 4275 2518 4336 concedentibus
2532 4273 2757 4345 placito
2768 4273 2956 4330 vestro
2982 4274 3199 4347 cedere,
3218 4275 3503 4349 nobisque
3523 4276 3589 4310 ίδι
3614 4291 3712 4335 εει.

317 4362 575 4415 vestrum
595 4358 876 4415 armavit.
909 4360 1197 4424 Quomodo
1215 4375 1350 4432 ergo
1361 4360 1529 4417 verbo
1549 4364 1661 4419 Dei
1682 4366 1966 4427 inimicus
2077 4367 2253 4436 besse,
2276 4366 2331 4422 si
2359 4364 2535 4421 salva
2543 4363 2670 4434 ﬁde
2684 4362 3073 4433 judicaretur
3091 4363 3258 4421 nobis
3280 4365 3346 4421 id
3359 4365 3499 4436 ﬁeri
3514 4379 3711 4437 posse.

318 4445 487 4503 homo
525 4449 1024 4520 superseminavit
1066 4450 1344 4508 eieania?
1379 4451 1667 4515 Quomodo
1712 4454 1780 4511 in
1821 4471 1966 4529 agro
2074 4456 2265 4515 Scitis
2286 4452 3609 4525 certe,quojudiciouterquepontifeacausam
3623 4468 3717 4512 ve-

319 4535 517 4593 cordis
542 4537 730 4594 vestri
746 4539 1305 4611 germinavitspina
1327 4544 1385 4597 et
1405 4540 1666 4600 lribulus
1687 4543 1860 4602 tanta
1877 4549 1971 4605 in-
2076 4547 2267 4604 stram
2276 4540 3103 4609 concluserit,videlicetnullo
3121 4542 3286 4598 modo
3302 4544 3719 4614 competerevo-

322 4625 672 4683 constantia
691 4628 750 4683 et
785 4626 1309 4687 dissimilitudinis
1324 4637 1350 4687 ?
1368 4628 1751 4690 Monstruosa
1788 4635 1971 4706 plane
1997 4614 2051 4675 D
2083 4634 2172 4693 bis
2189 4632 2283 4691 vel
2291 4644 2498 4689 nomen
2516 4628 2608 4685 vel
2617 4628 2871 4699 oﬂcium
2890 4629 3275 4702 abbatis,nisi
3298 4634 3564 4689 Romana
3582 4646 3719 4690 auc-

323 4714 556 4772 constat
571 4715 1005 4774 dissimilitudo
1026 4716 1084 4773 et
1100 4720 1332 4775 omn-ina
1361 4718 1733 4779 detestabilis
1771 4736 1971 4783 coram
2083 4724 2296 4781 toritas
2316 4721 2383 4777 id
2407 4718 2752 4790 specialiter
2774 4718 3006 4776 rationi
3026 4722 3233 4778 vestra
3253 4720 3717 4793 adjudicaverit,

323 4802 463 4873 Deo,
498 4804 662 4875 apud
686 4818 861 4875 quem
880 4805 1053 4863 nulla
1072 4808 1165 4864 est
1188 4808 1618 4867 transmutatio
1655 4826 1760 4870 nec
1796 4814 1972 4873 vicis-
2081 4813 2191 4871 aut
2204 4805 3374 4883 legationeveraci,delatisindesignatis
3389 4809 3724 4880 litteris,vo-

324 4891 616 4949 situdinis
661 4893 1048 4965 obumbratio,
1070 4895 1144 4952 ut
1175 4896 1393 4967 quibus
1431 4901 1828 4960 assertoribus
1858 4904 1973 4974 λῖν·
2085 4901 2175 4960 bis
2189 4895 2651 4972 confirmaverit.
2677 4896 3005 4953 Preeamur
3023 4910 3490 4968 ergo,monemus
3506 4896 3724 4955 etobte-

324 4978 492 5038 mata
511 4980 602 5038 est
616 4983 916 5041 sententia
950 4998 1132 5055 quam
1171 4986 1681 5056 tenemus,eisdem
1721 4990 1973 5049 deserto-
2080 4992 2314 5051 stamur
2343 4986 2451 5045 sub
2471 4985 2856 5044 obtestatione
2877 4985 2937 5041 et
2953 4986 3192 5057 judicio
3232 4987 3431 5045 divini
3465 4986 3725 5044 nominis

324 5067 514 5140 ribus,
539 5070 832 5141 quantum
849 5072 917 5128 in
933 5074 1088 5145 ipsis
1104 5074 1208 5145 est,
1230 5075 1541 5146 infirmata
1550 5079 1961 5149 pervertatma
2076 5094 2183 5154 per
2223 5077 2644 5138 auctoritatem
2672 5086 3004 5132 concessam
3044 5074 3208 5131 beato
3254 5077 3433 5134 Petro
3480 5077 3727 5149 ejusque

324 5158 402 5215 Si
430 5160 589 5217 enim
604 5162 744 5233 post
766 5161 847 5218 tot
873 5163 1165 5221 ventilata
1183 5163 1325 5232 fidei
1344 5164 1693 5223 christiana
1714 5167 1971 5227 testimo-
2078 5167 2418 5246 apostolica
2437 5165 2583 5224 sedi:
2615 5162 2829 5234 utjam
2868 5163 3104 5220 tandem
3135 5163 3465 5237 aliquando
3507 5164 3568 5221 et
3603 5178 3728 5223 ves-

327 5246 455 5318 nia,
480 5250 552 5305 ut
569 5251 627 5306 et
641 5263 747 5308 nos
770 5252 938 5309 etvos
956 5252 1555 5322 seduceretis,eontra
1580 5255 1770 5312 Deum
1786 5259 1972 5317 sensi-
2079 5264 2172 5323 tro
2204 5262 2262 5320 et
2278 5256 2478 5319 nostra
2506 5252 2777 5327 periculo
2813 5252 3157 5323 consulatis,
3183 5257 3244 5311 et
3278 5253 3361 5311 ad
3396 5253 3730 5311 discernen-

327 5336 460 5408 stis,
486 5339 720 5395 omnino
729 5338 1076 5411 probamini
1095 5340 1380 5413 haretici,
1406 5342 1467 5398 et
1488 5342 1618 5399 ideo
1636 5344 1704 5401 in
1723 5346 1972 5406 ecclesia
2081 5354 2219 5412 dam
2267 5360 2512 5409 causam
2555 5344 2768 5402 vestra
2813 5341 3226 5413 dissensionis,
3272 5341 3579 5400 nobiscum
3625 5355 3732 5400 au-

329 5425 443 5483 Dei
454 5427 774 5486 secundum
799 5442 1000 5487 saeros
1037 5441 1286 5487 canones
1318 5430 1551 5488 nullius
1574 5433 1974 5503 promotionis
2081 5442 2321 5501 dientia
2350 5439 2630 5494 Romana
2653 5434 2721 5490 in
2742 5432 2987 5490 venturo
2987 5430 3149 5503 festo
3175 5431 3448 5490 Simonis
3478 5431 3535 5489 et
3557 5431 3732 5492 Juda

330 5516 429 5575 vel
442 5516 828 5577 auctoritatis
846 5517 1107 5580 [labendi
1122 5522 1599 5596 estis,solumque
1608 5523 1771 5584 vobis
1784 5526 1971 5584 locum
2077 5545 2179 5590 vos
2196 5523 2587 5606 prasentetis,
2600 5535 2842 5595 nosque,
2855 5521 2926 5579 ut
2932 5519 3170 5594 justum
3189 5519 3295 5592 est,
3315 5533 3392 5577 ea:
3408 5518 3733 5593 stipendiis

1700 5632 1937 5690 VARIIE
1968 5633 2372 5693 LECTIONES.

409 5737 478 5775 ¹³³
503 5740 599 5804 ita
620 5738 842 5817 scripsi
862 5754 972 5817 pro
999 5739 1348 5820 Raginoldi;
1372 5742 1431 5804 is
1458 5747 1619 5813 enim
1643 5746 1916 5813 vtortuus
1944 5751 2081 5814 erat
2112 5750 2175 5812 et
2193 5748 2508 5813 Manasses
2520 5744 2664 5821 jam
2688 5757 2745 5806 e.
2779 5724 2848 5803 83
2876 5745 3382 5810 consumam.
3458 5738 3527 5783 ³⁸⁸
3552 5745 3649 5809 ita
3679 5752 3729 5808 1.
