3936 6446
260 380 417 453 1443

1248 388 1729 455 CHRONICON
1773 391 1840 454 S.
1887 387 2261 454 HUBERTI
2305 389 2700 458 ANDAGIN.

3513 397 3666 462 1M4

254 539 514 603 ecclesiae
530 543 750 601 matris
776 542 998 602 nostra
1016 555 1149 616 qua
1172 541 1336 604 vobis
1361 543 1692 616 abundant,
1725 543 1913 604 oobis-
1941 526 1998 588 Α
2029 543 2263 604 lavisse.
2289 547 2430 606 Hinc
2455 549 2608 609 inter
2630 553 2910 621 utrosque
2948 549 3030 608 ira
3067 555 3126 608 et
3167 549 3487 624 indignatio
3531 553 3661 613 hinc

257 651 389 696 cum
417 633 484 668 ⁸⁸⁸
507 633 834 704 deducatis,
858 634 954 689 cel
974 635 1288 714 concedere
1307 637 1640 706 dignemini
1657 637 1812 693 unde
1833 637 1915 693 ad
2023 649 2154 690 cum
2179 637 2496 694 animarum
2525 639 2943 710 periculo,cum
2976 641 3505 701 ecclesiasticarum
3527 661 3662 716 pos-

255 725 516 784 eamdem
538 723 1158 780 andientiamstatnta
1179 725 1277 780 die
1287 724 1588 794 possimus
1605 727 1914 782 convenire
2021 723 2349 779 sessionum
2377 725 2624 796 dampno
2640 726 3118 784 interinteriores
3132 732 3188 784 et
3211 731 3530 789 exteriores
3555 734 3664 789 ira»

252 815 433 874 vobis.
449 815 525 871 Si
544 827 674 868 vero
696 813 879 870 etiam
899 827 1032 869 cum
1051 813 1264 870 ceteris
1285 814 1616 884 injustitiis
1634 828 1788 886 quas
1803 829 1911 885 pa-

251 907 437 963 timur
466 917 505 960 a
523 901 705 970 vobis,
729 901 1096 974 stipendium
1123 903 1340 960 matris
1377 903 1591 960 nostra
1627 904 1904 974 ecclesia,

249 993 406 1066 quod
415 993 588 1050 sciris
607 990 875 1048 nostrum
894 991 1078 1048 sicuti
1099 991 1160 1046 et
1172 993 1433 1048 oestrum.
1455 1005 1597 1060 esse,
1623 991 1800 1066 infra
1817 1005 1908 1050 re-

251 1081 662 1142 clamationem
691 1079 1018 1136 andientia
1047 1081 1324 1137 Romana
1343 1079 1512 1138 nobis
1531 1080 1902 1138 subtraxeri-

252 1171 621 1243 tis,credalis
635 1183 745 1240 pro
767 1170 922 1227 certo
943 1169 1236 1239 quantum
1259 1170 1324 1226 in
1342 1169 1512 1227 nobis
1532 1171 1637 1240 est,
1653 1184 1758 1228 nos
1786 1185 1904 1228 non

250 1261 563 1334 defuturos
605 1259 874 1330 praeﬁxa
897 1259 1222 1316 andientize
1250 1259 1490 1317 etiamsi
1511 1260 1595 1317 ad
1637 1261 1745 1318 Itoe
1773 1275 1902 1318 eme-

249 1349 548 1424 qnendum
577 1347 746 1405 nobis
793 1349 1122 1418 quicquam
1148 1362 1266 1404 non
1291 1349 1640 1421 suppeteret,
1673 1351 1796 1406 nisi
1827 1364 1903 1406 ea:

244 1439 843 1510 mendicitateﬂujus
859 1437 1009 1492 modi
1025 1438 1422 1494 evocationem
1439 1439 1710 1496 Wiredus
1723 1439 1900 1496 relec-

247 1537 364 1590 tam
387 1531 614 1602 sprevit
630 1533 688 1583 et
703 1526 983 1597 neglexit,
1000 1525 1304 1598 noluitqne
1322 1529 1565 1585 credere
1581 1528 1733 1600 quod
1754 1529 1898 1585 indi-

247 1621 540 1693 gnabatur
586 1617 809 1672 timere.
839 1616 1174 1672 Morabatur
1213 1617 1400 1673 adhuc
1438 1621 1578 1674 tunc
1609 1619 1894 1689 temporis

249 1711 591 1766 Lambertus
613 1706 793 1773 Remi,
824 1710 1032 1761 etcum
1053 1703 1376 1774 didicisset,
1403 1707 1696 1762 referente
1715 1707 1894 1762 Theo-

248 1795 814 1868 derico,incumbere
853 1808 923 1848 ex
962 1793 1284 1864 apostolica
1316 1790 1730 1852 reclamatione
1757 1811 1893 1868 pon-

2022 813 2144 867 tres
2167 811 2480 883 dissensio,
2503 815 2646 870 adeo
2680 821 2740 871 ut
2775 816 3118 872 Castrenses
3167 817 3336 889 (194),
3369 819 3655 891 Pirenses,

2019 898 2390 958 Sanctienses
2425 903 2574 974 (195)
2605 908 2666 958 et
2697 905 2994 960 Cunenses
3025 905 3256 963 Wiredo
3299 909 3538 965 subesse
3568 910 3660 968 vel

2017 989 2446 1046 communicare
2466 992 2889 1064 detrectantes,
2903 993 3316 1052 Theodericum
3333 1011 3437 1067 pro
3449 998 3657 1067 abbate

2015 1079 2346 1136 omnimodo
2381 1081 2684 1136 retineret.
2719 1081 2973 1148 Quorum
3007 1082 3103 1139 ille
3137 1087 3196 1140 ut
3232 1089 3460 1155 poterat
3499 1087 3655 1143 solli-

2013 1165 2169 1222 citus
2193 1168 2514 1238 pendentes
2543 1184 2616 1225 ex
2643 1185 2748 1226 suo
2775 1175 3047 1242 respectu
3069 1171 3364 1230 revisebat
3394 1175 3656 1246 frequen-

2013 1253 2150 1325 tius,
2184 1257 2385 1327 eisque
2419 1258 2763 1315 cohabitans
2792 1258 3162 1330 hortabatur,
3187 1265 3252 1316 ut
3286 1261 3445 1319 salva
3479 1263 3656 1320 fideli-

2010 1345 2134 1432 tate
2165 1345 2370 1401 matris
2402 1346 2674 1402 ecclesim
2728 1347 2882 1432 beati
2935 1349 3090 1404 Petri
3135 1355 3194 1405 et
3235 1349 3385 1406 beati
3415 1351 3653 1408 Huberti

2011 1431 2154 1488 locis
2187 1433 2312 1490 suis
2344 1435 2398 1488 in
2432 1435 2789 1507 proflciendo
2814 1431 3209 1493 allaborarent
3235 1439 3466 1509 singuli.
3494 1440 3656 1497 Unde

2007 1525 2064 1576 et
2101 1523 2296 1578 Emmo
2329 1525 2684 1594 priepositns
2730 1525 3002 1597 Pirensis,
3041 1533 3239 1598 postea
3291 1543 3429 1585 vero
3478 1528 3655 1586 abbas

2007 1611 2281 1680 coenobii,
2304 1613 2644 1670 Morinensis
2669 1614 3156 1687 (196),ecclesiam
3183 1617 3367 1673 beatae
3389 1617 3575 1674 Marias
3593 1622 3655 1673 et

2007 1699 2165 1754 beati
2206 1699 2442 1772 Sulpitii
2483 1716 2513 1757 a
2561 1699 2769 1758 domno
2819 1704 3107 1774 Raginero
3157 1703 3226 1738 ³³⁸
3253 1709 3497 1777 coeptam
3528 1719 3658 1776 per-

2005 1787 2170 1843 duxit
2205 1789 2272 1844 ad
2307 1796 2657 1860 praesentem
2691 1806 3010 1860 summam;
3046 1795 3403 1862 Castrenses,
3436 1795 3658 1855 Cunen-

247 1881 1556 1956 dustantipericuliWiredoetsubjectiswis,
1580 1899 1685 1956 pro
1701 1885 1892 1940 fratri-
1919 1891 1974 1953 Β
2008 1891 2102 1932 SCS
2124 1883 2180 1933 et
2207 1880 2780 1952 Sanctirnsrrsmrout
2806 1880 3052 1952 quisque
3079 1882 3286 1954 potuit,
3326 1883 3570 1954 profecit
3596 1883 3654 1941 in

249 1977 359 2033 bus
391 1973 652 2044 graviter
680 1970 946 2039 indoluit,
965 1971 1349 2041 eamdemque
1373 1973 1810 2045 Theodericum,
1831 1979 1892 2032 ut

247 2069 371 2122 erat
416 2061 772 2119 tenerrimus
803 2060 858 2115 in
892 2059 1142 2129 objectis
1168 2059 1278 2115 sibi
1302 2063 1744 2134 controversiis,
1777 2069 1896 2120 tam

247 2169 350 2226 per
365 2167 428 2210 se
453 2165 622 2223 quam
640 2165 745 2221 per
763 2163 909 2220 quos
927 2154 1158 2220 poterat
1187 2149 1902 2222 prudentiores,utconsi-

246 2243 323 2299 lio
360 2247 416 2298 et
443 2239 655 2297 rationi
691 2238 1119 2308 adquiesceret,
1141 2244 1319 2308 utque
1349 2240 1420 2295 ab
1452 2240 1558 2297 hac
1589 2243 1904 2298 commoni-

247 2333 405 2390 tione
437 2333 723 2398 cessaret,
751 2327 986 2384 allicere
1021 2327 1270 2383 studuit.
1299 2329 1400 2384 Cui
1424 2345 1553 2385 cum
1596 2345 1665 2386 eo
1695 2347 1902 2404 procu-

246 2426 411 2478 rante
426 2421 816 2490 suggererent
832 2416 1018 2486 multi,
1037 2416 1161 2488 ipse
1175 2417 1350 2473 etiam
1367 2419 1660 2476 Manasses
1681 2421 1904 2478 archie-

253 2513 530 2585 piseopus
551 2523 618 2564 se
640 2507 950 2564 inclinaret
973 2507 1104 2563 huic
1127 2515 1356 2577 suggest
1375 2508 1748 2571 ioni,scilicet
1782 2526 1903 2568 suae

247 2601 466 2659 nullius
497 2614 626 2656 esse
651 2596 929 2654 utilitatis
952 2595 1724 2668 velhonestatis,ecclesiam
1754 2602 1901 2657 tanti

251 2688 523 2759 nominis,
555 2689 735 2742 tanta;
758 2683 1047 2756 quondam
1083 2683 1404 2755 religionis,
1441 2687 1526 2743 sic
1573 2688 1904 2745 inconsulte

248 2793 352 2850 per
384 2792 516 2834 eum
550 2772 905 2831 auctoritate
947 2773 1266 2844 apostolica
1299 2774 1578 2845 deprimi;
1603 2776 1808 2848 sicque
1843 2777 1909 2832 il-

245 2867 362 2923 lum
385 2880 499 2922 non
533 2863 643 2920 sini
675 2861 1040 2932 designatum
1076 2877 1494 2935 successorem,
1528 2865 1621 2922 vel
1671 2871 1736 2922 ut
1795 2858 1906 2924 sibi

243 2955 556 3013 videbatur
625 2952 952 3007 invasorcm
1023 2965 1144 3006 sua:
1202 2953 1489 3022 quondam
1543 2955 1908 3024 przelationis

242 3045 441 3102 acrius
464 3041 718 3112 insequi,
743 3039 1056 3098 convenire
1085 3041 1156 3096 ab
1188 3041 1386 3112 aliquo
1435 3041 1626 3100 locum
1659 3060 1728 3101 ne
1787 3062 1908 3104 om-

245 3135 382 3190 nino
415 3133 828 3188 destrueretur
859 3129 1033 3199 tneri,
1060 3129 1292 3200 quando
1332 3131 1455 3202 ipse
1503 3133 1904 3194 detestaretur

239 3222 666 3294 subjectionem
697 3219 959 3319 Otberti:
989 3221 1224 3324 tandem
1255 3221 1648 3281 Theodericus
1675 3227 1908 3298 acquic-
1937 3261 1984 3324 Ο

238 3313 324 3369 vit
347 3311 559 3367 rationi
585 3315 644 3366 et
667 3309 940 3380 tempori,
967 3308 1111 3365 adeo
1135 3313 1196 3365 ut
1222 3311 1408 3382 palam
1436 3314 1832 3386 promitteret,
1854 3327 1905 3386 si

239 3400 510 3458 Wiredus
537 3399 648 3456 sibi
697 3399 941 3454 credere
983 3397 1182 3468 vellet,
1219 3404 1486 3470 paratum
1545 3417 1608 3458 se
1650 3420 1781 3460 cum
1833 3421 1904 3464 eo

238 3491 481 3547 Romam
507 3490 612 3559 ire,
639 3493 696 3544 et
729 3502 833 3544 sua
859 3488 1272 3560 procuratione
1315 3490 1466 3562 apud
1519 3494 1903 3562 apostolicum

236 3579 320 3636 illi
371 3581 613 3636 liberam
663 3579 958 3635 abbatiam
1009 3577 1394 3636 conclamare.
1449 3583 1904 3641 Promissionem

239 3668 388 3725 hanc
413 3667 792 3726 laudentibus
819 3681 987 3738 quam
1016 3667 1516 3738 plurimis,gratia
1541 3671 1714 3744 hujus
1752 3687 1906 3730 com'

235 3759 546 3832 positionis
570 3757 918 3812 Lambertus
945 3755 1238 3812 Wiredum
1273 3759 1543 3829 expetiit,
1567 3765 1624 3814 et
1653 3761 1705 3816 ei
1759 3761 1906 3832 prie"

233 3847 450 3904 dictam
476 3845 907 3903 al’fectationem
931 3860 1068 3914 erga
1093 3845 1406 3902 ecclesiam
1431 3852 1488 3903 et
1505 3864 1634 3904 eum
1659 3840 1904 3920 diligen-

235 3935 400 4007 tium,
430 3933 772 3992 Theoderici
808 3947 1036 4004 quoque
1078 3947 1404 4006 assensum,
1441 3936 1488 3992 si
1531 3937 1613 3992 illi
1656 3939 1900 3998 credere

235 4024 436 4096 vellet,
481 4023 802 4082 nunciavit.
829 4024 914 4078 Ad
967 4023 1087 4080 hac
1136 4025 1590 4084 WireduszNon
1635 4029 1895 4106 credam,

235 4113 444 4186 inquit,
465 4114 710 4176 inimico
731 4127 854 4168 meo
877 4111 944 4169 in
965 4114 1267 4182 (sternunt,
1293 4129 1482 4185 neque
1501 4117 1633 4174 sine
1646 4131 1900 4178 assensu

239 4205 496 4276 episcopi
539 4205 656 4260 mei
683 4203 808 4259 nlla
835 4203 1004 4258 modo
1032 4203 1186 4259 mihi
1215 4206 1306 4262 est
1329 4207 1576 4264 Romam
1615 4209 1898 4278 eundum,

237 4294 599 4366 campi-asto
619 4293 736 4351 sim
757 4307 954 4350 coram
972 4307 1034 4348 eo
1055 4307 1185 4350 cam
1207 4295 1560 4352 Theoderico
1581 4299 1784 4354 subire
1794 4301 1902 4370 jn-

236 4383 480 4442 dicinm.
509 4382 918 4454 BeSpondcnte
953 4382 1258 4439 Lamberto
1290 4385 1607 4441 secundum
1641 4387 1896 4458 priorem

227 4478 286 4530 et
319 4487 512 4530 veram
537 4471 752 4528 suimet
776 4471 965 4543 ipsius
989 4473 1359 4543 sententiam,
1383 4489 1553 4545 quam
1580 4491 1708 4532 eum
1741 4477 1873 4533 Chri

231 4563 306 4620 sti
328 4561 602 4619 ﬁdelibus
630 4562 765 4618 olim
799 4564 1102 4632 tuebatur,
1141 4563 1451 4620 Other-tum
1482 4579 1613 4621 esse
1645 4562 1901 4624 nullum-

2009 1967 2370 2024 habitatione
2395 1983 2518 2026 sua.
2547 1970 2864 2026 Occasione
2888 1986 3117 2042 quoque
3149 1970 3320 2041 hujus
3351 1971 3656 2030 dissentio-

2011 2057 2122 2126 nis,
2139 2058 2297 2114 Dodo
2320 2059 2604 2114 Cunensis
2629 2057 3008 2116 Calvitiacum
3031 2064 3089 2116 et
3111 2061 3509 2117 Flabotvillam
3533 2061 3656 2118 vio-

2010 2144 2200 2202 lenter
2224 2146 2558 2218 intercepit,
2583 2152 2642 2203 et
2676 2149 2902 2204 reditus
2932 2163 3130 2204 earum
3179 2148 3458 2205 fratribus
3486 2149 3655 2208 cellas

2011 2249 2132 2291 suae
2173 2235 2472 2292 deservire
2501 2236 2994 2307 coegit.Wiredus
3027 2237 3248 2294 interea
3288 2237 3655 2294 assentienti-

2013 2323 2122 2380 bus
2144 2324 2256 2380 sibi
2280 2325 2447 2396 qnasi
2467 2325 2536 2380 ad
2559 2327 2806 2396 gratiam
2835 2327 3164 2383 fautoribus
3184 2327 3355 2382 immo
3385 2327 3655 2384 seducto-

2013 2413 2176 2469 ribus
2197 2414 2342 2484 suis,
2359 2429 2466 2484 pro
2489 2414 2873 2472 dcliramento
2887 2415 3182 2488 desipiens
3198 2417 3503 2488 reputabat
3523 2431 3655 2474 evo-

2012 2503 2300 2558 cationem
2326 2505 2597 2560 Romanae
2620 2505 2952 2576 audientiae,
2975 2520 3143 2576 quam
3166 2505 3551 2563 Theodericus
3571 2507 3655 2561 in-
3687 2575 3702 2590 ο

2015 2591 2242 2648 dixerat
2267 2591 2338 2662 ei,
2373 2591 2506 2662 quia
2536 2597 2599 2649 ut
2619 2595 2848 2650 exulem
2871 2598 2928 2650 et
2956 2609 3265 2666 pauperem
3297 2594 3456 2651 nullo
3485 2595 3654 2652 modo

2015 2682 2292 2737 credebat
2317 2695 2488 2752 posse
2511 2683 2719 2754 exequi
2751 2698 2880 2754 quae
2919 2683 3228 2740 videbatur
3269 2684 3490 2754 minari,
3523 2699 3651 2740 cum

2017 2785 2130 2827 non
2145 2771 2388 2827 haberet
2402 2773 2726 2829 subsidium
2745 2773 3497 2844 perﬁciendi.Theodericus
3516 2788 3653 2830 vero

2017 2875 2127 2916 non
2154 2860 2454 2917 immemor
2479 2862 2589 2932 sui,
2614 2862 2906 2918 ambiebat
2940 2863 3214 2934 precibus
3243 2877 3385 2934 quos
3416 2867 3654 2919 noverat

2015 2950 2174 3006 viros
2198 2951 2456 3021 virtutis,
2483 2955 2545 3008 ut
2569 2956 3046 3024 compaterentur
3068 2951 3262 3023 sibi,ct
3293 2953 3651 3024 porrigerent

2017 3054 2221 3095 manus
2261 3039 2530 3096 caritatis
2570 3041 2640 3096 ad
2690 3041 3090 3111 exequendum
3140 3044 3433 3112 negotium
3483 3041 3652 3112 hujus

2016 3143 2138 3184 suae
2172 3129 2624 3199 procurationis.
2655 3131 2812 3186 Unde
2833 3130 2888 3185 in
2915 3129 3071 3186 brevi
3096 3131 3347 3188 obtinuit
3368 3136 3427 3187 ut
3451 3145 3650 3188 eorum

2018 3215 2327 3286 largitione
2378 3218 2708 3288 acquireret
2757 3217 3084 3276 subsidium
3131 3219 3372 3276 honeste
3422 3220 3649 3276 Romam

2015 3308 2212 3376 eundi,
2248 3312 2668 3379 assumptoque
2709 3309 3092 3379 Heribrando,
3121 3311 3163 3366 U
3202 3311 3410 3365 banum
3448 3323 3653 3381 papam

2015 3397 2168 3468 apud
2211 3398 2596 3454 Beneventum
2611 3403 3063 3454 commorantem
3080 3399 3286 3470 (197-8)
3305 3397 3653 3470 expetiit,ei-

2016 3502 2127 3558 que
2155 3486 2482 3557 bujusmodi
2513 3486 2958 3558 compositionis
3000 3486 3310 3544 clamorem
3359 3487 3656 3543 humiliter

2013 3577 2424 3648 praesentavit:
2455 3577 2706 3632 Domino
2755 3577 2814 3632 et
2854 3576 3191 3634 universali
3225 3591 3391 3649 papa
3427 3575 3654 3632 Urbano

2012 3667 2136 3735 filii
2157 3667 2414 3724 ecclesia
2433 3667 2591 3724 beati
2604 3665 2860 3724 Haberti
2872 3681 2984 3738 pro
2997 3665 3658 3740 defensioneoemﬂdei

2013 3757 2260 3827 ejusque
2289 3755 2546 3827 legitimi
2569 3756 2937 3826 apostolatus
2953 3757 3122 3827 passi
3155 3757 3568 3826 dispersionem
3588 3754 3656 3810 in

2011 3848 2200 3904 oculis
2212 3849 2324 3904 Dei
2335 3849 2492 3920 quod
2505 3848 2729 3905 dicitur
2741 3861 2864 3904 esse
2876 3889 2889 3902 .
2901 3846 3240 3904 Dormiente
3250 3847 3477 3905 domino
3486 3846 3648 3916 Jesu,

2011 3942 2149 4008 etc.,
2184 3939 2361 3994 Hanc
2388 3937 2691 4008 epistolem
2717 3937 2854 3994 cide
2892 3937 2976 3993 ad
3009 3938 3227 3996 calcem
3271 3935 3650 4010 epistolam»:

2015 4028 2082 4083 U1
2103 4027 2241 4084 bani
2271 4028 2360 4098 II,
2393 4029 2752 4098 Palrologia'
2780 4027 2818 4083 t.
2853 4028 3006 4085 0L1.

2081 4121 2167 4173 91.
2202 4117 2370 4187 (118).
2418 4117 2681 4172 Recitata
2746 4116 2800 4172 in
2859 4117 3167 4189 prmsentia
3222 4116 3432 4174 Urbani
3486 4131 3649 4188 papae

2010 4206 2284 4264 clamoris
2308 4206 2600 4278 pagina,et
2626 4221 2656 4262 a
2697 4207 2966 4262 Romanis
2989 4207 3204 4278 saepius
3237 4212 3295 4263 et
3319 4205 3653 4276 diligentius

2009 4297 2315 4366 ventilata,
2343 4297 2609 4352 abbatem
2636 4296 2718 4352 sic
2744 4297 3089 4353 destitutum
3117 4298 3188 4352 ob
3213 4295 3546 4352 fidelitatem
3564 4308 3654 4350 ec-

2008 4387 2205 4444 clesiae
2238 4389 2507 4443 Romanae
2531 4384 3048 4454 condoluerunt,et
3071 4385 3382 4455 Wiredum,
3417 4382 3522 4441 nisi
3565 4399 3653 4441 re-

2009 4475 2317 4548 sipisceret
2353 4480 2411 4530 et
2449 4474 2577 4532 loco
2597 4475 2856 4546 cederet,
2883 4473 3488 4532 excommunicandum
3527 4473 3648 4530 sine

2011 4565 2293 4634 dilatione
2316 4565 2723 4621 decreverunt.
2751 4564 3112 4636 Suffragantc
3150 4569 3340 4621 autem
3380 4563 3646 4635 Rainero,

227 4659 435 4726 utpote
458 4652 798 4725 apostolica:
831 4652 988 4710 sedis
1023 4653 1458 4722 adversarium;
1483 4655 1698 4725 adjecit
1753 4648 1896 4735 ille;
1927 4663 1982 4726 D
2013 4656 2110 4726 qui
2139 4655 2370 4712 Urbano
2400 4655 2454 4710 in
2507 4654 2849 4726 pontificatu
2897 4653 3199 4724 successit,
3237 4658 3372 4710 tunc
3415 4651 3646 4723 quidem

223 4742 558 4800 necessario
583 4757 689 4814 pro
721 4756 830 4799 suo
858 4741 1189 4798 habendum
1214 4758 1384 4813 quem
1433 4745 1770 4803 Leodiensis
1801 4766 1902 4807 ec-

222 4833 400 4890 closia
440 4831 928 4903 qualemcumque
957 4837 1264 4902 pateretur
1294 4833 1408 4890 dici
1437 4850 1622 4892 suum.
1654 4837 1776 4893 [liis
1798 4853 1900 4896 au-

223 4922 365 4978 ditis
387 4921 780 4980 Theoderieus
806 4921 942 4979 tulit
965 4922 1112 4978 satis
1137 4922 1374 4991 indigne
1405 4924 1638 4982 Wiredo
1665 4942 1726 4983 se
1755 4928 1894 4988 talia

221 5011 550 5082 mandasse,
589 5011 852 5082 praefatis
883 5025 1118 5082 quoque
1151 5025 1220 5068 co
1247 5010 1593 5071 :sultoribus
1634 5017 1760 5072 suis
1793 5019 1896 5074 im-

223 5101 562 5174 prOperavit
597 5100 742 5157 satis
774 5099 1075 5172 injuriose,
1110 5107 1172 5156 et
1201 5116 1305 5158 eos
1337 5102 1474 5158 talia
1526 5105 1893 5165 consulendo

227 5191 406 5249 verba
439 5189 792 5264 perdidisse,
817 5195 877 5248 et
899 5205 962 5248 se
994 5196 1058 5249 ut
1102 5191 1321 5250 dicitur
1349 5194 1594 5250 crudum
1645 5194 1888 5254 laterem

2011 4746 2190 4802 dilata
2221 4750 2308 4802 est
2343 4745 2628 4802 sententia
2661 4745 2784 4802 haec
2811 4744 3439 4813 excommunicationxs,
3466 4757 3646 4814 usque

2010 4836 2068 4892 in
2115 4835 2267 4893 diem
2303 4835 2456 4890 inter
2490 4839 2769 4906 utrosque
2793 4835 3146 4907 praestituta:
3181 4831 3580 4902 discussionis,
3619 4848 3646 4890 s

2008 4925 2157 4982 forte
2190 4925 2536 4982 adveniente
2568 4925 2802 4982 Wiredo
2841 4924 3058 4982 certior
3090 4924 3257 4980 ﬁeret
3287 4923 3500 4994 agenda
3531 4922 3646 4978 dis-

2003 5015 2217 5072 cussio.
2241 5015 2344 5071 Illo
2368 5015 2521 5072 domi
2547 5015 3193 5087 remanente,probatus
3223 5018 3310 5070 est
3335 5011 3492 5084 quasi
3514 5027 3650 5068 con-

2003 5106 2163 5162 scius
2209 5105 2398 5178 culpa:
2447 5105 2776 5162 condictam
2818 5105 2930 5162 sibi
2971 5103 3323 5161 audientiam
3363 5102 3648 5160 subterfu-

2009 5196 2200 5266 gisse;
2227 5195 2358 5253 ideo
2387 5195 2443 5252 in
2466 5195 2900 5268 sollempnitate
2931 5193 3186 5252 omnium
3208 5198 3537 5252 sanctorum
3555 5205 3652 5248 ex-

1545 5294 1783 5352 νΛΡιιτΕ
1814 5296 2199 5353 LECTIONES
2213 5336 2229 5353 .

294 5379 365 5416 “'
399 5381 705 5440 nobiscum
736 5388 786 5439 1.
869 5379 937 5415 ¹³⁶
966 5379 1218 5452 Raigero
1251 5386 1275 5437 1

1827 5455 2052 5515 ΝΟΤΛΕ.

291 5552 445 5638 (194)
480 5553 540 5610 Id
583 5559 678 5638 est
709 5554 762 5609 S.
797 5551 1088 5638 Theobadi
1143 5553 1200 5609 in
1229 5552 1514 5638 forcipe
1561 5559 1782 5629 castro,
1813 5561 1880 5615 ut

224 5625 528 5706 scripturn
535 5630 624 5682 est
656 5625 712 5682 in
746 5625 936 5706 privil.
974 5625 1295 5706 Innocentii
1324 5626 1392 5697 ll,
1427 5625 1464 5682 l.
1500 5625 1541 5683 ι.

318 5697 446 5772 195)
475 5699 684 5827 Sane;
715 5711 787 5753 en
820 5697 1115 5780 Lorraine.
1149 5698 1214 5753 Η.
1331 5767 1344 5781 .
1445 5768 1456 5780 _
1563 5770 1574 5782 υ

319 5770 442 5841 196)
465 5770 506 5827 Ι.
539 5783 591 5830 ο.
677 5809 690 5828 .
721 5769 963 5828 Joannis
993 5768 1380 5828 Tarvanensis
1409 5784 1532 5830 sive
1559 5785 1617 5829 ιιι
1661 5771 1874 5831 Monte.

1991 5560 2056 5614 ut
2077 5555 2587 5640 videtur..Nullam
2621 5558 2840 5630 prater
2880 5555 3028 5614 hanc
3067 5553 3358 5614 Emmonis
3407 5556 3652 5616 mentio-

1990 5643 2120 5686 nem
2153 5643 2374 5686 inveni.

2060 5699 2294 5774 (197)-8)
2322 5699 2408 5759 lbi
2443 5698 2669 5760 fuitsub
2700 5703 3046 5762 autumnum
3079 5714 3131 5759 a.
3160 5702 3318 5760 1098.
