3936 6444
253 359 401 426 1445

1247 344 1736 416 CHRONICON
1778 349 1848 412 S.
1895 346 2264 414 HUBERTI
2301 353 2692 420 ANDAGIN.

3504 361 3658 426 1446

253 517 777 578 communicatione
805 529 837 572 a
882 528 1030 587 papa
1064 513 1328 584 formata,
1370 517 1430 570 et
1453 511 1586 569 data
1614 525 1807 570 coram
1837 523 1900 568 se
1929 486 1985 546 Α
2017 505 2126 564 bus
2146 504 2412 566 ecclesia
2430 508 2583 566 beati
2607 509 2850 568 Huberti
2865 508 3097 584 publice
3110 511 3659 586 redderet,Wiredo

254 609 512 681 ejusdem
527 603 1148 664 excommunicationis
1172 602 1420 674 epistola
1447 621 1459 659 :
1491 601 1767 658 Urbanus
1779 602 1899 672 epi-

251 712 481 770 sc0pus,
499 709 709 754 servus
729 707 1030 752 servorum
1055 691 1192 760 Dei,
1231 691 1678 747 Arduennensis
1707 703 1904 746 mona-

249 785 426 843 sterii
451 783 607 840 beati
629 781 884 840 Huberti
912 779 1224 838 catholicis
1231 777 1553 852 fratribus
1573 777 1826 835 salutem
1849 777 1905 833 et

253 873 646 945 apostolicam
678 869 1153 926 benedictionem.
1180 867 1530 924 Audivimus
1552 867 1608 923 et
1629 866 1906 923 auditum

250 975 372 1018 non
393 960 591 1016 dolere
614 974 730 1014 non
757 969 1092 1028 possumus,
1117 955 1269 1026 quia
1311 955 1535 1011 Otberti
1557 955 1908 1025 pseudoepi-

249 1049 416 1121 scopi
435 1046 728 1106 violentia
739 1059 954 1102 venera
963 1044 1106 1100 bilis
1106 1043 1288 1114 ﬁlius
1301 1043 1497 1100 noster
1518 1043 1907 1100 Theodericus

249 1138 448 1195 vester
473 1135 680 1205 abbas,
712 1149 827 1206 pro
858 1133 1164 1192 catholica
1171 1131 1326 1204 ﬁdei
1351 1132 1564 1204 gratia
1615 1131 1685 1187 de
1714 1131 1906 1188 vestro

248 1226 340 1284 sit
352 1223 717 1283 monasterio
740 1222 1042 1294 expulsus,
1095 1221 1155 1277 et
1195 1221 1466 1277 Wiredus
1483 1219 1908 1291 pseudomona-

253 1313 407 1372 chus
433 1327 541 1385 per
569 1311 834 1384 ejusdem
853 1310 1078 1367 Otberti
1104 1309 1454 1365 violentiam
1489 1321 1667 1378 super
1706 1307 1910 1378 capita

250 1403 457 1461 vestra
486 1403 574 1459 sit
595 1401 886 1473 ingestus.
920 1399 1085 1464 Quod
1116 1397 1352 1454 omnino
1381 1396 1552 1454 nobis
1593 1397 1912 1467 displicere

254 1491 495 1550 sciatis.
536 1491 702 1547 Unde
730 1503 830 1546 vos
870 1488 1092 1545 litteris
1129 1485 1520 1558 praesentibus
1551 1485 1906 1556 salutantes,

250 1579 551 1637 utvestra
571 1577 719 1647 ﬁdei
738 1576 1144 1634 constantiam
1181 1575 1536 1632 conservetis
1576 1574 1905 1644 hortamur,

255 1669 316 1726 et
341 1667 654 1725 licentiam
675 1666 974 1736 indulgeo,
1005 1665 1071 1720 ut
1104 1664 1161 1720 si
1199 1665 1265 1719 in
1314 1662 1678 1719 monasterio
1722 1663 1910 1719 vestro

255 1755 582 1814 secundum
605 1754 879 1826 regulam
920 1752 1080 1808 beati
1108 1751 1417 1808 Benedicti
1439 1752 1496 1806 et
1523 1750 1912 1820 apostolicam

2017 601 2153 652 tunc
2175 599 2326 654 forte
2340 599 2599 669 absente,
2617 599 2917 658 intellecto
2933 602 3250 659 animarum
3267 619 3501 660 suarum
3519 605 3666 676 peri-

2011 684 2144 741 culo
2164 687 2472 756 communi,
2506 688 2718 757 singuli
2743 704 2797 744 1n
2815 689 3112 746 absentem
3129 692 3536 760 scandalizari,
3555 708 3661 764 pro

2012 788 2074 828 se
2106 774 2354 845 quisque
2408 775 2826 846 subjectionem
2860 781 3393 837 etcommunionem
3435 781 3662 864 vereri;

2013 861 2158 918 adeo
2186 869 2244 920 ut
2271 864 2556 922 dominica
2597 880 2724 936 qua
2742 865 2960 922 dicitur
3002 868 3058 923 in
3095 867 3303 940 palmis
3341 869 3460 937 (an.
3497 861 3656 932 1099.

2015 952 2240 1023 Apr.3.)
2261 968 2444 1023 usque
2462 953 2532 1009 ad
2548 958 2816 1010 exactum
2837 969 3011 1026 pasca
3025 957 3094 1011 ab
3119 957 3388 1014 omnibus
3401 973 3564 1030 pane
3581 960 3664 1016 vi-

2017 1038 2255 1096 deretur
2283 1040 2553 1097 destitui.
2583 1041 2890 1098 Illetamen
2923 1043 3289 1102 dissimulata
3315 1047 3664 1118 recognitio-

2016 1141 2088 1182 ne
2106 1129 2498 1200 superposita
2519 1131 2630 1185 sibi
2649 1130 3052 1202 obligationis,
3075 1133 3466 1191 defensionem
3493 1135 3666 1207 hujus

2016 1230 2136 1272 sua
2151 1217 2565 1274 obstinationis
2583 1219 2787 1290 seipso
2803 1219 3000 1298 judice
3013 1223 3336 1280 conabatur
3353 1225 3664 1294 tueri,con-

2018 1305 2264 1360 tendens
2295 1321 2358 1361 se
2389 1320 2420 1362 a
2450 1307 2677 1363 nemine
2710 1308 2817 1363 nisi
2837 1310 2910 1365 ab
2937 1309 3216 1381 episcopo
3241 1326 3348 1367 suo
3382 1328 3551 1384 posse
3566 1328 3665 1370 ex-

2015 1393 2449 1465 communicari,
2484 1409 2665 1465 seque
2689 1400 2954 1466 paratum
2989 1397 3044 1452 in
3071 1399 3380 1470 prasentia
3419 1400 3546 1470 ejus
3577 1416 3665 1458 re-

2019 1481 2308 1552 spondere
2367 1483 2697 1554 quibusque
2743 1483 3307 1557 calumpniatoribus
3347 1490 3488 1546 suis.
3542 1491 3664 1547 Hiis

2018 1571 2338 1642 compertis
2352 1571 2793 1642 Otbertus,licet
2809 1589 2880 1629 ex
2895 1574 3133 1632 decreto
3150 1577 3488 1648 apostolica
3503 1579 3664 1636 sedis

2019 1659 2221 1714 eadem
2251 1659 2576 1731 calumpnia
2603 1661 2711 1718 sibi
2745 1666 2910 1717 esset
2950 1664 3292 1735 communis,
3321 1666 3666 1724 subridebat

2020 1753 2213 1804 tamen
2239 1764 2452 1819 secum,
2469 1750 2776 1806 occasione
2798 1750 2972 1821 hujus
2989 1753 3366 1809 necessitatis
3382 1769 3410 1809 a
3433 1755 3664 1812 Wiredo

255 1844 577 1901 veritatem
597 1843 794 1898 vivere
813 1855 931 1897 non
958 1839 1195 1908 valetis,
1229 1839 1311 1896 ad
1337 1839 1748 1911 quodcumque
1768 1839 1910 1895 reli-
1938 1839 1994 1900 B
2024 1839 2256 1894 tandem
2281 1837 2576 1908 legitimus
2608 1839 2922 1910 episcopus
2965 1843 3325 1912 recognosci,
3372 1857 3401 1898 a
3424 1858 3536 1914 quo
3565 1843 3668 1900 ali-

247 1933 496 2006 giosum
538 1929 855 1987 volueritis
902 1930 1330 1986 monasterium
1381 1927 1689 1997 secedatis,
1734 1927 1913 1985 donec

256 2019 628 2091 omnipotens
673 2021 832 2076 Deus
865 2019 1052 2075 locum
1080 2017 1342 2074 vestrum
1379 2017 1687 2088 respiciat,
1719 2017 1778 2072 et
1827 2029 1913 2074 se-

258 2109 521 2167 cundum
551 2105 979 2178 beneplacitum
991 2120 1165 2163 suum
1185 2107 1253 2162 in
1266 2105 1526 2178 pristino
1541 2105 1707 2162 statu
1723 2106 1913 2177 refor-

255 2197 397 2254 ωδε.
418 2195 606 2254 Illum
621 2196 821 2253 autem
856 2194 1151 2252 Wiredum
1170 2193 1522 2252 monasterii
1537 2194 1724 2250 vestri
1746 2195 1913 2251 inva-

258 2301 456 2345 sorem
481 2300 613 2344 cum
640 2287 771 2343 suis
800 2283 1070 2341 omnibus
1089 2283 1368 2353 subditis,
1393 2285 1685 2354 quamdiu
1717 2283 1792 2340 ab
1813 2283 1902 2354 ip-

260 2376 396 2434 sius
423 2374 776 2432 monasterii
805 2373 1118 2432 invasione
1140 2387 1257 2428 non
1289 2371 1605 2442 destiterit,
1644 2386 1684 2429 a
1703 2372 1914 2429 sancta

263 2467 540 2524 Romana
575 2463 824 2520 ecclesia
873 2461 1448 2520 eaeo'mmunicatum
1483 2473 1624 2531 esse,
1667 2461 1914 2533 scriptis

255 2551 420 2610 vobis
433 2549 1287 2624 prasentibus‘innotescimus.
1320 2549 1508 2605 Dat...

334 2640 761 2713 92.(120).Misit
775 2639 954 2696 etiam
969 2639 1237 2694 Urbanus
1255 2653 1398 2709 papa
1417 2637 1714 2694 Leodiensi
1732 2636 1914 2708 eccle-

263 2728 366 2786 sia
389 2743 495 2800 pro
506 2727 865 2784 Theoderico
880 2728 1026 2782 hanc
1045 2723 1386 2796 epistolam:
1411 2724 1685 2782 Urbanus
1697 2727 1916 2796 episco—

251 2831 609 2891 pus,servus
623 2830 926 2874 servorum
937 2814 1388 2882 Dei,catholicis
1401 2813 1669 2870 omnibus
1681 2815 1746 2870 in
1762 2815 1915 2871 clero

261 2903 576 2962 Leodiensi
603 2903 661 2959 et
663 2904 883 2974 populo
898 2903 1153 2960 salutem
1194 2903 1250 2958 et
1271 2903 1660 2974 apostolicam
1684 2901 1916 2960 benedi-

261 2993 530 3050 ctionem.
553 2992 830 3050 Dote-mus
837 3005 950 3062 pro
968 2990 1130 3047 vobis
1143 2992 1574 3063 graviter,jtlii
1593 2993 1657 3048 in
1675 2991 1915 3048 Christo

263 3083 664 3152 dilectissimi,
697 3083 991 3153 quiajam
1009 3083 1173 3138 tanto
1187 3087 1438 3152 tempore
1452 3083 1713 3139 vestram
1746 3083 1916 3140 eccle-

256 3173 418 3229 siam
443 3185 711 3228 errorum
734 3170 984 3228 tenebrae
1003 3170 1338 3240 contegunt,
1363 3171 1739 3228 etaveritate
1751 3172 1914 3230 sedis

260 3259 600 3332 apostolica
636 3259 928 3316 alienant.
959 3260 1122 3316 Unde
1157 3272 1258 3316 vos
1285 3260 1592 3330 tamquam
1623 3261 1916 3317 viscerum

261 3362 526 3408 mearum
531 3348 636 3420 ﬁli
641 3361 704 3404 os
713 3349 969 3420 paterna
983 3347 1298 3404 dilectione
1311 3361 1460 3404 corr:
1461 3349 1683 3418 pimus,
1701 3363 1916 3404 ammo-

262 3437 470 3494 nentes
492 3436 550 3493 et
577 3435 964 3506 obsecrantes,
1015 3437 1086 3492 ut
1104 3436 1186 3492 ad
1210 3449 1381 3492 mera
1398 3436 1680 3493 veritatis
1719 3435 1917 3494 lumen

258 3525 552 3583 mentium
567 3526 905 3583 vestrarum
923 3525 1120 3582 oculos
1137 3525 1259 3581 ele'v
1267 3526 1398 3582 etis.
1426 3525 1674 3597 Auferte
1685 3525 1915 3582 malum

263 3627 342 3670 ea;
360 3613 527 3670 vobis
547 3615 700 3684 ipsis
715 3633 741 3683 ,-
763 3614 966 3685 lupum
985 3613 1163 3672 illum
1193 3613 1324 3670 dico
1337 3613 1394 3670 et
1411 3615 1644 3683 furem,
1665 3615 1775 3684 qui
1799 3627 1918 3670 non

264 3701 352 3760 ad
369 3700 628 3758 salutem
641 3702 898 3759 vestram
913 3717 1018 3774 per
1034 3703 1253 3759 ostium
1271 3702 1570 3768 introivit,
1595 3702 1701 3758 sed
1719 3703 1918 3758 aliun-

267 3791 360 3861 de,
377 3789 666 3858 ascendit,
691 3790 989 3848 utmactet
1009 3791 1066 3848 et
1098 3791 1418 3848 manducet
1443 3791 1500 3846 et
1528 3791 1762 3862 perdat.
1802 3793 1922 3849 Aut

264 3878 460 3950 igitur
478 3878 1077 3936 ecclesiainvasorem
1092 3878 1149 3934 et
1169 3892 1380 3948 occupa
1391 3878 1592 3948 torem,
1615 3879 1920 3936 Otbertum

268 3966 546 4036 dicimus,
565 3967 816 4022 Henrici
835 3965 1169 4036 complicem
1183 3968 1242 4022 et
1259 3965 1551 4033 Guiberti,
1579 3980 1653 4022 ea
1667 3965 1848 4035 vobis,
1863 3967 1920 4024 si

267 4068 387 4128 quo
402 4054 573 4111 modo
581 4054 870 4124 possibile
881 4053 1113 4124 pellite;
1131 4055 1245 4110 aut
1254 4055 1309 4110 ei
1329 4057 1636 4126 tamquam
1652 4070 1690 4112 a
1708 4056 1921 4112 sancta

268 4145 545 4200 Romana
563 4143 813 4200 ecclesia
826 4142 1024 4198 alieno
1055 4142 1622 4200 aea-communicato
1652 4142 1921 4200 obedien-

269 4229 424 4288 tiam
458 4231 719 4288 vestram
765 4230 1242 4302 consortiumque
1266 4233 1525 4286 vestrum
1561 4231 1914 4288 subtrahite.

267 4319 340 4376 Η
336 4331 402 4375 oc
412 4320 609 4390 ipsum
624 4319 694 4376 de
719 4316 1796 4390 Wiredopseudoabbatepracipimus,
1811 4317 1922 4390 qui

192 4434 204 4444 -
260 4421 376 4480 per
389 4407 654 4479 ejusdem
658 4408 1145 4480 pseudoepiscOpi
1163 4407 1515 4464 violentiam
1545 4408 1922 4466 Ardennense

269 4497 702 4554 monasterium
717 4495 875 4554 beati
888 4496 1148 4554 Haberti
1163 4509 1376 4567 occupa
1391 4513 1409 4550 ί·
1422 4497 1490 4567 it,
1505 4496 1560 4554 si
1571 4499 1713 4569 quis
1723 4499 1921 4554 autem

2024 1926 2297 1997 quamdiu
2331 1927 2497 1997 quasi
2529 1942 2638 1984 non
2655 1927 2949 1998 legitimus
2979 1931 3145 1986 visus
3169 1935 3260 1986 est
3285 1930 3486 1998 vitari;
3513 1947 3668 1990 man-

2023 2016 2298 2086 davitque
2318 2017 2601 2072 fratribus
2623 2017 2852 2072 interim
2868 2031 3108 2088 parcere
3127 2025 3336 2091 capta
3376 2020 3667 2094 discepta-

2023 2103 2188 2173 tioni,
2225 2105 2409 2161 donec
2438 2105 2683 2176 ipsemet
2725 2106 2962 2162 veniens
2990 2107 3314 2178 imponeret
3346 2109 3515 2166 linem
3557 2111 3661 2168 rei.

2022 2193 2292 2250 Wiredus
2315 2193 2534 2250 interea
2559 2194 3364 2254 elaborabatadversantihus
3386 2198 3498 2254 sibi
3523 2215 3668 2270 pra-

2024 2281 2253 2337 stabilis
2279 2282 2424 2353 fieri,
2451 2288 2621 2355 prout
2656 2299 2942 2355 quemque
2971 2290 3215 2342 noverat
3269 2302 3373 2358 pro
3406 2287 3668 2345 moribus

2023 2370 2147 2426 suis
2182 2385 2356 2440 posse
2388 2371 2770 2442 complacari;
2810 2372 3011 2443 sicque
3046 2373 3325 2444 paulatim
3377 2375 3529 2446 apud
3585 2381 3670 2432 te-

2026 2474 2182 2516 mere
2215 2459 2636 2518 tumultuantes
2657 2461 2878 2518 animos
2908 2467 2968 2518 et
2991 2463 3316 2534 apostolica
3369 2465 3665 2521 sententia

2024 2547 2214 2616 viluit,
2248 2554 2306 2604 et
2340 2550 2534 2604 fervor
2562 2551 2794 2608 tuenda
2825 2551 3095 2608 veritatis
3130 2553 3420 2622 refriguit.
3448 2555 3566 2610 Hoc
3597 2553 3669 2610 ad

2025 2641 2256 2708 tempus
2287 2637 2699 2708 impedimento
2732 2640 2818 2696 sic
2877 2639 3080 2711 dilato,
3112 2656 3222 2697 non
3267 2645 3460 2698 tamen
3491 2643 3671 2698 omni-

2026 2726 2214 2781 modis
2249 2725 2462 2797 ablato,
2489 2728 2756 2785 Wiredus
2776 2729 2965 2786 factus
2989 2731 3252 2786 securior
3276 2731 3332 2786 in
3358 2732 3667 2788 maximum

2025 2814 2290 2871 ecclesia
2323 2815 2630 2886 dampnum
2655 2817 2872 2874 liberos
2895 2822 2955 2874 et
2978 2818 3262 2876 militares
3285 2824 3522 2876 casatos
3557 2835 3670 2877 cae-

2029 2893 2112 2963 pit
2141 2893 2249 2949 sibi
2272 2895 2564 2964 all‘ectare,
2588 2910 2830 2966 quorum
2849 2899 3103 2968 receptis
3125 2899 3390 2956 manibus
3421 2900 3672 2956 inaniter

2020 2981 2270 3053 jactaret
2304 2997 2442 3038 suos
2465 2998 2620 3040 esse.
2662 2985 2841 3040 Causa
2865 2985 3040 3058 hujus
3067 2985 3346 3042 vanitatis
3397 2987 3560 3043 dedit
3579 2989 3672 3044 Jo-

2027 3071 2198 3126 banni
2223 3071 2504 3127 advocato
2530 3072 2998 3130 Caviniacensem
3041 3074 3480 3132 advocationem
3509 3093 3523 3142 ;
3555 3090 3667 3146 qua

2025 3161 2332 3218 occasione
2363 3160 2462 3216 ille
2493 3161 2910 3218 contraxitsibi
2944 3164 3126 3219 totius
3150 3163 3671 3220 Caviniaciutilita-

2026 3255 2141 3304 tem
2157 3289 2170 3302 .
2191 3249 2360 3304 Dedit
2379 3249 2636 3306 Waltero
2654 3249 2725 3306 de
2751 3250 3264 3322 Amplizallodium
3286 3252 3358 3308 de
3383 3252 3564 3308 Seriel
3579 3251 3666 3324 1³⁷,

2029 3337 2183 3408 quod
2207 3339 2279 3394 ab
2309 3339 2550 3409 antiquo
2573 3340 3009 3396 erataddictum
3029 3345 3083 3396 et
3109 3341 3506 3412 conscriptum
3524 3356 3671 3412 pra-

2030 3430 2231 3486 benda
2257 3428 2854 3484 fratrumcumtribus
2885 3430 3117 3486 solidis.
3157 3429 3325 3485 Dedit
3373 3431 3574 3488 Bovini
3598 3431 3671 3489 de

2025 3519 2264 3575 Wabart
2297 3517 2440 3589 (199)
2476 3516 2870 3574 inolendinum
2901 3519 2969 3574 ad
3005 3518 3193 3575 lacum
3217 3524 3273 3575 et
3302 3522 3566 3578 combam
3599 3522 3672 3578 de

2029 3609 2370 3679 Gruispont.
2411 3607 2683 3662 Reddidit
2716 3607 2965 3664 Rodull‘o
2985 3608 3329 3665 Vilantiensi
3369 3611 3536 3682 quasi
3561 3625 3670 3667 suo

2029 3697 2254 3770 parenti
2280 3695 2564 3752 solidatas
2589 3703 2782 3766 terra,
2805 3712 2950 3768 quas
2973 3697 3217 3769 ipsemet
3243 3697 3412 3768 legali
3450 3698 3673 3769 judicio

2031 3784 2453 3856 reacquisierat
2485 3783 2788 3853 ecclesia;
2819 3785 3126 3842 Lamberto
3163 3786 3234 3842 de
3265 3787 3671 3860 Ruvinia(200)

2030 3875 2418 3931 hereditatem
2447 3873 2594 3946 ejus,
2630 3889 2756 3944 qua
2779 3875 3036 3947 ascripta
3067 3880 3192 3932 erat
3216 3875 3542 3948 prabenda
3566 3878 3677 3932 fia-

2032 3968 2206 4031 trum,
2234 3963 2286 4017 in
2303 3966 2698 4018 casamcntum
2722 3963 3013 4020 vendidit.
3037 3963 3306 4021 Vendidit
3331 3965 3675 4022 Goderanno

2031 4051 2102 4106 de
2123 4052 2268 4107 Burs
2298 4051 2577 4106 minutam
2633 4051 2916 4106 decimam
2948 4051 3205 4121 ejusdem
3226 4051 3400 4122 villa,
3463 4057 3520 4109 et
3566 4055 3677 4110 Du-

2031 4153 2212 4195 ranno
2245 4138 2521 4208 quicquid
2547 4138 2782 4194 tenebat
2813 4143 3018 4196 terra.
3049 4140 3171 4197 iliis
3203 4141 3419 4197 casatis
3437 4141 3547 4197 sibi
3577 4157 3677 4198 no-

2030 4228 2183 4285 viter
2203 4225 2512 4284 conductis
2543 4226 2613 4282 de
2628 4228 2801 4282 rebus
2817 4228 3258 4300 ecclesiasticis,
3281 4229 3547 4287 ecclesia
3579 4229 3678 4286 do-

2032 4315 2245 4372 lentiin
2263 4320 2610 4387 perpetuum
2635 4316 2942 4373 subductis
2957 4317 3260 4390 subsidiis,
3286 4319 3453 4390 quasi
3471 4319 3678 4376 fortior

2031 4411 2088 4462 et
2107 4405 2614 4476 gloriosiorvellet
2642 4405 2850 4476 videri,
2877 4405 3046 4476 longe
3067 4405 3238 4463 aliter
3280 4423 3374 4465 res
3398 4409 3521 4481 ipsa
3546 4424 3679 4482 pro-

2033 4495 2235 4564 cessit,
2269 4495 2581 4565 hocipsum
2607 4493 3190 4566 disponentcjustitia
3221 4496 3675 4570 Omnipotentis,

271 4585 546 4658 deinceps
565 4586 652 4644 eis
681 4587 1116 4643 communicare
1138 4557 1606 4656 prasumpserit,
1629 4586 1806 4644 donec
1836 4599 1922 4644 ec-
1951 4557 2004 4618 D
2035 4585 2133 4654 qui
2169 4583 2221 4639 in
2255 4583 2614 4639 contrarium
2635 4582 2814 4638 vertit
2864 4583 3139 4654 quicquid
3167 4583 3330 4640 videt
3379 4557 3582 4642 contra
3615 4557 3678 4643 se

271 4675 596 4734 etesiarum
611 4675 755 4748 quib
764 4689 830 4732 us
852 4673 1522 4746 incubantoppressione
1535 4675 1788 4747 deserta,
1801 4677 1920 4732 Deo

275 4763 471 4820 etsedi
489 4762 1256 4835 apostolicasatisfaciant,
1279 4763 1438 4820 sciat
1453 4776 1516 4820 se
1531 4763 1795 4834 ejusdem
1823 4778 1922 4820 ea:-

275 4852 825 4910 communic..-tionis
853 4850 1090 4909 vinculo
1116 4851 1488 4908 innodalam.
1535 4853 1923 4910 Vobissaneet

274 4940 488 4998 ceteris
528 4941 799 4998 omnibus
832 4943 1036 4998 notum
1069 4941 1172 5010 sit,
1211 4940 1362 5012 quia
1395 4940 1680 5011 religioso
1712 4942 1918 5000 abbati

283 5028 634 5087 Theoderico
676 5030 981 5087 licentiam
1021 5029 1310 5099 dedimus,
1332 5030 1403 5085 ut
1439 5043 1476 5085 a
1513 5029 1918 5090 schismaticis

276 5130 598 5189 conversos,
622 5119 731 5190 qui
747 5119 828 5176 ad
855 5120 1050 5190 ipsum
1066 5116 1470 5191 confugerint,
1494 5130 1533 5173 a
1559 5118 1798 5176 vinculo
1819 5133 1917 5176 ea:-

281 5207 833 5265 communicationis
845 5206 1130 5265 absolvat.
1147 5208 1372 5264 Datum
1391 5247 1405 5262 .
1431 5246 1444 5260 .
1472 5247 1486 5261 .
1505 5205 1684 5272 Quam
1699 5207 1916 5280 episto-

278 5294 392 5353 lam
413 5311 545 5354 cum
575 5296 809 5354 rediens
833 5295 1222 5355 Theodericus
1237 5293 1527 5370 exedicto
1537 5309 1609 5368 pa
1614 5311 1704 5368 pa
1718 5297 1913 5354 fratri-

2035 4672 2328 4730 inutiliter
2358 4671 2570 4728 moliri.
2603 4673 2741 4727 Nam
2775 4687 2922 4742 quos
2939 4673 3292 4746 sperabatin
3323 4674 3575 4731 consilio
3619 4679 3678 4731 et

2035 4761 2252 4820 auxilio
2283 4760 2394 4816 sibi
2429 4762 2551 4817 fore
2586 4759 2736 4830 usui,
2771 4761 3134 4831 frequentius
3191 4763 3357 4834 quasi
3404 4763 3473 4818 ad
3499 4762 3680 4818 domi-

2036 4867 2170 4909 num
2190 4865 2356 4907 suum
2371 4851 2806 4920 convenientes,
2833 4856 3278 4923 coeperuntesse
3289 4851 3484 4919 oneri;
3506 4866 3679 4924 quos-

2036 4956 2147 5012 quc
2169 4941 2224 4995 in
2240 4940 2610 4996 alﬂuentibus
2629 4940 2914 4996 conviviis
2938 4941 3542 5012 prasentesaudiebat
3557 4941 3678 4999 lau-

2033 5031 2290 5100 datores,
2323 5044 2396 5086 ex
2418 5033 2762 5100 contemptu
2787 5029 2976 5086 nimia
3010 5029 3422 5088 familiaritatis
3473 5018 3664 5088 absen-

2028 5125 2118 5176 tes
2149 5119 2406 5175 habebat
2429 5118 2756 5175 derisores.
2807 5118 3062 5190 Contigit
3087 5119 3264 5176 etiam
3289 5124 3351 5178 ut
3402 5119 3677 5178 invidiam

2027 5207 2260 5265 Otberti
2291 5222 2396 5282 per
2430 5207 2714 5281 quosdam
2745 5221 2948 5266 eorum
2981 5208 3330 5282 incurreret,
3395 5209 3530 5266 dum
3577 5207 3680 5266 ali-

1620 5395 1856 5454 VARIE
1894 5396 2302 5461 LECTIONES.

1855 5537 2086 5606 ΝΟΤΔΕ.

345 5463 410 5500 ⁸³⁷
437 5467 536 5526 vel
559 5464 748 5525 Senel.

347 5628 499 5702 (199)
520 5622 1298 5700 Castellanolirwoldensi,
1327 5639 1386 5685 v.
1405 5621 1555 5682 infra
1583 5638 1636 5683 c.
1670 5629 1759 5701 93,
1793 5635 1856 5684 et

274 5725 486 5800 Exim,
518 5742 571 5788 c.
606 5731 690 5785 19.

2055 5627 2208 5702 (200)
2238 5627 2512 5698 Revqu
2540 5625 2606 5681 Β.
