3936 6418
304 363 453 430 144Ἷ

301 515 532 595 quando
564 510 893 595 apudillum
915 501 1586 595 convivantesgrav‘iter
1612 492 1943 567 indignanti
1972 478 2021 538 Α

300 572 646 663 Biiﬁéééent,
688 581 1171 641 abundantiorem
1220 572 1393 631 immo
1445 572 1755 629 lautiorem
1807 582 1937 623 esse

300 657 556 740 mensam
589 674 820 733 abbatis
855 670 1042 727 sancti
1084 665 1327 723 Huberti
1366 676 1561 719 mensa
1609 657 1944 740 Leodiensis

299 759 689 837 episcopi;et
709 770 838 813 cum
869 749 1103 808 Wiredo
1146 748 1469 803 referretur
1513 758 1542 798 a
1595 739 1944 810 quibusdam

299 826 518 921 amicis,
538 849 593 904 in
615 846 726 903 sibi
765 841 1109 909 cavendum,
1134 837 1350 907 illeque
1363 833 1690 890 commotus
1704 826 1951 899 promit-

299 946 452 998 teret
483 938 602 994 tale
622 933 759 1007 quid
785 930 1037 1003 amplius
1087 942 1201 983 non
1227 921 1675 984 admittendum,
1729 929 1946 988 parvus

302 1036 494 1088 tamen
519 1006 828 1100 praevaluit
854 1034 1017 1085 usus,
1055 1031 1161 1074 nec
1223 1014 1330 1071 fuit
1377 1008 1692 1067 resistendi
1736 1006 1942 1075 virtus,

305 1121 443 1194 quin
473 1120 667 1189 ccepta
696 1112 929 1170 vanitas
951 1107 1426 1166 continuaretur.

376 1213 463 1268 93.
502 1184 686 1277 (122.)
723 1206 884 1259 Anno
917 1202 1110 1255 autem
1136 1187 1775 1250 incarnatiVerbiHO3
1793 1184 1948 1239 Bovo

303 1272 676 1358 castell‘anus
701 1286 1127 1349 Mirvoldensis,
1154 1283 1252 1356 qui
1291 1279 1604 1338 videbatur
1650 1275 1710 1330 in
1733 1272 1951 1329 talibus

303 1386 702 1448 amicissimus
742 1394 955 1439 mensae
973 1375 1196 1443 amicis,
1238 1372 1522 1428 adversus
1547 1363 1857 1422 ecclesiam
1890 1363 1950 1417 et

307 1477 600 1537 Wiredum
627 1469 972 1530 insurrcxit.
997 1467 1137 1522 Nam
1190 1461 1480 1519 violenter
1530 1453 1797 1529 pervasis
1830 1449 1953 1521 qui-

305 1573 486 1628 busve
519 1563 810 1622 reditibus
844 1557 1029 1627 silvae,
1056 1553 1153 1626 qui
1185 1556 1430 1608 eatenus
1469 1549 1636 1603 erant
1660 1540 1949 1609 ecclesiae,

304 1656 555 1717 vastatis
586 1654 762 1710 etiam
783 1647 963 1706 sartis
997 1643 1378 1710 rusticorum,
1405 1652 1474 1692 eo
1509 1633 1659 1706 quod
1713 1630 1808 1686 illa
1830 1629 1954 1685 sine

309 1764 416 1806 suo
448 1744 734 1818 permissu
763 1738 1058 1804 fecissent,
1081 1732 1410 1804 piscatores
1426 1737 1656 1797 quoque
1679 1717 1957 1776 ecclesia-

1278 342 1757 414 CHRONICON
1800 344 1865 406 S.
1915 336 2279 403 HUBERTI
2323 333 2716 399 ANDAGIN.

3544 322 3715 385 1448

2051 491 2229 561 ritas,
2261 503 2367 548 nec
2393 502 2561 546 nosse
2590 484 2838 544 debeant
2865 479 3171 552 laici'quit
3183 478 3436 561 facient
3456 475 3714 561 clerici?

2058 556 2343 628 Continuo
2376 567 2813 637 indignantibus
2835 559 3266 620 archidiaconis
3304 556 3716 615 adversuslai-

2055 676 2157 720 eos
2188 659 2484 717 contentio
2508 654 2788 724 surrexit,
2822 653 3157 722 veritusque
3215 650 3494 705 Otbertus
3529 660 3712 702 even-

2060 756 2178 808 tum
2195 748 2608 817 contentionis,
2654 744 2977 801 sessionem
3004 739 3269 808 mutavit,
3312 736 3571 794 evocatis
3611 749 3710 792 so-

2057 843 2175 900 lum
2192 842 2263 899 ad
2285 839 2706 897 consulendum
2748 833 3148 892 assessoribus
3184 828 3566 887 ecclesiastici
3608 840 3709 883 or-

2058 929 2412 989 dinis.Dixit
2445 942 2675 999 quoque
2695 923 2951 993 Wiredo,
2986 927 3046 979 ut
3074 921 3128 976 in
3178 919 3361 989 majus
3419 915 3705 989 palatium

2059 1037 2189 1077 cum
2222 1020 2347 1076 suis
2373 1016 2701 1085 secederet,
2723 1013 2904 1070 donec
2959 1008 3287 1068 consultius
3321 1021 3552 1063 causam
3571 1005 3707 1076 ejus

2061 1110 2358 1166 dimniret.
2386 1101 2981 1163 lnterconsulendum
3003 1116 3133 1157 cum
3159 1095 3704 1163 dicerctOtbertus,

2060 1198 2355 1255 Wiredum
2382 1201 2584 1268 utpote
2608 1193 2691 1249 sic
2716 1192 2825 1249 sibi
2860 1189 3202 1261 injuriosum
3237 1201 3298 1243 se
3332 1185 3479 1242 velle
3527 1185 3711 1254 depo-

2062 1303 2221 1358 nere,
2256 1284 2469 1343 allodia
2494 1297 2632 1340 vero
2673 1280 2938 1337 ecclesiae
2964 1280 3107 1333 Braz
3136 1281 3198 1332 et
3243 1274 3553 1345 Gruispont
3610 1285 3712 1327 ca-

2064 1383 2189 1433 stro
2222 1373 2462 1432 Mirvold
2498 1370 2879 1444 stipendiaria
2915 1369 3123 1436 facere,
3160 1364 3378 1421 restitit
3420 1364 3712 1430 Berenge-

2065 1481 2168 1524 rus
2199 1463 2694 1531 constantissime,
2721 1473 2992 1515 asserens
3010 1471 3115 1512 nec
3151 1452 3443 1509 Wiredum
3465 1450 3708 1520 dignum

2067 1555 2458 1628 depositione,
2499 1568 2603 1608 nec
2660 1542 3352 1606 convellendamllenrici
3410 1537 3710 1612 pontificis

2068 1626 2313 1715 legalem
2344 1641 2736 1708 donationem,
2760 1636 2992 1710 publico
3022 1639 3081 1690 et
3121 1635 3347 1703 signato
3393 1626 3710 1701 privilegio

2068 1733 2472 1791 confirmatam
2502 1728 2794 1786 ecclesiae.
2836 1723 3192 1792 Quibusdam
3220 1720 3427 1791 injuste
3458 1718 3710 1774 Otberto

306 1840 490 1897 sticos
512 1833 584 1890 ad
619 1829 913 1888 Lumniam
945 1822 1330 1880 transmissos
1373 1815 1568 1872 missis
1608 1808 1957 1884 apparitori-
1987 1833 2040 1893 Β
2071 1821 2423 1885 faventibus,
2467 1816 2816 1890 quibuﬂjam
2842 1816 3169 1883 Bel-euge!“
3198 1812 3354 1882 justo
3378 1804 3716 1864 ειιθειεοιί-

309 1932 419 1987 bus
449 1924 627 1996 cepit,
662 1925 717 1976 et
754 1919 808 1973 in
842 1917 1040 1971 castro
1067 1909 1354 1968 custodiae
1378 1902 1750 1973 maneipnvit.
1778 1897 1959 1967 Hujus

310 1990 536 2088 injuria;
568 1990 623 2068 et
658 2009 1001 2066 incitatores
1020 2007 1079 2059 et
1102 2006 1375 2058 auctores
1395 2011 1525 2052 cum
1569 1990 1838 2049 Wiredus
1887 2002 1960 2044 ex

309 2079 580 2165 consultu
617 2102 861 2156 fratrum
885 2089 1390 2150 excommunieare
1419 2083 1675 2151 fecisset,
1701 2079 1960 2134 —habet

308 2196 460 2254 enim
494 2194 614 2249 haec
637 2185 889 2245 ecclesia
917 2198 989 2239 ex
1013 2178 1370 2237 auctoritate
1405 2171 1742 2246 apostolica:
1799 2166 1959 2224 sedis

309 2284 627 2354 legitimam
644 2279 997 2350 potestatem
1014 2262 1548 2327 exeommunieandi
1566 2260 1737 2330 injust
1753 2273 1818 2313 os
1836 2270 1961 2328 per-

310 2348 554 2431 va'sores
602 2348 691 2425 sui
746 2363 1027 2434 cujusque
1073 2358 1245 2429 juris,
1280 2388 1345 2396 —
1397 2355 1551 2409 Bovo
1602 2348 1765 2420 quasi
1816 2348 1960 2402 hanc

313 2461 630 2521 inauditam
646 2454 1060 2519 temeritatem,
1082 2451 1251 2520 prout
1277 2444 1474 2500 aerius
1496 2437 1960 2513 potuit,0therto

313 2551 538 2620 retulit,
560 2545 836 2604 videlicet
866 2538 1135 2596 familiam
1159 2532 1546 2607 epiSCOpalem
1570 2524 1964 2585 excommuni-

312 2615 554 2700 candam
580 2650 694 2693 non
727 2646 880 2700 esse,
911 2628 1022 2685 nisi
1053 2626 1145 2683 vel
1168 2625 1333 2696 prius
1359 2622 1429 2678 ad
1453 2620 1612 2676 illum
1658 2615 1962 2690 praemisso

312 2730 584 2788 clamore.
605 2725 1029 2781 Otbertuseum
1047 2714 1291 2771 maxima
1308 2708 1708 2781 indignatione
1725 2703 1963 2776 praefixa

315 2822 409 2877 die
437 2815 800 2875 exactionem
828 2809 1004 2880 hujus
1026 2821 1144 2863 suae
1188 2801 1414 2872 injuriae
1448 2797 1684 2855 Wiredo
1731 2793 1960 2862 indixit,

314 2914 370 2968 et
405 2922 475 2964 ne
501 2904 730 2962 interim
756 2901 827 2957 de
860 2897 1092 2955 duobus
1134 2891 1403 2949 ecclesiae
1448 2886 1698 2953 allodiis,
1735 2882 1967 2940 scilicet

319 3000 463 3055 Braz
484 3000 541 3052 et
559 2992 935 3062 Gruisponte,
957 3001 1020 3042 se
1036 2984 1155 3041 ullo
1169 2981 1337 3037 modo
1354 2976 1774 3034 intromitteret
1793 2972 1968 3026 inter-

2073 1914 2200 1983 hus,
2235 1908 2546 1967 subintulit
2583 1907 2883 1975 Otbertus,
2921 1902 3218 1975 praedictae
3237 1897 3563 1956 donationis
3584 1894 3719 1952 nul-

2073 1982 2191 2058 lum
2223 1999 2589 2073 privilegium
2611 2010 2765 2066 esse,
2787 1993 2876 2051 vel
2895 1992 2940 2050 si
2964 1987 3305 2060 esset,illud
3349 1988 3405 2042 in
3434 1982 3718 2057 praesenti

2074 2089 2223 2147 velle
2244 2088 2482 2154 videre;
2521 2087 2763 2159 putabat
2793 2083 2944 2139 enim
3004 2095 3114 2137 non
3173 2077 3395 2135 adesse.
3456 2077 3716 2145 Uterque

2075 2179 2358 2235 Henricus
2390 2178 2565 2247 (202),
2603 2179 2661 2231 ut
2685 2178 2854 2231 erant
2888 2169 3091 2227 ﬁdeles
3114 2167 3394 2236 ecclesiae,
3422 2162 3718 2221 Wiredum

2072 2269 2358 2325 adeuntes
2410 2263 2698 2339 privilegii
2730 2261 3109 2334 quaestionem
3147 2259 3436 2322 fecerunt;
3470 2252 3624 2325 quod
3663 2251 3715 2308 si

2074 2360 2412 2427 haberetur,
2471 2353 2871 2412 committeret
2918 2350 3003 2406 eis
3047 2350 3291 2405 Otberto
3312 2341 3707 2402 deferendum.

2072 2450 2287 2505 Exacta
2312 2452 2370 2501 ct
2402 2448 2642 2516 accepta
2668 2442 2778 2498 fide
2803 2439 3092 2497 referendi
3114 2436 3501 2503 commissum,
3530 2433 3710 2489 Wire-

2075 2539 2184 2594 dus
2208 2534 2500 2592 commisit
2530 2532 2795 2603 utrisque
2836 2528 3234 2602 privilegium;
3291 2524 3591 2596 quodcum
3625 2521 3711 2576 in-

2076 2625 2362 2697 terposita
2417 2622 2752 2680 conditione
2810 2619 2955 2676 illud
3032 2615 3307 2673 reddendi
3360 2610 3712 2670 obtulissent

2077 2713 2568 2786 Otberto,illeque
2599 2714 2903 2783 acceptum
2929 2707 3019 2765 vel
3046 2708 3181 2778 joco
3201 2705 3290 2763 vel
3311 2701 3463 2761 serio
3477 2713 3715 2757 conare-

2082 2811 2175 2865 tur
2207 2807 2484 2875 retincre,
2520 2817 2750 2860 morose
2807 2799 3160 2873 explicatum
3207 2792 3495 2852 morosius
3535 2789 3715 2861 erepit

2078 2896 2295 2965 legere.
2316 2898 2385 2950 At
2404 2895 2766 2962 Berengcrus
2790 2888 3057 2945 alludens
3074 2885 3239 2956 quasi
3257 2883 3369 2954 jam
3384 2876 3715 2938 caecutienti

2078 2990 2139 3043 et
2163 2984 2291 3039 ideo
2316 2999 2371 3038 in
2397 2982 2644 3052 legendo
2661 2977 2937 3048 tardanti,
2957 2976 3078 3032 dari
3099 2973 3211 3031 sibi
3236 2971 3536 3042 legendum
3551 2982 3720 3036 roga-

316 3087 493 3145 dixit.
524 3058 1115 3147 Wiredusassmnpto
1131 3072 1439 3128 Lamberto
1462 3071 1521 3122 et
1550 3064 1794 3119 Widone
1837 3075 1948 3118 cun

2093 3076 2182 3131 vit.
2221 3070 2563 3142 indignatus
2598 3072 2651 3127 in
2684 3085 2814 3126 cum
2848 3068 3150 3137 OtbertUs,
3184 3062 3344 3135 quasi
3376 3061 3457 3116 illi
3497 3058 3718 3115 nonbc-

318 3174 626 3250 privilegio
647 3168 818 3241 legali
836 3165 1166 3223 interdictae
1181 3161 1288 3218 sibi
1307 3154 1727 3215 ecclesiasticze
1742 3166 1971 3223 posses-

319 3246 503 3322 sionis
536 3262 607 3319 ad
659 3257 990 3317 condictam
1015 3249 1371 3309 audientiam
1412 3246 1590 3315 venit,
1653 3254 1969 3312 omnesque

319 3353 684 3428 potentiores
714 3348 877 3406 urbis
894 3357 1182 3418 personas
1220 3354 1349 3395 cum
1382 3337 1628 3392 Otberto
1659 3332 1969 3388 adversum

316 3417 377 3501 se
408 3443 795 3513 congregatas
827 3417 1069 3491 invenit.
1097 3424 1568 3498 Locatojudicio,
1590 3422 1867 3478 sederunt
1913 3417 1969 3472 in

319 3538 484 3608 parte
518 3510 763 3587 abbates
796 3528 857 3582 et
888 3518 1375 3589 archidiaconi,in
1404 3520 1571 3586 parte
1597 3512 1880 3567 Otbertus
1912 3510 1969 3562 et

318 3601 481 3679 laici.
508 3618 853 3692 Appellatus
872 3616 962 3670 est
981 3611 1270 3679 Wiredus,
1292 3605 1444 3678 quod
1468 3603 1741 3661 familiam
1755 3601 1974 3673 episco-

319 3712 529 3784 palem,
564 3707 792 3765 scilicet
826 3704 1167 3761 defensores
1214 3698 1303 3755 sui
1345 3694 1548 3766 castri,
1584 3692 1976 3750 excommuni-

318 3815 453 3859 care
481 3779 948 3872 p’rmsumpserit,
984 3792 1107 3848 sine
1148 3790 1425 3859 respectu
1458 3781 1747 3856 praemissi
1789 3779 1862 3838 ad
1912 3795 1976 3837 se

322 3869 626 3947 clamoris.
667 3881 993 3955 Respondit
1017 3894 1126 3935 non
1162 3892 1223 3933 se
1237 3875 1588 3932 arbitratum
1612 3886 1740 3928 esse
1757 3869 1979 3940 ejusfa-

321 3973 859 4035 miliaetemerarios
880 3966 1494 4037 desertoresjustitize,
1538 3963 1829 4018 violentos
1875 3960 1975 4015 ini-

325 4071 682 4143 pugnatores
738 4061 1028 4131 ecclesiae,
1062 4058 1378 4115 violatores
1438 4053 1600 4126 pacis
1635 4051 1975 4109 constitutae

325 4141 546 4229 (201)θι
564 4170 667 4213 sua
689 4148 1293 4210 exeommunicatione
1312 4145 1555 4200 ﬁrmata:
1572 4160 1586 4209 ;
1603 4157 1707 4198 nec
1732 4155 1794 4197 se
1842 4141 1978 4197 illos

322 4248 476 4305 tales
490 4250 551 4305 ut
567 4245 676 4303 sibi
692 4243 1019 4317 imputabat
1038 4247 1259 4296 temere
1276 4238 1832 4303 excommunieasse,
1877 4233 1976 4291 sed

325 4332 1127 4409 ejusexcommunicationem
1172 4344 1278 4401 pro
1302 4343 1444 4401 pace
1484 4328 1729 4383 infracta
1773 4323 1980 4381 confir-

2081 3180 2152 3220 ue
2186 3164 2388 3219 videns
2404 3162 2725 3230 videretur,
2745 3158 2922 3229 coepit
2954 3156 3148 3226 legere
3175 3153 3368 3220 citius,
3396 3151 3717 3217 Berengero

2082 3256 2335 3309 iterante
2365 3267 2434 3308 ne
2466 3254 2846 3321 gravaretur;
2870 3248 2977 3302 hac
3008 3246 3131 3317 ipsa
3156 3237 3712 3304 nitensineitatioue,

2085 3349 2148 3399 ut
2180 3343 2236 3396 in
2269 3341 2667 3411 subscriptum
2694 3338 2997 3393 anathema
3051 3326 3713 3406 perlegendoincideret.

2082 3432 2350 3489 Perleeto
2386 3428 2714 3504 privilegio,
2741 3441 2871 3484 eum
2904 3424 3161 3482 novitate
3194 3418 3719 3492 temporisattesta-

2085 3530 2289 3580 rentur
2322 3534 2420 3591 qui
2453 3512 3054 3591 prmsenteserant‘“,
3087 3526 3287 3569 verum
3316 3507 3455 3564 illud
3487 3517 3715 3575 esse,se

2088 3613 2365 3684 legitimae
2427 3608 2728 3667 donationi
2770 3604 3002 3663 llenrici
3035 3599 3328 3675 pontiﬁcis
3370 3594 3711 3663 interfuisse,

2087 3682 2270 3774 seque
2301 3715 2427 3758 eam
2448 3700 2665 3756 vidisse
2697 3702 2758 3753 et
2786 3695 3038 3763 audisse,
3065 3696 3307 3748 evocato
3343 3684 3566 3743 Wiredo
3609 3682 3718 3754 pri-

2088 3772 2363 3861 \rilegium
2401 3789 2634 3861 publice
2668 3787 2979 3859 probatum
3005 3781 3087 3838 illi
3124 3778 3519 3844 reddiderunt,
3541 3772 3716 3828 dilato

2083 3882 2305 3953 judicio
2333 3885 2555 3937 exactae
2597 3870 3212 3953 cxcommunicationis
3271 3866 3339 3923 ad
3392 3867 3595 3921 festum
3636 3876 3717 3917 se-

2091 3950 2276 4045 quens
2310 3950 3115 4037 beati].amberti(Sept.17.)
3149 3959 3271 4026 Quo
3314 3957 3445 4013 dum
3485 3953 3719 4045 abbates

2088 4041 2372 4136 episcopii
2397 4058 2832 4125 convenissent,
2862 4060 2922 4110 et
2967 4065 3141 4108 causa
3175 4046 3387 4104 Wiredi
3429 4041 3713 4108 ventilata,

2090 4131 2175 4209 illi
2209 4131 2409 4223 pacem
2430 4148 2883 4220 adjudicassent,
2908 4158 2978 4200 eo
2997 4140 3150 4213 quod
3188 4131 3716 4195 excommunicatiO‘

2090 4257 2217 4298 nem
2232 4218 2626 4312 episcopalem
2673 4236 2743 4291 de
2772 4234 3015 4290 infracta
3037 4244 3175 4303 pace
3208 4242 3309 4285 sua
3348 4218 3721 4281 excommuni-

2091 4308 2321 4392 catione
2342 4308 2815 4387 confirmassent:
2830 4317 3352 4380 Otbertusinterim
3372 4308 3718 4372 dissimulata

327 4441 537 4485 masse.
560 4420 1279 4515 Silentibusabbatihuset
1305 4415 1759 4515 archidiacianis,
1805 4418 1863 4470 et
1884 4428 1981 4470 an-
2009 4454 2063 4515 Β
2095 4420 2514 4492 indignatione,
2542 4423 2679 4475 tunc
2713 4414 2944 4486 quidem
2973 4410 3157 4479 siluit,
3191 4420 3365 4479 seque
3420 4400 3717 4477 plurimum

326 4513 785 4584 nuentibusejus
807 4509 1144 4568 rationabili
1194 4507 1582 4580 responsioni,
1608 4506 1677 4562 ad
1725 4506 1979 4561 favorem

329 4607 559 4665 Otberti
584 4603 942 4660 obstiterunt
958 4594 1848 4669 laici,judicantesWiredumex
1870 4594 1980 4650 hoc

327 4697 563 4755 omnino
596 4690 968 4766 culpabilem,
996 4692 1053 4745 et
1073 4687 1205 4745 ideo
1227 4703 1298 4745 ex
1322 4688 1430 4745 hoc
1463 4686 1787 4742 incurrisse
1807 4687 1984 4740 offen-

329 4803 451 4846 sam
474 4782 893 4859 episcopalem.
922 4785 992 4837 At
1020 4780 1363 4835 Lambertus
1383 4778 1596 4834 sedens
1629 4791 1758 4833 cum
1796 4774 1984 4832 archi-

334 4876 626 4936 diaconis:
671 4871 980 4942 Quomodo.
1010 4869 1220 4940 inquit,
1247 4866 1535 4926 hichodie
1573 4866 1762 4924 aitait
1808 4865 1983 4923 eccle-

330 4965 599 5026 siastici:
609 4963 667 5021 et
677 4961 889 5020 vestrae
898 4959 1225 5030 dignitatis
1239 4958 1413 5017 decus
1434 4955 1522 5029 1³⁸,
1537 4956 1678 5013 dum
1691 4954 1798 5013 hoc
1810 4953 1983 5025 judi-

335 5057 491 5116 cium
517 5053 677 5130 quod
694 5048 1155 5111 rationabiliter
1193 5048 1327 5106 erat
1359 5046 1765 5107 censende
1795 5045 1978 5105 vobis,

335 5145 459 5203 tam
467 5136 1544 5213 irrationabiliterjampmcipitaeit
1555 5135 1799 5195 [dicatis
1815 5136 1983 5193 teme-

2092 4491 2325 4585 gravari
2375 4507 2796 4583 privatioribus
2845 4504 2971 4561 suis
3029 4498 3351 4572 saepissime
3410 4491 3714 4565 deplanxit.

2093 4583 2253 4660 Unus
2285 4615 2486 4657 eorum
2512 4600 2704 4653 Bruno
2722 4609 2851 4652 cum
2883 4607 2944 4650 se
2966 4592 3217 4663 jactarct
3236 4585 3400 4659 quasi
3423 4584 3531 4641 loci
3558 4583 3719 4654 hujus

2094 4686 2545 4745 archidiaconus
2568 4684 2752 4756 ipsam
2787 4678 3091 4737 ecclesiam
3149 4679 3207 4732 et
3236 4670 3524 4730 Wiredum
3551 4667 3719 4740 quali-

2092 4791 2343 4848 cumque
2375 4773 2689 4832 occasione
2705 4774 3106 4842 gravaturum,
3134 4765 3405 4822 hortatus
3425 4762 3515 4817 est
3529 4756 3717 4814 Otber-

2092 4883 2192 4939 tus
2222 4866 2279 4923 id
2313 4864 2599 4922 attentius
2631 4858 3056 4931 exequendum.

2164 4957 2252 5011 94.
2288 4954 2456 5025 (123).
2497 4953 2659 5008 Anno
2710 4951 2848 5005 1104
2892 4945 3175 5004 inearnati
3208 4942 3606 5001 VerbiBruno
3647 4950 3719 4993 ar-

2092 5044 2495 5113 chidiaconus,
2528 5039 2795 5097 collectis
2816 5035 3163 5110 presbiteris
3188 5048 3355 5105 quam
3392 5029 3647 5103 pluribus
3666 5032 3715 5083 et

2094 5132 2468 5207 congregatis
2511 5130 2821 5200 militibus,
2868 5133 2929 5186 ut
2964 5127 3020 5184 in
3055 5124 3276 5199 synodo
3307 5126 3524 5195 ageret,
3558 5120 3719 5191 magis

1687 5252 1925 5311 VARUE
1957 5252 2362 5312 LECTIONES.
2386 5250 2391 5257 ’

406 5351 473 5387 ι³⁸
508 5351 671 5411 deest
698 5348 935 5421 codici;
961 5347 1206 5406 addidit
1231 5343 1528 5404 Martem.

1932 5456 2158 5518 NOTAE.

417 5569 567 5643 (201)
597 5569 709 5624 Per
732 5562 1400 5635 Henrieumepisc0pum
1418 5560 1515 5633 qui
1544 5559 1677 5617 inde
1710 5558 2012 5618 Paciﬁcas"

338 5636 534 5697 dictus
547 5636 673 5697 est.

413 5710 564 5786 (202)
594 5706 1005 5769 Arehidiaeoni
1026 5704 1191 5763 Eccl.
1240 5703 1595 5775 Leodiensis,
1626 5702 1779 5761 alter
1837 5704 1999 5762 deca-

2107 5570 2218 5615 nus
2255 5553 2447 5627 simul,
2483 5553 2634 5627 alter
2665 5564 2914 5627 prmpos.
2943 5546 3266 5627 Fossensis,
3322 5540 3616 5627 hicﬂliu's,
3638 5536 3719 5627 ille

2108 5590 3717 5687 ἳτέῗέἨἕέἰοῖἱῖἒῖὲενδὶὲἕῶ”ὲιὲιί’ὧ”“ὗῗῖἱι”ι²ιεε’ὲ’.”όὲ“ῑίῖἱὲῐιῐ

2108 5701 2180 5760 de
2212 5699 2537 5774 Sigeberto.
2572 5712 2631 5771 p.
2661 5698 2779 5755 178.
