  <div class='ocr_page' id='page_1' title='image "/cluster/home/n/w/nwhite01/storage/ocr_20150623/153-154/uc1.31175019678096/1316.png"; bbox 0 0 3936 6442; ppageno 0'>
   <div class='ocr_carea' id='block_1_1' title="bbox 345 297 501 357">
    <p class='ocr_par' dir='ltr' id='par_1_1' title="bbox 345 297 501 357">
     <span class='ocr_line' id='line_1_1' title="bbox 345 297 501 357; baseline 0 0"><span class='ocrx_word' id='word_1_1' title='bbox 345 297 501 357; x_wconf 73' lang='grc'><strong>1449</strong></span> 
     </span>
    </p>
   </div>
   <div class='ocr_carea' id='block_1_2' title="bbox 1324 294 2758 360">
    <p class='ocr_par' dir='ltr' id='par_1_2' title="bbox 1324 294 2758 360">
     <span class='ocr_line' id='line_1_2' title="bbox 1324 294 2758 360; baseline 0.003 -5"><span class='ocrx_word' id='word_1_2' title='bbox 1324 294 1801 359; x_wconf 80' lang='lat' dir='ltr'><strong>CHRONICON</strong></span> <span class='ocrx_word' id='word_1_3' title='bbox 1843 297 1909 360; x_wconf 89' lang='lat' dir='ltr'><strong>S.</strong></span> <span class='ocrx_word' id='word_1_4' title='bbox 1956 296 2323 359; x_wconf 82' lang='lat' dir='ltr'><strong>HUBERTI</strong></span> <span class='ocrx_word' id='word_1_5' title='bbox 2366 297 2758 360; x_wconf 70' lang='lat' dir='ltr'><strong>ANDAGN.</strong></span> 
     </span>
    </p>
   </div>
   <div class='ocr_carea' id='block_1_3' title="bbox 3601 303 3757 365">
    <p class='ocr_par' dir='ltr' id='par_1_3' title="bbox 3601 303 3757 365">
     <span class='ocr_line' id='line_1_3' title="bbox 3601 303 3757 365; baseline 0.013 -2"><span class='ocrx_word' id='word_1_6' title='bbox 3601 303 3757 365; x_wconf 78' lang='lat' dir='ltr'><strong>M50</strong></span> 
     </span>
    </p>
   </div>
   <div class='ocr_carea' id='block_1_4' title="bbox 340 448 1894 531">
    <p class='ocr_par' dir='ltr' id='par_1_4' title="bbox 340 461 1894 531">
     <span class='ocr_line' id='line_1_4' title="bbox 340 461 1894 531; baseline -0.001 -12"><span class='ocrx_word' id='word_1_7' title='bbox 340 466 534 519; x_wconf 88' lang='lat' dir='ltr'><strong>autem</strong></span> <span class='ocrx_word' id='word_1_8' title='bbox 578 466 642 517; x_wconf 90' lang='lat' dir='ltr'><strong>ut</strong></span> <span class='ocrx_word' id='word_1_9' title='bbox 680 461 986 518; x_wconf 82' lang='lat' dir='ltr'><strong>ecclesiam</strong></span> <span class='ocrx_word' id='word_1_10' title='bbox 1033 466 1293 531; x_wconf 76' lang='lat' dir='ltr'><strong>vexaret,</strong></span> <span class='ocrx_word' id='word_1_11' title='bbox 1319 461 1678 531; x_wconf 78' lang='lat' dir='ltr'><strong>Andaginum</strong></span> <span class='ocrx_word' id='word_1_12' title='bbox 1719 463 1894 531; x_wconf 80' lang='lat' dir='ltr'><strong>venit,</strong></span> 
     </span>
    </p>
   </div>
   <div class='ocr_carea' id='block_1_5' title="bbox 2198 448 3752 531">
    <p class='ocr_par' dir='ltr' id='par_1_5' title="bbox 2198 448 3752 521">
     <span class='ocr_line' id='line_1_5' title="bbox 2198 448 3752 521; baseline 0.003 -17"><span class='ocrx_word' id='word_1_13' title='bbox 2198 448 2262 504; x_wconf 75' lang='lat' dir='ltr'><strong>iit</strong></span> <span class='ocrx_word' id='word_1_14' title='bbox 2284 449 2659 504; x_wconf 88' lang='lat' dir='ltr'><strong>censendum.</strong></span> <span class='ocrx_word' id='word_1_15' title='bbox 2696 448 2882 519; x_wconf 83' lang='lat' dir='ltr'><strong>Super</strong></span> <span class='ocrx_word' id='word_1_16' title='bbox 2908 449 3023 505; x_wconf 85' lang='lat' dir='ltr'><strong>hiis</strong></span> <span class='ocrx_word' id='word_1_17' title='bbox 3057 449 3326 506; x_wconf 86' lang='lat' dir='ltr'><strong>Wiredus</strong></span> <span class='ocrx_word' id='word_1_18' title='bbox 3349 465 3380 506; x_wconf 91' lang='lat' dir='ltr'><strong>a</strong></span> <span class='ocrx_word' id='word_1_19' title='bbox 3405 452 3752 521; x_wconf 90' lang='lat' dir='ltr'><strong>quibusdam</strong></span> 
     </span>
    </p>
   </div>
   <div class='ocr_carea' id='block_1_6' title="bbox 340 550 1989 608">
    <p class='ocr_par' dir='ltr' id='par_1_6' title="bbox 340 550 1989 608">
     <span class='ocr_line' id='line_1_6' title="bbox 340 550 1989 608; baseline 0 -1"><span class='ocrx_word' id='word_1_20' title='bbox 340 550 576 607; x_wconf 81' lang='lat' dir='ltr'><strong>Wiredo</strong></span> <span class='ocrx_word' id='word_1_21' title='bbox 598 556 658 607; x_wconf 90' lang='lat' dir='ltr'><strong>ut</strong></span> <span class='ocrx_word' id='word_1_22' title='bbox 682 550 790 606; x_wconf 88' lang='lat' dir='ltr'><strong>sibi</strong></span> <span class='ocrx_word' id='word_1_23' title='bbox 814 556 873 606; x_wconf 90' lang='lat' dir='ltr'><strong>et</strong></span> <span class='ocrx_word' id='word_1_24' title='bbox 899 551 1019 607; x_wconf 89' lang='lat' dir='ltr'><strong>suis</strong></span> <span class='ocrx_word' id='word_1_25' title='bbox 1046 551 1351 607; x_wconf 84' lang='lat' dir='ltr'><strong>obsonium</strong></span> <span class='ocrx_word' id='word_1_26' title='bbox 1407 552 1622 608; x_wconf 86' lang='lat' dir='ltr'><strong>faceret</strong></span> <span class='ocrx_word' id='word_1_27' title='bbox 1674 551 1989 608; x_wconf 79' lang='lat' dir='ltr'><strong>mandavit.</strong></span> 
     </span>
    </p>
   </div>
   <div class='ocr_carea' id='block_1_7' title="bbox 344 638 1992 710">
    <p class='ocr_par' dir='ltr' id='par_1_7' title="bbox 344 638 1992 710">
     <span class='ocr_line' id='line_1_7' title="bbox 344 638 1992 710; baseline 0.001 -15"><span class='ocrx_word' id='word_1_28' title='bbox 344 638 615 695; x_wconf 87' lang='lat' dir='ltr'><strong>Wiredus</strong></span> <span class='ocrx_word' id='word_1_29' title='bbox 651 639 894 696; x_wconf 86' lang='lat' dir='ltr'><strong>audiens</strong></span> <span class='ocrx_word' id='word_1_30' title='bbox 943 653 1072 695; x_wconf 92' lang='lat' dir='ltr'><strong>cum</strong></span> <span class='ocrx_word' id='word_1_31' title='bbox 1122 638 1385 710; x_wconf 85' lang='lat' dir='ltr'><strong>synodali</strong></span> <span class='ocrx_word' id='word_1_32' title='bbox 1433 653 1613 696; x_wconf 88' lang='lat' dir='ltr'><strong>causa</strong></span> <span class='ocrx_word' id='word_1_33' title='bbox 1662 645 1992 710; x_wconf 89' lang='lat' dir='ltr'><strong>venturum,</strong></span> 
     </span>
    </p>
   </div>
   <div class='ocr_carea' id='block_1_8' title="bbox 342 727 1994 797">
    <p class='ocr_par' dir='ltr' id='par_1_8' title="bbox 342 727 1994 797">
     <span class='ocr_line' id='line_1_8' title="bbox 342 727 1994 797; baseline -0.001 -12"><span class='ocrx_word' id='word_1_34' title='bbox 342 729 578 785; x_wconf 84' lang='lat' dir='ltr'><strong>omnino</strong></span> <span class='ocrx_word' id='word_1_35' title='bbox 612 727 932 783; x_wconf 82' lang='lat' dir='ltr'><strong>indeliitum</strong></span> <span class='ocrx_word' id='word_1_36' title='bbox 956 728 1005 783; x_wconf 91' lang='lat' dir='ltr'><strong>ei</strong></span> <span class='ocrx_word' id='word_1_37' title='bbox 1032 728 1330 783; x_wconf 76' lang='lat' dir='ltr'><strong>recusavit</strong></span> <span class='ocrx_word' id='word_1_38' title='bbox 1359 728 1687 797; x_wconf 84' lang='lat' dir='ltr'><strong>servitium,</strong></span> <span class='ocrx_word' id='word_1_39' title='bbox 1719 728 1994 784; x_wconf 84' lang='lat' dir='ltr'><strong>videlicet</strong></span> 
     </span>
    </p>
   </div>
   <div class='ocr_carea' id='block_1_9' title="bbox 339 815 1995 887">
    <p class='ocr_par' dir='ltr' id='par_1_9' title="bbox 339 815 1995 887">
     <span class='ocr_line' id='line_1_9' title="bbox 339 815 1995 887; baseline 0.001 -15"><span class='ocrx_word' id='word_1_40' title='bbox 339 829 415 872; x_wconf 82' lang='lat' dir='ltr'><strong>ex</strong></span> <span class='ocrx_word' id='word_1_41' title='bbox 435 815 634 873; x_wconf 89' lang='lat' dir='ltr'><strong>edicto</strong></span> <span class='ocrx_word' id='word_1_42' title='bbox 668 815 821 871; x_wconf 85' lang='lat' dir='ltr'><strong>beati</strong></span> <span class='ocrx_word' id='word_1_43' title='bbox 848 830 1008 886; x_wconf 89' lang='lat' dir='ltr'><strong>papa</strong></span> <span class='ocrx_word' id='word_1_44' title='bbox 1035 815 1317 885; x_wconf 70' lang='lat' dir='ltr'><strong>Gregorii,</strong></span> <span class='ocrx_word' id='word_1_45' title='bbox 1345 816 1443 885; x_wconf 90' lang='lat' dir='ltr'><strong>qui</strong></span> <span class='ocrx_word' id='word_1_46' title='bbox 1468 830 1573 871; x_wconf 91' lang='lat' dir='ltr'><strong>nec</strong></span> <span class='ocrx_word' id='word_1_47' title='bbox 1614 816 1687 871; x_wconf 89' lang='lat' dir='ltr'><strong>ab</strong></span> <span class='ocrx_word' id='word_1_48' title='bbox 1717 816 1995 887; x_wconf 88' lang='lat' dir='ltr'><strong>episcopo</strong></span> 
     </span>
    </p>
   </div>
   <div class='ocr_carea' id='block_1_10' title="bbox 340 901 1996 974">
    <p class='ocr_par' dir='ltr' id='par_1_10' title="bbox 340 901 1996 974">
     <span class='ocr_line' id='line_1_10' title="bbox 340 901 1996 974; baseline 0.001 -14"><span class='ocrx_word' id='word_1_49' title='bbox 340 917 449 960; x_wconf 88' lang='lat' dir='ltr'><strong>nec</strong></span> <span class='ocrx_word' id='word_1_50' title='bbox 466 918 498 960; x_wconf 91' lang='lat' dir='ltr'><strong>a</strong></span> <span class='ocrx_word' id='word_1_51' title='bbox 522 903 782 974; x_wconf 89' lang='lat' dir='ltr'><strong>qualibet</strong></span> <span class='ocrx_word' id='word_1_52' title='bbox 808 917 1058 974; x_wconf 88' lang='lat' dir='ltr'><strong>persona</strong></span> <span class='ocrx_word' id='word_1_53' title='bbox 1080 901 1399 973; x_wconf 87' lang='lat' dir='ltr'><strong>episcopali</strong></span> <span class='ocrx_word' id='word_1_54' title='bbox 1424 917 1530 973; x_wconf 92' lang='lat' dir='ltr'><strong>per</strong></span> <span class='ocrx_word' id='word_1_55' title='bbox 1554 903 1996 974; x_wconf 88' lang='lat' dir='ltr'><strong>procurationes</strong></span> 
     </span>
    </p>
   </div>
   <div class='ocr_carea' id='block_1_11' title="bbox 337 988 1997 1060">
    <p class='ocr_par' dir='ltr' id='par_1_11' title="bbox 337 988 1997 1060">
     <span class='ocr_line' id='line_1_11' title="bbox 337 988 1997 1060; baseline 0 -14"><span class='ocrx_word' id='word_1_56' title='bbox 337 989 576 1046; x_wconf 89' lang='lat' dir='ltr'><strong>omnino</strong></span> <span class='ocrx_word' id='word_1_57' title='bbox 598 989 899 1045; x_wconf 86' lang='lat' dir='ltr'><strong>interdicit</strong></span> <span class='ocrx_word' id='word_1_58' title='bbox 932 988 1282 1044; x_wconf 91' lang='lat' dir='ltr'><strong>monasteria</strong></span> <span class='ocrx_word' id='word_1_59' title='bbox 1311 989 1726 1046; x_wconf 85' lang='lat' dir='ltr'><strong>monachorum</strong></span> <span class='ocrx_word' id='word_1_60' title='bbox 1777 989 1997 1060; x_wconf 87' lang='lat' dir='ltr'><strong>inquie-</strong></span> 
     </span>
    </p>
   </div>
   <div class='ocr_carea' id='block_1_12' title="bbox 337 1076 1995 1148">
    <p class='ocr_par' dir='ltr' id='par_1_12' title="bbox 337 1076 1995 1148">
     <span class='ocr_line' id='line_1_12' title="bbox 337 1076 1995 1148; baseline 0.001 -15"><span class='ocrx_word' id='word_1_61' title='bbox 337 1076 472 1134; x_wconf 84' lang='lat' dir='ltr'><strong>tari.</strong></span> <span class='ocrx_word' id='word_1_62' title='bbox 504 1077 668 1144; x_wconf 83' lang='lat' dir='ltr'><strong>Quod</strong></span> <span class='ocrx_word' id='word_1_63' title='bbox 717 1077 893 1133; x_wconf 89' lang='lat' dir='ltr'><strong>etiam</strong></span> <span class='ocrx_word' id='word_1_64' title='bbox 945 1076 1316 1133; x_wconf 86' lang='lat' dir='ltr'><strong>Gualcaudus</strong></span> <span class='ocrx_word' id='word_1_65' title='bbox 1367 1076 1636 1148; x_wconf 88' lang='lat' dir='ltr'><strong>prohibet</strong></span> <span class='ocrx_word' id='word_1_66' title='bbox 1687 1076 1995 1148; x_wconf 85' lang='lat' dir='ltr'><strong>privilegio</strong></span> 
     </span>
    </p>
   </div>
   <div class='ocr_carea' id='block_1_13' title="bbox 335 1165 1995 1235">
    <p class='ocr_par' dir='ltr' id='par_1_13' title="bbox 335 1165 1995 1235">
     <span class='ocr_line' id='line_1_13' title="bbox 335 1165 1995 1235; baseline 0 -13"><span class='ocrx_word' id='word_1_67' title='bbox 335 1179 457 1222; x_wconf 82' lang='lat' dir='ltr'><strong>sua</strong></span> <span class='ocrx_word' id='word_1_68' title='bbox 505 1165 901 1221; x_wconf 84' lang='lat' dir='ltr'><strong>auctoritatis.</strong></span> <span class='ocrx_word' id='word_1_69' title='bbox 945 1165 1327 1221; x_wconf 86' lang='lat' dir='ltr'><strong>Remandavit</strong></span> <span class='ocrx_word' id='word_1_70' title='bbox 1370 1170 1584 1235; x_wconf 89' lang='lat' dir='ltr'><strong>tamen,</strong></span> <span class='ocrx_word' id='word_1_71' title='bbox 1620 1165 1668 1221; x_wconf 89' lang='lat' dir='ltr'><strong>si</strong></span> <span class='ocrx_word' id='word_1_72' title='bbox 1725 1166 1995 1223; x_wconf 88' lang='lat' dir='ltr'><strong>caritatis</strong></span> 
     </span>
    </p>
   </div>
   <div class='ocr_carea' id='block_1_14' title="bbox 334 1252 1996 1324">
    <p class='ocr_par' dir='ltr' id='par_1_14' title="bbox 334 1252 1996 1324">
     <span class='ocr_line' id='line_1_14' title="bbox 334 1252 1996 1324; baseline 0.001 -17"><span class='ocrx_word' id='word_1_73' title='bbox 334 1252 834 1323; x_wconf 75' lang='lat' dir='ltr'><strong>gratiainviseret</strong></span> <span class='ocrx_word' id='word_1_74' title='bbox 859 1252 1069 1321; x_wconf 89' lang='lat' dir='ltr'><strong>locum,</strong></span> <span class='ocrx_word' id='word_1_75' title='bbox 1097 1252 1557 1324; x_wconf 85' lang='lat' dir='ltr'><strong>hospitalitatem</strong></span> <span class='ocrx_word' id='word_1_76' title='bbox 1592 1267 1656 1309; x_wconf 93' lang='lat' dir='ltr'><strong>se</strong></span> <span class='ocrx_word' id='word_1_77' title='bbox 1688 1252 1771 1309; x_wconf 84' lang='lat' dir='ltr'><strong>illi</strong></span> <span class='ocrx_word' id='word_1_78' title='bbox 1822 1258 1886 1310; x_wconf 93' lang='lat' dir='ltr'><strong>ut</strong></span> <span class='ocrx_word' id='word_1_79' title='bbox 1934 1257 1996 1310; x_wconf 90' lang='lat' dir='ltr'><strong>et</strong></span> 
     </span>
    </p>
   </div>
   <div class='ocr_carea' id='block_1_15' title="bbox 333 1339 1998 1413">
    <p class='ocr_par' dir='ltr' id='par_1_15' title="bbox 333 1339 1998 1413">
     <span class='ocr_line' id='line_1_15' title="bbox 333 1339 1998 1413; baseline 0.002 -18"><span class='ocrx_word' id='word_1_80' title='bbox 333 1339 470 1397; x_wconf 88' lang='lat' dir='ltr'><strong>aliis</strong></span> <span class='ocrx_word' id='word_1_81' title='bbox 500 1340 1049 1413; x_wconf 82' lang='lat' dir='ltr'><strong>supervenientibus</strong></span> <span class='ocrx_word' id='word_1_82' title='bbox 1083 1341 1391 1409; x_wconf 89' lang='lat' dir='ltr'><strong>facturum,</strong></span> <span class='ocrx_word' id='word_1_83' title='bbox 1418 1341 1505 1397; x_wconf 93' lang='lat' dir='ltr'><strong>sin</strong></span> <span class='ocrx_word' id='word_1_84' title='bbox 1555 1346 1749 1397; x_wconf 90' lang='lat' dir='ltr'><strong>autem</strong></span> <span class='ocrx_word' id='word_1_85' title='bbox 1797 1357 1998 1413; x_wconf 87' lang='lat' dir='ltr'><strong>parro-</strong></span> 
     </span>
    </p>
   </div>
   <div class='ocr_carea' id='block_1_16' title="bbox 337 1427 1994 1499">
    <p class='ocr_par' dir='ltr' id='par_1_16' title="bbox 337 1427 1994 1499">
     <span class='ocr_line' id='line_1_16' title="bbox 337 1427 1994 1499; baseline -0.001 -13"><span class='ocrx_word' id='word_1_86' title='bbox 337 1427 505 1486; x_wconf 85' lang='lat' dir='ltr'><strong>cbias</strong></span> <span class='ocrx_word' id='word_1_87' title='bbox 564 1443 704 1485; x_wconf 91' lang='lat' dir='ltr'><strong>suas</strong></span> <span class='ocrx_word' id='word_1_88' title='bbox 749 1429 1112 1499; x_wconf 80' lang='lat' dir='ltr'><strong>sollicitaret,</strong></span> <span class='ocrx_word' id='word_1_89' title='bbox 1154 1429 1622 1499; x_wconf 82' lang='lat' dir='ltr'><strong>expectationem</strong></span> <span class='ocrx_word' id='word_1_90' title='bbox 1669 1444 1831 1485; x_wconf 91' lang='lat' dir='ltr'><strong>suam</strong></span> <span class='ocrx_word' id='word_1_91' title='bbox 1882 1446 1994 1486; x_wconf 93' lang='lat' dir='ltr'><strong>non</strong></span> 
     </span>
    </p>
   </div>
   <div class='ocr_carea' id='block_1_17' title="bbox 339 1518 1996 1590">
    <p class='ocr_par' dir='ltr' id='par_1_17' title="bbox 339 1518 1996 1590">
     <span class='ocr_line' id='line_1_17' title="bbox 339 1518 1996 1590; baseline 0 -15"><span class='ocrx_word' id='word_1_92' title='bbox 339 1518 476 1589; x_wconf 91' lang='lat' dir='ltr'><strong>sibi,</strong></span> <span class='ocrx_word' id='word_1_93' title='bbox 512 1520 615 1575; x_wconf 89' lang='lat' dir='ltr'><strong>sed</strong></span> <span class='ocrx_word' id='word_1_94' title='bbox 648 1518 1130 1590; x_wconf 88' lang='lat' dir='ltr'><strong>procuratoribus</strong></span> <span class='ocrx_word' id='word_1_95' title='bbox 1156 1532 1357 1574; x_wconf 90' lang='lat' dir='ltr'><strong>earum</strong></span> <span class='ocrx_word' id='word_1_96' title='bbox 1398 1518 1718 1574; x_wconf 85' lang='lat' dir='ltr'><strong>mandaret.</strong></span> <span class='ocrx_word' id='word_1_97' title='bbox 1754 1519 1845 1576; x_wconf 86' lang='lat' dir='ltr'><strong>Sic</strong></span> <span class='ocrx_word' id='word_1_98' title='bbox 1896 1518 1996 1575; x_wconf 89' lang='lat' dir='ltr'><strong>ille</strong></span> 
     </span>
    </p>
   </div>
   <div class='ocr_carea' id='block_1_18' title="bbox 337 1605 1994 1676">
    <p class='ocr_par' dir='ltr' id='par_1_18' title="bbox 337 1605 1994 1676">
     <span class='ocr_line' id='line_1_18' title="bbox 337 1605 1994 1676; baseline -0.002 -11"><span class='ocrx_word' id='word_1_99' title='bbox 337 1620 474 1665; x_wconf 87' lang='lat' dir='ltr'><strong>cum</strong></span> <span class='ocrx_word' id='word_1_100' title='bbox 505 1606 591 1662; x_wconf 90' lang='lat' dir='ltr'><strong>ira</strong></span> <span class='ocrx_word' id='word_1_101' title='bbox 631 1612 689 1661; x_wconf 93' lang='lat' dir='ltr'><strong>et</strong></span> <span class='ocrx_word' id='word_1_102' title='bbox 743 1605 1139 1676; x_wconf 82' lang='lat' dir='ltr'><strong>indignatione</strong></span> <span class='ocrx_word' id='word_1_103' title='bbox 1192 1606 1463 1676; x_wconf 88' lang='lat' dir='ltr'><strong>rejectus,</strong></span> <span class='ocrx_word' id='word_1_104' title='bbox 1491 1605 1584 1661; x_wconf 85' lang='lat' dir='ltr'><strong>vix</strong></span> <span class='ocrx_word' id='word_1_105' title='bbox 1611 1606 1761 1661; x_wconf 90' lang='lat' dir='ltr'><strong>enim</strong></span> <span class='ocrx_word' id='word_1_106' title='bbox 1805 1606 1994 1662; x_wconf 84' lang='lat' dir='ltr'><strong>fuerat</strong></span> 
     </span>
    </p>
   </div>
   <div class='ocr_carea' id='block_1_19' title="bbox 340 1692 1996 1764">
    <p class='ocr_par' dir='ltr' id='par_1_19' title="bbox 340 1692 1996 1764">
     <span class='ocr_line' id='line_1_19' title="bbox 340 1692 1996 1764; baseline 0.001 -15"><span class='ocrx_word' id='word_1_107' title='bbox 340 1693 400 1750; x_wconf 90' lang='lat' dir='ltr'><strong>in</strong></span> <span class='ocrx_word' id='word_1_108' title='bbox 432 1693 851 1750; x_wconf 72' lang='lat' dir='ltr'><strong>monasterium</strong></span> <span class='ocrx_word' id='word_1_109' title='bbox 890 1692 1081 1764; x_wconf 78' lang='lat' dir='ltr'><strong>gratia</strong></span> <span class='ocrx_word' id='word_1_110' title='bbox 1109 1694 1390 1750; x_wconf 91' lang='lat' dir='ltr'><strong>orationis</strong></span> <span class='ocrx_word' id='word_1_111' title='bbox 1438 1693 1751 1764; x_wconf 89' lang='lat' dir='ltr'><strong>admissus,</strong></span> <span class='ocrx_word' id='word_1_112' title='bbox 1791 1694 1846 1748; x_wconf 93' lang='lat' dir='ltr'><strong>in</strong></span> <span class='ocrx_word' id='word_1_113' title='bbox 1897 1695 1996 1750; x_wconf 90' lang='lat' dir='ltr'><strong>do-</strong></span> 
     </span>
    </p>
   </div>
   <div class='ocr_carea' id='block_1_20' title="bbox 340 1782 2078 1853">
    <p class='ocr_par' dir='ltr' id='par_1_20' title="bbox 340 1782 2078 1853">
     <span class='ocr_line' id='line_1_20' title="bbox 340 1782 2078 1853; baseline 0 -16"><span class='ocrx_word' id='word_1_114' title='bbox 340 1795 495 1838; x_wconf 88' lang='lat' dir='ltr'><strong>mum</strong></span> <span class='ocrx_word' id='word_1_115' title='bbox 527 1782 730 1837; x_wconf 87' lang='lat' dir='ltr'><strong>Obcrti</strong></span> <span class='ocrx_word' id='word_1_116' title='bbox 768 1787 903 1838; x_wconf 91' lang='lat' dir='ltr'><strong>tunc</strong></span> <span class='ocrx_word' id='word_1_117' title='bbox 935 1783 1211 1853; x_wconf 90' lang='lat' dir='ltr'><strong>temporis</strong></span> <span class='ocrx_word' id='word_1_118' title='bbox 1244 1783 1558 1853; x_wconf 86' lang='lat' dir='ltr'><strong>presbiteri</strong></span> <span class='ocrx_word' id='word_1_119' title='bbox 1592 1782 1662 1837; x_wconf 94' lang='lat' dir='ltr'><strong>ad</strong></span> <span class='ocrx_word' id='word_1_120' title='bbox 1701 1782 1995 1853; x_wconf 85' lang='lat' dir='ltr'><strong>hospitan-</strong></span> <span class='ocrx_word' id='word_1_121' title='bbox 2024 1792 2078 1851; x_wconf 85' lang='grc' dir='ltr'>Β</span> 
     </span>
    </p>
   </div>
   <div class='ocr_carea' id='block_1_21' title="bbox 338 1869 1993 1943">
    <p class='ocr_par' dir='ltr' id='par_1_21' title="bbox 338 1869 1993 1943">
     <span class='ocr_line' id='line_1_21' title="bbox 338 1869 1993 1943; baseline -0.001 -16"><span class='ocrx_word' id='word_1_122' title='bbox 338 1869 479 1927; x_wconf 90' lang='lat' dir='ltr'><strong>dum</strong></span> <span class='ocrx_word' id='word_1_123' title='bbox 511 1869 771 1935; x_wconf 73' lang='lat' dir='ltr'><strong>divertit.</strong></span> <span class='ocrx_word' id='word_1_124' title='bbox 824 1876 883 1926; x_wconf 89' lang='lat' dir='ltr'><strong>et</strong></span> <span class='ocrx_word' id='word_1_125' title='bbox 922 1875 1160 1941; x_wconf 89' lang='lat' dir='ltr'><strong>postera</strong></span> <span class='ocrx_word' id='word_1_126' title='bbox 1196 1870 1288 1926; x_wconf 90' lang='lat' dir='ltr'><strong>die</strong></span> <span class='ocrx_word' id='word_1_127' title='bbox 1321 1871 1483 1942; x_wconf 72' lang='lat' dir='ltr'><strong>(Jan.</strong></span> <span class='ocrx_word' id='word_1_128' title='bbox 1529 1874 1584 1943; x_wconf 92' lang='lat'><strong>8)</strong></span> <span class='ocrx_word' id='word_1_129' title='bbox 1640 1870 1694 1926; x_wconf 91' lang='lat' dir='ltr'><strong>in</strong></span> <span class='ocrx_word' id='word_1_130' title='bbox 1756 1871 1993 1926; x_wconf 85' lang='lat' dir='ltr'><strong>basilica</strong></span> 
     </span>
    </p>
   </div>
   <div class='ocr_carea' id='block_1_22' title="bbox 337 1957 1994 2029">
    <p class='ocr_par' dir='ltr' id='par_1_22' title="bbox 337 1957 1994 2029">
     <span class='ocr_line' id='line_1_22' title="bbox 337 1957 1994 2029; baseline -0.001 -15"><span class='ocrx_word' id='word_1_131' title='bbox 337 1958 498 2014; x_wconf 81' lang='lat' dir='ltr'><strong>beati</strong></span> <span class='ocrx_word' id='word_1_132' title='bbox 523 1957 747 2027; x_wconf 70' lang='lat' dir='ltr'><strong>Egidii,</strong></span> <span class='ocrx_word' id='word_1_133' title='bbox 775 1973 904 2027; x_wconf 90' lang='lat' dir='ltr'><strong>qua</strong></span> <span class='ocrx_word' id='word_1_134' title='bbox 933 1958 1094 2029; x_wconf 87' lang='lat' dir='ltr'><strong>prius</strong></span> <span class='ocrx_word' id='word_1_135' title='bbox 1135 1960 1206 2013; x_wconf 91' lang='lat' dir='ltr'><strong>ab</strong></span> <span class='ocrx_word' id='word_1_136' title='bbox 1253 1959 1496 2029; x_wconf 89' lang='lat' dir='ltr'><strong>antiquo</strong></span> <span class='ocrx_word' id='word_1_137' title='bbox 1548 1959 1903 2015; x_wconf 84' lang='lat' dir='ltr'><strong>constiterat</strong></span> <span class='ocrx_word' id='word_1_138' title='bbox 1938 1958 1994 2013; x_wconf 94' lang='lat' dir='ltr'><strong>in</strong></span> 
     </span>
    </p>
   </div>
   <div class='ocr_carea' id='block_1_23' title="bbox 336 2043 1998 2117">
    <p class='ocr_par' dir='ltr' id='par_1_23' title="bbox 336 2043 1998 2117">
     <span class='ocr_line' id='line_1_23' title="bbox 336 2043 1998 2117; baseline 0.002 -18"><span class='ocrx_word' id='word_1_139' title='bbox 336 2043 561 2102; x_wconf 84' lang='lat' dir='ltr'><strong>honore</strong></span> <span class='ocrx_word' id='word_1_140' title='bbox 592 2046 744 2101; x_wconf 90' lang='lat' dir='ltr'><strong>beati</strong></span> <span class='ocrx_word' id='word_1_141' title='bbox 778 2046 1031 2117; x_wconf 91' lang='lat' dir='ltr'><strong>Dionysii</strong></span> <span class='ocrx_word' id='word_1_142' title='bbox 1060 2046 1352 2117; x_wconf 87' lang='lat' dir='ltr'><strong>martyris,</strong></span> <span class='ocrx_word' id='word_1_143' title='bbox 1393 2045 1613 2117; x_wconf 89' lang='lat' dir='ltr'><strong>synodo</strong></span> <span class='ocrx_word' id='word_1_144' title='bbox 1643 2052 1848 2102; x_wconf 89' lang='lat' dir='ltr'><strong>exacta</strong></span> <span class='ocrx_word' id='word_1_145' title='bbox 1902 2048 1998 2102; x_wconf 86' lang='lat' dir='ltr'><strong>Ba-</strong></span> 
     </span>
    </p>
   </div>
   <div class='ocr_carea' id='block_1_24' title="bbox 336 2133 1998 2190">
    <p class='ocr_par' dir='ltr' id='par_1_24' title="bbox 336 2133 1998 2190">
     <span class='ocr_line' id='line_1_24' title="bbox 336 2133 1998 2190; baseline 0 0"><span class='ocrx_word' id='word_1_146' title='bbox 336 2133 591 2190; x_wconf 89' lang='lat' dir='ltr'><strong>stoniam</strong></span> <span class='ocrx_word' id='word_1_147' title='bbox 617 2133 874 2189; x_wconf 89' lang='lat' dir='ltr'><strong>divertit.</strong></span> <span class='ocrx_word' id='word_1_148' title='bbox 906 2135 983 2189; x_wconf 81' lang='lat' dir='ltr'><strong>lbi</strong></span> <span class='ocrx_word' id='word_1_149' title='bbox 1018 2139 1052 2190; x_wconf 78' lang='grc' dir='ltr'><strong>ϐ</strong></span> <span class='ocrx_word' id='word_1_150' title='bbox 1083 2136 1215 2189; x_wconf 87' lang='lat' dir='ltr'><strong>ldus</strong></span> <span class='ocrx_word' id='word_1_151' title='bbox 1262 2134 1519 2189; x_wconf 83' lang='lat' dir='ltr'><strong>Januarii</strong></span> <span class='ocrx_word' id='word_1_152' title='bbox 1569 2134 1998 2190; x_wconf 87' lang='lat' dir='ltr'><strong>archidiacona-</strong></span> 
     </span>
    </p>
   </div>
   <div class='ocr_carea' id='block_1_25' title="bbox 335 2222 1996 2291">
    <p class='ocr_par' dir='ltr' id='par_1_25' title="bbox 335 2222 1996 2291">
     <span class='ocr_line' id='line_1_25' title="bbox 335 2222 1996 2291; baseline 0.001 -14"><span class='ocrx_word' id='word_1_153' title='bbox 335 2226 438 2278; x_wconf 90' lang='lat' dir='ltr'><strong>tus</strong></span> <span class='ocrx_word' id='word_1_154' title='bbox 470 2222 560 2278; x_wconf 89' lang='lat' dir='ltr'><strong>sui</strong></span> <span class='ocrx_word' id='word_1_155' title='bbox 602 2222 853 2278; x_wconf 79' lang='lat' dir='ltr'><strong>clericos</strong></span> <span class='ocrx_word' id='word_1_156' title='bbox 903 2224 1155 2279; x_wconf 90' lang='lat' dir='ltr'><strong>concilio</strong></span> <span class='ocrx_word' id='word_1_157' title='bbox 1203 2222 1423 2277; x_wconf 90' lang='lat' dir='ltr'><strong>indicto</strong></span> <span class='ocrx_word' id='word_1_158' title='bbox 1469 2222 1837 2291; x_wconf 78' lang='lat' dir='ltr'><strong>evoravit,et</strong></span> <span class='ocrx_word' id='word_1_159' title='bbox 1885 2223 1996 2279; x_wconf 90' lang='lat' dir='ltr'><strong>hoc</strong></span> 
     </span>
    </p>
   </div>
   <div class='ocr_carea' id='block_1_26' title="bbox 342 2309 1995 2381">
    <p class='ocr_par' dir='ltr' id='par_1_26' title="bbox 342 2309 1995 2381">
     <span class='ocr_line' id='line_1_26' title="bbox 342 2309 1995 2381; baseline 0 -16"><span class='ocrx_word' id='word_1_160' title='bbox 342 2309 590 2365; x_wconf 87' lang='lat' dir='ltr'><strong>maxime</strong></span> <span class='ocrx_word' id='word_1_161' title='bbox 611 2309 682 2366; x_wconf 91' lang='lat' dir='ltr'><strong>ad</strong></span> <span class='ocrx_word' id='word_1_162' title='bbox 707 2310 950 2366; x_wconf 87' lang='lat' dir='ltr'><strong>insidias</strong></span> <span class='ocrx_word' id='word_1_163' title='bbox 982 2316 1038 2367; x_wconf 90' lang='lat' dir='ltr'><strong>et</strong></span> <span class='ocrx_word' id='word_1_164' title='bbox 1081 2310 1520 2381; x_wconf 84' lang='lat' dir='ltr'><strong>Oppressionem</strong></span> <span class='ocrx_word' id='word_1_165' title='bbox 1552 2309 1818 2366; x_wconf 87' lang='lat' dir='ltr'><strong>ecclesia</strong></span> <span class='ocrx_word' id='word_1_166' title='bbox 1842 2310 1995 2367; x_wconf 89' lang='lat' dir='ltr'><strong>beati</strong></span> 
     </span>
    </p>
   </div>
   <div class='ocr_carea' id='block_1_27' title="bbox 342 2396 1995 2469">
    <p class='ocr_par' dir='ltr' id='par_1_27' title="bbox 342 2396 1995 2469">
     <span class='ocr_line' id='line_1_27' title="bbox 342 2396 1995 2469; baseline 0 -16"><span class='ocrx_word' id='word_1_167' title='bbox 342 2396 618 2454; x_wconf 75' lang='lat' dir='ltr'><strong>Huberti.</strong></span> <span class='ocrx_word' id='word_1_168' title='bbox 651 2401 708 2453; x_wconf 93' lang='lat' dir='ltr'><strong>ln</strong></span> <span class='ocrx_word' id='word_1_169' title='bbox 739 2405 937 2455; x_wconf 90' lang='lat' dir='ltr'><strong>castro</strong></span> <span class='ocrx_word' id='word_1_170' title='bbox 969 2404 1161 2455; x_wconf 89' lang='lat' dir='ltr'><strong>autem</strong></span> <span class='ocrx_word' id='word_1_171' title='bbox 1211 2399 1363 2469; x_wconf 92' lang='lat' dir='ltr'><strong>quod</strong></span> <span class='ocrx_word' id='word_1_172' title='bbox 1409 2399 1620 2454; x_wconf 83' lang='lat' dir='ltr'><strong>Ambra</strong></span> <span class='ocrx_word' id='word_1_173' title='bbox 1656 2399 1875 2454; x_wconf 92' lang='lat' dir='ltr'><strong>dictum</strong></span> <span class='ocrx_word' id='word_1_174' title='bbox 1905 2403 1995 2455; x_wconf 89' lang='lat' dir='ltr'><strong>est</strong></span> 
     </span>
    </p>
   </div>
   <div class='ocr_carea' id='block_1_28' title="bbox 343 2485 1999 2557">
    <p class='ocr_par' dir='ltr' id='par_1_28' title="bbox 343 2485 1999 2557">
     <span class='ocr_line' id='line_1_28' title="bbox 343 2485 1999 2557; baseline 0 -15"><span class='ocrx_word' id='word_1_175' title='bbox 343 2486 417 2542; x_wconf 87' lang='lat' dir='ltr'><strong>ab</strong></span> <span class='ocrx_word' id='word_1_176' title='bbox 452 2485 715 2557; x_wconf 89' lang='lat' dir='ltr'><strong>antiquo,</strong></span> <span class='ocrx_word' id='word_1_177' title='bbox 768 2488 1127 2555; x_wconf 74' lang='lat' dir='ltr'><strong>Andaginum</strong></span> <span class='ocrx_word' id='word_1_178' title='bbox 1175 2502 1312 2541; x_wconf 90' lang='lat' dir='ltr'><strong>vero</strong></span> <span class='ocrx_word' id='word_1_179' title='bbox 1337 2486 1753 2542; x_wconf 88' lang='lat' dir='ltr'><strong>monasterium</strong></span> <span class='ocrx_word' id='word_1_180' title='bbox 1787 2501 1999 2556; x_wconf 85' lang='lat' dir='ltr'><strong>cogno-</strong></span> 
     </span>
    </p>
   </div>
   <div class='ocr_carea' id='block_1_29' title="bbox 343 2573 1997 2644">
    <p class='ocr_par' dir='ltr' id='par_1_29' title="bbox 343 2573 1997 2644">
     <span class='ocr_line' id='line_1_29' title="bbox 343 2573 1997 2644; baseline 0.001 -13"><span class='ocrx_word' id='word_1_181' title='bbox 343 2573 628 2631; x_wconf 90' lang='lat' dir='ltr'><strong>minatum</strong></span> <span class='ocrx_word' id='word_1_182' title='bbox 654 2589 683 2629; x_wconf 90' lang='lat' dir='ltr'><strong>a</strong></span> <span class='ocrx_word' id='word_1_183' title='bbox 712 2576 883 2630; x_wconf 90' lang='lat' dir='ltr'><strong>beato</strong></span> <span class='ocrx_word' id='word_1_184' title='bbox 911 2576 1202 2644; x_wconf 76' lang='lat' dir='ltr'><strong>Brregiso,</strong></span> <span class='ocrx_word' id='word_1_185' title='bbox 1232 2580 1415 2630; x_wconf 89' lang='lat' dir='ltr'><strong>mater</strong></span> <span class='ocrx_word' id='word_1_186' title='bbox 1444 2574 1691 2631; x_wconf 85' lang='lat' dir='ltr'><strong>ecclesia</strong></span> <span class='ocrx_word' id='word_1_187' title='bbox 1712 2574 1997 2632; x_wconf 87' lang='lat' dir='ltr'><strong>constite.</strong></span> 
     </span>
    </p>
   </div>
   <div class='ocr_carea' id='block_1_30' title="bbox 349 2662 1996 2734">
    <p class='ocr_par' dir='ltr' id='par_1_30' title="bbox 349 2662 1996 2734">
     <span class='ocr_line' id='line_1_30' title="bbox 349 2662 1996 2734; baseline 0 -16"><span class='ocrx_word' id='word_1_188' title='bbox 349 2670 439 2718; x_wconf 77' lang='lat' dir='ltr'><strong>rat</strong></span> <span class='ocrx_word' id='word_1_189' title='bbox 474 2663 531 2718; x_wconf 89' lang='lat' dir='ltr'><strong>in</strong></span> <span class='ocrx_word' id='word_1_190' title='bbox 562 2664 781 2719; x_wconf 89' lang='lat' dir='ltr'><strong>honore</strong></span> <span class='ocrx_word' id='word_1_191' title='bbox 816 2663 969 2718; x_wconf 84' lang='lat' dir='ltr'><strong>beati</strong></span> <span class='ocrx_word' id='word_1_192' title='bbox 1006 2663 1161 2718; x_wconf 82' lang='lat' dir='ltr'><strong>Petri</strong></span> <span class='ocrx_word' id='word_1_193' title='bbox 1202 2662 1597 2734; x_wconf 90' lang='lat' dir='ltr'><strong>apostolorum</strong></span> <span class='ocrx_word' id='word_1_194' title='bbox 1624 2663 1905 2734; x_wconf 86' lang='lat' dir='ltr'><strong>principis</strong></span> <span class='ocrx_word' id='word_1_195' title='bbox 1924 2664 1996 2719; x_wconf 91' lang='lat' dir='ltr'><strong>ab</strong></span> 
     </span>
    </p>
   </div>
   <div class='ocr_carea' id='block_1_31' title="bbox 347 2750 1995 2821">
    <p class='ocr_par' dir='ltr' id='par_1_31' title="bbox 347 2750 1995 2821">
     <span class='ocr_line' id='line_1_31' title="bbox 347 2750 1995 2821; baseline 0.001 -15"><span class='ocrx_word' id='word_1_196' title='bbox 347 2750 517 2807; x_wconf 87' lang='lat' dir='ltr'><strong>initio</strong></span> <span class='ocrx_word' id='word_1_197' title='bbox 577 2751 654 2806; x_wconf 89' lang='lat' dir='ltr'><strong>ibi</strong></span> <span class='ocrx_word' id='word_1_198' title='bbox 702 2756 926 2807; x_wconf 85' lang='lat' dir='ltr'><strong>exorta</strong></span> <span class='ocrx_word' id='word_1_199' title='bbox 957 2750 1426 2807; x_wconf 88' lang='lat' dir='ltr'><strong>christianitatis.</strong></span> <span class='ocrx_word' id='word_1_200' title='bbox 1464 2752 1522 2805; x_wconf 88' lang='lat' dir='ltr'><strong>In</strong></span> <span class='ocrx_word' id='word_1_201' title='bbox 1569 2750 1696 2820; x_wconf 91' lang='lat' dir='ltr'><strong>hac,</strong></span> <span class='ocrx_word' id='word_1_202' title='bbox 1730 2756 1789 2806; x_wconf 92' lang='lat' dir='ltr'><strong>ut</strong></span> <span class='ocrx_word' id='word_1_203' title='bbox 1826 2750 1995 2821; x_wconf 87' lang='lat' dir='ltr'><strong>longe</strong></span> 
     </span>
    </p>
   </div>
   <div class='ocr_carea' id='block_1_32' title="bbox 348 2838 1991 2911">
    <p class='ocr_par' dir='ltr' id='par_1_32' title="bbox 348 2838 1991 2911">
     <span class='ocr_line' id='line_1_32' title="bbox 348 2838 1991 2911; baseline 0.002 -18"><span class='ocrx_word' id='word_1_204' title='bbox 348 2838 691 2911; x_wconf 69' lang='lat' dir='ltr'><strong>pradictum</strong></span> <span class='ocrx_word' id='word_1_205' title='bbox 721 2845 834 2903; x_wconf 89' lang='lat' dir='ltr'><strong>est,</strong></span> <span class='ocrx_word' id='word_1_206' title='bbox 870 2839 1243 2895; x_wconf 87' lang='lat' dir='ltr'><strong>Gualcaudus</strong></span> <span class='ocrx_word' id='word_1_207' title='bbox 1276 2840 1589 2910; x_wconf 85' lang='lat' dir='ltr'><strong>ep&#39;scopus</strong></span> <span class='ocrx_word' id='word_1_208' title='bbox 1634 2839 1991 2910; x_wconf 86' lang='lat' dir='ltr'><strong>Leodiensis,</strong></span> 
     </span>
    </p>
   </div>
   <div class='ocr_carea' id='block_1_33' title="bbox 343 2926 1994 2997">
    <p class='ocr_par' dir='ltr' id='par_1_33' title="bbox 343 2926 1994 2997">
     <span class='ocr_line' id='line_1_33' title="bbox 343 2926 1994 2997; baseline 0.001 -15"><span class='ocrx_word' id='word_1_209' title='bbox 343 2937 591 2983; x_wconf 75' lang='lat' dir='ltr'><strong>assensu</strong></span> <span class='ocrx_word' id='word_1_210' title='bbox 627 2927 831 2981; x_wconf 81' lang='lat' dir='ltr'><strong>leonis</strong></span> <span class='ocrx_word' id='word_1_211' title='bbox 864 2927 1104 2983; x_wconf 85' lang='lat' dir='ltr'><strong>Romani</strong></span> <span class='ocrx_word' id='word_1_212' title='bbox 1140 2926 1454 2997; x_wconf 72' lang='lat' dir='ltr'><strong>pontificis,</strong></span> <span class='ocrx_word' id='word_1_213' title='bbox 1489 2926 1731 2982; x_wconf 70' lang='lat' dir='ltr'><strong>consili)</strong></span> <span class='ocrx_word' id='word_1_214' title='bbox 1762 2941 1994 2997; x_wconf 91' lang='lat' dir='ltr'><strong>quoque</strong></span> 
     </span>
    </p>
   </div>
   <div class='ocr_carea' id='block_1_34' title="bbox 342 3012 1991 3084">
    <p class='ocr_par' dir='ltr' id='par_1_34' title="bbox 342 3012 1991 3084">
     <span class='ocr_line' id='line_1_34' title="bbox 342 3012 1991 3084; baseline 0.002 -17"><span class='ocrx_word' id='word_1_215' title='bbox 342 3012 677 3069; x_wconf 83' lang='lat' dir='ltr'><strong>Hildeboldi</strong></span> <span class='ocrx_word' id='word_1_216' title='bbox 701 3020 921 3084; x_wconf 88' lang='lat' dir='ltr'><strong>metrop</strong></span> <span class='ocrx_word' id='word_1_217' title='bbox 940 3014 1127 3070; x_wconf 68' lang='lat' dir='ltr'><strong>ilitani</strong></span> <span class='ocrx_word' id='word_1_218' title='bbox 1155 3014 1536 3083; x_wconf 87' lang='lat' dir='ltr'><strong>Coloniensis,</strong></span> <span class='ocrx_word' id='word_1_219' title='bbox 1554 3014 1791 3069; x_wconf 86' lang='lat' dir='ltr'><strong>hortatu</strong></span> <span class='ocrx_word' id='word_1_220' title='bbox 1815 3015 1991 3070; x_wconf 79' lang='lat' dir='ltr'><strong>etiam</strong></span> 
     </span>
    </p>
   </div>
   <div class='ocr_carea' id='block_1_35' title="bbox 2107 534 3755 607">
    <p class='ocr_par' dir='ltr' id='par_1_35' title="bbox 2107 534 3755 607">
     <span class='ocr_line' id='line_1_35' title="bbox 2107 534 3755 607; baseline 0.004 -18"><span class='ocrx_word' id='word_1_221' title='bbox 2107 534 2378 592; x_wconf 81' lang='lat' dir='ltr'><strong>ﬁdelibus</strong></span> <span class='ocrx_word' id='word_1_222' title='bbox 2406 535 2674 592; x_wconf 88' lang='lat' dir='ltr'><strong>ecclesia</strong></span> <span class='ocrx_word' id='word_1_223' title='bbox 2706 537 3105 607; x_wconf 84' lang='lat' dir='ltr'><strong>pramonitus,</strong></span> <span class='ocrx_word' id='word_1_224' title='bbox 3131 537 3354 594; x_wconf 90' lang='lat' dir='ltr'><strong>adierat</strong></span> <span class='ocrx_word' id='word_1_225' title='bbox 3382 536 3533 594; x_wconf 90' lang='lat' dir='ltr'><strong>idem</strong></span> <span class='ocrx_word' id='word_1_226' title='bbox 3565 539 3755 595; x_wconf 80' lang='lat' dir='ltr'><strong>conci-</strong></span> 
     </span>
    </p>
   </div>
   <div class='ocr_carea' id='block_1_36' title="bbox 2106 620 3757 694">
    <p class='ocr_par' dir='ltr' id='par_1_36' title="bbox 2106 620 3757 694">
     <span class='ocr_line' id='line_1_36' title="bbox 2106 620 3757 694; baseline 0.004 -18"><span class='ocrx_word' id='word_1_227' title='bbox 2106 620 2267 693; x_wconf 89' lang='lat' dir='ltr'><strong>lium,</strong></span> <span class='ocrx_word' id='word_1_228' title='bbox 2294 630 2357 679; x_wconf 91' lang='lat' dir='ltr'><strong>ut</strong></span> <span class='ocrx_word' id='word_1_229' title='bbox 2388 628 2713 679; x_wconf 87' lang='lat' dir='ltr'><strong>removeret</strong></span> <span class='ocrx_word' id='word_1_230' title='bbox 2750 624 2797 679; x_wconf 93' lang='lat' dir='ltr'><strong>si</strong></span> <span class='ocrx_word' id='word_1_231' title='bbox 2823 623 2959 694; x_wconf 90' lang='lat' dir='ltr'><strong>quid</strong></span> <span class='ocrx_word' id='word_1_232' title='bbox 2994 624 3276 681; x_wconf 88' lang='lat' dir='ltr'><strong>adversus</strong></span> <span class='ocrx_word' id='word_1_233' title='bbox 3297 639 3422 681; x_wconf 88' lang='lat' dir='ltr'><strong>eam</strong></span> <span class='ocrx_word' id='word_1_234' title='bbox 3447 626 3757 683; x_wconf 81' lang='lat' dir='ltr'><strong>moliretur</strong></span> 
     </span>
    </p>
   </div>
   <div class='ocr_carea' id='block_1_37' title="bbox 2106 710 3758 781">
    <p class='ocr_par' dir='ltr' id='par_1_37' title="bbox 2106 710 3758 781">
     <span class='ocr_line' id='line_1_37' title="bbox 2106 710 3758 781; baseline 0.003 -16"><span class='ocrx_word' id='word_1_235' title='bbox 2106 711 2602 781; x_wconf 89' lang='lat' dir='ltr'><strong>impedimentum.</strong></span> <span class='ocrx_word' id='word_1_236' title='bbox 2624 710 2730 776; x_wconf 88' lang='lat' dir='ltr'><strong>Qui</strong></span> <span class='ocrx_word' id='word_1_237' title='bbox 2754 726 3117 781; x_wconf 87' lang='lat' dir='ltr'><strong>consurgens</strong></span> <span class='ocrx_word' id='word_1_238' title='bbox 3141 711 3321 768; x_wconf 90' lang='lat' dir='ltr'><strong>libera</strong></span> <span class='ocrx_word' id='word_1_239' title='bbox 3338 714 3758 770; x_wconf 85' lang='lat' dir='ltr'><strong>contradictio-</strong></span> 
     </span>
    </p>
   </div>
   <div class='ocr_carea' id='block_1_38' title="bbox 2105 800 3755 871">
    <p class='ocr_par' dir='ltr' id='par_1_38' title="bbox 2105 800 3755 871">
     <span class='ocr_line' id='line_1_38' title="bbox 2105 800 3755 871; baseline 0.001 -15"><span class='ocrx_word' id='word_1_240' title='bbox 2105 814 2177 856; x_wconf 92' lang='lat' dir='ltr'><strong>ne</strong></span> <span class='ocrx_word' id='word_1_241' title='bbox 2197 803 2565 870; x_wconf 85' lang='lat' dir='ltr'><strong>protestatus</strong></span> <span class='ocrx_word' id='word_1_242' title='bbox 2596 805 2683 855; x_wconf 90' lang='lat' dir='ltr'><strong>est</strong></span> <span class='ocrx_word' id='word_1_243' title='bbox 2728 800 3055 870; x_wconf 88' lang='lat' dir='ltr'><strong>hujusmodi</strong></span> <span class='ocrx_word' id='word_1_244' title='bbox 3080 814 3279 856; x_wconf 92' lang='lat' dir='ltr'><strong>eorum</strong></span> <span class='ocrx_word' id='word_1_245' title='bbox 3305 816 3415 856; x_wconf 92' lang='lat' dir='ltr'><strong>non</strong></span> <span class='ocrx_word' id='word_1_246' title='bbox 3439 816 3572 857; x_wconf 91' lang='lat' dir='ltr'><strong>esse</strong></span> <span class='ocrx_word' id='word_1_247' title='bbox 3599 802 3755 871; x_wconf 85' lang='lat' dir='ltr'><strong>judi-</strong></span> 
     </span>
    </p>
   </div>
   <div class='ocr_carea' id='block_1_39' title="bbox 2104 887 3755 958">
    <p class='ocr_par' dir='ltr' id='par_1_39' title="bbox 2104 887 3755 958">
     <span class='ocr_line' id='line_1_39' title="bbox 2104 887 3755 958; baseline 0.001 -15"><span class='ocrx_word' id='word_1_248' title='bbox 2104 887 2276 958; x_wconf 88' lang='lat' dir='ltr'><strong>cium,</strong></span> <span class='ocrx_word' id='word_1_249' title='bbox 2304 902 2407 943; x_wconf 93' lang='lat' dir='ltr'><strong>nec</strong></span> <span class='ocrx_word' id='word_1_250' title='bbox 2451 887 2538 943; x_wconf 89' lang='lat' dir='ltr'><strong>eis</strong></span> <span class='ocrx_word' id='word_1_251' title='bbox 2576 887 2886 944; x_wconf 84' lang='lat' dir='ltr'><strong>convenire</strong></span> <span class='ocrx_word' id='word_1_252' title='bbox 2909 902 3086 958; x_wconf 87' lang='lat' dir='ltr'><strong>super</strong></span> <span class='ocrx_word' id='word_1_253' title='bbox 3112 888 3419 944; x_wconf 85' lang='lat' dir='ltr'><strong>ecclesiam</strong></span> <span class='ocrx_word' id='word_1_254' title='bbox 3445 894 3622 944; x_wconf 88' lang='lat' dir='ltr'><strong>tanta</strong></span> <span class='ocrx_word' id='word_1_255' title='bbox 3655 902 3755 945; x_wconf 89' lang='lat' dir='ltr'><strong>au-</strong></span> 
     </span>
    </p>
   </div>
   <div class='ocr_carea' id='block_1_40' title="bbox 2106 974 3753 1047">
    <p class='ocr_par' dir='ltr' id='par_1_40' title="bbox 2106 974 3753 1047">
     <span class='ocr_line' id='line_1_40' title="bbox 2106 974 3753 1047; baseline 0.001 -16"><span class='ocrx_word' id='word_1_256' title='bbox 2106 974 2404 1031; x_wconf 90' lang='lat' dir='ltr'><strong>ctoritatis</strong></span> <span class='ocrx_word' id='word_1_257' title='bbox 2432 982 2492 1030; x_wconf 89' lang='lat' dir='ltr'><strong>et</strong></span> <span class='ocrx_word' id='word_1_258' title='bbox 2546 975 2839 1031; x_wconf 88' lang='lat' dir='ltr'><strong>libertatis</strong></span> <span class='ocrx_word' id='word_1_259' title='bbox 2869 974 3089 1046; x_wconf 90' lang='lat' dir='ltr'><strong>aliquid</strong></span> <span class='ocrx_word' id='word_1_260' title='bbox 3140 975 3518 1032; x_wconf 89' lang='lat' dir='ltr'><strong>censendum.</strong></span> <span class='ocrx_word' id='word_1_261' title='bbox 3567 977 3753 1047; x_wconf 82' lang='lat' dir='ltr'><strong>Hujus</strong></span> 
     </span>
    </p>
   </div>
   <div class='ocr_carea' id='block_1_41' title="bbox 2107 1063 3747 1136">
    <p class='ocr_par' dir='ltr' id='par_1_41' title="bbox 2107 1063 3747 1136">
     <span class='ocr_line' id='line_1_41' title="bbox 2107 1063 3747 1136; baseline 0.001 -17"><span class='ocrx_word' id='word_1_262' title='bbox 2107 1077 2337 1134; x_wconf 90' lang='lat' dir='ltr'><strong>quoque</strong></span> <span class='ocrx_word' id='word_1_263' title='bbox 2366 1063 2685 1120; x_wconf 91' lang='lat' dir='ltr'><strong>conaminis</strong></span> <span class='ocrx_word' id='word_1_264' title='bbox 2718 1064 3069 1136; x_wconf 88' lang='lat' dir='ltr'><strong>rescriptum</strong></span> <span class='ocrx_word' id='word_1_265' title='bbox 3102 1064 3253 1120; x_wconf 88' lang='lat' dir='ltr'><strong>inter</strong></span> <span class='ocrx_word' id='word_1_266' title='bbox 3286 1070 3484 1135; x_wconf 89' lang='lat' dir='ltr'><strong>patres</strong></span> <span class='ocrx_word' id='word_1_267' title='bbox 3515 1080 3656 1121; x_wconf 91' lang='lat' dir='ltr'><strong>suos</strong></span> <span class='ocrx_word' id='word_1_268' title='bbox 3688 1064 3747 1121; x_wconf 90' lang='lat' dir='ltr'><strong>in</strong></span> 
     </span>
    </p>
   </div>
   <div class='ocr_carea' id='block_1_42' title="bbox 2103 1150 3754 1223">
    <p class='ocr_par' dir='ltr' id='par_1_42' title="bbox 2103 1150 3754 1223">
     <span class='ocr_line' id='line_1_42' title="bbox 2103 1150 3754 1223; baseline 0.002 -17"><span class='ocrx_word' id='word_1_269' title='bbox 2103 1152 2362 1221; x_wconf 78' lang='lat' dir='ltr'><strong>generali</strong></span> <span class='ocrx_word' id='word_1_270' title='bbox 2389 1150 2611 1221; x_wconf 91' lang='lat' dir='ltr'><strong>synodo</strong></span> <span class='ocrx_word' id='word_1_271' title='bbox 2634 1152 2966 1222; x_wconf 85' lang='lat' dir='ltr'><strong>appellabat</strong></span> <span class='ocrx_word' id='word_1_272' title='bbox 2988 1152 3459 1223; x_wconf 89' lang='lat' dir='ltr'><strong>respectandum.</strong></span> <span class='ocrx_word' id='word_1_273' title='bbox 3488 1151 3754 1222; x_wconf 83' lang='lat' dir='ltr'><strong>indigna-</strong></span> 
     </span>
    </p>
   </div>
   <div class='ocr_carea' id='block_1_43' title="bbox 2106 1238 3753 1312">
    <p class='ocr_par' dir='ltr' id='par_1_43' title="bbox 2106 1238 3753 1312">
     <span class='ocr_line' id='line_1_43' title="bbox 2106 1238 3753 1312; baseline 0 -17"><span class='ocrx_word' id='word_1_274' title='bbox 2106 1244 2202 1295; x_wconf 91' lang='lat' dir='ltr'><strong>tus</strong></span> <span class='ocrx_word' id='word_1_275' title='bbox 2224 1240 2412 1295; x_wconf 89' lang='lat' dir='ltr'><strong>Bruno</strong></span> <span class='ocrx_word' id='word_1_276' title='bbox 2433 1238 2519 1296; x_wconf 90' lang='lat' dir='ltr'><strong>sic</strong></span> <span class='ocrx_word' id='word_1_277' title='bbox 2542 1254 2606 1295; x_wconf 86' lang='lat' dir='ltr'><strong>se</strong></span> <span class='ocrx_word' id='word_1_278' title='bbox 2638 1239 2809 1310; x_wconf 85' lang='lat' dir='ltr'><strong>legali</strong></span> <span class='ocrx_word' id='word_1_279' title='bbox 2835 1241 3260 1311; x_wconf 90' lang='lat' dir='ltr'><strong>protestatione</strong></span> <span class='ocrx_word' id='word_1_280' title='bbox 3284 1247 3342 1296; x_wconf 93' lang='lat' dir='ltr'><strong>et</strong></span> <span class='ocrx_word' id='word_1_281' title='bbox 3365 1239 3627 1312; x_wconf 87' lang='lat' dir='ltr'><strong>synodali</strong></span> <span class='ocrx_word' id='word_1_282' title='bbox 3654 1255 3753 1312; x_wconf 86' lang='lat' dir='ltr'><strong>ap-</strong></span> 
     </span>
    </p>
   </div>
   <div class='ocr_carea' id='block_1_44' title="bbox 2106 1326 3750 1399">
    <p class='ocr_par' dir='ltr' id='par_1_44' title="bbox 2106 1326 3750 1399">
     <span class='ocr_line' id='line_1_44' title="bbox 2106 1326 3750 1399; baseline 0.001 -17"><span class='ocrx_word' id='word_1_283' title='bbox 2106 1326 2421 1398; x_wconf 88' lang='lat' dir='ltr'><strong>pellatione</strong></span> <span class='ocrx_word' id='word_1_284' title='bbox 2442 1334 2821 1398; x_wconf 87' lang='lat' dir='ltr'><strong>praventum,</strong></span> <span class='ocrx_word' id='word_1_285' title='bbox 2841 1327 3064 1397; x_wconf 89' lang='lat' dir='ltr'><strong>judicio</strong></span> <span class='ocrx_word' id='word_1_286' title='bbox 3082 1329 3389 1399; x_wconf 88' lang='lat' dir='ltr'><strong>prasentis</strong></span> <span class='ocrx_word' id='word_1_287' title='bbox 3413 1328 3490 1383; x_wconf 89' lang='lat' dir='ltr'><strong>ibi</strong></span> <span class='ocrx_word' id='word_1_288' title='bbox 3513 1327 3750 1384; x_wconf 88' lang='lat' dir='ltr'><strong>concilii</strong></span> 
     </span>
    </p>
   </div>
   <div class='ocr_carea' id='block_1_45' title="bbox 2104 1410 3749 1487">
    <p class='ocr_par' dir='ltr' id='par_1_45' title="bbox 2104 1410 3749 1487">
     <span class='ocr_line' id='line_1_45' title="bbox 2104 1410 3749 1487; baseline 0.001 -18"><span class='ocrx_word' id='word_1_289' title='bbox 2104 1410 2285 1471; x_wconf 87' lang='lat' dir='ltr'><strong>vellet</strong></span> <span class='ocrx_word' id='word_1_290' title='bbox 2302 1414 2481 1471; x_wconf 91' lang='lat' dir='ltr'><strong>nollet</strong></span> <span class='ocrx_word' id='word_1_291' title='bbox 2495 1416 2788 1471; x_wconf 89' lang='lat' dir='ltr'><strong>concessit</strong></span> <span class='ocrx_word' id='word_1_292' title='bbox 2809 1416 3037 1471; x_wconf 88' lang='lat' dir='ltr'><strong>Wiredo</strong></span> <span class='ocrx_word' id='word_1_293' title='bbox 3057 1422 3410 1487; x_wconf 70' lang='lat' dir='ltr'><strong>respectum.</strong></span> <span class='ocrx_word' id='word_1_294' title='bbox 3427 1417 3549 1471; x_wconf 85' lang='lat' dir='ltr'><strong>Non</strong></span> <span class='ocrx_word' id='word_1_295' title='bbox 3564 1414 3749 1471; x_wconf 90' lang='lat' dir='ltr'><strong>multo</strong></span> 
     </span>
    </p>
   </div>
   <div class='ocr_carea' id='block_1_46' title="bbox 2106 1503 3755 1574">
    <p class='ocr_par' dir='ltr' id='par_1_46' title="bbox 2106 1503 3755 1574">
     <span class='ocr_line' id='line_1_46' title="bbox 2106 1503 3755 1574; baseline 0.001 -17"><span class='ocrx_word' id='word_1_296' title='bbox 2106 1507 2235 1574; x_wconf 89' lang='lat' dir='ltr'><strong>post</strong></span> <span class='ocrx_word' id='word_1_297' title='bbox 2259 1503 2513 1559; x_wconf 89' lang='lat' dir='ltr'><strong>Obertus</strong></span> <span class='ocrx_word' id='word_1_298' title='bbox 2540 1503 2889 1574; x_wconf 87' lang='lat' dir='ltr'><strong>legationem</strong></span> <span class='ocrx_word' id='word_1_299' title='bbox 2920 1519 3083 1560; x_wconf 89' lang='lat' dir='ltr'><strong>suam</strong></span> <span class='ocrx_word' id='word_1_300' title='bbox 3115 1506 3182 1559; x_wconf 87' lang='lat' dir='ltr'><strong>ad</strong></span> <span class='ocrx_word' id='word_1_301' title='bbox 3209 1505 3527 1559; x_wconf 83' lang='lat' dir='ltr'><strong>Manassem</strong></span> <span class='ocrx_word' id='word_1_302' title='bbox 3553 1505 3755 1559; x_wconf 86' lang='lat' dir='ltr'><strong>Remo-</strong></span> 
     </span>
    </p>
   </div>
   <div class='ocr_carea' id='block_1_47' title="bbox 2106 1590 3754 1663">
    <p class='ocr_par' dir='ltr' id='par_1_47' title="bbox 2106 1590 3754 1663">
     <span class='ocr_line' id='line_1_47' title="bbox 2106 1590 3754 1663; baseline 0.001 -18"><span class='ocrx_word' id='word_1_303' title='bbox 2106 1605 2233 1646; x_wconf 92' lang='lat' dir='ltr'><strong>rum</strong></span> <span class='ocrx_word' id='word_1_304' title='bbox 2256 1590 2760 1663; x_wconf 86' lang='lat' dir='ltr'><strong>archiepiscopum</strong></span> <span class='ocrx_word' id='word_1_305' title='bbox 2783 1592 3018 1661; x_wconf 82' lang='lat' dir='ltr'><strong>direxit,</strong></span> <span class='ocrx_word' id='word_1_306' title='bbox 3043 1597 3103 1647; x_wconf 92' lang='lat' dir='ltr'><strong>et</strong></span> <span class='ocrx_word' id='word_1_307' title='bbox 3132 1597 3194 1648; x_wconf 93' lang='lat' dir='ltr'><strong>ut</strong></span> <span class='ocrx_word' id='word_1_308' title='bbox 3222 1608 3324 1663; x_wconf 93' lang='lat' dir='ltr'><strong>pro</strong></span> <span class='ocrx_word' id='word_1_309' title='bbox 3344 1591 3697 1662; x_wconf 90' lang='lat' dir='ltr'><strong>requirendo</strong></span> <span class='ocrx_word' id='word_1_310' title='bbox 3721 1605 3754 1647; x_wconf 85' lang='lat' dir='ltr'><strong>a</strong></span> 
     </span>
    </p>
   </div>
   <div class='ocr_carea' id='block_1_48' title="bbox 2105 1678 3756 1751">
    <p class='ocr_par' dir='ltr' id='par_1_48' title="bbox 2105 1678 3756 1751">
     <span class='ocr_line' id='line_1_48' title="bbox 2105 1678 3756 1751; baseline 0.004 -16"><span class='ocrx_word' id='word_1_311' title='bbox 2105 1692 2168 1735; x_wconf 85' lang='lat' dir='ltr'><strong>se</strong></span> <span class='ocrx_word' id='word_1_312' title='bbox 2193 1678 2476 1736; x_wconf 83' lang='lat' dir='ltr'><strong>beneflcio</strong></span> <span class='ocrx_word' id='word_1_313' title='bbox 2493 1679 2823 1735; x_wconf 90' lang='lat' dir='ltr'><strong>Buloniensi</strong></span> <span class='ocrx_word' id='word_1_314' title='bbox 2845 1680 2918 1736; x_wconf 91' lang='lat' dir='ltr'><strong>ad</strong></span> <span class='ocrx_word' id='word_1_315' title='bbox 2940 1680 3390 1751; x_wconf 87' lang='lat' dir='ltr'><strong>colloquendum</strong></span> <span class='ocrx_word' id='word_1_316' title='bbox 3414 1681 3522 1736; x_wconf 90' lang='lat' dir='ltr'><strong>sibi</strong></span> <span class='ocrx_word' id='word_1_317' title='bbox 3545 1697 3756 1741; x_wconf 88' lang='lat' dir='ltr'><strong>conve-</strong></span> 
     </span>
    </p>
   </div>
   <div class='ocr_carea' id='block_1_49' title="bbox 2107 1766 3754 1840">
    <p class='ocr_par' dir='ltr' id='par_1_49' title="bbox 2107 1766 3754 1840">
     <span class='ocr_line' id='line_1_49' title="bbox 2107 1766 3754 1840; baseline 0.004 -19"><span class='ocrx_word' id='word_1_318' title='bbox 2107 1766 2281 1837; x_wconf 88' lang='lat' dir='ltr'><strong>niret,</strong></span> <span class='ocrx_word' id='word_1_319' title='bbox 2310 1767 2582 1839; x_wconf 89' lang='lat' dir='ltr'><strong>precibus</strong></span> <span class='ocrx_word' id='word_1_320' title='bbox 2606 1769 2881 1838; x_wconf 92' lang='lat' dir='ltr'><strong>optinuit.</strong></span> <span class='ocrx_word' id='word_1_321' title='bbox 2906 1770 3056 1838; x_wconf 87' lang='lat' dir='ltr'><strong>Ergo</strong></span> <span class='ocrx_word' id='word_1_322' title='bbox 3078 1770 3150 1824; x_wconf 91' lang='lat' dir='ltr'><strong>ab</strong></span> <span class='ocrx_word' id='word_1_323' title='bbox 3176 1769 3443 1839; x_wconf 90' lang='lat' dir='ltr'><strong>utrisque</strong></span> <span class='ocrx_word' id='word_1_324' title='bbox 3465 1772 3617 1840; x_wconf 90' lang='lat' dir='ltr'><strong>apud</strong></span> <span class='ocrx_word' id='word_1_325' title='bbox 3645 1773 3754 1828; x_wconf 89' lang='lat' dir='ltr'><strong>Du-</strong></span> 
     </span>
    </p>
   </div>
   <div class='ocr_carea' id='block_1_50' title="bbox 2104 1856 3755 1927">
    <p class='ocr_par' dir='ltr' id='par_1_50' title="bbox 2104 1856 3755 1927">
     <span class='ocr_line' id='line_1_50' title="bbox 2104 1856 3755 1927; baseline 0.003 -16"><span class='ocrx_word' id='word_1_326' title='bbox 2104 1856 2329 1913; x_wconf 89' lang='lat' dir='ltr'><strong>ciacum</strong></span> <span class='ocrx_word' id='word_1_327' title='bbox 2353 1857 2502 1927; x_wconf 74' lang='grc'>(204)</span> <span class='ocrx_word' id='word_1_328' title='bbox 2532 1856 2799 1912; x_wconf 90' lang='lat' dir='ltr'><strong>condicta</strong></span> <span class='ocrx_word' id='word_1_329' title='bbox 2831 1857 2922 1912; x_wconf 92' lang='lat' dir='ltr'><strong>die</strong></span> <span class='ocrx_word' id='word_1_330' title='bbox 2955 1857 3129 1927; x_wconf 86' lang='lat' dir='ltr'><strong>hujus</strong></span> <span class='ocrx_word' id='word_1_331' title='bbox 3165 1856 3465 1926; x_wconf 88' lang='lat' dir='ltr'><strong>colloquii,</strong></span> <span class='ocrx_word' id='word_1_332' title='bbox 3502 1858 3755 1916; x_wconf 84' lang='lat' dir='ltr'><strong>Obertus</strong></span> 
     </span>
    </p>
   </div>
   <div class='ocr_carea' id='block_1_51' title="bbox 2106 1943 3752 2016">
    <p class='ocr_par' dir='ltr' id='par_1_51' title="bbox 2106 1943 3752 2016">
     <span class='ocr_line' id='line_1_51' title="bbox 2106 1943 3752 2016; baseline 0.003 -17"><span class='ocrx_word' id='word_1_333' title='bbox 2106 1943 2383 2000; x_wconf 80' lang='lat' dir='ltr'><strong>affectans</strong></span> <span class='ocrx_word' id='word_1_334' title='bbox 2409 1944 2597 2000; x_wconf 91' lang='lat' dir='ltr'><strong>videri</strong></span> <span class='ocrx_word' id='word_1_335' title='bbox 2621 1947 2752 2014; x_wconf 91' lang='lat' dir='ltr'><strong>quis</strong></span> <span class='ocrx_word' id='word_1_336' title='bbox 2783 1949 2942 2001; x_wconf 89' lang='lat' dir='ltr'><strong>esset</strong></span> <span class='ocrx_word' id='word_1_337' title='bbox 2973 1943 3063 1999; x_wconf 88' lang='lat' dir='ltr'><strong>vel</strong></span> <span class='ocrx_word' id='word_1_338' title='bbox 3088 1944 3224 2014; x_wconf 92' lang='lat' dir='ltr'><strong>quid</strong></span> <span class='ocrx_word' id='word_1_339' title='bbox 3250 1950 3471 2016; x_wconf 90' lang='lat' dir='ltr'><strong>posset,</strong></span> <span class='ocrx_word' id='word_1_340' title='bbox 3509 1948 3752 2005; x_wconf 86' lang='lat' dir='ltr'><strong>abbates</strong></span> 
     </span>
    </p>
   </div>
   <div class='ocr_carea' id='block_1_52' title="bbox 2104 2031 3755 2103">
    <p class='ocr_par' dir='ltr' id='par_1_52' title="bbox 2104 2031 3755 2103">
     <span class='ocr_line' id='line_1_52' title="bbox 2104 2031 3755 2103; baseline 0.002 -16"><span class='ocrx_word' id='word_1_341' title='bbox 2104 2036 2162 2087; x_wconf 90' lang='lat' dir='ltr'><strong>et</strong></span> <span class='ocrx_word' id='word_1_342' title='bbox 2178 2031 2621 2088; x_wconf 88' lang='lat' dir='ltr'><strong>archidiaconos</strong></span> <span class='ocrx_word' id='word_1_343' title='bbox 2637 2047 2775 2089; x_wconf 89' lang='lat' dir='ltr'><strong>suos</strong></span> <span class='ocrx_word' id='word_1_344' title='bbox 2790 2037 2850 2088; x_wconf 91' lang='lat' dir='ltr'><strong>et</strong></span> <span class='ocrx_word' id='word_1_345' title='bbox 2864 2047 3124 2103; x_wconf 86' lang='lat' dir='ltr'><strong>quosque</strong></span> <span class='ocrx_word' id='word_1_346' title='bbox 3144 2032 3508 2102; x_wconf 76' lang='lat' dir='ltr'><strong>potentiores</strong></span> <span class='ocrx_word' id='word_1_347' title='bbox 3521 2035 3755 2103; x_wconf 88' lang='lat' dir='ltr'><strong>episco-</strong></span> 
     </span>
    </p>
   </div>
   <div class='ocr_carea' id='block_1_53' title="bbox 2104 2118 3744 2190">
    <p class='ocr_par' dir='ltr' id='par_1_53' title="bbox 2104 2118 3744 2190">
     <span class='ocr_line' id='line_1_53' title="bbox 2104 2118 3744 2190; baseline 0.004 -19"><span class='ocrx_word' id='word_1_348' title='bbox 2104 2118 2184 2190; x_wconf 88' lang='lat' dir='ltr'><strong>pii</strong></span> <span class='ocrx_word' id='word_1_349' title='bbox 2203 2132 2273 2173; x_wconf 87' lang='lat' dir='ltr'><strong>ex</strong></span> <span class='ocrx_word' id='word_1_350' title='bbox 2294 2118 2487 2174; x_wconf 80' lang='lat' dir='ltr'><strong>edicto</strong></span> <span class='ocrx_word' id='word_1_351' title='bbox 2511 2119 2849 2190; x_wconf 80' lang='lat' dir='ltr'><strong>assumpsit,</strong></span> <span class='ocrx_word' id='word_1_352' title='bbox 2874 2124 2934 2174; x_wconf 93' lang='lat' dir='ltr'><strong>et</strong></span> <span class='ocrx_word' id='word_1_353' title='bbox 2954 2118 3393 2189; x_wconf 73' lang='lat' dir='ltr'><strong>archiepiscopo</strong></span> <span class='ocrx_word' id='word_1_354' title='bbox 3420 2120 3594 2175; x_wconf 87' lang='lat' dir='ltr'><strong>nichil</strong></span> <span class='ocrx_word' id='word_1_355' title='bbox 3629 2121 3744 2178; x_wconf 87' lang='lat' dir='ltr'><strong>tale</strong></span> 
     </span>
    </p>
   </div>
   <div class='ocr_carea' id='block_1_54' title="bbox 2106 2207 3753 2280">
    <p class='ocr_par' dir='ltr' id='par_1_54' title="bbox 2106 2207 3753 2280">
     <span class='ocr_line' id='line_1_54' title="bbox 2106 2207 3753 2280; baseline 0.001 -15"><span class='ocrx_word' id='word_1_356' title='bbox 2106 2207 2335 2265; x_wconf 87' lang='lat' dir='ltr'><strong>curanti</strong></span> <span class='ocrx_word' id='word_1_357' title='bbox 2358 2208 2500 2264; x_wconf 88' lang='lat' dir='ltr'><strong>satis</strong></span> <span class='ocrx_word' id='word_1_358' title='bbox 2522 2223 2833 2280; x_wconf 89' lang='lat' dir='ltr'><strong>pomposus</strong></span> <span class='ocrx_word' id='word_1_359' title='bbox 2875 2208 3154 2264; x_wconf 89' lang='lat' dir='ltr'><strong>occurrit.</strong></span> <span class='ocrx_word' id='word_1_360' title='bbox 3182 2209 3243 2262; x_wconf 86' lang='lat' dir='ltr'><strong>In</strong></span> <span class='ocrx_word' id='word_1_361' title='bbox 3269 2208 3407 2263; x_wconf 84' lang='lat' dir='ltr'><strong>feria</strong></span> <span class='ocrx_word' id='word_1_362' title='bbox 3434 2215 3624 2265; x_wconf 72' lang='lat' dir='ltr'><strong>auten</strong></span> <span class='ocrx_word' id='word_1_363' title='bbox 3661 2224 3753 2266; x_wconf 86' lang='lat' dir='ltr'><strong>se-</strong></span> 
     </span>
    </p>
   </div>
   <div class='ocr_carea' id='block_1_55' title="bbox 2104 2296 3745 2374">
    <p class='ocr_par' dir='ltr' id='par_1_55' title="bbox 2104 2296 3745 2374">
     <span class='ocr_line' id='line_1_55' title="bbox 2104 2296 3745 2374; baseline 0.001 -22"><span class='ocrx_word' id='word_1_364' title='bbox 2104 2296 2293 2353; x_wconf 86' lang='lat' dir='ltr'><strong>cunda</strong></span> <span class='ocrx_word' id='word_1_365' title='bbox 2315 2297 2677 2366; x_wconf 86' lang='lat' dir='ltr'><strong>regationum</strong></span> <span class='ocrx_word' id='word_1_366' title='bbox 2696 2296 3187 2366; x_wconf 71' lang='lat' dir='ltr'><strong>(Mai.24)exacto</strong></span> <span class='ocrx_word' id='word_1_367' title='bbox 3210 2296 3412 2351; x_wconf 76' lang='lat' dir='ltr'><strong>eadem</strong></span> <span class='ocrx_word' id='word_1_368' title='bbox 3427 2296 3745 2374; x_wconf 77' lang='lat' dir='ltr'><strong>colloquio,</strong></span> 
     </span>
    </p>
   </div>
   <div class='ocr_carea' id='block_1_56' title="bbox 2106 2384 3751 2454">
    <p class='ocr_par' dir='ltr' id='par_1_56' title="bbox 2106 2384 3751 2454">
     <span class='ocr_line' id='line_1_56' title="bbox 2106 2384 3751 2454; baseline 0.001 -16"><span class='ocrx_word' id='word_1_369' title='bbox 2106 2388 2322 2453; x_wconf 90' lang='lat' dir='ltr'><strong>prator</strong></span> <span class='ocrx_word' id='word_1_370' title='bbox 2338 2384 2605 2439; x_wconf 72' lang='lat' dir='ltr'><strong>effectum</strong></span> <span class='ocrx_word' id='word_1_371' title='bbox 2640 2384 2937 2441; x_wconf 89' lang='lat' dir='ltr'><strong>frustrata</strong></span> <span class='ocrx_word' id='word_1_372' title='bbox 2960 2384 3320 2454; x_wconf 84' lang='lat' dir='ltr'><strong>quastionis.</strong></span> <span class='ocrx_word' id='word_1_373' title='bbox 3350 2385 3751 2454; x_wconf 88' lang='lat' dir='ltr'><strong>unusquisque</strong></span> 
     </span>
    </p>
   </div>
   <div class='ocr_carea' id='block_1_57' title="bbox 2106 2470 3754 2543">
    <p class='ocr_par' dir='ltr' id='par_1_57' title="bbox 2106 2470 3754 2543">
     <span class='ocr_line' id='line_1_57' title="bbox 2106 2470 3754 2543; baseline -0.001 -16"><span class='ocrx_word' id='word_1_374' title='bbox 2106 2470 2179 2527; x_wconf 88' lang='lat' dir='ltr'><strong>ad</strong></span> <span class='ocrx_word' id='word_1_375' title='bbox 2202 2472 2587 2528; x_wconf 87' lang='lat' dir='ltr'><strong>diversorium</strong></span> <span class='ocrx_word' id='word_1_376' title='bbox 2617 2473 2767 2543; x_wconf 92' lang='lat' dir='ltr'><strong>quod</strong></span> <span class='ocrx_word' id='word_1_377' title='bbox 2795 2472 2904 2527; x_wconf 90' lang='lat' dir='ltr'><strong>sibi</strong></span> <span class='ocrx_word' id='word_1_378' title='bbox 2928 2473 3202 2542; x_wconf 86' lang='lat' dir='ltr'><strong>sperabat</strong></span> <span class='ocrx_word' id='word_1_379' title='bbox 3229 2472 3568 2527; x_wconf 83' lang='lat' dir='ltr'><strong>familiarius</strong></span> <span class='ocrx_word' id='word_1_380' title='bbox 3596 2472 3754 2528; x_wconf 85' lang='lat' dir='ltr'><strong>festi-</strong></span> 
     </span>
    </p>
   </div>
   <div class='ocr_carea' id='block_1_58' title="bbox 2106 2560 3735 2630">
    <p class='ocr_par' dir='ltr' id='par_1_58' title="bbox 2106 2560 3735 2630">
     <span class='ocr_line' id='line_1_58' title="bbox 2106 2560 3735 2630; baseline 0 -13"><span class='ocrx_word' id='word_1_381' title='bbox 2106 2562 2301 2617; x_wconf 89' lang='lat' dir='ltr'><strong>nabat.</strong></span> <span class='ocrx_word' id='word_1_382' title='bbox 2336 2562 2589 2630; x_wconf 83' lang='lat' dir='ltr'><strong>Cogebat</strong></span> <span class='ocrx_word' id='word_1_383' title='bbox 2639 2562 2791 2616; x_wconf 90' lang='lat' dir='ltr'><strong>enim</strong></span> <span class='ocrx_word' id='word_1_384' title='bbox 2822 2576 2923 2617; x_wconf 92' lang='lat' dir='ltr'><strong>eos</strong></span> <span class='ocrx_word' id='word_1_385' title='bbox 2955 2561 3128 2616; x_wconf 91' lang='lat' dir='ltr'><strong>solito</strong></span> <span class='ocrx_word' id='word_1_386' title='bbox 3182 2560 3502 2616; x_wconf 83' lang='lat' dir='ltr'><strong>ferventior</strong></span> <span class='ocrx_word' id='word_1_387' title='bbox 3528 2568 3735 2617; x_wconf 87' lang='lat' dir='ltr'><strong>astas.</strong></span> 
     </span>
    </p>
   </div>
   <div class='ocr_carea' id='block_1_59' title="bbox 2104 2648 3753 2706">
    <p class='ocr_par' dir='ltr' id='par_1_59' title="bbox 2104 2648 3753 2706">
     <span class='ocr_line' id='line_1_59' title="bbox 2104 2648 3753 2706; baseline -0.001 -1"><span class='ocrx_word' id='word_1_388' title='bbox 2104 2648 2376 2705; x_wconf 89' lang='lat' dir='ltr'><strong>Wiredus</strong></span> <span class='ocrx_word' id='word_1_389' title='bbox 2403 2664 2599 2705; x_wconf 89' lang='lat' dir='ltr'><strong>secum</strong></span> <span class='ocrx_word' id='word_1_390' title='bbox 2633 2649 2866 2706; x_wconf 86' lang='lat' dir='ltr'><strong>reduxit</strong></span> <span class='ocrx_word' id='word_1_391' title='bbox 2893 2649 3239 2704; x_wconf 80' lang='lat' dir='ltr'><strong>Leodienses</strong></span> <span class='ocrx_word' id='word_1_392' title='bbox 3266 2650 3510 2704; x_wconf 71' lang='lat' dir='ltr'><strong>abbatrs</strong></span> <span class='ocrx_word' id='word_1_393' title='bbox 3545 2651 3753 2704; x_wconf 85' lang='lat' dir='ltr'><strong>Beren-</strong></span> 
     </span>
    </p>
   </div>
   <div class='ocr_carea' id='block_1_60' title="bbox 2103 2736 3757 2808">
    <p class='ocr_par' dir='ltr' id='par_1_60' title="bbox 2103 2736 3757 2808">
     <span class='ocr_line' id='line_1_60' title="bbox 2103 2736 3757 2808; baseline 0.001 -18"><span class='ocrx_word' id='word_1_394' title='bbox 2103 2749 2307 2806; x_wconf 77' lang='lat' dir='ltr'><strong>gerum</strong></span> <span class='ocrx_word' id='word_1_395' title='bbox 2346 2744 2406 2793; x_wconf 90' lang='lat' dir='ltr'><strong>et</strong></span> <span class='ocrx_word' id='word_1_396' title='bbox 2442 2737 2818 2808; x_wconf 83' lang='lat' dir='ltr'><strong>Stephanum.</strong></span> <span class='ocrx_word' id='word_1_397' title='bbox 2852 2736 3085 2806; x_wconf 88' lang='lat' dir='ltr'><strong>jamque</strong></span> <span class='ocrx_word' id='word_1_398' title='bbox 3132 2736 3241 2791; x_wconf 89' lang='lat' dir='ltr'><strong>sibi</strong></span> <span class='ocrx_word' id='word_1_399' title='bbox 3282 2736 3571 2791; x_wconf 86' lang='lat' dir='ltr'><strong>mitiorem</strong></span> <span class='ocrx_word' id='word_1_400' title='bbox 3614 2738 3757 2791; x_wconf 81' lang='lat' dir='ltr'><strong>Bru-</strong></span> 
     </span>
    </p>
   </div>
   <div class='ocr_carea' id='block_1_61' title="bbox 2103 2822 3747 2893">
    <p class='ocr_par' dir='ltr' id='par_1_61' title="bbox 2103 2822 3747 2893">
     <span class='ocr_line' id='line_1_61' title="bbox 2103 2822 3747 2893; baseline 0.001 -16"><span class='ocrx_word' id='word_1_401' title='bbox 2103 2836 2310 2879; x_wconf 87' lang='lat' dir='ltr'><strong>nonem</strong></span> <span class='ocrx_word' id='word_1_402' title='bbox 2335 2825 2825 2880; x_wconf 90' lang='lat' dir='ltr'><strong>archidiaconum.</strong></span> <span class='ocrx_word' id='word_1_403' title='bbox 2856 2823 3180 2893; x_wconf 80' lang='lat' dir='ltr'><strong>Aliquando</strong></span> <span class='ocrx_word' id='word_1_404' title='bbox 3217 2824 3367 2878; x_wconf 90' lang='lat' dir='ltr'><strong>enim</strong></span> <span class='ocrx_word' id='word_1_405' title='bbox 3411 2822 3747 2879; x_wconf 88' lang='lat' dir='ltr'><strong>moderatur</strong></span> 
     </span>
    </p>
   </div>
   <div class='ocr_carea' id='block_1_62' title="bbox 2104 2911 3748 2983">
    <p class='ocr_par' dir='ltr' id='par_1_62' title="bbox 2104 2911 3748 2983">
     <span class='ocr_line' id='line_1_62' title="bbox 2104 2911 3748 2983; baseline 0.001 -19"><span class='ocrx_word' id='word_1_406' title='bbox 2104 2915 2388 2982; x_wconf 89' lang='lat' dir='ltr'><strong>tempore,</strong></span> <span class='ocrx_word' id='word_1_407' title='bbox 2415 2912 2571 2982; x_wconf 90' lang='lat' dir='ltr'><strong>quod</strong></span> <span class='ocrx_word' id='word_1_408' title='bbox 2602 2912 2673 2969; x_wconf 91' lang='lat' dir='ltr'><strong>ad</strong></span> <span class='ocrx_word' id='word_1_409' title='bbox 2708 2918 2935 2983; x_wconf 89' lang='lat' dir='ltr'><strong>tempus</strong></span> <span class='ocrx_word' id='word_1_410' title='bbox 2968 2926 3077 2967; x_wconf 92' lang='lat' dir='ltr'><strong>non</strong></span> <span class='ocrx_word' id='word_1_411' title='bbox 3112 2916 3311 2982; x_wconf 90' lang='lat' dir='ltr'><strong>potest</strong></span> <span class='ocrx_word' id='word_1_412' title='bbox 3337 2911 3626 2966; x_wconf 89' lang='lat' dir='ltr'><strong>moderari</strong></span> <span class='ocrx_word' id='word_1_413' title='bbox 3658 2924 3748 2965; x_wconf 88' lang='lat' dir='ltr'><strong>ra-</strong></span> 
     </span>
    </p>
   </div>
   <div class='ocr_carea' id='block_1_63' title="bbox 2103 2997 3736 3065">
    <p class='ocr_par' dir='ltr' id='par_1_63' title="bbox 2103 2997 3736 3065">
     <span class='ocr_line' id='line_1_63' title="bbox 2103 2997 3736 3065; baseline 0.001 -13"><span class='ocrx_word' id='word_1_414' title='bbox 2103 2997 2280 3055; x_wconf 91' lang='lat' dir='ltr'><strong>tione.</strong></span> <span class='ocrx_word' id='word_1_415' title='bbox 2316 2999 2441 3065; x_wconf 92' lang='lat' dir='ltr'><strong>Quo</strong></span> <span class='ocrx_word' id='word_1_416' title='bbox 2470 3000 2604 3056; x_wconf 76' lang='lat' dir='ltr'><strong>durn</strong></span> <span class='ocrx_word' id='word_1_417' title='bbox 2651 2999 2971 3056; x_wconf 78' lang='lat' dir='ltr'><strong>abundanti</strong></span> <span class='ocrx_word' id='word_1_418' title='bbox 3008 2999 3357 3054; x_wconf 87' lang='lat' dir='ltr'><strong>liberalitate</strong></span> <span class='ocrx_word' id='word_1_419' title='bbox 3389 2997 3736 3053; x_wconf 80' lang='lat' dir='ltr'><strong>dominich</strong></span> 
     </span>
    </p>
   </div>
   <div class='ocr_carea' id='block_1_64' title="bbox 345 3084 3742 3195">
    <p class='ocr_par' dir='ltr' id='par_1_64' title="bbox 345 3084 3742 3195">
     <span class='ocr_line' id='line_1_64' title="bbox 345 3084 3742 3195; baseline 0 -40"><span class='ocrx_word' id='word_1_420' title='bbox 345 3101 619 3157; x_wconf 82' lang='lat' dir='ltr'><strong>Ludovici</strong></span> <span class='ocrx_word' id='word_1_421' title='bbox 674 3102 930 3195; x_wconf 67' lang='lat' dir='ltr'><strong>piissimi</strong></span> <span class='ocrx_word' id='word_1_422' title='bbox 983 3101 1361 3195; x_wconf 80' lang='lat' dir='ltr'><strong>imperatoris</strong></span> <span class='ocrx_word' id='word_1_423' title='bbox 1398 3102 1500 3157; x_wconf 82' lang='lat' dir='ltr'><strong>lilii</strong></span> <span class='ocrx_word' id='word_1_424' title='bbox 1552 3084 3742 3195; x_wconf 25' lang='lat' dir='ltr'><strong>magiiKaroli,Cffigtffilllielllig‘ffi?5l‘{¢f1fitifil?§€ifftﬁfifillfinfigi?</strong></span> 
     </span>
    </p>
   </div>
   <div class='ocr_carea' id='block_1_65' title="bbox 343 3190 1988 3261">
    <p class='ocr_par' dir='ltr' id='par_1_65' title="bbox 343 3190 1988 3261">
     <span class='ocr_line' id='line_1_65' title="bbox 343 3190 1988 3261; baseline 0.002 -16"><span class='ocrx_word' id='word_1_425' title='bbox 343 3191 737 3245; x_wconf 87' lang='lat' dir='ltr'><strong>constituerat</strong></span> <span class='ocrx_word' id='word_1_426' title='bbox 805 3190 1065 3246; x_wconf 90' lang='lat' dir='ltr'><strong>ordinem</strong></span> <span class='ocrx_word' id='word_1_427' title='bbox 1117 3190 1451 3246; x_wconf 86' lang='lat' dir='ltr'><strong>monastica</strong></span> <span class='ocrx_word' id='word_1_428' title='bbox 1505 3190 1823 3259; x_wconf 84' lang='lat' dir='ltr'><strong>religionis,</strong></span> <span class='ocrx_word' id='word_1_429' title='bbox 1860 3206 1988 3261; x_wconf 85' lang='lat' dir='ltr'><strong>qua</strong></span> 
     </span>
    </p>
   </div>
   <div class='ocr_carea' id='block_1_66' title="bbox 341 3278 1987 3349">
    <p class='ocr_par' dir='ltr' id='par_1_66' title="bbox 341 3278 1987 3349">
     <span class='ocr_line' id='line_1_66' title="bbox 341 3278 1987 3349; baseline 0.001 -16"><span class='ocrx_word' id='word_1_430' title='bbox 341 3278 662 3333; x_wconf 86' lang='lat' dir='ltr'><strong>secundum</strong></span> <span class='ocrx_word' id='word_1_431' title='bbox 718 3279 1057 3333; x_wconf 84' lang='lat' dir='ltr'><strong>canonicam</strong></span> <span class='ocrx_word' id='word_1_432' title='bbox 1123 3279 1536 3334; x_wconf 89' lang='lat' dir='ltr'><strong>auctoritatem</strong></span> <span class='ocrx_word' id='word_1_433' title='bbox 1588 3284 1987 3349; x_wconf 84' lang='lat' dir='ltr'><strong>permanserat</strong></span> 
     </span>
    </p>
   </div>
   <div class='ocr_carea' id='block_1_67' title="bbox 341 3366 1986 3440">
    <p class='ocr_par' dir='ltr' id='par_1_67' title="bbox 341 3366 1986 3440">
     <span class='ocr_line' id='line_1_67' title="bbox 341 3366 1986 3440; baseline 0 -19"><span class='ocrx_word' id='word_1_434' title='bbox 341 3370 561 3421; x_wconf 83' lang='lat' dir='ltr'><strong>extunc</strong></span> <span class='ocrx_word' id='word_1_435' title='bbox 585 3381 687 3436; x_wconf 87' lang='lat' dir='ltr'><strong>per</strong></span> <span class='ocrx_word' id='word_1_436' title='bbox 713 3381 896 3422; x_wconf 88' lang='lat' dir='ltr'><strong>annos</strong></span> <span class='ocrx_word' id='word_1_437' title='bbox 919 3370 1022 3420; x_wconf 80' lang='grc'><strong>325</strong></span> <span class='ocrx_word' id='word_1_438' title='bbox 1058 3366 1372 3436; x_wconf 89' lang='lat' dir='ltr'><strong>positionis</strong></span> <span class='ocrx_word' id='word_1_439' title='bbox 1398 3369 1805 3423; x_wconf 85' lang='lat' dir='ltr'><strong>monachorum</strong></span> <span class='ocrx_word' id='word_1_440' title='bbox 1839 3371 1986 3440; x_wconf 88' lang='grc'>(203)</span> 
     </span>
    </p>
   </div>
   <div class='ocr_carea' id='block_1_68' title="bbox 342 3451 1987 3526">
    <p class='ocr_par' dir='ltr' id='par_1_68' title="bbox 342 3451 1987 3526">
     <span class='ocr_line' id='line_1_68' title="bbox 342 3451 1987 3526; baseline 0.003 -20"><span class='ocrx_word' id='word_1_441' title='bbox 342 3451 533 3508; x_wconf 87' lang='lat' dir='ltr'><strong>libera</strong></span> <span class='ocrx_word' id='word_1_442' title='bbox 579 3453 758 3509; x_wconf 87' lang='lat' dir='ltr'><strong>totius</strong></span> <span class='ocrx_word' id='word_1_443' title='bbox 800 3453 1239 3524; x_wconf 87' lang='lat' dir='ltr'><strong>inquietudiuis.</strong></span> <span class='ocrx_word' id='word_1_444' title='bbox 1290 3457 1419 3511; x_wconf 86' lang='lat' dir='ltr'><strong>Hac</strong></span> <span class='ocrx_word' id='word_1_445' title='bbox 1461 3460 1527 3511; x_wconf 88' lang='lat' dir='ltr'><strong>ut</strong></span> <span class='ocrx_word' id='word_1_446' title='bbox 1567 3459 1654 3511; x_wconf 90' lang='lat' dir='ltr'><strong>est</strong></span> <span class='ocrx_word' id='word_1_447' title='bbox 1690 3456 1987 3526; x_wconf 89' lang='lat' dir='ltr'><strong>proprium</strong></span> 
     </span>
    </p>
   </div>
   <div class='ocr_carea' id='block_1_69' title="bbox 342 3540 1985 3615">
    <p class='ocr_par' dir='ltr' id='par_1_69' title="bbox 342 3540 1985 3615">
     <span class='ocr_line' id='line_1_69' title="bbox 342 3540 1985 3615; baseline 0.001 -18"><span class='ocrx_word' id='word_1_448' title='bbox 342 3541 549 3597; x_wconf 90' lang='lat' dir='ltr'><strong>matris</strong></span> <span class='ocrx_word' id='word_1_449' title='bbox 584 3540 854 3597; x_wconf 91' lang='lat' dir='ltr'><strong>ecclesia</strong></span> <span class='ocrx_word' id='word_1_450' title='bbox 895 3541 1212 3611; x_wconf 63' lang='lat' dir='ltr'><strong>legitimum</strong></span> <span class='ocrx_word' id='word_1_451' title='bbox 1259 3557 1395 3612; x_wconf 77' lang='lat' dir='ltr'><strong>poss</strong></span> <span class='ocrx_word' id='word_1_452' title='bbox 1423 3543 1518 3598; x_wconf 92' lang='lat' dir='ltr'><strong>det</strong></span> <span class='ocrx_word' id='word_1_453' title='bbox 1554 3543 1985 3615; x_wconf 82' lang='lat' dir='ltr'><strong>baptisterium,</strong></span> 
     </span>
    </p>
   </div>
   <div class='ocr_carea' id='block_1_70' title="bbox 338 3629 1985 3702">
    <p class='ocr_par' dir='ltr' id='par_1_70' title="bbox 338 3629 1985 3702">
     <span class='ocr_line' id='line_1_70' title="bbox 338 3629 1985 3702; baseline 0 -16"><span class='ocrx_word' id='word_1_454' title='bbox 338 3629 561 3686; x_wconf 86' lang='lat' dir='ltr'><strong>habens</strong></span> <span class='ocrx_word' id='word_1_455' title='bbox 581 3629 738 3685; x_wconf 88' lang='lat' dir='ltr'><strong>dotis</strong></span> <span class='ocrx_word' id='word_1_456' title='bbox 770 3630 1000 3686; x_wconf 89' lang='lat' dir='ltr'><strong>nomine</strong></span> <span class='ocrx_word' id='word_1_457' title='bbox 1034 3631 1454 3701; x_wconf 83' lang='lat' dir='ltr'><strong>subjectionem</strong></span> <span class='ocrx_word' id='word_1_458' title='bbox 1488 3634 1555 3688; x_wconf 75' lang='grc'><strong>14</strong></span> <span class='ocrx_word' id='word_1_459' title='bbox 1582 3633 1985 3702; x_wconf 88' lang='lat' dir='ltr'><strong>ecclesiarum,</strong></span> 
     </span>
    </p>
   </div>
   <div class='ocr_carea' id='block_1_71' title="bbox 340 3717 1983 3791">
    <p class='ocr_par' dir='ltr' id='par_1_71' title="bbox 340 3717 1983 3791">
     <span class='ocr_line' id='line_1_71' title="bbox 340 3717 1983 3791; baseline 0 -17"><span class='ocrx_word' id='word_1_460' title='bbox 340 3732 587 3788; x_wconf 86' lang='lat' dir='ltr'><strong>quarum</strong></span> <span class='ocrx_word' id='word_1_461' title='bbox 648 3717 892 3774; x_wconf 81' lang='lat' dir='ltr'><strong>libertas</strong></span> <span class='ocrx_word' id='word_1_462' title='bbox 944 3717 1176 3790; x_wconf 88' lang='lat' dir='ltr'><strong>publico</strong></span> <span class='ocrx_word' id='word_1_463' title='bbox 1245 3719 1605 3775; x_wconf 84' lang='lat' dir='ltr'><strong>auctorizata</strong></span> <span class='ocrx_word' id='word_1_464' title='bbox 1657 3720 1983 3791; x_wconf 83' lang='lat' dir='ltr'><strong>privilegio,</strong></span> 
     </span>
    </p>
   </div>
   <div class='ocr_carea' id='block_1_72' title="bbox 338 3803 1985 3878">
    <p class='ocr_par' dir='ltr' id='par_1_72' title="bbox 338 3803 1985 3878">
     <span class='ocr_line' id='line_1_72' title="bbox 338 3803 1985 3878; baseline 0 -15"><span class='ocrx_word' id='word_1_465' title='bbox 338 3803 562 3863; x_wconf 89' lang='lat' dir='ltr'><strong>nullum</strong></span> <span class='ocrx_word' id='word_1_466' title='bbox 596 3806 917 3878; x_wconf 81' lang='lat' dir='ltr'><strong>episcOpali</strong></span> <span class='ocrx_word' id='word_1_467' title='bbox 960 3806 1050 3861; x_wconf 91' lang='lat' dir='ltr'><strong>vel</strong></span> <span class='ocrx_word' id='word_1_468' title='bbox 1090 3806 1539 3862; x_wconf 68' lang='lat' dir='ltr'><strong>archidiaconali</strong></span> <span class='ocrx_word' id='word_1_469' title='bbox 1569 3808 1857 3864; x_wconf 86' lang='lat' dir='ltr'><strong>exactioni</strong></span> <span class='ocrx_word' id='word_1_470' title='bbox 1889 3809 1985 3863; x_wconf 82' lang='lat' dir='ltr'><strong>de-</strong></span> 
     </span>
    </p>
   </div>
   <div class='ocr_carea' id='block_1_73' title="bbox 339 3890 1986 3967">
    <p class='ocr_par' dir='ltr' id='par_1_73' title="bbox 339 3890 1986 3967">
     <span class='ocr_line' id='line_1_73' title="bbox 339 3890 1986 3967; baseline 0.002 -19"><span class='ocrx_word' id='word_1_471' title='bbox 339 3890 437 3948; x_wconf 90' lang='lat' dir='ltr'><strong>bet</strong></span> <span class='ocrx_word' id='word_1_472' title='bbox 467 3901 824 3965; x_wconf 89' lang='lat' dir='ltr'><strong>respectum.</strong></span> <span class='ocrx_word' id='word_1_473' title='bbox 860 3894 1007 3961; x_wconf 89' lang='lat' dir='ltr'><strong>Quia</strong></span> <span class='ocrx_word' id='word_1_474' title='bbox 1046 3909 1184 3950; x_wconf 87' lang='lat' dir='ltr'><strong>vero</strong></span> <span class='ocrx_word' id='word_1_475' title='bbox 1205 3895 1317 3951; x_wconf 90' lang='lat' dir='ltr'><strong>hiis</strong></span> <span class='ocrx_word' id='word_1_476' title='bbox 1356 3896 1571 3952; x_wconf 70' lang='lat' dir='ltr'><strong>nostris</strong></span> <span class='ocrx_word' id='word_1_477' title='bbox 1618 3896 1986 3967; x_wconf 83' lang='lat' dir='ltr'><strong>temporibus</strong></span> 
     </span>
    </p>
   </div>
   <div class='ocr_carea' id='block_1_74' title="bbox 337 3978 1985 4055">
    <p class='ocr_par' dir='ltr' id='par_1_74' title="bbox 337 3978 1985 4055">
     <span class='ocr_line' id='line_1_74' title="bbox 337 3978 1985 4055; baseline 0.005 -21"><span class='ocrx_word' id='word_1_478' title='bbox 337 3978 662 4035; x_wconf 89' lang='lat' dir='ltr'><strong>dissidente</strong></span> <span class='ocrx_word' id='word_1_479' title='bbox 685 3981 1016 4037; x_wconf 87' lang='lat' dir='ltr'><strong>sacerdotio</strong></span> <span class='ocrx_word' id='word_1_480' title='bbox 1044 3986 1101 4037; x_wconf 90' lang='lat' dir='ltr'><strong>et</strong></span> <span class='ocrx_word' id='word_1_481' title='bbox 1130 3996 1325 4051; x_wconf 83' lang='lat' dir='ltr'><strong>regno,</strong></span> <span class='ocrx_word' id='word_1_482' title='bbox 1350 3981 1746 4039; x_wconf 67' lang='lat' dir='ltr'><strong>ecclesiastica</strong></span> <span class='ocrx_word' id='word_1_483' title='bbox 1770 3985 1985 4055; x_wconf 89' lang='lat' dir='ltr'><strong>passim</strong></span> 
     </span>
    </p>
   </div>
   <div class='ocr_carea' id='block_1_75' title="bbox 338 4063 1987 4144">
    <p class='ocr_par' dir='ltr' id='par_1_75' title="bbox 338 4063 1987 4144">
     <span class='ocr_line' id='line_1_75' title="bbox 338 4063 1987 4144; baseline 0.004 -22"><span class='ocrx_word' id='word_1_484' title='bbox 338 4063 657 4137; x_wconf 81' lang='lat' dir='ltr'><strong>languebat</strong></span> <span class='ocrx_word' id='word_1_485' title='bbox 691 4068 1037 4134; x_wconf 80' lang='lat' dir='ltr'><strong>auctoritas,</strong></span> <span class='ocrx_word' id='word_1_486' title='bbox 1064 4069 1117 4122; x_wconf 93' lang='lat' dir='ltr'><strong>in</strong></span> <span class='ocrx_word' id='word_1_487' title='bbox 1149 4071 1371 4137; x_wconf 78' lang='lat' dir='ltr'><strong>agenda</strong></span> <span class='ocrx_word' id='word_1_488' title='bbox 1406 4070 1577 4140; x_wconf 84' lang='lat' dir='ltr'><strong>legali</strong></span> <span class='ocrx_word' id='word_1_489' title='bbox 1604 4071 1837 4140; x_wconf 90' lang='lat' dir='ltr'><strong>justitia</strong></span> <span class='ocrx_word' id='word_1_490' title='bbox 1881 4087 1987 4144; x_wconf 93' lang='lat' dir='ltr'><strong>pro</strong></span> 
     </span>
    </p>
   </div>
   <div class='ocr_carea' id='block_1_76' title="bbox 335 4154 1987 4226">
    <p class='ocr_par' dir='ltr' id='par_1_76' title="bbox 335 4154 1987 4226">
     <span class='ocr_line' id='line_1_76' title="bbox 335 4154 1987 4226; baseline 0.002 -13"><span class='ocrx_word' id='word_1_491' title='bbox 335 4154 621 4226; x_wconf 87' lang='lat' dir='ltr'><strong>cujusque</strong></span> <span class='ocrx_word' id='word_1_492' title='bbox 652 4169 899 4225; x_wconf 89' lang='lat' dir='ltr'><strong>persona</strong></span> <span class='ocrx_word' id='word_1_493' title='bbox 922 4155 1051 4210; x_wconf 87' lang='lat' dir='ltr'><strong>loco</strong></span> <span class='ocrx_word' id='word_1_494' title='bbox 1083 4155 1326 4212; x_wconf 88' lang='lat' dir='ltr'><strong>rationis</strong></span> <span class='ocrx_word' id='word_1_495' title='bbox 1345 4158 1757 4215; x_wconf 87' lang='lat' dir='ltr'><strong>dominabatur</strong></span> <span class='ocrx_word' id='word_1_496' title='bbox 1786 4161 1987 4217; x_wconf 91' lang='lat' dir='ltr'><strong>volun-</strong></span> 
     </span>
    </p>
   </div>
   <div class='ocr_carea' id='block_1_77' title="bbox 338 4242 1985 4318">
    <p class='ocr_par' dir='ltr' id='par_1_77' title="bbox 338 4242 1985 4318">
     <span class='ocr_line' id='line_1_77' title="bbox 338 4242 1985 4318; baseline 0.004 -19"><span class='ocrx_word' id='word_1_497' title='bbox 338 4246 452 4299; x_wconf 88' lang='lat' dir='ltr'><strong>tas.</strong></span> <span class='ocrx_word' id='word_1_498' title='bbox 495 4242 653 4299; x_wconf 87' lang='lat' dir='ltr'><strong>Unde</strong></span> <span class='ocrx_word' id='word_1_499' title='bbox 685 4248 745 4299; x_wconf 91' lang='lat' dir='ltr'><strong>et</strong></span> <span class='ocrx_word' id='word_1_500' title='bbox 786 4246 980 4299; x_wconf 88' lang='lat' dir='ltr'><strong>Bruno</strong></span> <span class='ocrx_word' id='word_1_501' title='bbox 1004 4248 1447 4315; x_wconf 88' lang='lat' dir='ltr'><strong>reputansapud</strong></span> <span class='ocrx_word' id='word_1_502' title='bbox 1468 4260 1532 4301; x_wconf 92' lang='lat' dir='ltr'><strong>se</strong></span> <span class='ocrx_word' id='word_1_503' title='bbox 1557 4254 1781 4302; x_wconf 89' lang='lat' dir='ltr'><strong>mutare</strong></span> <span class='ocrx_word' id='word_1_504' title='bbox 1814 4264 1985 4318; x_wconf 90' lang='lat' dir='ltr'><strong>posse</strong></span> 
     </span>
    </p>
   </div>
   <div class='ocr_carea' id='block_1_78' title="bbox 333 4327 1984 4406">
    <p class='ocr_par' dir='ltr' id='par_1_78' title="bbox 333 4327 1984 4406">
     <span class='ocr_line' id='line_1_78' title="bbox 333 4327 1984 4406; baseline 0.006 -22"><span class='ocrx_word' id='word_1_505' title='bbox 333 4327 494 4400; x_wconf 81' lang='lat' dir='ltr'><strong>leges</strong></span> <span class='ocrx_word' id='word_1_506' title='bbox 519 4336 881 4403; x_wconf 84' lang='lat' dir='ltr'><strong>ettempora,</strong></span> <span class='ocrx_word' id='word_1_507' title='bbox 902 4332 954 4386; x_wconf 93' lang='lat' dir='ltr'><strong>in</strong></span> <span class='ocrx_word' id='word_1_508' title='bbox 984 4331 1262 4404; x_wconf 81' lang='lat' dir='ltr'><strong>pradicto</strong></span> <span class='ocrx_word' id='word_1_509' title='bbox 1293 4334 1795 4391; x_wconf 89' lang='lat' dir='ltr'><strong>suorumconcilio</strong></span> <span class='ocrx_word' id='word_1_510' title='bbox 1819 4337 1984 4406; x_wconf 90' lang='lat' dir='ltr'><strong>quasi</strong></span> 
     </span>
    </p>
   </div>
   <div class='ocr_carea' id='block_1_79' title="bbox 334 4419 1987 4491">
    <p class='ocr_par' dir='ltr' id='par_1_79' title="bbox 334 4419 1987 4491">
     <span class='ocr_line' id='line_1_79' title="bbox 334 4419 1987 4491; baseline 0.004 -17"><span class='ocrx_word' id='word_1_511' title='bbox 334 4419 777 4489; x_wconf 70' lang='lat' dir='ltr'><strong>pracordialem</strong></span> <span class='ocrx_word' id='word_1_512' title='bbox 827 4420 936 4476; x_wconf 90' lang='lat' dir='ltr'><strong>sibi</strong></span> <span class='ocrx_word' id='word_1_513' title='bbox 980 4420 1176 4476; x_wconf 89' lang='lat' dir='ltr'><strong>intulit</strong></span> <span class='ocrx_word' id='word_1_514' title='bbox 1218 4420 1657 4491; x_wconf 88' lang='lat' dir='ltr'><strong>querimoniam,</strong></span> <span class='ocrx_word' id='word_1_515' title='bbox 1708 4424 1987 4481; x_wconf 87' lang='lat' dir='ltr'><strong>videlicet</strong></span> 
     </span>
    </p>
   </div>
   <div class='ocr_carea' id='block_1_80' title="bbox 335 4484 2070 4580">
    <p class='ocr_par' dir='ltr' id='par_1_80' title="bbox 335 4484 2070 4580">
     <span class='ocr_line' id='line_1_80' title="bbox 335 4484 2070 4580; baseline 0.005 -22"><span class='ocrx_word' id='word_1_516' title='bbox 335 4502 798 4573; x_wconf 77' lang='lat' dir='ltr'><strong>Andaginensem</strong></span> <span class='ocrx_word' id='word_1_517' title='bbox 829 4507 1137 4564; x_wconf 90' lang='lat' dir='ltr'><strong>ecclesiam</strong></span> <span class='ocrx_word' id='word_1_518' title='bbox 1168 4506 1338 4562; x_wconf 92' lang='lat' dir='ltr'><strong>nimis</strong></span> <span class='ocrx_word' id='word_1_519' title='bbox 1369 4507 1483 4563; x_wconf 93' lang='lat' dir='ltr'><strong>sibi</strong></span> <span class='ocrx_word' id='word_1_520' title='bbox 1515 4484 1808 4564; x_wconf 81' lang='lat' dir='ltr'><strong>invenisse</strong></span> <span class='ocrx_word' id='word_1_521' title='bbox 1841 4509 1987 4580; x_wconf 84' lang='lat' dir='ltr'><strong>inju-</strong></span> <span class='ocrx_word' id='word_1_522' title='bbox 2017 4484 2070 4545; x_wconf 72' lang='grc' dir='ltr'>Π</span> 
     </span>
    </p>
   </div>
   <div class='ocr_carea' id='block_1_81' title="bbox 331 4589 1987 4667">
    <p class='ocr_par' dir='ltr' id='par_1_81' title="bbox 331 4589 1987 4667">
     <span class='ocr_line' id='line_1_81' title="bbox 331 4589 1987 4667; baseline 0.003 -19"><span class='ocrx_word' id='word_1_523' title='bbox 331 4589 567 4661; x_wconf 82' lang='lat' dir='ltr'><strong>riosam,</strong></span> <span class='ocrx_word' id='word_1_524' title='bbox 610 4606 674 4649; x_wconf 92' lang='lat' dir='ltr'><strong>se</strong></span> <span class='ocrx_word' id='word_1_525' title='bbox 694 4608 927 4664; x_wconf 80' lang='lat' dir='ltr'><strong>passum</strong></span> <span class='ocrx_word' id='word_1_526' title='bbox 954 4595 1007 4651; x_wconf 95' lang='lat' dir='ltr'><strong>in</strong></span> <span class='ocrx_word' id='word_1_527' title='bbox 1033 4610 1098 4651; x_wconf 90' lang='lat' dir='ltr'><strong>ea</strong></span> <span class='ocrx_word' id='word_1_528' title='bbox 1128 4594 1542 4667; x_wconf 88' lang='lat' dir='ltr'><strong>despicabilem</strong></span> <span class='ocrx_word' id='word_1_529' title='bbox 1564 4596 1879 4667; x_wconf 88' lang='lat' dir='ltr'><strong>repulsam,</strong></span> <span class='ocrx_word' id='word_1_530' title='bbox 1904 4597 1987 4653; x_wconf 89' lang='lat' dir='ltr'><strong>in-</strong></span> 
     </span>
    </p>
   </div>
   <div class='ocr_carea' id='block_1_82' title="bbox 330 4677 1987 4757">
    <p class='ocr_par' dir='ltr' id='par_1_82' title="bbox 330 4677 1987 4757">
     <span class='ocr_line' id='line_1_82' title="bbox 330 4677 1987 4757; baseline 0.006 -22"><span class='ocrx_word' id='word_1_531' title='bbox 330 4677 522 4750; x_wconf 86' lang='lat' dir='ltr'><strong>deque</strong></span> <span class='ocrx_word' id='word_1_532' title='bbox 546 4680 695 4737; x_wconf 87' lang='lat' dir='ltr'><strong>velle</strong></span> <span class='ocrx_word' id='word_1_533' title='bbox 721 4696 1087 4754; x_wconf 89' lang='lat' dir='ltr'><strong>quacumque</strong></span> <span class='ocrx_word' id='word_1_534' title='bbox 1109 4684 1417 4740; x_wconf 89' lang='lat' dir='ltr'><strong>occasione</strong></span> <span class='ocrx_word' id='word_1_535' title='bbox 1437 4689 1777 4756; x_wconf 88' lang='lat' dir='ltr'><strong>conceptam</strong></span> <span class='ocrx_word' id='word_1_536' title='bbox 1792 4685 1987 4757; x_wconf 83' lang='lat' dir='ltr'><strong>exple-</strong></span> 
     </span>
    </p>
   </div>
   <div class='ocr_carea' id='block_1_83' title="bbox 330 4767 1988 4845">
    <p class='ocr_par' dir='ltr' id='par_1_83' title="bbox 330 4767 1988 4845">
     <span class='ocr_line' id='line_1_83' title="bbox 330 4767 1988 4845; baseline 0.004 -21"><span class='ocrx_word' id='word_1_537' title='bbox 330 4779 398 4825; x_wconf 80' lang='lat' dir='ltr'><strong>re</strong></span> <span class='ocrx_word' id='word_1_538' title='bbox 419 4767 908 4837; x_wconf 88' lang='lat' dir='ltr'><strong>vindictam.Quia</strong></span> <span class='ocrx_word' id='word_1_539' title='bbox 931 4772 1103 4843; x_wconf 91' lang='lat' dir='ltr'><strong>enim,</strong></span> <span class='ocrx_word' id='word_1_540' title='bbox 1122 4777 1326 4845; x_wconf 89' lang='lat' dir='ltr'><strong>utpote</strong></span> <span class='ocrx_word' id='word_1_541' title='bbox 1350 4774 1519 4828; x_wconf 89' lang='lat' dir='ltr'><strong>matri</strong></span> <span class='ocrx_word' id='word_1_542' title='bbox 1539 4773 1827 4845; x_wconf 81' lang='lat' dir='ltr'><strong>ecclesia,</strong></span> <span class='ocrx_word' id='word_1_543' title='bbox 1844 4774 1988 4831; x_wconf 88' lang='lat' dir='ltr'><strong>scie-</strong></span> 
     </span>
    </p>
   </div>
   <div class='ocr_carea' id='block_1_84' title="bbox 331 4853 1987 4938">
    <p class='ocr_par' dir='ltr' id='par_1_84' title="bbox 331 4853 1987 4938">
     <span class='ocr_line' id='line_1_84' title="bbox 331 4853 1987 4938; baseline 0.005 -25"><span class='ocrx_word' id='word_1_544' title='bbox 331 4853 433 4913; x_wconf 91' lang='lat' dir='ltr'><strong>bat</strong></span> <span class='ocrx_word' id='word_1_545' title='bbox 454 4870 520 4915; x_wconf 90' lang='lat' dir='ltr'><strong>se</strong></span> <span class='ocrx_word' id='word_1_546' title='bbox 546 4854 868 4938; x_wconf 76' lang='lat' dir='ltr'><strong>legitimum</strong></span> <span class='ocrx_word' id='word_1_547' title='bbox 897 4861 1309 4933; x_wconf 84' lang='lat' dir='ltr'><strong>baptisterium</strong></span> <span class='ocrx_word' id='word_1_548' title='bbox 1327 4861 1485 4918; x_wconf 91' lang='lat' dir='ltr'><strong>nullo</strong></span> <span class='ocrx_word' id='word_1_549' title='bbox 1501 4862 1670 4918; x_wconf 92' lang='lat' dir='ltr'><strong>modo</strong></span> <span class='ocrx_word' id='word_1_550' title='bbox 1696 4877 1870 4934; x_wconf 90' lang='lat' dir='ltr'><strong>posse</strong></span> <span class='ocrx_word' id='word_1_551' title='bbox 1891 4863 1987 4921; x_wconf 84' lang='lat' dir='ltr'><strong>de-</strong></span> 
     </span>
    </p>
   </div>
   <div class='ocr_carea' id='block_1_85' title="bbox 329 4951 1987 5029">
    <p class='ocr_par' dir='ltr' id='par_1_85' title="bbox 329 4951 1987 5029">
     <span class='ocr_line' id='line_1_85' title="bbox 329 4951 1987 5029; baseline 0.007 -22"><span class='ocrx_word' id='word_1_552' title='bbox 329 4951 589 5024; x_wconf 88' lang='lat' dir='ltr'><strong>trahere,</strong></span> <span class='ocrx_word' id='word_1_553' title='bbox 615 4956 938 5012; x_wconf 89' lang='lat' dir='ltr'><strong>conabatur</strong></span> <span class='ocrx_word' id='word_1_554' title='bbox 978 4958 1245 5029; x_wconf 89' lang='lat' dir='ltr'><strong>equidem</strong></span> <span class='ocrx_word' id='word_1_555' title='bbox 1277 4958 1466 5015; x_wconf 89' lang='lat' dir='ltr'><strong>oleum</strong></span> <span class='ocrx_word' id='word_1_556' title='bbox 1499 4964 1558 5015; x_wconf 92' lang='lat' dir='ltr'><strong>et</strong></span> <span class='ocrx_word' id='word_1_557' title='bbox 1578 4958 1829 5016; x_wconf 89' lang='lat' dir='ltr'><strong>chrisma</strong></span> <span class='ocrx_word' id='word_1_558' title='bbox 1864 4975 1987 5020; x_wconf 86' lang='lat' dir='ltr'><strong>sua</strong></span> 
     </span>
    </p>
   </div>
   <div class='ocr_carea' id='block_1_86' title="bbox 332 5037 1985 5118">
    <p class='ocr_par' dir='ltr' id='par_1_86' title="bbox 332 5037 1985 5118">
     <span class='ocr_line' id='line_1_86' title="bbox 332 5037 1985 5118; baseline 0.004 -20"><span class='ocrx_word' id='word_1_559' title='bbox 332 5037 795 5114; x_wconf 80' lang='lat' dir='ltr'><strong>dispensationis</strong></span> <span class='ocrx_word' id='word_1_560' title='bbox 837 5045 1072 5101; x_wconf 81' lang='lat' dir='ltr'><strong>omnino</strong></span> <span class='ocrx_word' id='word_1_561' title='bbox 1099 5046 1153 5102; x_wconf 92' lang='lat' dir='ltr'><strong>ei</strong></span> <span class='ocrx_word' id='word_1_562' title='bbox 1203 5048 1553 5118; x_wconf 82' lang='lat' dir='ltr'><strong>subducere,</strong></span> <span class='ocrx_word' id='word_1_563' title='bbox 1612 5047 1897 5105; x_wconf 88' lang='lat' dir='ltr'><strong>ecclesias</strong></span> <span class='ocrx_word' id='word_1_564' title='bbox 1926 5053 1985 5108; x_wconf 91' lang='lat' dir='ltr'><strong>et</strong></span> 
     </span>
    </p>
   </div>
   <div class='ocr_carea' id='block_1_87' title="bbox 331 5127 1986 5209">
    <p class='ocr_par' dir='ltr' id='par_1_87' title="bbox 331 5127 1986 5209">
     <span class='ocr_line' id='line_1_87' title="bbox 331 5127 1986 5209; baseline 0.007 -24"><span class='ocrx_word' id='word_1_565' title='bbox 331 5127 462 5201; x_wconf 79' lang='lat' dir='ltr'><strong>ejus</strong></span> <span class='ocrx_word' id='word_1_566' title='bbox 477 5130 865 5201; x_wconf 88' lang='lat' dir='ltr'><strong>subjectionis</strong></span> <span class='ocrx_word' id='word_1_567' title='bbox 878 5139 935 5189; x_wconf 90' lang='lat' dir='ltr'><strong>et</strong></span> <span class='ocrx_word' id='word_1_568' title='bbox 957 5134 1313 5192; x_wconf 90' lang='lat' dir='ltr'><strong>defensionis</strong></span> <span class='ocrx_word' id='word_1_569' title='bbox 1327 5136 1517 5193; x_wconf 88' lang='lat' dir='ltr'><strong>hanno</strong></span> <span class='ocrx_word' id='word_1_570' title='bbox 1529 5136 1986 5209; x_wconf 88' lang='lat' dir='ltr'><strong>superimposito</strong></span> 
     </span>
    </p>
   </div>
   <div class='ocr_carea' id='block_1_88' title="bbox 330 5215 1987 5298">
    <p class='ocr_par' dir='ltr' id='par_1_88' title="bbox 330 5215 1987 5298">
     <span class='ocr_line' id='line_1_88' title="bbox 330 5215 1987 5298; baseline 0.005 -23"><span class='ocrx_word' id='word_1_571' title='bbox 330 5215 617 5277; x_wconf 79' lang='lat' dir='ltr'><strong>hactenus</strong></span> <span class='ocrx_word' id='word_1_572' title='bbox 654 5221 875 5278; x_wconf 88' lang='lat' dir='ltr'><strong>liberas</strong></span> <span class='ocrx_word' id='word_1_573' title='bbox 906 5221 1199 5280; x_wconf 90' lang='lat' dir='ltr'><strong>violenter</strong></span> <span class='ocrx_word' id='word_1_574' title='bbox 1221 5224 1558 5297; x_wconf 84' lang='lat' dir='ltr'><strong>infringere,</strong></span> <span class='ocrx_word' id='word_1_575' title='bbox 1584 5227 1835 5298; x_wconf 89' lang='lat' dir='ltr'><strong>ethujus</strong></span> <span class='ocrx_word' id='word_1_576' title='bbox 1865 5241 1987 5284; x_wconf 82' lang='lat' dir='ltr'><strong>sua</strong></span> 
     </span>
    </p>
   </div>
   <div class='ocr_carea' id='block_1_89' title="bbox 330 5305 1987 5390">
    <p class='ocr_par' dir='ltr' id='par_1_89' title="bbox 330 5305 1987 5390">
     <span class='ocr_line' id='line_1_89' title="bbox 330 5305 1987 5390; baseline 0.006 -27"><span class='ocrx_word' id='word_1_577' title='bbox 330 5305 656 5367; x_wconf 84' lang='lat' dir='ltr'><strong>voluntatis</strong></span> <span class='ocrx_word' id='word_1_578' title='bbox 680 5316 953 5369; x_wconf 89' lang='lat' dir='ltr'><strong>conatum</strong></span> <span class='ocrx_word' id='word_1_579' title='bbox 981 5326 1182 5369; x_wconf 91' lang='lat' dir='ltr'><strong>eorum</strong></span> <span class='ocrx_word' id='word_1_580' title='bbox 1200 5312 1423 5385; x_wconf 87' lang='lat' dir='ltr'><strong>judicio</strong></span> <span class='ocrx_word' id='word_1_581' title='bbox 1456 5314 1544 5371; x_wconf 89' lang='lat' dir='ltr'><strong>ira</strong></span> <span class='ocrx_word' id='word_1_582' title='bbox 1561 5314 1818 5373; x_wconf 88' lang='lat' dir='ltr'><strong>dictante</strong></span> <span class='ocrx_word' id='word_1_583' title='bbox 1842 5330 1987 5390; x_wconf 87' lang='lat' dir='ltr'><strong>pra-</strong></span> 
     </span>
    </p>
   </div>
   <div class='ocr_carea' id='block_1_90' title="bbox 2099 3171 3740 3244">
    <p class='ocr_par' dir='ltr' id='par_1_90' title="bbox 2099 3171 3740 3244">
     <span class='ocr_line' id='line_1_90' title="bbox 2099 3171 3740 3244; baseline -0.001 -15"><span class='ocrx_word' id='word_1_584' title='bbox 2099 3174 2430 3244; x_wconf 90' lang='lat' dir='ltr'><strong>abbatibus,</strong></span> <span class='ocrx_word' id='word_1_585' title='bbox 2444 3176 2678 3230; x_wconf 86' lang='lat' dir='ltr'><strong>vexatio</strong></span> <span class='ocrx_word' id='word_1_586' title='bbox 2702 3189 2870 3244; x_wconf 89' lang='lat' dir='ltr'><strong>quam</strong></span> <span class='ocrx_word' id='word_1_587' title='bbox 2897 3175 3179 3230; x_wconf 89' lang='lat' dir='ltr'><strong>inferebat</strong></span> <span class='ocrx_word' id='word_1_588' title='bbox 3201 3174 3468 3229; x_wconf 80' lang='lat' dir='ltr'><strong>ecclesia</strong></span> <span class='ocrx_word' id='word_1_589' title='bbox 3491 3171 3740 3228; x_wconf 87' lang='lat' dir='ltr'><strong>Brunoni</strong></span> 
     </span>
    </p>
   </div>
   <div class='ocr_carea' id='block_1_91' title="bbox 2098 3261 3747 3332">
    <p class='ocr_par' dir='ltr' id='par_1_91' title="bbox 2098 3261 3747 3332">
     <span class='ocr_line' id='line_1_91' title="bbox 2098 3261 3747 3332; baseline -0.001 -14"><span class='ocrx_word' id='word_1_590' title='bbox 2098 3261 2329 3331; x_wconf 87' lang='lat' dir='ltr'><strong>objecta</strong></span> <span class='ocrx_word' id='word_1_591' title='bbox 2350 3267 2458 3317; x_wconf 91' lang='lat' dir='ltr'><strong>est.</strong></span> <span class='ocrx_word' id='word_1_592' title='bbox 2489 3263 2745 3318; x_wconf 85' lang='lat' dir='ltr'><strong>Abbates</strong></span> <span class='ocrx_word' id='word_1_593' title='bbox 2772 3261 2932 3317; x_wconf 89' lang='lat' dir='ltr'><strong>illum</strong></span> <span class='ocrx_word' id='word_1_594' title='bbox 2953 3262 3224 3332; x_wconf 82' lang='lat' dir='ltr'><strong>privatim</strong></span> <span class='ocrx_word' id='word_1_595' title='bbox 3247 3262 3667 3317; x_wconf 61' lang='lat' dir='ltr'><strong>convenientes</strong></span> <span class='ocrx_word' id='word_1_596' title='bbox 3686 3264 3747 3316; x_wconf 88' lang='lat' dir='ltr'><strong>et</strong></span> 
     </span>
    </p>
   </div>
   <div class='ocr_carea' id='block_1_92' title="bbox 2096 3347 3745 3420">
    <p class='ocr_par' dir='ltr' id='par_1_92' title="bbox 2096 3347 3745 3420">
     <span class='ocr_line' id='line_1_92' title="bbox 2096 3347 3745 3420; baseline 0 -15"><span class='ocrx_word' id='word_1_597' title='bbox 2096 3350 2310 3406; x_wconf 91' lang='lat' dir='ltr'><strong>leniter</strong></span> <span class='ocrx_word' id='word_1_598' title='bbox 2338 3351 2733 3420; x_wconf 69' lang='lat' dir='ltr'><strong>increpantes,</strong></span> <span class='ocrx_word' id='word_1_599' title='bbox 2759 3350 3156 3406; x_wconf 80' lang='lat' dir='ltr'><strong>defensionem</strong></span> <span class='ocrx_word' id='word_1_600' title='bbox 3177 3350 3351 3405; x_wconf 88' lang='lat' dir='ltr'><strong>etiam</strong></span> <span class='ocrx_word' id='word_1_601' title='bbox 3372 3347 3745 3405; x_wconf 85' lang='lat' dir='ltr'><strong>auctor.tatis</strong></span> 
     </span>
    </p>
   </div>
   <div class='ocr_carea' id='block_1_93' title="bbox 2097 3436 3747 3510">
    <p class='ocr_par' dir='ltr' id='par_1_93' title="bbox 2097 3436 3747 3510">
     <span class='ocr_line' id='line_1_93' title="bbox 2097 3436 3747 3510; baseline -0.002 -15"><span class='ocrx_word' id='word_1_602' title='bbox 2097 3438 2438 3510; x_wconf 86' lang='lat' dir='ltr'><strong>apostolica</strong></span> <span class='ocrx_word' id='word_1_603' title='bbox 2463 3439 2653 3495; x_wconf 91' lang='lat' dir='ltr'><strong>locum</strong></span> <span class='ocrx_word' id='word_1_604' title='bbox 2673 3442 2933 3495; x_wconf 85' lang='lat' dir='ltr'><strong>tuentem</strong></span> <span class='ocrx_word' id='word_1_605' title='bbox 2953 3438 3291 3509; x_wconf 87' lang='lat' dir='ltr'><strong>specialiter</strong></span> <span class='ocrx_word' id='word_1_606' title='bbox 3317 3438 3441 3492; x_wconf 83' lang='lat' dir='ltr'><strong>ﬁrm</strong></span> <span class='ocrx_word' id='word_1_607' title='bbox 3465 3442 3545 3492; x_wconf 79' lang='lat' dir='ltr'><strong>ito</strong></span> <span class='ocrx_word' id='word_1_608' title='bbox 3566 3436 3747 3507; x_wconf 87' lang='lat' dir='ltr'><strong>privi-</strong></span> 
     </span>
    </p>
   </div>
   <div class='ocr_carea' id='block_1_94' title="bbox 2098 3525 3739 3598">
    <p class='ocr_par' dir='ltr' id='par_1_94' title="bbox 2098 3525 3739 3598">
     <span class='ocr_line' id='line_1_94' title="bbox 2098 3525 3739 3598; baseline -0.001 -16"><span class='ocrx_word' id='word_1_609' title='bbox 2098 3526 2267 3598; x_wconf 83' lang='lat' dir='ltr'><strong>legio,</strong></span> <span class='ocrx_word' id='word_1_610' title='bbox 2307 3541 2379 3583; x_wconf 90' lang='lat' dir='ltr'><strong>ne</strong></span> <span class='ocrx_word' id='word_1_611' title='bbox 2400 3527 2531 3598; x_wconf 92' lang='lat' dir='ltr'><strong>quis</strong></span> <span class='ocrx_word' id='word_1_612' title='bbox 2572 3527 2780 3582; x_wconf 88' lang='lat' dir='ltr'><strong>inferat</strong></span> <span class='ocrx_word' id='word_1_613' title='bbox 2816 3528 3107 3597; x_wconf 88' lang='lat' dir='ltr'><strong>injuriam,</strong></span> <span class='ocrx_word' id='word_1_614' title='bbox 3152 3526 3263 3581; x_wconf 88' lang='lat' dir='ltr'><strong>nisi</strong></span> <span class='ocrx_word' id='word_1_615' title='bbox 3310 3526 3548 3581; x_wconf 68' lang='lat' dir='ltr'><strong>honoris</strong></span> <span class='ocrx_word' id='word_1_616' title='bbox 3569 3525 3659 3581; x_wconf 73' lang='lat' dir='ltr'><strong>sui</strong></span> <span class='ocrx_word' id='word_1_617' title='bbox 3682 3529 3739 3581; x_wconf 90' lang='lat' dir='ltr'><strong>et</strong></span> 
     </span>
    </p>
   </div>
   <div class='ocr_carea' id='block_1_95' title="bbox 2099 3614 3746 3688">
    <p class='ocr_par' dir='ltr' id='par_1_95' title="bbox 2099 3614 3746 3688">
     <span class='ocr_line' id='line_1_95' title="bbox 2099 3614 3746 3688; baseline -0.002 -16"><span class='ocrx_word' id='word_1_618' title='bbox 2099 3616 2740 3688; x_wconf 89' lang='lat' dir='ltr'><strong>potestatisinterdicta</strong></span> <span class='ocrx_word' id='word_1_619' title='bbox 2775 3616 3081 3684; x_wconf 79' lang='lat' dir='ltr'><strong>dignitate,</strong></span> <span class='ocrx_word' id='word_1_620' title='bbox 3118 3614 3264 3669; x_wconf 87' lang='lat' dir='ltr'><strong>satis</strong></span> <span class='ocrx_word' id='word_1_621' title='bbox 3291 3614 3564 3670; x_wconf 88' lang='lat' dir='ltr'><strong>renitenti</strong></span> <span class='ocrx_word' id='word_1_622' title='bbox 3604 3627 3746 3684; x_wconf 83' lang='lat' dir='ltr'><strong>pra-</strong></span> 
     </span>
    </p>
   </div>
   <div class='ocr_carea' id='block_1_96' title="bbox 2098 3702 3742 3771">
    <p class='ocr_par' dir='ltr' id='par_1_96' title="bbox 2098 3702 3742 3771">
     <span class='ocr_line' id='line_1_96' title="bbox 2098 3702 3742 3771; baseline -0.001 -12"><span class='ocrx_word' id='word_1_623' title='bbox 2098 3705 2370 3771; x_wconf 85' lang='lat' dir='ltr'><strong>ferentes,</strong></span> <span class='ocrx_word' id='word_1_624' title='bbox 2399 3703 2631 3759; x_wconf 87' lang='lat' dir='ltr'><strong>tandem</strong></span> <span class='ocrx_word' id='word_1_625' title='bbox 2651 3718 2679 3757; x_wconf 90' lang='lat' dir='ltr'><strong>a</strong></span> <span class='ocrx_word' id='word_1_626' title='bbox 2704 3704 2992 3759; x_wconf 78' lang='lat' dir='ltr'><strong>sententia</strong></span> <span class='ocrx_word' id='word_1_627' title='bbox 3019 3702 3246 3757; x_wconf 85' lang='lat' dir='ltr'><strong>deduxc</strong></span> <span class='ocrx_word' id='word_1_628' title='bbox 3286 3709 3408 3756; x_wconf 90' lang='lat' dir='ltr'><strong>unt.</strong></span> <span class='ocrx_word' id='word_1_629' title='bbox 3436 3703 3523 3756; x_wconf 90' lang='lat' dir='ltr'><strong>Sic</strong></span> <span class='ocrx_word' id='word_1_630' title='bbox 3553 3703 3742 3757; x_wconf 88' lang='lat' dir='ltr'><strong>Bruno</strong></span> 
     </span>
    </p>
   </div>
   <div class='ocr_carea' id='block_1_97' title="bbox 2099 3789 3743 3863">
    <p class='ocr_par' dir='ltr' id='par_1_97' title="bbox 2099 3789 3743 3863">
     <span class='ocr_line' id='line_1_97' title="bbox 2099 3789 3743 3863; baseline -0.002 -15"><span class='ocrx_word' id='word_1_631' title='bbox 2099 3792 2324 3849; x_wconf 80' lang='lat' dir='ltr'><strong>ratione</strong></span> <span class='ocrx_word' id='word_1_632' title='bbox 2363 3792 2693 3860; x_wconf 90' lang='lat' dir='ltr'><strong>convictus,</strong></span> <span class='ocrx_word' id='word_1_633' title='bbox 2747 3791 3024 3863; x_wconf 76' lang='lat' dir='ltr'><strong>quicquid</strong></span> <span class='ocrx_word' id='word_1_634' title='bbox 3071 3791 3345 3846; x_wconf 83' lang='lat' dir='ltr'><strong>inJebita</strong></span> <span class='ocrx_word' id='word_1_635' title='bbox 3392 3789 3743 3858; x_wconf 87' lang='lat' dir='ltr'><strong>exactionis,</strong></span> 
     </span>
    </p>
   </div>
   <div class='ocr_carea' id='block_1_98' title="bbox 2098 3870 3738 3952">
    <p class='ocr_par' dir='ltr' id='par_1_98' title="bbox 2098 3870 3738 3952">
     <span class='ocr_line' id='line_1_98' title="bbox 2098 3870 3738 3952; baseline -0.002 -15"><span class='ocrx_word' id='word_1_636' title='bbox 2098 3881 2375 3952; x_wconf 87' lang='lat' dir='ltr'><strong>quicquid</strong></span> <span class='ocrx_word' id='word_1_637' title='bbox 2409 3881 2705 3949; x_wconf 90' lang='lat' dir='ltr'><strong>clamoris,</strong></span> <span class='ocrx_word' id='word_1_638' title='bbox 2741 3870 3015 3952; x_wconf 91' lang='lat' dir='ltr'><strong>quicquid</strong></span> <span class='ocrx_word' id='word_1_639' title='bbox 3052 3879 3295 3949; x_wconf 70' lang='lat' dir='ltr'><strong>alicujus</strong></span> <span class='ocrx_word' id='word_1_640' title='bbox 3329 3877 3738 3935; x_wconf 70' lang='lat' dir='ltr'><strong>insectationis</strong></span> 
     </span>
    </p>
   </div>
   <div class='ocr_carea' id='block_1_99' title="bbox 2096 3966 3748 4041">
    <p class='ocr_par' dir='ltr' id='par_1_99' title="bbox 2096 3966 3748 4041">
     <span class='ocr_line' id='line_1_99' title="bbox 2096 3966 3748 4041; baseline -0.003 -16"><span class='ocrx_word' id='word_1_641' title='bbox 2096 3970 2188 4025; x_wconf 92' lang='lat' dir='ltr'><strong>vel</strong></span> <span class='ocrx_word' id='word_1_642' title='bbox 2212 3971 2580 4025; x_wconf 88' lang='lat' dir='ltr'><strong>infractionis</strong></span> <span class='ocrx_word' id='word_1_643' title='bbox 2609 3970 2697 4024; x_wconf 91' lang='lat' dir='ltr'><strong>vel</strong></span> <span class='ocrx_word' id='word_1_644' title='bbox 2723 3972 2959 4041; x_wconf 89' lang='lat' dir='ltr'><strong>proprio</strong></span> <span class='ocrx_word' id='word_1_645' title='bbox 2982 3974 3191 4024; x_wconf 90' lang='lat' dir='ltr'><strong>conatu</strong></span> <span class='ocrx_word' id='word_1_646' title='bbox 3218 3967 3307 4023; x_wconf 91' lang='lat' dir='ltr'><strong>vel</strong></span> <span class='ocrx_word' id='word_1_647' title='bbox 3335 3968 3571 4023; x_wconf 92' lang='lat' dir='ltr'><strong>hortatu</strong></span> <span class='ocrx_word' id='word_1_648' title='bbox 3605 3966 3748 4020; x_wconf 87' lang='lat' dir='ltr'><strong>alte-</strong></span> 
     </span>
    </p>
   </div>
   <div class='ocr_carea' id='block_1_100' title="bbox 2098 4054 3747 4114">
    <p class='ocr_par' dir='ltr' id='par_1_100' title="bbox 2098 4054 3747 4114">
     <span class='ocr_line' id='line_1_100' title="bbox 2098 4054 3747 4114; baseline -0.002 -1"><span class='ocrx_word' id='word_1_649' title='bbox 2098 4057 2517 4114; x_wconf 87' lang='lat' dir='ltr'><strong>riusadversus</strong></span> <span class='ocrx_word' id='word_1_650' title='bbox 2549 4057 2853 4112; x_wconf 81' lang='lat' dir='ltr'><strong>ecclesiam</strong></span> <span class='ocrx_word' id='word_1_651' title='bbox 2890 4058 3108 4113; x_wconf 88' lang='lat' dir='ltr'><strong>fecerat</strong></span> <span class='ocrx_word' id='word_1_652' title='bbox 3134 4056 3219 4111; x_wconf 90' lang='lat' dir='ltr'><strong>vel</strong></span> <span class='ocrx_word' id='word_1_653' title='bbox 3257 4056 3446 4110; x_wconf 85' lang='lat' dir='ltr'><strong>facere</strong></span> <span class='ocrx_word' id='word_1_654' title='bbox 3481 4054 3747 4110; x_wconf 65' lang='lat' dir='ltr'><strong>intende-</strong></span> 
     </span>
    </p>
   </div>
   <div class='ocr_carea' id='block_1_101' title="bbox 2099 4141 3736 4215">
    <p class='ocr_par' dir='ltr' id='par_1_101' title="bbox 2099 4141 3736 4215">
     <span class='ocr_line' id='line_1_101' title="bbox 2099 4141 3736 4215; baseline -0.004 -12"><span class='ocrx_word' id='word_1_655' title='bbox 2099 4147 2217 4215; x_wconf 91' lang='lat' dir='ltr'><strong>bat,</strong></span> <span class='ocrx_word' id='word_1_656' title='bbox 2236 4145 2446 4215; x_wconf 89' lang='lat' dir='ltr'><strong>injuste</strong></span> <span class='ocrx_word' id='word_1_657' title='bbox 2462 4159 2526 4200; x_wconf 91' lang='lat' dir='ltr'><strong>se</strong></span> <span class='ocrx_word' id='word_1_658' title='bbox 2544 4146 2747 4200; x_wconf 89' lang='lat' dir='ltr'><strong>fecisse</strong></span> <span class='ocrx_word' id='word_1_659' title='bbox 2764 4144 2994 4215; x_wconf 88' lang='lat' dir='ltr'><strong>publice</strong></span> <span class='ocrx_word' id='word_1_660' title='bbox 3014 4144 3352 4213; x_wconf 79' lang='lat' dir='ltr'><strong>recognovit</strong></span> <span class='ocrx_word' id='word_1_661' title='bbox 3369 4146 3428 4198; x_wconf 90' lang='lat' dir='ltr'><strong>et</strong></span> <span class='ocrx_word' id='word_1_662' title='bbox 3447 4141 3736 4212; x_wconf 66' lang='lat' dir='ltr'><strong>paenituit,</strong></span> 
     </span>
    </p>
   </div>
   <div class='ocr_carea' id='block_1_102' title="bbox 2097 4230 3745 4306">
    <p class='ocr_par' dir='ltr' id='par_1_102' title="bbox 2097 4230 3745 4306">
     <span class='ocr_line' id='line_1_102' title="bbox 2097 4230 3745 4306; baseline -0.004 -15"><span class='ocrx_word' id='word_1_663' title='bbox 2097 4244 2241 4291; x_wconf 85' lang='lat' dir='ltr'><strong>etne</strong></span> <span class='ocrx_word' id='word_1_664' title='bbox 2264 4234 2393 4306; x_wconf 92' lang='lat' dir='ltr'><strong>quis</strong></span> <span class='ocrx_word' id='word_1_665' title='bbox 2412 4248 2478 4289; x_wconf 90' lang='lat' dir='ltr'><strong>ea</strong></span> <span class='ocrx_word' id='word_1_666' title='bbox 2497 4234 2702 4289; x_wconf 89' lang='lat' dir='ltr'><strong>amodo</strong></span> <span class='ocrx_word' id='word_1_667' title='bbox 2717 4236 2917 4303; x_wconf 87' lang='lat' dir='ltr'><strong>ageret</strong></span> <span class='ocrx_word' id='word_1_668' title='bbox 2944 4232 3172 4288; x_wconf 90' lang='lat' dir='ltr'><strong>bannali</strong></span> <span class='ocrx_word' id='word_1_669' title='bbox 3195 4231 3550 4287; x_wconf 88' lang='lat' dir='ltr'><strong>auctoritate</strong></span> <span class='ocrx_word' id='word_1_670' title='bbox 3566 4230 3745 4286; x_wconf 75' lang='lat' dir='ltr'><strong>inter~</strong></span> 
     </span>
    </p>
   </div>
   <div class='ocr_carea' id='block_1_103' title="bbox 2099 4319 3746 4395">
    <p class='ocr_par' dir='ltr' id='par_1_103' title="bbox 2099 4319 3746 4395">
     <span class='ocr_line' id='line_1_103' title="bbox 2099 4319 3746 4395; baseline -0.002 -16"><span class='ocrx_word' id='word_1_671' title='bbox 2099 4322 2266 4395; x_wconf 89' lang='lat' dir='ltr'><strong>dixit,</strong></span> <span class='ocrx_word' id='word_1_672' title='bbox 2295 4327 2547 4394; x_wconf 82' lang='lat' dir='ltr'><strong>itemque</strong></span> <span class='ocrx_word' id='word_1_673' title='bbox 2571 4322 3033 4378; x_wconf 87' lang='lat' dir='ltr'><strong>interdicendum</strong></span> <span class='ocrx_word' id='word_1_674' title='bbox 3062 4320 3273 4376; x_wconf 85' lang='lat' dir='ltr'><strong>Alardo</strong></span> <span class='ocrx_word' id='word_1_675' title='bbox 3292 4319 3582 4375; x_wconf 89' lang='lat' dir='ltr'><strong>decanoin</strong></span> <span class='ocrx_word' id='word_1_676' title='bbox 3609 4333 3746 4375; x_wconf 92' lang='lat' dir='ltr'><strong>con-</strong></span> 
     </span>
    </p>
   </div>
   <div class='ocr_carea' id='block_1_104' title="bbox 2098 4406 3745 4480">
    <p class='ocr_par' dir='ltr' id='par_1_104' title="bbox 2098 4406 3745 4480">
     <span class='ocr_line' id='line_1_104' title="bbox 2098 4406 3745 4480; baseline -0.004 -11"><span class='ocrx_word' id='word_1_677' title='bbox 2098 4419 2278 4471; x_wconf 91' lang='lat' dir='ltr'><strong>ventu</strong></span> <span class='ocrx_word' id='word_1_678' title='bbox 2297 4416 2669 4469; x_wconf 84' lang='lat' dir='ltr'><strong>sacerdotum</strong></span> <span class='ocrx_word' id='word_1_679' title='bbox 2686 4426 2807 4466; x_wconf 84' lang='lat' dir='ltr'><strong>sua</strong></span> <span class='ocrx_word' id='word_1_680' title='bbox 2827 4408 3216 4480; x_wconf 84' lang='lat' dir='ltr'><strong>subjectionis</strong></span> <span class='ocrx_word' id='word_1_681' title='bbox 3234 4422 3335 4478; x_wconf 88' lang='lat' dir='ltr'><strong>per</strong></span> <span class='ocrx_word' id='word_1_682' title='bbox 3349 4406 3745 4464; x_wconf 87' lang='lat' dir='ltr'><strong>obedientiam</strong></span> 
     </span>
    </p>
   </div>
   <div class='ocr_carea' id='block_1_105' title="bbox 2099 4496 3745 4569">
    <p class='ocr_par' dir='ltr' id='par_1_105' title="bbox 2099 4496 3745 4569">
     <span class='ocr_line' id='line_1_105' title="bbox 2099 4496 3745 4569; baseline -0.005 -12"><span class='ocrx_word' id='word_1_683' title='bbox 2099 4503 2311 4559; x_wconf 87' lang='lat' dir='ltr'><strong>edixit.</strong></span> <span class='ocrx_word' id='word_1_684' title='bbox 2362 4500 2611 4557; x_wconf 86' lang='lat' dir='ltr'><strong>Alardus</strong></span> <span class='ocrx_word' id='word_1_685' title='bbox 2642 4498 2697 4555; x_wconf 90' lang='lat' dir='ltr'><strong>in</strong></span> <span class='ocrx_word' id='word_1_686' title='bbox 2728 4499 2993 4569; x_wconf 91' lang='lat' dir='ltr'><strong>sequenti</strong></span> <span class='ocrx_word' id='word_1_687' title='bbox 3028 4496 3294 4553; x_wconf 87' lang='lat' dir='ltr'><strong>natalitio</strong></span> <span class='ocrx_word' id='word_1_688' title='bbox 3344 4496 3745 4567; x_wconf 90' lang='lat' dir='ltr'><strong>apostolorum</strong></span> 
     </span>
    </p>
   </div>
   <div class='ocr_carea' id='block_1_106' title="bbox 2098 4583 3741 4659">
    <p class='ocr_par' dir='ltr' id='par_1_106' title="bbox 2098 4583 3741 4659">
     <span class='ocr_line' id='line_1_106' title="bbox 2098 4583 3741 4659; baseline -0.005 -13"><span class='ocrx_word' id='word_1_689' title='bbox 2098 4591 2256 4646; x_wconf 87' lang='lat' dir='ltr'><strong>Petri</strong></span> <span class='ocrx_word' id='word_1_690' title='bbox 2279 4594 2340 4646; x_wconf 90' lang='lat' dir='ltr'><strong>et</strong></span> <span class='ocrx_word' id='word_1_691' title='bbox 2362 4589 2523 4646; x_wconf 87' lang='lat' dir='ltr'><strong>Pauli</strong></span> <span class='ocrx_word' id='word_1_692' title='bbox 2548 4587 2711 4659; x_wconf 74' lang='lat' dir='ltr'><strong>(Jun.</strong></span> <span class='ocrx_word' id='word_1_693' title='bbox 2738 4593 2828 4657; x_wconf 77' lang='lat' dir='ltr'><strong>2D)</strong></span> <span class='ocrx_word' id='word_1_694' title='bbox 2862 4587 3138 4644; x_wconf 90' lang='lat' dir='ltr'><strong>hannales</strong></span> <span class='ocrx_word' id='word_1_695' title='bbox 3166 4600 3374 4642; x_wconf 89' lang='lat' dir='ltr'><strong>cruces</strong></span> <span class='ocrx_word' id='word_1_696' title='bbox 3400 4583 3741 4640; x_wconf 84' lang='lat' dir='ltr'><strong>deducenti-</strong></span> 
     </span>
    </p>
   </div>
   <div class='ocr_carea' id='block_1_107' title="bbox 2101 4670 3743 4750">
    <p class='ocr_par' dir='ltr' id='par_1_107' title="bbox 2101 4670 3743 4750">
     <span class='ocr_line' id='line_1_107' title="bbox 2101 4670 3743 4750; baseline -0.004 -16"><span class='ocrx_word' id='word_1_697' title='bbox 2101 4678 2212 4734; x_wconf 88' lang='lat' dir='ltr'><strong>bns</strong></span> <span class='ocrx_word' id='word_1_698' title='bbox 2246 4677 2610 4750; x_wconf 89' lang='lat' dir='ltr'><strong>presbiteris,</strong></span> <span class='ocrx_word' id='word_1_699' title='bbox 2644 4691 2773 4733; x_wconf 90' lang='lat' dir='ltr'><strong>cum</strong></span> <span class='ocrx_word' id='word_1_700' title='bbox 2803 4676 3150 4733; x_wconf 90' lang='lat' dir='ltr'><strong>exsolvisset</strong></span> <span class='ocrx_word' id='word_1_701' title='bbox 3171 4673 3503 4731; x_wconf 89' lang='lat' dir='ltr'><strong>oblationes</strong></span> <span class='ocrx_word' id='word_1_702' title='bbox 3527 4670 3743 4729; x_wconf 86' lang='lat' dir='ltr'><strong>debita</strong></span> 
     </span>
    </p>
   </div>
   <div class='ocr_carea' id='block_1_108' title="bbox 2099 4759 3746 4837">
    <p class='ocr_par' dir='ltr' id='par_1_108' title="bbox 2099 4759 3746 4837">
     <span class='ocr_line' id='line_1_108' title="bbox 2099 4759 3746 4837; baseline -0.004 -15"><span class='ocrx_word' id='word_1_703' title='bbox 2099 4765 2451 4835; x_wconf 90' lang='lat' dir='ltr'><strong>devotionis,</strong></span> <span class='ocrx_word' id='word_1_704' title='bbox 2486 4766 2542 4821; x_wconf 94' lang='lat' dir='ltr'><strong>in</strong></span> <span class='ocrx_word' id='word_1_705' title='bbox 2585 4765 2819 4837; x_wconf 91' lang='lat' dir='ltr'><strong>publico</strong></span> <span class='ocrx_word' id='word_1_706' title='bbox 2849 4779 3051 4821; x_wconf 90' lang='lat' dir='ltr'><strong>eorum</strong></span> <span class='ocrx_word' id='word_1_707' title='bbox 3082 4767 3374 4820; x_wconf 88' lang='lat' dir='ltr'><strong>conventu</strong></span> <span class='ocrx_word' id='word_1_708' title='bbox 3409 4759 3746 4831; x_wconf 88' lang='lat' dir='ltr'><strong>adjudicato</strong></span> 
     </span>
    </p>
   </div>
   <div class='ocr_carea' id='block_1_109' title="bbox 2098 4847 3751 4925">
    <p class='ocr_par' dir='ltr' id='par_1_109' title="bbox 2098 4847 3751 4925">
     <span class='ocr_line' id='line_1_109' title="bbox 2098 4847 3751 4925; baseline -0.005 -15"><span class='ocrx_word' id='word_1_709' title='bbox 2098 4853 2211 4910; x_wconf 87' lang='lat' dir='ltr'><strong>sibi</strong></span> <span class='ocrx_word' id='word_1_710' title='bbox 2242 4868 2536 4911; x_wconf 89' lang='lat' dir='ltr'><strong>consensu</strong></span> <span class='ocrx_word' id='word_1_711' title='bbox 2583 4853 2858 4925; x_wconf 89' lang='lat' dir='ltr'><strong>omnium,</strong></span> <span class='ocrx_word' id='word_1_712' title='bbox 2907 4855 3092 4909; x_wconf 89' lang='lat' dir='ltr'><strong>hanno</strong></span> <span class='ocrx_word' id='word_1_713' title='bbox 3138 4849 3588 4908; x_wconf 75' lang='lat' dir='ltr'><strong>archidiaconali</strong></span> <span class='ocrx_word' id='word_1_714' title='bbox 3623 4847 3751 4904; x_wconf 87' lang='lat' dir='ltr'><strong>edi-</strong></span> 
     </span>
    </p>
   </div>
   <div class='ocr_carea' id='block_1_110' title="bbox 2098 4933 3743 5015">
    <p class='ocr_par' dir='ltr' id='par_1_110' title="bbox 2098 4933 3743 5015">
     <span class='ocr_line' id='line_1_110' title="bbox 2098 4933 3743 5015; baseline -0.007 -14"><span class='ocrx_word' id='word_1_715' title='bbox 2098 4947 2258 5001; x_wconf 87' lang='lat' dir='ltr'><strong>ctum</strong></span> <span class='ocrx_word' id='word_1_716' title='bbox 2291 4941 2362 4998; x_wconf 89' lang='lat' dir='ltr'><strong>de</strong></span> <span class='ocrx_word' id='word_1_717' title='bbox 2394 4942 2690 5013; x_wconf 88' lang='lat' dir='ltr'><strong>recognita</strong></span> <span class='ocrx_word' id='word_1_718' title='bbox 2725 4956 2865 5015; x_wconf 90' lang='lat' dir='ltr'><strong>pace</strong></span> <span class='ocrx_word' id='word_1_719' title='bbox 2895 4948 2954 4999; x_wconf 92' lang='lat' dir='ltr'><strong>et</strong></span> <span class='ocrx_word' id='word_1_720' title='bbox 2985 4941 3259 4998; x_wconf 87' lang='lat' dir='ltr'><strong>libertate</strong></span> <span class='ocrx_word' id='word_1_721' title='bbox 3285 4938 3556 4996; x_wconf 90' lang='lat' dir='ltr'><strong>ecclesia</strong></span> <span class='ocrx_word' id='word_1_722' title='bbox 3587 4933 3743 4992; x_wconf 89' lang='lat' dir='ltr'><strong>beati</strong></span> 
     </span>
    </p>
   </div>
   <div class='ocr_carea' id='block_1_111' title="bbox 2097 5029 3749 5103">
    <p class='ocr_par' dir='ltr' id='par_1_111' title="bbox 2097 5029 3749 5103">
     <span class='ocr_line' id='line_1_111' title="bbox 2097 5029 3749 5103; baseline -0.005 -15"><span class='ocrx_word' id='word_1_723' title='bbox 2097 5031 2341 5089; x_wconf 80' lang='lat' dir='ltr'><strong>Huberti</strong></span> <span class='ocrx_word' id='word_1_724' title='bbox 2368 5030 2758 5103; x_wconf 81' lang='lat' dir='ltr'><strong>conﬁrmavit,</strong></span> <span class='ocrx_word' id='word_1_725' title='bbox 2796 5037 2854 5087; x_wconf 92' lang='lat' dir='ltr'><strong>et</strong></span> <span class='ocrx_word' id='word_1_726' title='bbox 2896 5046 2967 5088; x_wconf 90' lang='lat' dir='ltr'><strong>ne</strong></span> <span class='ocrx_word' id='word_1_727' title='bbox 3004 5030 3132 5103; x_wconf 91' lang='lat' dir='ltr'><strong>quis</strong></span> <span class='ocrx_word' id='word_1_728' title='bbox 3164 5029 3310 5087; x_wconf 91' lang='lat' dir='ltr'><strong>idem</strong></span> <span class='ocrx_word' id='word_1_729' title='bbox 3346 5029 3597 5084; x_wconf 90' lang='lat' dir='ltr'><strong>hannum</strong></span> <span class='ocrx_word' id='word_1_730' title='bbox 3628 5039 3749 5081; x_wconf 80' lang='lat' dir='ltr'><strong>am-</strong></span> 
     </span>
    </p>
   </div>
   <div class='ocr_carea' id='block_1_112' title="bbox 2096 5120 3202 5194">
    <p class='ocr_par' dir='ltr' id='par_1_112' title="bbox 2096 5120 3202 5194">
     <span class='ocr_line' id='line_1_112' title="bbox 2096 5120 3202 5194; baseline -0.005 -15"><span class='ocrx_word' id='word_1_731' title='bbox 2096 5121 2253 5194; x_wconf 89' lang='lat' dir='ltr'><strong>plius</strong></span> <span class='ocrx_word' id='word_1_732' title='bbox 2282 5120 2628 5191; x_wconf 82' lang='lat' dir='ltr'><strong>infringeret</strong></span> <span class='ocrx_word' id='word_1_733' title='bbox 2658 5120 3202 5179; x_wconf 85' lang='lat' dir='ltr'><strong>excommunicavit.</strong></span> 
     </span>
    </p>
   </div>
   <div class='ocr_carea' id='block_1_113' title="bbox 2166 5220 3748 5300">
    <p class='ocr_par' dir='ltr' id='par_1_113' title="bbox 2166 5220 3748 5300">
     <span class='ocr_line' id='line_1_113' title="bbox 2166 5220 3748 5300; baseline -0.003 -15"><span class='ocrx_word' id='word_1_734' title='bbox 2166 5230 2254 5285; x_wconf 77' lang='lat'><strong>95.</strong></span> <span class='ocrx_word' id='word_1_735' title='bbox 2289 5227 2463 5300; x_wconf 75' lang='lat'><strong>(125.)</strong></span> <span class='ocrx_word' id='word_1_736' title='bbox 2506 5229 2669 5284; x_wconf 84' lang='lat' dir='ltr'><strong>Anno</strong></span> <span class='ocrx_word' id='word_1_737' title='bbox 2710 5227 2998 5285; x_wconf 89' lang='lat' dir='ltr'><strong>incarnati</strong></span> <span class='ocrx_word' id='word_1_738' title='bbox 3020 5227 3195 5284; x_wconf 87' lang='lat' dir='ltr'><strong>Verbi</strong></span> <span class='ocrx_word' id='word_1_739' title='bbox 3231 5229 3385 5296; x_wconf 76' lang='lat'><strong>1105,</strong></span> <span class='ocrx_word' id='word_1_740' title='bbox 3418 5220 3748 5280; x_wconf 83' lang='lat' dir='ltr'><strong>Richardus</strong></span> 
     </span>
    </p>
   </div>
   <div class='ocr_carea' id='block_1_114' title="bbox 2097 5307 3739 5388">
    <p class='ocr_par' dir='ltr' id='par_1_114' title="bbox 2097 5307 3739 5388">
     <span class='ocr_line' id='line_1_114' title="bbox 2097 5307 3739 5388; baseline -0.006 -15"><span class='ocrx_word' id='word_1_741' title='bbox 2097 5313 2328 5388; x_wconf 90' lang='lat' dir='ltr'><strong>quidam</strong></span> <span class='ocrx_word' id='word_1_742' title='bbox 2351 5312 2668 5372; x_wconf 88' lang='lat' dir='ltr'><strong>cardinalis</strong></span> <span class='ocrx_word' id='word_1_743' title='bbox 2689 5313 2958 5373; x_wconf 88' lang='lat' dir='ltr'><strong>ecclesia</strong></span> <span class='ocrx_word' id='word_1_744' title='bbox 2981 5315 3251 5372; x_wconf 79' lang='lat' dir='ltr'><strong>Romana</strong></span> <span class='ocrx_word' id='word_1_745' title='bbox 3276 5311 3447 5385; x_wconf 78' lang='lat'><strong>(205),</strong></span> <span class='ocrx_word' id='word_1_746' title='bbox 3469 5307 3739 5368; x_wconf 87' lang='lat' dir='ltr'><strong>conciliis</strong></span> 
     </span>
    </p>
   </div>
   <div class='ocr_carea' id='block_1_115' title="bbox 1923 5411 2147 5472">
    <p class='ocr_par' dir='ltr' id='par_1_115' title="bbox 1923 5411 2147 5472">
     <span class='ocr_line' id='line_1_115' title="bbox 1923 5411 2147 5472; baseline -0.004 -2"><span class='ocrx_word' id='word_1_747' title='bbox 1923 5411 2147 5472; x_wconf 73' lang='grc' dir='ltr'><strong>ΝΟΤΔει.</strong></span> 
     </span>
    </p>
   </div>
   <div class='ocr_carea' id='block_1_116' title="bbox 426 5503 1163 5563">
    <p class='ocr_par' dir='ltr' id='par_1_116' title="bbox 426 5503 1163 5563">
     <span class='ocr_line' id='line_1_116' title="bbox 426 5503 1163 5563; baseline 0 -2"><span class='ocrx_word' id='word_1_748' title='bbox 426 5504 555 5563; x_wconf 81' lang='grc'>203)</span> <span class='ocrx_word' id='word_1_749' title='bbox 587 5503 764 5561; x_wconf 85' lang='lat' dir='ltr'><strong>Error</strong></span> <span class='ocrx_word' id='word_1_750' title='bbox 794 5506 1163 5563; x_wconf 87' lang='lat' dir='ltr'><strong>manifestus.</strong></span> 
     </span>
    </p>
   </div>
   <div class='ocr_carea' id='block_1_117' title="bbox 425 5504 1235 5648">
    <p class='ocr_par' dir='ltr' id='par_1_117' title="bbox 425 5504 1235 5648">
     <span class='ocr_line' id='line_1_117' title="bbox 426 5504 1163 5563; baseline 0 -2"><span class='ocrx_word' id='word_1_751' title='bbox 426 5505 531 5561; x_wconf 81' lang='grc'><strong>203</strong></span> <span class='ocrx_word' id='word_1_752' title='bbox 587 5504 764 5561; x_wconf 85' lang='lat' dir='ltr'><strong>Error</strong></span> <span class='ocrx_word' id='word_1_753' title='bbox 794 5506 1163 5563; x_wconf 87' lang='lat' dir='ltr'><strong>manifestus.</strong></span> 
     </span>
     <span class='ocr_line' id='line_1_118' title="bbox 425 5504 1235 5648; baseline 0.004 -17"><span class='ocrx_word' id='word_1_754' title='bbox 425 5504 555 5647; x_wconf 47' lang='lat' dir='ltr'><strong>20L;</strong></span> <span class='ocrx_word' id='word_1_755' title='bbox 581 5575 785 5648; x_wconf 73' lang='lat' dir='ltr'><strong>Douzy</strong></span> <span class='ocrx_word' id='word_1_756' title='bbox 816 5576 887 5633; x_wconf 92' lang='lat' dir='ltr'><strong>ad</strong></span> <span class='ocrx_word' id='word_1_757' title='bbox 918 5576 971 5633; x_wconf 86' lang='lat' dir='ltr'><strong>fl.</strong></span> <span class='ocrx_word' id='word_1_758' title='bbox 1008 5579 1235 5634; x_wconf 89' lang='lat' dir='ltr'><strong>Carum.</strong></span> 
     </span>
    </p>
   </div>
   <div class='ocr_carea' id='block_1_118' title="bbox 652 5663 1203 5728">
    <p class='ocr_par' dir='ltr' id='par_1_118' title="bbox 652 5663 1203 5728">
     <span class='ocr_line' id='line_1_119' title="bbox 652 5663 1203 5728; baseline 0.005 -5"><span class='ocrx_word' id='word_1_759' title='bbox 652 5663 916 5727; x_wconf 74' lang='lat' dir='ltr'><strong>pATROL.</strong></span> <span class='ocrx_word' id='word_1_760' title='bbox 991 5664 1203 5728; x_wconf 89' lang='lat' dir='ltr'><strong>CLIV.</strong></span> 
     </span>
    </p>
   </div>
   <div class='ocr_carea' id='block_1_119' title="bbox 2167 5506 2855 5584">
    <p class='ocr_par' dir='ltr' id='par_1_119' title="bbox 2167 5506 2855 5584">
     <span class='ocr_line' id='line_1_120' title="bbox 2167 5506 2855 5584; baseline -0.006 -15"><span class='ocrx_word' id='word_1_761' title='bbox 2167 5508 2319 5584; x_wconf 73' lang='lat'><strong>(205)</strong></span> <span class='ocrx_word' id='word_1_762' title='bbox 2351 5508 2453 5583; x_wconf 83' lang='lat' dir='ltr'><strong>Ep.</strong></span> <span class='ocrx_word' id='word_1_763' title='bbox 2490 5506 2855 5566; x_wconf 77' lang='lat' dir='ltr'><strong>Albanensis.</strong></span> 
     </span>
    </p>
   </div>
   <div class='ocr_carea' id='block_1_120' title="bbox 3429 5666 3509 5727">
    <p class='ocr_par' dir='ltr' id='par_1_120' title="bbox 3429 5666 3509 5727">
     <span class='ocr_line' id='line_1_121' title="bbox 3429 5666 3509 5727; baseline -0.013 0"><span class='ocrx_word' id='word_1_764' title='bbox 3429 5666 3509 5727; x_wconf 74' lang='lat'><strong>46</strong></span> 
     </span>
    </p>
   </div>
  </div>
