3936 6416
177 287 327 347 1451

175 446 435 515 indictis,
467 443 679 516 agebat
712 457 819 516 per
862 441 1080 499 Gallias
1112 441 1470 514 apostolicus
1497 442 1678 499 vices.
1730 441 1834 500 Cui

174 536 535 607 suffragante
556 534 814 589 Roberto
836 532 1210 602 Virdunensi,
1236 547 1269 602 q
1299 531 1333 586 ιί
1360 531 1443 586 illi
1468 529 1836 587 familiariter

175 625 538 691 adhaerebat,
582 622 637 676 in
670 622 886 678 eisdem
916 620 1182 677 conciliis
1206 618 1553 676 declamavit
1584 620 1836 675 Theode-

175 717 337 772 ricus
365 711 627 768 ordinem
674 725 796 766 suae
847 710 1218 776 privationis.
1266 709 1443 779 Cujus
1491 723 1665 765 causa
1697 708 1835 764 dum

175 802 589 868 ventilaretur,
618 815 691 855 ex
736 800 1026 855 sententia
1080 797 1337 854 fidelium
1386 798 1648 854 decrevit
1682 796 1753 852 id.
1782 812 1834 852 m

174 890 521 953 cardinalis,
546 904 650 945 nec
684 889 898 944 debere
931 902 1037 943 nec
1072 902 1243 960 posse
1275 886 1436 943 illum
1472 885 1837 959 praelationis

175 995 299 1037 suae
323 978 610 1049 dignitate
634 979 873 1050 privari,
903 992 1071 1048 quam
1105 978 1276 1032 nimis
1299 976 1629 1033 inconsulte
1660 977 1838 1031 inter-

176 1069 410 1123 misisse
430 1067 740 1122 videbatur
762 1068 837 1122 ob
860 1066 1255 1123 defensionem
1281 1064 1549 1121 veritatis
1570 1070 1628 1120 et
1656 1064 1839 1119 fideli-

173 1161 355 1213 tatem
391 1172 489 1228 ίῳ(
509 1158 733 1213 stolicze
757 1154 860 1212 sed
889 1172 937 1226 s,
971 1156 1268 1226 sciretque
1297 1154 1566 1210 Wiredus
1588 1154 1839 1224 Andagi-

176 1260 414 1302 nensem
448 1246 739 1301 abbatiam
773 1245 1005 1301 omnino
1038 1245 1409 1300 interdictam
1441 1244 1574 1313 sibi,
1608 1248 1705 1300 aut
1734 1259 1837 1315 pro

176 1342 343 1395 certo
366 1342 931 1391 excommunicatum
955 1351 1083 1390 cum
1114 1334 1385 1390 omnibus
1420 1333 1747 1389 fautoribus
1778 1337 1835 1389 et

178 1426 467 1497 subjectis
491 1424 633 1480 suis.
665 1427 817 1479 lianc
842 1423 1184 1495 apostolicis
1208 1422 1582 1478 auctoritatis
1606 1426 1839 1477 senten-

180 1517 316 1572 tiam
344 1515 693 1571 Laurentius
714 1514 896 1569 abbas
918 1512 1105 1568 sancti
1132 1512 1350 1568 Vittoni
1377 1512 1524 1581 (206)
1544 1517 1604 1567 et
1622 1513 1839 1567 Roher-

177 1610 278 1662 tus
312 1602 630 1659 monachus
665 1602 1105 1672 iuterceperunt
1132 1600 1367 1656 Wiredo
1389 1600 1832 1657 enunciandam.

178 1694 279 1750 Cui
311 1708 440 1748 cum
463 1694 531 1745 ad
552 1689 1003 1759 colloquendum
1028 1689 1178 1744 diem
1202 1694 1261 1745 et
1288 1688 1477 1744 locum
1497 1687 1837 1744 constituis-

174 1787 331 1844 scut,
370 1780 584 1848 illeque
618 1793 729 1833 non
780 1778 1169 1846 convenisset,
1208 1792 1311 1849 per
1342 1776 1655 1832 Adelonem
1690 1790 1836 1846 prie-
1866 1785 1920 1845 Β

182 1869 441 1941 positum
463 1865 882 1921 mandaverunt
907 1865 959 1919 ei
984 1864 1299 1920 eardinalis
1318 1865 1618 1920 decretum
1638 1864 1837 1927 ;Theo'

180 1957 420 2014 dericus
447 1969 680 2026 quoque
711 1953 927 2029 litteris
956 1954 1024 2008 ad
1054 1954 1266 2008 fratres
1289 1952 1620 2022 destinatis,
1646 1952 1837 2021 ingra-

176 2045 338 2101 vavit
369 2044 456 2098 eis
505 2042 763 2111 ejusdem
813 2040 1437 2097 excommunicationis
1482 2041 1829 2113 periculum.

175 2134 294 2189 Sub
347 2132 459 2187 hiis
498 2130 989 2186 insectationibus
1040 2129 1166 2184 suis
1206 2130 1476 2186 Wiredus
1515 2130 1832 2186 Manassem

178 2223 492 2277 Remorum
519 2219 850 2289 pontificem
876 2217 1038 2285 adiit,
1065 2222 1123 2273 et
1147 2217 1331 2273 altare
1361 2217 1431 2273 de
1455 2217 1653 2290 Sulpio
1678 2217 1832 2290 quod

171 2309 442 2367 ecclesiae
478 2323 581 2379 per
611 2321 791 2363 annos
820 2309 854 2359 7
900 2307 1297 2375 subtraxerat,
1329 2307 1689 2364 reddendum
1723 2307 1833 2367 sibi

167 2395 536 2455 reclamavit.
563 2397 858 2450 Manasses
889 2409 1002 2449 non
1046 2393 1232 2450 solum
1265 2393 1421 2465 quod
1444 2395 1830 2467 subduxerat,

170 2487 281 2542 sed
302 2492 353 2540 et
369 2487 476 2539 iam
497 2483 684 2539 altare
705 2481 775 2538 de
795 2481 1075 2551 Nogarias
1094 2487 1316 2537 remota
1337 2498 1579 2555 persona
1603 2488 1660 2540 et
1682 2484 1833 2539 facta

166 2575 406 2647 publica
428 2577 484 2629 et
524 2570 695 2641 legali
749 2571 1081 2641 donatione,
1127 2586 1418 2627 consensu
1453 2573 1710 2628 Gervasii
1744 2587 1834 2628 ar-

170 2662 504 2720 chidiaconi
533 2668 594 2716 et
623 2661 808 2717 totius
830 2659 972 2715 cleri
1006 2660 1093 2715 sui
1122 2660 1350 2716 firmato
1372 2664 1431 2715 et
1460 2660 1690 2730 signato
1716 2660 1831 2732 pri-

162 2752 405 2821 vilegio,
430 2750 700 2807 ecclesia:
726 2748 881 2804 beati
906 2748 1147 2804 Huberti
1176 2763 1278 2819 pro
1302 2748 1701 2804 anniversario
1725 2763 1832 2805 suo

171 2854 249 2897 ex
271 2842 399 2911 ejus
421 2840 613 2895 reditu
634 2838 1038 2910 sollempniter
1060 2837 1285 2907 agendo
1306 2841 1595 2909 perpetuo
1616 2837 1831 2894 haben-

163 2928 308 2986 dum
342 2928 604 2984 tradidit.

242 3066 333 3118 96.
363 3061 535 3132 (120.)
562 3060 816 3115 Obertus
843 3058 1062 3115 interea
1088 3059 1261 3115 nimis
1286 3059 1706 3117 immoderatus
1729 3060 1830 3118 do-

1160 281 1642 347 CHRONICON
1687 281 1757 342 S.
1803 276 2168 340 HUBFRTI
2210 275 2604 339 ANDAGIN.

3436 279 3590 339 4521

1862 416 1920 475 Α
1950 408 2238 466 Henricus
2259 413 2320 465 et
2341 409 2535 465 Bruno
2555 408 2975 479 archidiaconi,
3004 412 3249 480 postque
3273 410 3599 468 orationem

1949 497 2167 569 palatio
2204 497 2605 554 introductum
2654 498 3208 555 commendaverunt
3261 496 3599 557 Coloniensi

1945 586 2228 658 pontifici.
2261 588 2306 641 Α
2338 601 2453 657 quo
2501 585 2769 642 hilariter
2789 592 3075 658 exceptus
3104 592 3164 642 et
3192 587 3593 662 deosculatus,

1946 673 2343 743 interrogatus
2383 689 2615 745 quoque
2639 674 2710 731 ad
2743 675 2882 747 quid
2918 676 3199 746 venisset,
3233 676 3446 746 illeque
3467 693 3598 748 gra-

1948 764 2098 820 viter
2121 764 2427 834 suspirans
2469 764 2702 820 interim
2754 765 3029 821 reticeret
3054 797 3113 806 —
3140 767 3255 837 jam
3279 767 3427 823 enim
3461 774 3599 829 ante

1947 854 2328 924 przemonitus
2350 857 2532 908 erata
2570 855 2913 923 Berengero,
2951 854 3114 911 nullo
3140 854 3445 921 modosibi
3472 857 3601 916 fore

1948 940 2113 1010 utile,
2132 941 2178 997 si
2199 941 2447 997 intertot
2472 940 2868 997 adversitatcs
2893 956 3055 997 suam
3073 957 3199 999 oua:
3219 946 3595 1013 eratgravior

1947 1042 2181 1085 causam
2197 1030 2269 1084 de
2284 1028 2510 1084 Mirvolt
2535 1029 2817 1085 adversus
2843 1031 3123 1086 Obertum
3149 1031 3232 1087 sic
3250 1042 3596 1102 Oppressum

1948 1116 2110 1186 ingra
2122 1123 2348 1173 varet—
2372 1117 2938 1188 poutifexexsurgcn
2956 1149 2971 1169 η
2994 1119 3379 1188 Bercngcrum
3402 1126 3460 1176 et
3476 1123 3601 1179 Ste-

1948 1206 2201 1277 phanum
2224 1206 2469 1262 abbates
2492 1188 2757 1263 seorsum
2787 1207 3075 1273 evocavit,
3102 1214 3161 1263 et
3187 1214 3245 1263 ut
3271 1209 3381 1264 sibi
3406 1212 3599 1280 queri-

1949 1295 2197 1349 moniam
2219 1310 2349 1351 cum
2366 1295 2565 1350 dolore
2582 1296 2887 1351 reticentis
2903 1311 2973 1351 ex
2988 1295 3195 1352 ordine
3215 1304 3601 1371 exponerent,

1948 1397 2053 1453 per
2067 1383 2459 1439 obedientiam
2475 1382 2653 1438 indixi
2666 1388 2703 1438 t.
2716 1385 3078 1453 Berengerus
3093 1386 3310 1454 optime
3326 1387 3601 1444 conscius

1950 1472 2032 1527 rei
2060 1477 2120 1526 et
2164 1472 2389 1543 peritus
2418 1472 2670 1541 dicendi,
2717 1472 2871 1542 quod
2907 1472 3228 1542 jubebatur
3266 1476 3592 1533 enarravit.

1948 1559 2238 1615 Videlicet
2259 1560 2550 1631 quomodo
2576 1561 2921 1632 praedictum
2956 1567 3234 1631 castrum,
3260 1564 3413 1620 omni
3445 1565 3599 1635 adja-

1947 1648 2103 1703 centi
2132 1649 2444 1718 provincia)
2471 1649 2765 1716 infestum,
2792 1664 2862 1703 ex
2881 1649 3077 1705 edicto
3103 1650 3328 1707 llenrici
3357 1652 3603 1724 impera-

1950 1736 2100 1792 toris
2116 1737 2339 1793 viribus
2355 1737 2540 1793 totius
2561 1737 2945 1808 Li-tharingia:
2965 1739 3058 1793 vix
3083 1740 3269 1796 fuerat
3285 1741 3597 1813 dejectum,

1954 1826 2246 1895 quomodo
2270 1827 2340 1880 ab
2376 1826 2653 1897 episeopo
2693 1827 2941 1882 Henrico
2973 1830 3605 1888 restractum.iterum-

1948 1927 2060 1983 que
2084 1913 2281 1968 abillo
2305 1914 2909 1971 subinterminatione
2934 1917 3609 1987 perpetuianathematis

1945 2001 2339 2071 destructum,
2391 2004 2678 2072 quomodo
2700 2003 2874 2059 etiam
2904 2006 3133 2061 nuncin
3159 2005 3399 2062 exitium
3419 2006 3607 2064 eccle-

1947 2089 2049 2145 size
2071 2090 2223 2144 beati
2245 2090 2485 2145 lluberti
2502 2096 2801 2147 constaret
2821 2092 3607 2163 relirmatumﬁubjungente

1946 2185 2139 2235 autem
2169 2180 2467 2250 pontifice,
2485 2196 2590 2235 cur
2614 2180 2747 2235 inde
2772 2180 2953 2235 abbas
2977 2184 3292 2237 clamorem
3320 2184 3607 2253 differret,

1946 2266 2255 2337 respondit
2272 2266 2370 2323 ille
2388 2267 2778 2338 qutajustitiie
2794 2268 3324 2340 diﬁideretJtapuit
3344 2272 3609 2341 pontifex

1945 2369 2076 2410 cum
2103 2354 2505 2423 indignatione
2528 2356 2770 2411 verbum
2796 2354 3154 2426 diffidentiae,
3173 2357 3512 2428 juravitque
3534 2359 3609 2416 de

1946 2442 2407 2511 agendajustitia
2432 2443 2703 2498 abbatem
2730 2444 2764 2498 fi
2786 2448 2946 2499 ustra
2973 2444 3256 2515 diﬂtdere,
3276 2447 3320 2503 si
3346 2447 3461 2504 vita
3487 2448 3607 2507 sibi

1946 2535 2287 2603 superesset
2332 2546 2463 2587 cum
2497 2531 2912 2602 prosperitate.
2951 2532 3113 2587 Circa
3146 2532 3342 2590 horam
3374 2539 3600 2593 sextam

1944 2618 2197 2689 collecto
2222 2618 2507 2675 adversus
2530 2619 2809 2674 Obertum
2834 2618 2995 2675 clero
3023 2620 3345 2692 Leodicnsi,
3368 2623 3603 2681 videres

1943 2706 2325 2765 tumultuaria
2345 2706 2711 2763 dissensione
2733 2707 3018 2763 rationem
3047 2708 3344 2780 confundi,
3372 2710 3497 2767 sine
3515 2711 3599 2767 vi-

1943 2795 2297 2853 cissitudine
2349 2795 2582 2852 dicendi
2614 2800 2672 2851 et
2725 2795 2999 2851 audiendi
3050 2797 3294 2868 injurias
3350 2814 3493 2869 quas
3523 2800 3599 2856 ab

1944 2883 2161 2940 Oberto
2212 2882 2578 2955 pertulerant
2625 2882 2890 2953 singulos
2929 2886 3232 2956 conqueri,
3286 2887 3599 2945 canonicas

1941 2971 2267 3029 sententias
2289 2972 2575 3029 adversus
2595 2987 2725 3028 eum
2757 2972 3159 3029 indifferenter
3188 2976 3463 3046 conferri,
3498 2976 3599 3035 do-

1940 3075 2048 3117 nec
2082 3061 2347 3133 pontifex
2379 3060 2747 3117 Coloniensis
2778 3076 2847 3116 eo
2880 3077 3079 3117 secum
3115 3062 3449 3120 introducto
3466 3078 3599 3121 con-

167 3151 506 3207 minationis
532 3147 876 3205 exercendae
909 3148 1091 3219 eoa-pit
1114 3148 1307 3204 Leodii
1331 3147 1678 3221 civiliajura
1695 3164 1830 3207 con-
1861 3158 1911 3221 ο
1941 3150 2119 3206 sedit.
2153 3148 2403 3205 Tandem
2436 3148 2639 3205 sedato
2666 3149 2940 3220 tumultu,
2973 3156 3033 3205 et
3062 3150 3195 3207 data
3221 3152 3505 3210 sententia
3531 3156 3596 3208 ut

162 3239 412 3309 vellere,
448 3239 607 3308 leges
640 3238 920 3307 majorum
956 3244 1199 3307 mutare,
1240 3237 1700 3295 consuetudines
1731 3253 1831 3295 an-

162 3328 421 3396 nullarc,
452 3332 628 3397 utque
660 3326 906 3383 liberius
934 3326 1352 3398 comprimeret
1375 3327 1647 3395 minores,
1673 3327 1829 3385 diffe-

162 3418 341 3473 rebat
373 3416 605 3473 interim
650 3430 1002 3486 exasperare
1038 3416 1308 3485 majores,
1362 3414 1529 3472 donis
1559 3416 1737 3472 etiam
1767 3420 1827 3472 et

166 3504 476 3577 promissis
496 3504 564 3559 ad
588 3503 1072 3561 consentiendum
1094 3503 1205 3560 sibi
1224 3504 1609 3560 contrahebat
1632 3509 1830 3576 poten-

168 3593 368 3650 tiores.
393 3593 502 3649 bed
527 3609 633 3649 nec
657 3594 755 3649 diu
779 3594 967 3664 potuit
992 3607 1054 3647 se
1072 3592 1398 3663 continere,
1422 3593 1556 3664 quin
1582 3592 1735 3663 quod
1753 3592 1827 3649 ad

168 3685 401 3753 tempus
424 3682 738 3738 distulerat
765 3682 1064 3753 proderet,
1090 3686 1147 3737 et
1184 3681 1237 3736 in
1266 3682 1468 3738 eadem
1490 3682 1829 3753 oppressio-

167 3785 241 3827 ne
286 3772 454 3827 licret
486 3771 757 3827 omnibus
798 3770 970 3827 idem.
1022 3769 1416 3827 Ecclesiarum
1469 3770 1719 3840 denique
1768 3775 1829 3827 et

165 3858 520 3917 cici-iocrum
546 3876 599 3931 p-
618 3863 963 3915 ocuratorcs
1004 3859 1189 3914 totius
1208 3858 1429 3915 liberos
1467 3857 1829 3929 forensisju-

164 3945 251 4001 ris
276 3946 563 4002 violenter
584 3945 901 4015 infringere
924 3944 1264 4016 temptavit:
1283 3945 1428 4002 adeo
1450 3950 1515 4003 ut
1538 3945 1828 4004 custodiae

171 4034 536 4105 manciparet
580 4034 939 4090 domesticos
980 4033 1275 4090 Frederici
1307 4034 1611 4106 praepositi
1642 4034 1830 4092 eccle-

167 4122 270 4178 sia:
298 4122 450 4177 beati
491 4121 802 4179 Lambtrti.
848 4121 1009 4178 Unde
1032 4126 1317 4180 evocatus
1357 4122 1719 4195 querimonia
1742 4127 1829 4181 to-

167 4210 288 4267 tius
310 4210 454 4266 cleri
482 4211 839 4281 Leodiensis,
881 4212 1041 4267 venit
1070 4212 1497 4283 Aquisgranum
1523 4212 1823 4285 palatium,

170 4298 361 4355 donec
388 4300 729 4356 Frcdericus
748 4299 1237 4373 metropolitanus
1262 4299 1829 4358 Coloniensismibi-

158 4385 411 4457 demque
452 4386 808 4444 audientiam
836 4388 1129 4445 canonica}
1162 4388 1550 4446 discussionis
1588 4387 1825 4461 publice

1943 3253 2092 3295 unus
2116 3237 2341 3293 diceret
2374 3252 2479 3308 pro
2503 3237 2798 3305 omnibus,
2835 3238 2903 3293 ad
2930 3238 3036 3293 hoc
3055 3239 3458 3309 exequendum
3483 3239 3600 3296 clc-

1937 3332 2071 3381 ctus
2090 3324 2365 3381 constitit
2400 3324 2456 3379 in
2480 3323 2670 3379 medio
2697 3325 2978 3380 lleuricus
3006 3324 3471 3395 archidiaconus,
3498 3327 3593 3397 qui

1939 3413 2137 3469 dicere
2156 3417 2400 3469 exortus
2420 3431 2440 3467 :
2462 3413 2603 3482 Hic,
2631 3412 2840 3482 inquit,
2865 3412 3087 3469 clamor
3104 3427 3282 3486 super
3299 3414 3596 3472 dominum

1937 3504 2271 3575 episcopum
2298 3516 2336 3559 a
2362 3500 2531 3558 nobis
2560 3500 2737 3557 r’iodie
2763 3502 3031 3573 agendus
3057 3517 3174 3559 non
3203 3506 3294 3561 est
3315 3506 3447 3576 ejus
3463 3506 3599 3576 pri-

1935 3591 2109 3659 vatis,
2132 3591 2291 3659 vitae,
2313 3590 2484 3659 cuius
2509 3590 2677 3646 testis
2700 3589 2787 3646 est
2808 3592 2968 3648 Deus
2997 3592 3055 3647 et
3069 3591 3268 3663 judea:
3294 3593 3476 3657 solus.
3498 3591 3602 3651 sed

1940 3678 2010 3735 de
2035 3677 2367 3750 injust-iliis
2398 3677 2820 3735 ecclesiasticis
2849 3679 2906 3734 et
2928 3689 3075 3736 nosti
3096 3681 3150 3737 is
3177 3680 3406 3752 legibus
3432 3681 3488 3737 et
3504 3692 3597 3738 re.

1939 3767 2042 3826 bus
2063 3768 2364 3839 publicis;
2391 3764 2679 3824 videlicet
2694 3767 2853 3838 quod
2871 3767 3148 3826 abba/ias
3171 3770 3377 3827 lanato
3394 3764 3596 3840 pretio

1934 3856 2291 3925 vendiderit,
2317 3855 2477 3926 quid
2498 3855 2906 3913 ecclesiastica
2935 3858 3282 3915 ministeria
3301 3872 3596 3931 ᾳιιιερνω·

1935 3945 2078 4003 sunt
2097 3945 2441 4001 animarum
2469 3944 2633 4001 curis
2655 3943 2713 3999 et
2732 3958 2884 4014 quae,
2915 3946 3111 4016 utpote
3140 3946 3296 4003 dona
3320 3947 3597 4018 Spiritus

1934 4033 2155 4103 sancti,
2198 4031 2479 4088 donanda
2510 4032 2566 4088 et
2602 4032 2955 4103 accipienda
2993 4034 3138 4090 sunt
3156 4036 3377 4105 gratis,
3411 4036 3594 4107 pacta

1933 4122 2197 4180 mercede
2223 4120 2638 4189 distribuerit;
2664 4120 2826 4192 quod
2851 4120 2919 4177 in
2946 4136 3247 4180 commune
3275 4124 3594 4196 dampnum

1935 4210 2322 4269 ecclesiarum
2336 4211 2495 4265 omni
2500 4223 2599 4265 um
2610 4209 3081 4280 provincialium
3093 4211 3395 4284 legitimas
3405 4225 3594 4269 moveo

1938 4300 2031 4358 tas
2053 4299 2266 4357 totiens
2279 4297 2608 4355 mutaverit
2623 4296 2718 4355 vel
2730 4298 3045 4369 minuerit,
3063 4302 3138 4370 rt,
3160 4302 3319 4371 quod
3336 4303 3427 4359 est
3444 4301 3595 4358 dete-

1931 4387 2087 4456 rius,
2105 4383 2407 4457 corrumpi
2425 4385 2821 4453 consenserit;
2840 4386 3003 4456 quod
3017 4386 3594 4459 tibertatempubtiei

169 4466 495 4567 habendam
522 4474 741 4567 Oberto
767 4476 993 4532 indixit.
1019 4477 1265 4567 Advenit
1291 4477 1564 4567 Obertus,
1585 4477 1825 4567 advenit
1850 4507 1904 4567 υ
1923 4474 2116 4567 juris,
2149 4474 2315 4567 leges
2334 4471 2747 4567 ‘a‘majoribus
2776 4473 3000 4567 nostris
3028 4475 3595 4567 hactenus/iubila:

167 4564 345 4620 etiam
362 4581 492 4621 cum
514 4566 831 4622 abbatibus
845 4572 905 4623 et
923 4566 1352 4623 archidiaconis
1370 4564 1678 4641 multiplex
1691 4568 1825 4625 Leo-

165 4652 459 4711 dicnsium
480 4655 698 4711 clerus.
714 4657 850 4711 Erat
879 4658 1013 4713 1104
1030 4670 1216 4713 annus
1236 4655 1522 4713 incarnati
1539 4656 1736 4728 Verbi,
1756 4657 1826 4715 fe-

158 4741 244 4798 ria
277 4743 479 4815 quinta
504 4744 705 4815 primm
731 4744 1109 4802 hebdomadas
1135 4744 1821 4815 quadragesimMMart.

163 4833 275 4903 10).
307 4832 425 4887 Sub
449 4832 672 4890 hisdem
698 4834 878 4889 ferme
896 4832 1105 4889 diebus
1125 4838 1370 4890 venerat
1392 4833 1663 4892 Wiredus
1689 4836 1823 4893 Leo-

162 4919 325 4977 dium
350 4920 421 4977 de
446 4922 796 4992 quibusdam
837 4921 1145 4994 injustitiis
1167 4921 1433 4981 ecclesiae
1455 4927 1674 4982 nostra;
1698 4923 1823 4982 illa-

152 5009 237 5065 tis
258 5011 747 5082 curaturusapud
763 5010 1064 5068 Obertum.
1082 5011 1342 5070 Audiens
1360 5018 1555 5070 autem
1572 5017 1687 5071 tam
1711 5014 1823 5071 fre-

156 5099 717 5170 quensauditorium
744 5099 925 5172 Aquis
942 5100 1307 5173 convenisse,
1327 5102 1646 5161 comitatus
1665 5102 1823 5161 Lam-

152 5186 614 5259 berto,Adelone
630 5187 844 5246 ibidem
865 5189 1182 5246 maturavit
1198 5189 1590 5259 adesseQuem
1604 5195 1821 5264 prater

146 5288 311 5349 spem
326 5276 635 5336 advenisse
667 5277 883 5349 mirati,
918 5278 1409 5351 processeruntin
1441 5280 1603 5340 curia
1636 5279 1819 5353 regali

1932 4564 2222 4622 violenter
2243 4562 2583 4636 infringere
2601 4563 2969 4620 contenderit
2984 4580 3008 4632 ,-
3028 4564 3189 4635 φαοά
3206 4564 3373 4623 nobis
3391 4566 3448 4622 et
3460 4564 3592 4637 gui-

1935 4650 2455 4728 busgueﬁdelibus
2472 4652 2671 4710 sancti
2691 4653 2831 4708 Lam
2839 4650 2992 4710 berti
3006 4666 3079 4709 ne
3094 4652 3203 4712 lioc
3201 4655 3445 4728 faceret
3455 4666 3592 4725 sug-

1924 4739 2853 4817 gerentibus,audireeontempse
2887 4741 3591 4815 it;guodtandempoten~

1932 4830 2187 4890 tioribus
2204 4828 2490 4902 episcopii
2507 4828 2888 4900 exigentibus
2904 4836 2968 4886 ul
2976 4843 3039 4887 se
3055 4831 3398 4903 corrigeret,
3411 4831 3595 4888 corri-

1923 4920 2112 4996 gendi
2122 4919 2371 4991 sejtdem
2385 4916 2918 4986 dederit,etdatam
2930 4917 3593 4994 irritamfecerit;guod

1933 5012 2246 5071 thesauros
2257 5011 2645 5071 ecclesiarum
2660 5024 2814 5083 quas
2826 5010 3451 5084 exspoliaviinecdum
3458 5022 3590 5069 cum

1923 5100 2121 5175 possit
2134 5100 2455 5160 restituere
2472 5100 2751 5159 voluerit.
2782 5099 2940 5167 Quia
2959 5115 3099 5173 ergo
3114 5102 3205 5160 sic
3219 5114 3283 5160 se
3300 5098 3479 5158 liabet
3483 5112 3591 5172 pu-

1931 5190 2092 5250 blica
2108 5189 2447 5251 Leodiensis
2463 5188 2970 5263 ecclesiamet"
2983 5190 3263 5262 privatas
3275 5188 3591 5247 nzultorum

1930 5279 2365 5354 querimonias,
2385 5292 2543 5355 quas
2560 5277 2802 5352 longum
2819 5279 2908 5339 est
2907 5279 3312 5353 proclamare,
3327 5276 3595 5338 convenit

1520 5377 1760 5435 VARUE
1803 5378 2099 5438 LECTION
2105 5378 2207 5435 ES.

216 5462 287 5499 ³⁸³
304 5465 429 5523 Hic
448 5464 698 5539 aliquid
710 5464 910 5524 deesse
929 5464 1030 5523 vel
1045 5466 1387 5540 corruptum
1403 5478 1531 5527 esse
1547 5465 1810 5529 videtur.

1750 5553 1976 5613 NOTAE.

215 5621 369 5696 (206)
401 5621 809 5683 Virdunensis.
