  <div class='ocr_page' id='page_1' title='image "/cluster/home/n/w/nwhite01/storage/ocr_20150623/153-154/uc1.31175019678096/1318.png"; bbox 0 0 3936 6448; ppageno 0'>
   <div class='ocr_carea' id='block_1_1' title="bbox 189 349 442 445">
    <p class='ocr_par' dir='ltr' id='par_1_1' title="bbox 189 349 442 445">
     <span class='ocr_line' id='line_1_1' title="bbox 189 349 442 445; baseline -0.008 0"><span class='ocrx_word' id='word_1_1' title='bbox 189 349 200 355; x_wconf 72' lang='grc'><em>’</em></span> <span class='ocrx_word' id='word_1_2' title='bbox 287 383 442 445; x_wconf 79' lang='grc'><strong>1458</strong></span> 
     </span>
    </p>
   </div>
   <div class='ocr_carea' id='block_1_2' title="bbox 1266 377 2731 440">
    <p class='ocr_par' dir='ltr' id='par_1_2' title="bbox 1266 377 2731 440">
     <span class='ocr_line' id='line_1_2' title="bbox 1266 377 2731 440; baseline -0.001 0"><span class='ocrx_word' id='word_1_3' title='bbox 1266 377 1764 440; x_wconf 82' lang='lat' dir='ltr'><strong>CHRONICON.</strong></span> <span class='ocrx_word' id='word_1_4' title='bbox 1815 379 1881 439; x_wconf 91' lang='lat' dir='ltr'><strong>S.</strong></span> <span class='ocrx_word' id='word_1_5' title='bbox 1930 378 2296 440; x_wconf 84' lang='lat' dir='ltr'><strong>HUBERTI</strong></span> <span class='ocrx_word' id='word_1_6' title='bbox 2338 378 2731 440; x_wconf 82' lang='lat' dir='ltr'><strong>ANDAGIN.</strong></span> 
     </span>
    </p>
   </div>
   <div class='ocr_carea' id='block_1_3' title="bbox 3551 379 3700 441">
    <p class='ocr_par' dir='ltr' id='par_1_3' title="bbox 3551 379 3700 441">
     <span class='ocr_line' id='line_1_3' title="bbox 3551 379 3700 441; baseline 0.013 -2"><span class='ocrx_word' id='word_1_7' title='bbox 3551 379 3700 441; x_wconf 73' lang='grc'><strong>1454</strong></span> 
     </span>
    </p>
   </div>
   <div class='ocr_carea' id='block_1_4' title="bbox 285 518 3704 602">
    <p class='ocr_par' dir='ltr' id='par_1_4' title="bbox 285 518 3704 602">
     <span class='ocr_line' id='line_1_4' title="bbox 285 518 3704 602; baseline -0.001 -10"><span class='ocrx_word' id='word_1_8' title='bbox 285 531 637 592; x_wconf 65' lang='lat' dir='ltr'><strong>auctoritati</strong></span> <span class='ocrx_word' id='word_1_9' title='bbox 666 530 874 589; x_wconf 70' lang='lat' dir='ltr'><strong>castra</strong></span> <span class='ocrx_word' id='word_1_10' title='bbox 899 528 1182 601; x_wconf 73' lang='lat' dir='ltr'><strong>spiritum</strong></span> <span class='ocrx_word' id='word_1_11' title='bbox 1207 529 1447 587; x_wconf 78' lang='lat' dir='ltr'><strong>consilii</strong></span> <span class='ocrx_word' id='word_1_12' title='bbox 1475 527 1941 600; x_wconf 79' lang='lat' dir='ltr'><strong>et/nrtitudinis</strong></span> <span class='ocrx_word' id='word_1_13' title='bbox 1971 518 2022 576; x_wconf 85' lang='grc' dir='ltr'><strong>Α</strong></span> <span class='ocrx_word' id='word_1_14' title='bbox 2053 532 2249 584; x_wconf 89' lang='lat' dir='ltr'><strong>mento</strong></span> <span class='ocrx_word' id='word_1_15' title='bbox 2282 527 2584 584; x_wconf 85' lang='lat' dir='ltr'><strong>fldelitatis</strong></span> <span class='ocrx_word' id='word_1_16' title='bbox 2615 525 2954 598; x_wconf 86' lang='lat' dir='ltr'><strong>obligasset.</strong></span> <span class='ocrx_word' id='word_1_17' title='bbox 2992 528 3102 585; x_wconf 85' lang='lat' dir='ltr'><strong>Sed</strong></span> <span class='ocrx_word' id='word_1_18' title='bbox 3136 530 3420 586; x_wconf 82' lang='lat' dir='ltr'><strong>Henricus</strong></span> <span class='ocrx_word' id='word_1_19' title='bbox 3448 544 3552 602; x_wconf 90' lang='lat' dir='ltr'><strong>spe</strong></span> <span class='ocrx_word' id='word_1_20' title='bbox 3584 530 3704 587; x_wconf 90' lang='lat' dir='ltr'><strong>hel-</strong></span> 
     </span>
    </p>
   </div>
   <div class='ocr_carea' id='block_1_5' title="bbox 283 615 1942 691">
    <p class='ocr_par' dir='ltr' id='par_1_5' title="bbox 283 615 1942 691">
     <span class='ocr_line' id='line_1_5' title="bbox 283 615 1942 691; baseline -0.005 -10"><span class='ocrx_word' id='word_1_21' title='bbox 283 621 514 690; x_wconf 76' lang='lat' dir='ltr'><strong>adesse,</strong></span> <span class='ocrx_word' id='word_1_22' title='bbox 531 618 1112 691; x_wconf 72' lang='lat' dir='ltr'><strong>utdfctantcjudicio</strong></span> <span class='ocrx_word' id='word_1_23' title='bbox 1127 618 1763 691; x_wconf 74' lang='lat' dir='ltr'><strong>reformeturjustttta,</strong></span> <span class='ocrx_word' id='word_1_24' title='bbox 1781 615 1942 672; x_wconf 79' lang='lat' dir='ltr'><strong>etab-</strong></span> 
     </span>
    </p>
   </div>
   <div class='ocr_carea' id='block_1_6' title="bbox 286 707 1943 780">
    <p class='ocr_par' dir='ltr' id='par_1_6' title="bbox 286 707 1943 780">
     <span class='ocr_line' id='line_1_6' title="bbox 286 707 1943 780; baseline -0.007 -9"><span class='ocrx_word' id='word_1_25' title='bbox 286 710 788 780; x_wconf 72' lang='lat' dir='ltr'><strong>:olutisjtliorum</strong></span> <span class='ocrx_word' id='word_1_26' title='bbox 809 722 1052 766; x_wconf 77' lang='lat' dir='ltr'><strong>suorum</strong></span> <span class='ocrx_word' id='word_1_27' title='bbox 1073 708 1466 778; x_wconf 59' lang='lat' dir='ltr'><strong>querimoniis</strong></span> <span class='ocrx_word' id='word_1_28' title='bbox 1487 707 1551 761; x_wconf 77' lang='lat' dir='ltr'><strong>in</strong></span> <span class='ocrx_word' id='word_1_29' title='bbox 1571 720 1715 776; x_wconf 78' lang='lat' dir='ltr'><strong>pace</strong></span> <span class='ocrx_word' id='word_1_30' title='bbox 1743 718 1943 761; x_wconf 77' lang='lat' dir='ltr'><strong>eorum</strong></span> 
     </span>
    </p>
   </div>
   <div class='ocr_carea' id='block_1_7' title="bbox 292 794 1940 866">
    <p class='ocr_par' dir='ltr' id='par_1_7' title="bbox 292 794 1940 866">
     <span class='ocr_line' id='line_1_7' title="bbox 292 794 1940 866; baseline -0.007 -7"><span class='ocrx_word' id='word_1_31' title='bbox 292 801 524 860; x_wconf 65' lang='lat' dir='ltr'><strong>letatur</strong></span> <span class='ocrx_word' id='word_1_32' title='bbox 549 798 744 855; x_wconf 79' lang='lat' dir='ltr'><strong>mater</strong></span> <span class='ocrx_word' id='word_1_33' title='bbox 773 797 1038 854; x_wconf 79' lang='lat' dir='ltr'><strong>ecclesia.</strong></span> <span class='ocrx_word' id='word_1_34' title='bbox 1088 795 1170 850; x_wconf 77' lang='lat' dir='ltr'><strong>Ad</strong></span> <span class='ocrx_word' id='word_1_35' title='bbox 1212 797 1334 852; x_wconf 72' lang='lat' dir='ltr'><strong>hzec</strong></span> <span class='ocrx_word' id='word_1_36' title='bbox 1377 795 1855 866; x_wconf 66' lang='lat' dir='ltr'><strong>archiepiscopus</strong></span> <span class='ocrx_word' id='word_1_37' title='bbox 1884 794 1940 848; x_wconf 90' lang='lat' dir='ltr'><strong>in</strong></span> 
     </span>
    </p>
   </div>
   <div class='ocr_carea' id='block_1_8' title="bbox 287 882 1942 957">
    <p class='ocr_par' dir='ltr' id='par_1_8' title="bbox 287 882 1942 957">
     <span class='ocr_line' id='line_1_8' title="bbox 287 882 1942 957; baseline -0.007 -9"><span class='ocrx_word' id='word_1_38' title='bbox 287 888 540 948; x_wconf 89' lang='lat' dir='ltr'><strong>concilio</strong></span> <span class='ocrx_word' id='word_1_39' title='bbox 563 887 842 957; x_wconf 74' lang='lat' dir='ltr'><strong>loquutus</strong></span> <span class='ocrx_word' id='word_1_40' title='bbox 866 886 1085 941; x_wconf 88' lang='lat' dir='ltr'><strong>Oberto</strong></span> <span class='ocrx_word' id='word_1_41' title='bbox 1107 885 1299 953; x_wconf 79' lang='lat' dir='ltr'><strong>rediit,</strong></span> <span class='ocrx_word' id='word_1_42' title='bbox 1323 885 1694 953; x_wconf 76' lang='lat' dir='ltr'><strong>breviterque</strong></span> <span class='ocrx_word' id='word_1_43' title='bbox 1714 882 1942 938; x_wconf 90' lang='lat' dir='ltr'><strong>concio-</strong></span> 
     </span>
    </p>
   </div>
   <div class='ocr_carea' id='block_1_9' title="bbox 295 972 1942 1047">
    <p class='ocr_par' dir='ltr' id='par_1_9' title="bbox 295 972 1942 1047">
     <span class='ocr_line' id='line_1_9' title="bbox 295 972 1942 1047; baseline -0.005 -12"><span class='ocrx_word' id='word_1_44' title='bbox 295 985 474 1035; x_wconf 87' lang='lat' dir='ltr'><strong>natus</strong></span> <span class='ocrx_word' id='word_1_45' title='bbox 499 991 677 1047; x_wconf 89' lang='lat' dir='ltr'><strong>super</strong></span> <span class='ocrx_word' id='word_1_46' title='bbox 699 974 1057 1044; x_wconf 85' lang='lat' dir='ltr'><strong>querimonia</strong></span> <span class='ocrx_word' id='word_1_47' title='bbox 1083 973 1392 1042; x_wconf 89' lang='lat' dir='ltr'><strong>communi,</strong></span> <span class='ocrx_word' id='word_1_48' title='bbox 1423 973 1701 1027; x_wconf 90' lang='lat' dir='ltr'><strong>Obertum</strong></span> <span class='ocrx_word' id='word_1_49' title='bbox 1729 972 1942 1026; x_wconf 83' lang='lat' dir='ltr'><strong>rubore</strong></span> 
     </span>
    </p>
   </div>
   <div class='ocr_carea' id='block_1_10' title="bbox 294 1060 1943 1134">
    <p class='ocr_par' dir='ltr' id='par_1_10' title="bbox 294 1060 1943 1134">
     <span class='ocr_line' id='line_1_10' title="bbox 294 1060 1943 1134; baseline -0.006 -11"><span class='ocrx_word' id='word_1_50' title='bbox 294 1066 468 1123; x_wconf 84' lang='lat' dir='ltr'><strong>immo</strong></span> <span class='ocrx_word' id='word_1_51' title='bbox 503 1064 900 1134; x_wconf 73' lang='lat' dir='ltr'><strong>indignatione</strong></span> <span class='ocrx_word' id='word_1_52' title='bbox 930 1062 1232 1117; x_wconf 90' lang='lat' dir='ltr'><strong>confusum</strong></span> <span class='ocrx_word' id='word_1_53' title='bbox 1257 1061 1327 1116; x_wconf 87' lang='lat' dir='ltr'><strong>de</strong></span> <span class='ocrx_word' id='word_1_54' title='bbox 1351 1063 1564 1129; x_wconf 84' lang='lat' dir='ltr'><strong>quibus</strong></span> <span class='ocrx_word' id='word_1_55' title='bbox 1593 1060 1943 1130; x_wconf 91' lang='lat' dir='ltr'><strong>culpabatur</strong></span> 
     </span>
    </p>
   </div>
   <div class='ocr_carea' id='block_1_11' title="bbox 290 1144 1944 1228">
    <p class='ocr_par' dir='ltr' id='par_1_11' title="bbox 290 1144 1944 1228">
     <span class='ocr_line' id='line_1_11' title="bbox 290 1144 1944 1228; baseline -0.009 -13"><span class='ocrx_word' id='word_1_56' title='bbox 290 1155 524 1228; x_wconf 84' lang='lat' dir='ltr'><strong>publice</strong></span> <span class='ocrx_word' id='word_1_57' title='bbox 559 1151 900 1223; x_wconf 82' lang='lat' dir='ltr'><strong>increpavit.</strong></span> <span class='ocrx_word' id='word_1_58' title='bbox 935 1151 1048 1206; x_wconf 85' lang='lat' dir='ltr'><strong>Nec</strong></span> <span class='ocrx_word' id='word_1_59' title='bbox 1082 1151 1246 1221; x_wconf 89' lang='lat' dir='ltr'><strong>prius</strong></span> <span class='ocrx_word' id='word_1_60' title='bbox 1276 1150 1505 1204; x_wconf 85' lang='lat' dir='ltr'><strong>abstitit</strong></span> <span class='ocrx_word' id='word_1_61' title='bbox 1535 1165 1700 1218; x_wconf 86' lang='lat' dir='ltr'><strong>quam</strong></span> <span class='ocrx_word' id='word_1_62' title='bbox 1727 1150 1796 1202; x_wconf 89' lang='lat' dir='ltr'><strong>de</strong></span> <span class='ocrx_word' id='word_1_63' title='bbox 1821 1144 1944 1216; x_wconf 90' lang='lat' dir='ltr'><strong>qui-</strong></span> 
     </span>
    </p>
   </div>
   <div class='ocr_carea' id='block_1_12' title="bbox 291 1237 1945 1302">
    <p class='ocr_par' dir='ltr' id='par_1_12' title="bbox 291 1237 1945 1302">
     <span class='ocr_line' id='line_1_12' title="bbox 291 1237 1945 1302; baseline -0.007 0"><span class='ocrx_word' id='word_1_64' title='bbox 291 1246 402 1302; x_wconf 82' lang='lat' dir='ltr'><strong>bus</strong></span> <span class='ocrx_word' id='word_1_65' title='bbox 425 1242 847 1300; x_wconf 82' lang='lat' dir='ltr'><strong>criminabatur</strong></span> <span class='ocrx_word' id='word_1_66' title='bbox 867 1238 1008 1295; x_wconf 87' lang='lat' dir='ltr'><strong>cieri</strong></span> <span class='ocrx_word' id='word_1_67' title='bbox 1033 1238 1120 1293; x_wconf 91' lang='lat' dir='ltr'><strong>sui</strong></span> <span class='ocrx_word' id='word_1_68' title='bbox 1147 1237 1394 1294; x_wconf 90' lang='lat' dir='ltr'><strong>consilio</strong></span> <span class='ocrx_word' id='word_1_69' title='bbox 1417 1243 1473 1291; x_wconf 87' lang='lat' dir='ltr'><strong>et</strong></span> <span class='ocrx_word' id='word_1_70' title='bbox 1499 1237 1743 1292; x_wconf 89' lang='lat' dir='ltr'><strong>arbitrio</strong></span> <span class='ocrx_word' id='word_1_71' title='bbox 1763 1237 1945 1292; x_wconf 88' lang='lat' dir='ltr'><strong>corri-</strong></span> 
     </span>
    </p>
   </div>
   <div class='ocr_carea' id='block_1_13' title="bbox 293 1325 1941 1404">
    <p class='ocr_par' dir='ltr' id='par_1_13' title="bbox 293 1325 1941 1404">
     <span class='ocr_line' id='line_1_13' title="bbox 293 1325 1941 1404; baseline -0.004 -16"><span class='ocrx_word' id='word_1_72' title='bbox 293 1332 485 1404; x_wconf 83' lang='lat' dir='ltr'><strong>genda</strong></span> <span class='ocrx_word' id='word_1_73' title='bbox 515 1331 873 1396; x_wconf 87' lang='lat' dir='ltr'><strong>condiceret,</strong></span> <span class='ocrx_word' id='word_1_74' title='bbox 902 1327 1278 1396; x_wconf 81' lang='lat' dir='ltr'><strong>ejusdemque</strong></span> <span class='ocrx_word' id='word_1_75' title='bbox 1302 1326 1654 1381; x_wconf 87' lang='lat' dir='ltr'><strong>conditionis</strong></span> <span class='ocrx_word' id='word_1_76' title='bbox 1677 1325 1941 1381; x_wconf 88' lang='lat' dir='ltr'><strong>obsidem</strong></span> 
     </span>
    </p>
   </div>
   <div class='ocr_carea' id='block_1_14' title="bbox 299 1413 1941 1494">
    <p class='ocr_par' dir='ltr' id='par_1_14' title="bbox 299 1413 1941 1494">
     <span class='ocr_line' id='line_1_14' title="bbox 299 1413 1941 1494; baseline -0.004 -18"><span class='ocrx_word' id='word_1_77' title='bbox 299 1419 593 1494; x_wconf 86' lang='lat' dir='ltr'><strong>propriam</strong></span> <span class='ocrx_word' id='word_1_78' title='bbox 617 1416 781 1471; x_wconf 83' lang='lat' dir='ltr'><strong>fidem</strong></span> <span class='ocrx_word' id='word_1_79' title='bbox 798 1414 1155 1470; x_wconf 89' lang='lat' dir='ltr'><strong>etauctorita</strong></span> <span class='ocrx_word' id='word_1_80' title='bbox 1171 1423 1277 1469; x_wconf 90' lang='lat' dir='ltr'><strong>tem</strong></span> <span class='ocrx_word' id='word_1_81' title='bbox 1293 1413 1683 1484; x_wconf 78' lang='lat' dir='ltr'><strong>episcopalem</strong></span> <span class='ocrx_word' id='word_1_82' title='bbox 1702 1413 1754 1468; x_wconf 92' lang='lat' dir='ltr'><strong>in</strong></span> <span class='ocrx_word' id='word_1_83' title='bbox 1775 1426 1941 1469; x_wconf 87' lang='lat' dir='ltr'><strong>manu</strong></span> 
     </span>
    </p>
   </div>
   <div class='ocr_carea' id='block_1_15' title="bbox 299 1501 1942 1577">
    <p class='ocr_par' dir='ltr' id='par_1_15' title="bbox 299 1501 1942 1577">
     <span class='ocr_line' id='line_1_15' title="bbox 299 1501 1942 1577; baseline -0.005 -13"><span class='ocrx_word' id='word_1_84' title='bbox 299 1505 728 1577; x_wconf 78' lang='lat' dir='ltr'><strong>archiepiscopi</strong></span> <span class='ocrx_word' id='word_1_85' title='bbox 761 1503 1097 1575; x_wconf 84' lang='lat' dir='ltr'><strong>deponeret.</strong></span> <span class='ocrx_word' id='word_1_86' title='bbox 1130 1502 1452 1556; x_wconf 87' lang='lat' dir='ltr'><strong>Terminqu</strong></span> <span class='ocrx_word' id='word_1_87' title='bbox 1481 1517 1710 1571; x_wconf 87' lang='lat' dir='ltr'><strong>quoque</strong></span> <span class='ocrx_word' id='word_1_88' title='bbox 1738 1501 1942 1572; x_wconf 68' lang='lat' dir='ltr'><strong>priedi-</strong></span> 
     </span>
    </p>
   </div>
   <div class='ocr_carea' id='block_1_16' title="bbox 288 1589 1942 1658">
    <p class='ocr_par' dir='ltr' id='par_1_16' title="bbox 288 1589 1942 1658">
     <span class='ocr_line' id='line_1_16' title="bbox 288 1589 1942 1658; baseline -0.005 -6"><span class='ocrx_word' id='word_1_89' title='bbox 288 1601 402 1653; x_wconf 66' lang='lat' dir='ltr'><strong>cta:</strong></span> <span class='ocrx_word' id='word_1_90' title='bbox 442 1593 795 1651; x_wconf 87' lang='lat' dir='ltr'><strong>conditionis</strong></span> <span class='ocrx_word' id='word_1_91' title='bbox 834 1606 862 1646; x_wconf 87' lang='lat' dir='ltr'><strong>a</strong></span> <span class='ocrx_word' id='word_1_92' title='bbox 905 1606 964 1647; x_wconf 90' lang='lat' dir='ltr'><strong>se</strong></span> <span class='ocrx_word' id='word_1_93' title='bbox 1006 1590 1229 1658; x_wconf 89' lang='lat' dir='ltr'><strong>agendo</strong></span> <span class='ocrx_word' id='word_1_94' title='bbox 1273 1589 1517 1645; x_wconf 79' lang='lat' dir='ltr'><strong>concilio</strong></span> <span class='ocrx_word' id='word_1_95' title='bbox 1563 1589 1814 1644; x_wconf 66' lang='lat' dir='ltr'><strong>Coloniae</strong></span> <span class='ocrx_word' id='word_1_96' title='bbox 1853 1603 1942 1644; x_wconf 87' lang='lat' dir='ltr'><strong>sc-</strong></span> 
     </span>
    </p>
   </div>
   <div class='ocr_carea' id='block_1_17' title="bbox 288 1678 1936 1750">
    <p class='ocr_par' dir='ltr' id='par_1_17' title="bbox 288 1678 1936 1750">
     <span class='ocr_line' id='line_1_17' title="bbox 288 1678 1936 1750; baseline -0.006 -8"><span class='ocrx_word' id='word_1_97' title='bbox 288 1684 478 1742; x_wconf 87' lang='lat' dir='ltr'><strong>cunda</strong></span> <span class='ocrx_word' id='word_1_98' title='bbox 503 1683 788 1738; x_wconf 64' lang='lat' dir='ltr'><strong>domin’ca</strong></span> <span class='ocrx_word' id='word_1_99' title='bbox 813 1685 941 1750; x_wconf 86' lang='lat' dir='ltr'><strong>post</strong></span> <span class='ocrx_word' id='word_1_100' title='bbox 964 1694 1131 1750; x_wconf 88' lang='lat' dir='ltr'><strong>pasca</strong></span> <span class='ocrx_word' id='word_1_101' title='bbox 1155 1678 1632 1749; x_wconf 82' lang='lat' dir='ltr'><strong>archiepiseopus</strong></span> <span class='ocrx_word' id='word_1_102' title='bbox 1658 1678 1936 1748; x_wconf 83' lang='lat' dir='ltr'><strong>pr:eﬂxit;</strong></span> 
     </span>
    </p>
   </div>
   <div class='ocr_carea' id='block_1_18' title="bbox 287 1767 1862 1842">
    <p class='ocr_par' dir='ltr' id='par_1_18' title="bbox 287 1767 1862 1842">
     <span class='ocr_line' id='line_1_18' title="bbox 287 1767 1862 1842; baseline -0.006 -12"><span class='ocrx_word' id='word_1_103' title='bbox 287 1771 628 1842; x_wconf 79' lang='lat' dir='ltr'><strong>sicquejam</strong></span> <span class='ocrx_word' id='word_1_104' title='bbox 654 1783 892 1839; x_wconf 90' lang='lat' dir='ltr'><strong>vespera</strong></span> <span class='ocrx_word' id='word_1_105' title='bbox 921 1767 1252 1822; x_wconf 78' lang='lat' dir='ltr'><strong>imminente</strong></span> <span class='ocrx_word' id='word_1_106' title='bbox 1283 1767 1633 1822; x_wconf 77' lang='lat' dir='ltr'><strong>audientiam</strong></span> <span class='ocrx_word' id='word_1_107' title='bbox 1666 1767 1862 1820; x_wconf 74' lang='lat' dir='ltr'><strong>soIVit.</strong></span> 
     </span>
    </p>
   </div>
   <div class='ocr_carea' id='block_1_19' title="bbox 2051 613 3698 691">
    <p class='ocr_par' dir='ltr' id='par_1_19' title="bbox 2051 613 3698 691">
     <span class='ocr_line' id='line_1_19' title="bbox 2051 613 3698 691; baseline 0.004 -22"><span class='ocrx_word' id='word_1_108' title='bbox 2051 613 2206 672; x_wconf 87' lang='lat' dir='ltr'><strong>iandi</strong></span> <span class='ocrx_word' id='word_1_109' title='bbox 2237 617 2539 687; x_wconf 89' lang='lat' dir='ltr'><strong>deceptus,</strong></span> <span class='ocrx_word' id='word_1_110' title='bbox 2575 615 2746 672; x_wconf 91' lang='lat' dir='ltr'><strong>immo</strong></span> <span class='ocrx_word' id='word_1_111' title='bbox 2779 615 2932 686; x_wconf 92' lang='lat' dir='ltr'><strong>quod</strong></span> <span class='ocrx_word' id='word_1_112' title='bbox 2963 617 3298 673; x_wconf 87' lang='lat' dir='ltr'><strong>imminebat</strong></span> <span class='ocrx_word' id='word_1_113' title='bbox 3327 618 3379 673; x_wconf 90' lang='lat' dir='ltr'><strong>ei</strong></span> <span class='ocrx_word' id='word_1_114' title='bbox 3412 619 3698 691; x_wconf 85' lang='lat' dir='ltr'><strong>deterius,</strong></span> 
     </span>
    </p>
   </div>
   <div class='ocr_carea' id='block_1_20' title="bbox 2053 704 3700 787">
    <p class='ocr_par' dir='ltr' id='par_1_20' title="bbox 2053 704 3700 787">
     <span class='ocr_line' id='line_1_20' title="bbox 2053 704 3700 787; baseline 0.004 -29"><span class='ocrx_word' id='word_1_115' title='bbox 2053 704 2260 760; x_wconf 88' lang='lat' dir='ltr'><strong>mediis</strong></span> <span class='ocrx_word' id='word_1_116' title='bbox 2291 705 2565 761; x_wconf 89' lang='lat' dir='ltr'><strong>hostibus</strong></span> <span class='ocrx_word' id='word_1_117' title='bbox 2597 719 2743 776; x_wconf 90' lang='lat' dir='ltr'><strong>quos</strong></span> <span class='ocrx_word' id='word_1_118' title='bbox 2778 705 3020 776; x_wconf 84' lang='lat' dir='ltr'><strong>putabat</strong></span> <span class='ocrx_word' id='word_1_119' title='bbox 3061 704 3279 762; x_wconf 91' lang='lat' dir='ltr'><strong>amicos</strong></span> <span class='ocrx_word' id='word_1_120' title='bbox 3313 709 3700 787; x_wconf 77' lang='lat' dir='ltr'><strong>interceptus,</strong></span> 
     </span>
    </p>
   </div>
   <div class='ocr_carea' id='block_1_21' title="bbox 2051 792 3703 865">
    <p class='ocr_par' dir='ltr' id='par_1_21' title="bbox 2051 792 3703 865">
     <span class='ocr_line' id='line_1_21' title="bbox 2051 792 3703 865; baseline 0.006 -17"><span class='ocrx_word' id='word_1_121' title='bbox 2051 792 2345 849; x_wconf 90' lang='lat' dir='ltr'><strong>continuis</strong></span> <span class='ocrx_word' id='word_1_122' title='bbox 2361 800 2420 849; x_wconf 92' lang='lat' dir='ltr'><strong>et</strong></span> <span class='ocrx_word' id='word_1_123' title='bbox 2440 793 2748 850; x_wconf 84' lang='lat' dir='ltr'><strong>nocturnis</strong></span> <span class='ocrx_word' id='word_1_124' title='bbox 2770 793 3080 850; x_wconf 88' lang='lat' dir='ltr'><strong>itineribus</strong></span> <span class='ocrx_word' id='word_1_125' title='bbox 3103 794 3526 865; x_wconf 88' lang='lat' dir='ltr'><strong>Lotharingiam</strong></span> <span class='ocrx_word' id='word_1_126' title='bbox 3549 801 3703 858; x_wconf 88' lang='lat' dir='ltr'><strong>refu-</strong></span> 
     </span>
    </p>
   </div>
   <div class='ocr_carea' id='block_1_22' title="bbox 2053 879 3696 952">
    <p class='ocr_par' dir='ltr' id='par_1_22' title="bbox 2053 879 3696 952">
     <span class='ocr_line' id='line_1_22' title="bbox 2053 879 3696 952; baseline 0.009 -22"><span class='ocrx_word' id='word_1_127' title='bbox 2053 882 2158 950; x_wconf 79' lang='lat' dir='ltr'><strong>git,</strong></span> <span class='ocrx_word' id='word_1_128' title='bbox 2186 879 2305 937; x_wconf 86' lang='lat' dir='ltr'><strong>filio</strong></span> <span class='ocrx_word' id='word_1_129' title='bbox 2331 882 2672 952; x_wconf 90' lang='lat' dir='ltr'><strong>insequente</strong></span> <span class='ocrx_word' id='word_1_130' title='bbox 2699 881 3011 952; x_wconf 82' lang='lat' dir='ltr'><strong>fugientem</strong></span> <span class='ocrx_word' id='word_1_131' title='bbox 3031 897 3160 938; x_wconf 90' lang='lat' dir='ltr'><strong>cum</strong></span> <span class='ocrx_word' id='word_1_132' title='bbox 3183 883 3406 940; x_wconf 88' lang='lat' dir='ltr'><strong>facibus</strong></span> <span class='ocrx_word' id='word_1_133' title='bbox 3420 891 3476 940; x_wconf 93' lang='lat' dir='ltr'><strong>et</strong></span> <span class='ocrx_word' id='word_1_134' title='bbox 3497 889 3696 945; x_wconf 82' lang='lat' dir='ltr'><strong>armis.</strong></span> 
     </span>
    </p>
   </div>
   <div class='ocr_carea' id='block_1_23' title="bbox 2054 968 3701 1040">
    <p class='ocr_par' dir='ltr' id='par_1_23' title="bbox 2054 968 3701 1040">
     <span class='ocr_line' id='line_1_23' title="bbox 2054 968 3701 1040; baseline 0.005 -16"><span class='ocrx_word' id='word_1_135' title='bbox 2054 969 2379 1040; x_wconf 82' lang='lat' dir='ltr'><strong>Factusque</strong></span> <span class='ocrx_word' id='word_1_136' title='bbox 2410 974 2496 1025; x_wconf 91' lang='lat' dir='ltr'><strong>est</strong></span> <span class='ocrx_word' id='word_1_137' title='bbox 2531 968 2614 1024; x_wconf 90' lang='lat' dir='ltr'><strong>illi</strong></span> <span class='ocrx_word' id='word_1_138' title='bbox 2647 969 2790 1026; x_wconf 90' lang='lat' dir='ltr'><strong>adeo</strong></span> <span class='ocrx_word' id='word_1_139' title='bbox 2823 970 3089 1040; x_wconf 88' lang='lat' dir='ltr'><strong>infestus,</strong></span> <span class='ocrx_word' id='word_1_140' title='bbox 3127 975 3186 1026; x_wconf 90' lang='lat' dir='ltr'><strong>ut</strong></span> <span class='ocrx_word' id='word_1_141' title='bbox 3221 971 3276 1026; x_wconf 93' lang='lat' dir='ltr'><strong>in</strong></span> <span class='ocrx_word' id='word_1_142' title='bbox 3307 980 3565 1030; x_wconf 90' lang='lat' dir='ltr'><strong>castrum</strong></span> <span class='ocrx_word' id='word_1_143' title='bbox 3602 977 3701 1032; x_wconf 83' lang='lat' dir='ltr'><strong>Be-</strong></span> 
     </span>
    </p>
   </div>
   <div class='ocr_carea' id='block_1_24' title="bbox 2053 1057 3698 1137">
    <p class='ocr_par' dir='ltr' id='par_1_24' title="bbox 2053 1057 3698 1137">
     <span class='ocr_line' id='line_1_24' title="bbox 2053 1057 3698 1137; baseline 0.005 -24"><span class='ocrx_word' id='word_1_144' title='bbox 2053 1057 2396 1113; x_wconf 88' lang='lat' dir='ltr'><strong>chenesbem</strong></span> <span class='ocrx_word' id='word_1_145' title='bbox 2421 1059 2565 1127; x_wconf 89' lang='lat'><strong>(208)</strong></span> <span class='ocrx_word' id='word_1_146' title='bbox 2594 1060 2678 1114; x_wconf 89' lang='lat' dir='ltr'><strong>cis</strong></span> <span class='ocrx_word' id='word_1_147' title='bbox 2702 1059 2918 1114; x_wconf 79' lang='lat' dir='ltr'><strong>Renum</strong></span> <span class='ocrx_word' id='word_1_148' title='bbox 2951 1059 3264 1129; x_wconf 82' lang='lat' dir='ltr'><strong>fugientem</strong></span> <span class='ocrx_word' id='word_1_149' title='bbox 3293 1062 3698 1137; x_wconf 86' lang='lat' dir='ltr'><strong>concluderet,</strong></span> 
     </span>
    </p>
   </div>
   <div class='ocr_carea' id='block_1_25' title="bbox 2053 1146 3701 1220">
    <p class='ocr_par' dir='ltr' id='par_1_25' title="bbox 2053 1146 3701 1220">
     <span class='ocr_line' id='line_1_25' title="bbox 2053 1146 3701 1220; baseline 0.006 -21"><span class='ocrx_word' id='word_1_150' title='bbox 2053 1151 2112 1200; x_wconf 92' lang='lat' dir='ltr'><strong>et</strong></span> <span class='ocrx_word' id='word_1_151' title='bbox 2135 1146 2358 1202; x_wconf 84' lang='lat' dir='ltr'><strong>exactis</strong></span> <span class='ocrx_word' id='word_1_152' title='bbox 2375 1148 2446 1201; x_wconf 91' lang='lat' dir='ltr'><strong>ab</strong></span> <span class='ocrx_word' id='word_1_153' title='bbox 2463 1161 2532 1202; x_wconf 91' lang='lat' dir='ltr'><strong>eo</strong></span> <span class='ocrx_word' id='word_1_154' title='bbox 2553 1146 2849 1216; x_wconf 79' lang='lat' dir='ltr'><strong>regalibus</strong></span> <span class='ocrx_word' id='word_1_155' title='bbox 2875 1147 3061 1218; x_wconf 85' lang='lat' dir='ltr'><strong>ipsum</strong></span> <span class='ocrx_word' id='word_1_156' title='bbox 3088 1163 3316 1219; x_wconf 91' lang='lat' dir='ltr'><strong>quoque</strong></span> <span class='ocrx_word' id='word_1_157' title='bbox 3339 1164 3577 1220; x_wconf 87' lang='lat' dir='ltr'><strong>regnum</strong></span> <span class='ocrx_word' id='word_1_158' title='bbox 3605 1155 3701 1209; x_wconf 84' lang='lat' dir='ltr'><strong>ab-</strong></span> 
     </span>
    </p>
   </div>
   <div class='ocr_carea' id='block_1_26' title="bbox 2047 1233 3696 1304">
    <p class='ocr_par' dir='ltr' id='par_1_26' title="bbox 2047 1233 3696 1304">
     <span class='ocr_line' id='line_1_26' title="bbox 2047 1233 3696 1304; baseline 0.005 -14"><span class='ocrx_word' id='word_1_159' title='bbox 2047 1233 2247 1304; x_wconf 87' lang='lat' dir='ltr'><strong>jurare</strong></span> <span class='ocrx_word' id='word_1_160' title='bbox 2275 1234 2674 1304; x_wconf 88' lang='lat' dir='ltr'><strong>compelleret.</strong></span> <span class='ocrx_word' id='word_1_161' title='bbox 2718 1237 2890 1291; x_wconf 86' lang='lat' dir='ltr'><strong>Facta</strong></span> <span class='ocrx_word' id='word_1_162' title='bbox 2922 1241 3055 1291; x_wconf 91' lang='lat' dir='ltr'><strong>sunt</strong></span> <span class='ocrx_word' id='word_1_163' title='bbox 3087 1237 3210 1293; x_wconf 70' lang='lat' dir='ltr'><strong>hzec</strong></span> <span class='ocrx_word' id='word_1_164' title='bbox 3246 1241 3380 1293; x_wconf 91' lang='lat'><strong>1106</strong></span> <span class='ocrx_word' id='word_1_165' title='bbox 3412 1239 3696 1298; x_wconf 91' lang='lat' dir='ltr'><strong>incarnati</strong></span> 
     </span>
    </p>
   </div>
   <div class='ocr_carea' id='block_1_27' title="bbox 2052 1321 3697 1398">
    <p class='ocr_par' dir='ltr' id='par_1_27' title="bbox 2052 1321 3697 1398">
     <span class='ocr_line' id='line_1_27' title="bbox 2052 1321 3697 1398; baseline 0.006 -22"><span class='ocrx_word' id='word_1_166' title='bbox 2052 1321 2225 1377; x_wconf 87' lang='lat' dir='ltr'><strong>Verbi</strong></span> <span class='ocrx_word' id='word_1_167' title='bbox 2259 1337 2408 1378; x_wconf 89' lang='lat' dir='ltr'><strong>anno</strong></span> <span class='ocrx_word' id='word_1_168' title='bbox 2441 1323 2599 1391; x_wconf 79' lang='lat' dir='ltr'><strong>(Dec.</strong></span> <span class='ocrx_word' id='word_1_169' title='bbox 2625 1325 2736 1395; x_wconf 88' lang='lat'><strong>31).</strong></span> <span class='ocrx_word' id='word_1_170' title='bbox 2769 1324 2861 1378; x_wconf 80' lang='lat' dir='ltr'><strong>Sic</strong></span> <span class='ocrx_word' id='word_1_171' title='bbox 2897 1329 3062 1394; x_wconf 91' lang='lat' dir='ltr'><strong>pater</strong></span> <span class='ocrx_word' id='word_1_172' title='bbox 3093 1339 3122 1380; x_wconf 93' lang='lat' dir='ltr'><strong>a</strong></span> <span class='ocrx_word' id='word_1_173' title='bbox 3156 1324 3274 1381; x_wconf 89' lang='lat' dir='ltr'><strong>filio</strong></span> <span class='ocrx_word' id='word_1_174' title='bbox 3301 1331 3614 1398; x_wconf 88' lang='lat' dir='ltr'><strong>tractatus,</strong></span> <span class='ocrx_word' id='word_1_175' title='bbox 3638 1334 3697 1386; x_wconf 92' lang='lat' dir='ltr'><strong>et</strong></span> 
     </span>
    </p>
   </div>
   <div class='ocr_carea' id='block_1_28' title="bbox 2051 1408 3700 1480">
    <p class='ocr_par' dir='ltr' id='par_1_28' title="bbox 2051 1408 3700 1480">
     <span class='ocr_line' id='line_1_28' title="bbox 2051 1408 3700 1480; baseline 0.006 -18"><span class='ocrx_word' id='word_1_176' title='bbox 2051 1410 2148 1462; x_wconf 78' lang='lat' dir='ltr'><strong>vix</strong></span> <span class='ocrx_word' id='word_1_177' title='bbox 2167 1408 2238 1464; x_wconf 89' lang='lat' dir='ltr'><strong>de</strong></span> <span class='ocrx_word' id='word_1_178' title='bbox 2257 1409 2522 1464; x_wconf 89' lang='lat' dir='ltr'><strong>custodia</strong></span> <span class='ocrx_word' id='word_1_179' title='bbox 2543 1409 2668 1478; x_wconf 87' lang='lat' dir='ltr'><strong>ejus</strong></span> <span class='ocrx_word' id='word_1_180' title='bbox 2684 1409 2936 1480; x_wconf 88' lang='lat' dir='ltr'><strong>elapsus,</strong></span> <span class='ocrx_word' id='word_1_181' title='bbox 2953 1410 3245 1466; x_wconf 90' lang='lat' dir='ltr'><strong>Coloniam</strong></span> <span class='ocrx_word' id='word_1_182' title='bbox 3268 1413 3443 1476; x_wconf 88' lang='lat' dir='ltr'><strong>venit,</strong></span> <span class='ocrx_word' id='word_1_183' title='bbox 3462 1415 3568 1470; x_wconf 91' lang='lat' dir='ltr'><strong>sibi</strong></span> <span class='ocrx_word' id='word_1_184' title='bbox 3589 1415 3700 1471; x_wconf 90' lang='lat' dir='ltr'><strong>sol-</strong></span> 
     </span>
    </p>
   </div>
   <div class='ocr_carea' id='block_1_29' title="bbox 2053 1494 3700 1571">
    <p class='ocr_par' dir='ltr' id='par_1_29' title="bbox 2053 1494 3700 1571">
     <span class='ocr_line' id='line_1_29' title="bbox 2053 1494 3700 1571; baseline 0.005 -21"><span class='ocrx_word' id='word_1_185' title='bbox 2053 1494 2160 1551; x_wconf 88' lang='lat' dir='ltr'><strong>lem</strong></span> <span class='ocrx_word' id='word_1_186' title='bbox 2173 1497 2363 1568; x_wconf 89' lang='lat' dir='ltr'><strong>pniter</strong></span> <span class='ocrx_word' id='word_1_187' title='bbox 2381 1498 2712 1553; x_wconf 89' lang='lat' dir='ltr'><strong>volentibus</strong></span> <span class='ocrx_word' id='word_1_188' title='bbox 2735 1498 3048 1568; x_wconf 89' lang='lat' dir='ltr'><strong>procedere</strong></span> <span class='ocrx_word' id='word_1_189' title='bbox 3069 1512 3180 1555; x_wconf 87' lang='lat' dir='ltr'><strong>non</strong></span> <span class='ocrx_word' id='word_1_190' title='bbox 3200 1501 3516 1571; x_wconf 87' lang='lat' dir='ltr'><strong>consensit,</strong></span> <span class='ocrx_word' id='word_1_191' title='bbox 3542 1503 3700 1558; x_wconf 90' lang='lat' dir='ltr'><strong>inde-</strong></span> 
     </span>
    </p>
   </div>
   <div class='ocr_carea' id='block_1_30' title="bbox 2054 1585 3699 1659">
    <p class='ocr_par' dir='ltr' id='par_1_30' title="bbox 2054 1585 3699 1659">
     <span class='ocr_line' id='line_1_30' title="bbox 2054 1585 3699 1659; baseline 0.005 -19"><span class='ocrx_word' id='word_1_192' title='bbox 2054 1599 2164 1656; x_wconf 90' lang='lat' dir='ltr'><strong>que</strong></span> <span class='ocrx_word' id='word_1_193' title='bbox 2201 1591 2257 1640; x_wconf 92' lang='lat' dir='ltr'><strong>ut</strong></span> <span class='ocrx_word' id='word_1_194' title='bbox 2295 1585 2557 1656; x_wconf 89' lang='lat' dir='ltr'><strong>privatus</strong></span> <span class='ocrx_word' id='word_1_195' title='bbox 2591 1585 2760 1642; x_wconf 87' lang='lat' dir='ltr'><strong>nudis</strong></span> <span class='ocrx_word' id='word_1_196' title='bbox 2791 1586 3038 1656; x_wconf 90' lang='lat' dir='ltr'><strong>pedibus</strong></span> <span class='ocrx_word' id='word_1_197' title='bbox 3070 1588 3124 1642; x_wconf 89' lang='lat' dir='ltr'><strong>in</strong></span> <span class='ocrx_word' id='word_1_198' title='bbox 3159 1589 3476 1659; x_wconf 89' lang='lat' dir='ltr'><strong>asperrima</strong></span> <span class='ocrx_word' id='word_1_199' title='bbox 3511 1592 3699 1649; x_wconf 86' lang='lat' dir='ltr'><strong>hieme</strong></span> 
     </span>
    </p>
   </div>
   <div class='ocr_carea' id='block_1_31' title="bbox 2052 1673 3699 1747">
    <p class='ocr_par' dir='ltr' id='par_1_31' title="bbox 2052 1673 3699 1747">
     <span class='ocr_line' id='line_1_31' title="bbox 2052 1673 3699 1747; baseline 0.005 -19"><span class='ocrx_word' id='word_1_200' title='bbox 2052 1673 2397 1744; x_wconf 82' lang='lat' dir='ltr'><strong>Aquisgrani</strong></span> <span class='ocrx_word' id='word_1_201' title='bbox 2423 1673 2698 1744; x_wconf 88' lang='lat' dir='ltr'><strong>palatium</strong></span> <span class='ocrx_word' id='word_1_202' title='bbox 2717 1675 3076 1745; x_wconf 88' lang='lat' dir='ltr'><strong>peraccessit</strong></span> <span class='ocrx_word' id='word_1_203' title='bbox 3097 1675 3218 1734; x_wconf 81' lang='lat' dir='ltr'><strong>(an.</strong></span> <span class='ocrx_word' id='word_1_204' title='bbox 3243 1680 3420 1747; x_wconf 86' lang='lat'><strong>1106).</strong></span> <span class='ocrx_word' id='word_1_205' title='bbox 3445 1678 3699 1737; x_wconf 87' lang='lat' dir='ltr'><strong>Obertus</strong></span> 
     </span>
    </p>
   </div>
   <div class='ocr_carea' id='block_1_32' title="bbox 2052 1761 3702 1838">
    <p class='ocr_par' dir='ltr' id='par_1_32' title="bbox 2052 1761 3702 1838">
     <span class='ocr_line' id='line_1_32' title="bbox 2052 1761 3702 1838; baseline 0.004 -20"><span class='ocrx_word' id='word_1_206' title='bbox 2052 1761 2256 1818; x_wconf 90' lang='lat' dir='ltr'><strong>dolens</strong></span> <span class='ocrx_word' id='word_1_207' title='bbox 2288 1763 2409 1817; x_wconf 76' lang='lat' dir='ltr'><strong>hzec</strong></span> <span class='ocrx_word' id='word_1_208' title='bbox 2439 1763 2708 1818; x_wconf 84' lang='lat' dir='ltr'><strong>evenisse</strong></span> <span class='ocrx_word' id='word_1_209' title='bbox 2739 1761 2844 1830; x_wconf 92' lang='lat' dir='ltr'><strong>illi,</strong></span> <span class='ocrx_word' id='word_1_210' title='bbox 2878 1764 3060 1832; x_wconf 89' lang='lat' dir='ltr'><strong>magis</strong></span> <span class='ocrx_word' id='word_1_211' title='bbox 3089 1770 3279 1820; x_wconf 88' lang='lat' dir='ltr'><strong>autem</strong></span> <span class='ocrx_word' id='word_1_212' title='bbox 3304 1768 3351 1821; x_wconf 92' lang='lat' dir='ltr'><strong>si</strong></span> <span class='ocrx_word' id='word_1_213' title='bbox 3377 1766 3531 1823; x_wconf 89' lang='lat' dir='ltr'><strong>filius</strong></span> <span class='ocrx_word' id='word_1_214' title='bbox 3556 1783 3702 1838; x_wconf 74' lang='lat' dir='ltr'><strong>prae-</strong></span> 
     </span>
    </p>
   </div>
   <div class='ocr_carea' id='block_1_33' title="bbox 355 1850 3698 1938">
    <p class='ocr_par' dir='ltr' id='par_1_33' title="bbox 355 1850 3698 1938">
     <span class='ocr_line' id='line_1_33' title="bbox 355 1850 3698 1938; baseline -0.003 -16"><span class='ocrx_word' id='word_1_215' title='bbox 355 1872 449 1927; x_wconf 86' lang='lat'><strong>97.</strong></span> <span class='ocrx_word' id='word_1_216' title='bbox 485 1868 657 1938; x_wconf 85' lang='lat'><strong>(127.)</strong></span> <span class='ocrx_word' id='word_1_217' title='bbox 691 1868 981 1935; x_wconf 84' lang='lat' dir='ltr'><strong>Sequente</strong></span> <span class='ocrx_word' id='word_1_218' title='bbox 1005 1878 1178 1934; x_wconf 89' lang='lat' dir='ltr'><strong>pasca</strong></span> <span class='ocrx_word' id='word_1_219' title='bbox 1203 1864 1482 1920; x_wconf 89' lang='lat' dir='ltr'><strong>Henricus</strong></span> <span class='ocrx_word' id='word_1_220' title='bbox 1507 1879 1606 1918; x_wconf 89' lang='lat' dir='ltr'><strong>rex</strong></span> <span class='ocrx_word' id='word_1_221' title='bbox 1633 1863 1822 1919; x_wconf 88' lang='lat' dir='ltr'><strong>Leodii</strong></span> <span class='ocrx_word' id='word_1_222' title='bbox 1845 1877 1937 1920; x_wconf 88' lang='lat' dir='ltr'><strong>ce-</strong></span> <span class='ocrx_word' id='word_1_223' title='bbox 1965 1866 2018 1924; x_wconf 86' lang='grc' dir='ltr'>Β</span> <span class='ocrx_word' id='word_1_224' title='bbox 2051 1850 2274 1905; x_wconf 85' lang='lat' dir='ltr'><strong>valeret</strong></span> <span class='ocrx_word' id='word_1_225' title='bbox 2298 1850 2508 1906; x_wconf 89' lang='lat' dir='ltr'><strong>timens</strong></span> <span class='ocrx_word' id='word_1_226' title='bbox 2528 1851 2662 1920; x_wconf 89' lang='lat' dir='ltr'><strong>sibi,</strong></span> <span class='ocrx_word' id='word_1_227' title='bbox 2685 1851 2852 1920; x_wconf 90' lang='lat' dir='ltr'><strong>quasi</strong></span> <span class='ocrx_word' id='word_1_228' title='bbox 2884 1853 3073 1920; x_wconf 89' lang='lat' dir='ltr'><strong>gratia</strong></span> <span class='ocrx_word' id='word_1_229' title='bbox 3107 1852 3408 1910; x_wconf 89' lang='lat' dir='ltr'><strong>fidelitatis</strong></span> <span class='ocrx_word' id='word_1_230' title='bbox 3437 1856 3698 1912; x_wconf 90' lang='lat' dir='ltr'><strong>occurrit</strong></span> 
     </span>
    </p>
   </div>
   <div class='ocr_carea' id='block_1_34' title="bbox 285 1951 1936 2024">
    <p class='ocr_par' dir='ltr' id='par_1_34' title="bbox 285 1951 1936 2024">
     <span class='ocr_line' id='line_1_34' title="bbox 285 1951 1936 2024; baseline -0.004 -10"><span class='ocrx_word' id='word_1_231' title='bbox 285 1957 540 2016; x_wconf 84' lang='lat' dir='ltr'><strong>lebravit</strong></span> <span class='ocrx_word' id='word_1_232' title='bbox 559 1957 731 2024; x_wconf 78' lang='lat'><strong>(207).</strong></span> <span class='ocrx_word' id='word_1_233' title='bbox 753 1954 833 2008; x_wconf 93' lang='lat' dir='ltr'><strong>lbi</strong></span> <span class='ocrx_word' id='word_1_234' title='bbox 860 1952 1122 2007; x_wconf 85' lang='lat' dir='ltr'><strong>maximis</strong></span> <span class='ocrx_word' id='word_1_235' title='bbox 1145 1951 1402 2006; x_wconf 84' lang='lat' dir='ltr'><strong>obsoniis</strong></span> <span class='ocrx_word' id='word_1_236' title='bbox 1427 1954 1576 2022; x_wconf 86' lang='lat' dir='ltr'><strong>apud</strong></span> <span class='ocrx_word' id='word_1_237' title='bbox 1601 1968 1729 2008; x_wconf 89' lang='lat' dir='ltr'><strong>eum</strong></span> <span class='ocrx_word' id='word_1_238' title='bbox 1757 1954 1936 2008; x_wconf 90' lang='lat' dir='ltr'><strong>Ober-</strong></span> 
     </span>
    </p>
   </div>
   <div class='ocr_carea' id='block_1_35' title="bbox 289 2039 1932 2111">
    <p class='ocr_par' dir='ltr' id='par_1_35' title="bbox 289 2039 1932 2111">
     <span class='ocr_line' id='line_1_35' title="bbox 289 2039 1932 2111; baseline -0.005 -8"><span class='ocrx_word' id='word_1_239' title='bbox 289 2049 386 2103; x_wconf 80' lang='lat' dir='ltr'><strong>tus</strong></span> <span class='ocrx_word' id='word_1_240' title='bbox 409 2044 622 2111; x_wconf 78' lang='lat' dir='ltr'><strong>effecit,</strong></span> <span class='ocrx_word' id='word_1_241' title='bbox 657 2059 726 2097; x_wconf 89' lang='lat' dir='ltr'><strong>ne</strong></span> <span class='ocrx_word' id='word_1_242' title='bbox 763 2042 1056 2111; x_wconf 70' lang='lat' dir='ltr'><strong>prtefixum</strong></span> <span class='ocrx_word' id='word_1_243' title='bbox 1089 2039 1398 2094; x_wconf 86' lang='lat' dir='ltr'><strong>concilium</strong></span> <span class='ocrx_word' id='word_1_244' title='bbox 1433 2040 1682 2096; x_wconf 70' lang='lat' dir='ltr'><strong>Colonia:</strong></span> <span class='ocrx_word' id='word_1_245' title='bbox 1715 2041 1932 2096; x_wconf 86' lang='lat' dir='ltr'><strong>sineret</strong></span> 
     </span>
    </p>
   </div>
   <div class='ocr_carea' id='block_1_36' title="bbox 287 2127 1932 2202">
    <p class='ocr_par' dir='ltr' id='par_1_36' title="bbox 287 2127 1932 2202">
     <span class='ocr_line' id='line_1_36' title="bbox 287 2127 1932 2202; baseline -0.005 -12"><span class='ocrx_word' id='word_1_246' title='bbox 287 2132 436 2202; x_wconf 81' lang='lat' dir='ltr'><strong>ﬂeri,</strong></span> <span class='ocrx_word' id='word_1_247' title='bbox 469 2131 600 2201; x_wconf 88' lang='lat' dir='ltr'><strong>quia</strong></span> <span class='ocrx_word' id='word_1_248' title='bbox 633 2129 995 2185; x_wconf 89' lang='lat' dir='ltr'><strong>dissimulata</strong></span> <span class='ocrx_word' id='word_1_249' title='bbox 1026 2127 1358 2182; x_wconf 84' lang='lat' dir='ltr'><strong>conditione</strong></span> <span class='ocrx_word' id='word_1_250' title='bbox 1389 2128 1519 2183; x_wconf 87' lang='lat' dir='ltr'><strong>fidei</strong></span> <span class='ocrx_word' id='word_1_251' title='bbox 1549 2129 1820 2197; x_wconf 68' lang='grc' dir='ltr'><strong>οοηώιίρ,</strong></span> <span class='ocrx_word' id='word_1_252' title='bbox 1849 2128 1932 2184; x_wconf 91' lang='lat' dir='ltr'><strong>di-</strong></span> 
     </span>
    </p>
   </div>
   <div class='ocr_carea' id='block_1_37' title="bbox 293 2215 1931 2288">
    <p class='ocr_par' dir='ltr' id='par_1_37' title="bbox 293 2215 1931 2288">
     <span class='ocr_line' id='line_1_37' title="bbox 293 2215 1931 2288; baseline -0.004 -10"><span class='ocrx_word' id='word_1_253' title='bbox 293 2219 572 2278; x_wconf 87' lang='lat' dir='ltr'><strong>rectionis</strong></span> <span class='ocrx_word' id='word_1_254' title='bbox 626 2224 810 2288; x_wconf 67' lang='lat' dir='ltr'><strong>pactae</strong></span> <span class='ocrx_word' id='word_1_255' title='bbox 867 2217 1178 2271; x_wconf 88' lang='lat' dir='ltr'><strong>verebatur</strong></span> <span class='ocrx_word' id='word_1_256' title='bbox 1197 2215 1577 2271; x_wconf 90' lang='lat' dir='ltr'><strong>exactionem.</strong></span> <span class='ocrx_word' id='word_1_257' title='bbox 1603 2215 1816 2286; x_wconf 89' lang='lat' dir='ltr'><strong>Siquid</strong></span> <span class='ocrx_word' id='word_1_258' title='bbox 1836 2216 1931 2272; x_wconf 84' lang='lat' dir='ltr'><strong>de-</strong></span> 
     </span>
    </p>
   </div>
   <div class='ocr_carea' id='block_1_38' title="bbox 285 2304 1931 2379">
    <p class='ocr_par' dir='ltr' id='par_1_38' title="bbox 285 2304 1931 2379">
     <span class='ocr_line' id='line_1_38' title="bbox 285 2304 1931 2379; baseline -0.001 -15"><span class='ocrx_word' id='word_1_259' title='bbox 285 2307 461 2379; x_wconf 91' lang='lat' dir='ltr'><strong>nique</strong></span> <span class='ocrx_word' id='word_1_260' title='bbox 483 2304 907 2363; x_wconf 87' lang='lat' dir='ltr'><strong>emendationis</strong></span> <span class='ocrx_word' id='word_1_261' title='bbox 929 2305 1080 2374; x_wconf 87' lang='lat' dir='ltr'><strong>apud</strong></span> <span class='ocrx_word' id='word_1_262' title='bbox 1108 2319 1366 2373; x_wconf 89' lang='lat' dir='ltr'><strong>quosque</strong></span> <span class='ocrx_word' id='word_1_263' title='bbox 1393 2307 1754 2374; x_wconf 80' lang='lat' dir='ltr'><strong>potentiores</strong></span> <span class='ocrx_word' id='word_1_264' title='bbox 1778 2305 1931 2362; x_wconf 89' lang='lat' dir='ltr'><strong>vide-</strong></span> 
     </span>
    </p>
   </div>
   <div class='ocr_carea' id='block_1_39' title="bbox 284 2391 1931 2461">
    <p class='ocr_par' dir='ltr' id='par_1_39' title="bbox 284 2391 1931 2461">
     <span class='ocr_line' id='line_1_39' title="bbox 284 2391 1931 2461; baseline -0.003 -8"><span class='ocrx_word' id='word_1_265' title='bbox 284 2396 460 2454; x_wconf 77' lang='lat' dir='ltr'><strong>batur</strong></span> <span class='ocrx_word' id='word_1_266' title='bbox 491 2395 623 2449; x_wconf 90' lang='lat' dir='ltr'><strong>inde</strong></span> <span class='ocrx_word' id='word_1_267' title='bbox 651 2393 936 2461; x_wconf 76' lang='lat' dir='ltr'><strong>effecisse,</strong></span> <span class='ocrx_word' id='word_1_268' title='bbox 971 2406 1078 2445; x_wconf 93' lang='lat' dir='ltr'><strong>non</strong></span> <span class='ocrx_word' id='word_1_269' title='bbox 1111 2391 1216 2446; x_wconf 91' lang='lat' dir='ltr'><strong>hoc</strong></span> <span class='ocrx_word' id='word_1_270' title='bbox 1248 2391 1525 2446; x_wconf 77' lang='lat' dir='ltr'><strong>effecerat</strong></span> <span class='ocrx_word' id='word_1_271' title='bbox 1553 2391 1641 2446; x_wconf 91' lang='lat' dir='ltr'><strong>vel</strong></span> <span class='ocrx_word' id='word_1_272' title='bbox 1673 2392 1804 2447; x_wconf 90' lang='lat' dir='ltr'><strong>fidei</strong></span> <span class='ocrx_word' id='word_1_273' title='bbox 1839 2394 1931 2448; x_wconf 88' lang='lat' dir='ltr'><strong>vel</strong></span> 
     </span>
    </p>
   </div>
   <div class='ocr_carea' id='block_1_40' title="bbox 281 2478 1932 2550">
    <p class='ocr_par' dir='ltr' id='par_1_40' title="bbox 281 2478 1932 2550">
     <span class='ocr_line' id='line_1_40' title="bbox 281 2478 1932 2550; baseline -0.002 -8"><span class='ocrx_word' id='word_1_274' title='bbox 281 2485 524 2542; x_wconf 90' lang='lat' dir='ltr'><strong>virtutis</strong></span> <span class='ocrx_word' id='word_1_275' title='bbox 553 2481 921 2549; x_wconf 89' lang='lat' dir='ltr'><strong>executione,</strong></span> <span class='ocrx_word' id='word_1_276' title='bbox 954 2478 1054 2534; x_wconf 88' lang='lat' dir='ltr'><strong>sed</strong></span> <span class='ocrx_word' id='word_1_277' title='bbox 1081 2485 1140 2534; x_wconf 90' lang='lat' dir='ltr'><strong>ut</strong></span> <span class='ocrx_word' id='word_1_278' title='bbox 1164 2479 1233 2534; x_wconf 93' lang='lat' dir='ltr'><strong>ad</strong></span> <span class='ocrx_word' id='word_1_279' title='bbox 1257 2483 1488 2550; x_wconf 88' lang='lat' dir='ltr'><strong>tempus</strong></span> <span class='ocrx_word' id='word_1_280' title='bbox 1515 2495 1636 2536; x_wconf 70' lang='lat' dir='ltr'><strong>suae</strong></span> <span class='ocrx_word' id='word_1_281' title='bbox 1665 2482 1932 2539; x_wconf 90' lang='lat' dir='ltr'><strong>consule-</strong></span> 
     </span>
    </p>
   </div>
   <div class='ocr_carea' id='block_1_41' title="bbox 287 2567 1932 2639">
    <p class='ocr_par' dir='ltr' id='par_1_41' title="bbox 287 2567 1932 2639">
     <span class='ocr_line' id='line_1_41' title="bbox 287 2567 1932 2639; baseline 0 -11"><span class='ocrx_word' id='word_1_282' title='bbox 287 2576 377 2630; x_wconf 83' lang='lat' dir='ltr'><strong>ret</strong></span> <span class='ocrx_word' id='word_1_283' title='bbox 407 2571 678 2627; x_wconf 61' lang='lat' dir='ltr'><strong>infamiae.</strong></span> <span class='ocrx_word' id='word_1_284' title='bbox 718 2569 811 2625; x_wconf 88' lang='lat' dir='ltr'><strong>Sic</strong></span> <span class='ocrx_word' id='word_1_285' title='bbox 847 2583 921 2624; x_wconf 82' lang='lat' dir='ltr'><strong>ex</strong></span> <span class='ocrx_word' id='word_1_286' title='bbox 958 2568 1138 2636; x_wconf 86' lang='lat' dir='ltr'><strong>regali</strong></span> <span class='ocrx_word' id='word_1_287' title='bbox 1181 2567 1591 2639; x_wconf 89' lang='lat' dir='ltr'><strong>impedimento</strong></span> <span class='ocrx_word' id='word_1_288' title='bbox 1623 2570 1932 2628; x_wconf 86' lang='lat' dir='ltr'><strong>deficiente</strong></span> 
     </span>
    </p>
   </div>
   <div class='ocr_carea' id='block_1_42' title="bbox 283 2659 1930 2728">
    <p class='ocr_par' dir='ltr' id='par_1_42' title="bbox 283 2659 1930 2728">
     <span class='ocr_line' id='line_1_42' title="bbox 283 2659 1930 2728; baseline -0.001 -10"><span class='ocrx_word' id='word_1_289' title='bbox 283 2661 555 2727; x_wconf 90' lang='lat' dir='ltr'><strong>concilio,</strong></span> <span class='ocrx_word' id='word_1_290' title='bbox 578 2665 772 2713; x_wconf 84' lang='lat' dir='ltr'><strong>nostra</strong></span> <span class='ocrx_word' id='word_1_291' title='bbox 794 2673 1022 2728; x_wconf 91' lang='lat' dir='ltr'><strong>quoque</strong></span> <span class='ocrx_word' id='word_1_292' title='bbox 1047 2659 1323 2712; x_wconf 90' lang='lat' dir='ltr'><strong>frustrata</strong></span> <span class='ocrx_word' id='word_1_293' title='bbox 1343 2663 1434 2712; x_wconf 90' lang='lat' dir='ltr'><strong>est</strong></span> <span class='ocrx_word' id='word_1_294' title='bbox 1453 2659 1523 2713; x_wconf 88' lang='lat' dir='ltr'><strong>de</strong></span> <span class='ocrx_word' id='word_1_295' title='bbox 1545 2660 1930 2728; x_wconf 89' lang='lat' dir='ltr'><strong>promissione</strong></span> 
     </span>
    </p>
   </div>
   <div class='ocr_carea' id='block_1_43' title="bbox 284 2747 1930 2819">
    <p class='ocr_par' dir='ltr' id='par_1_43' title="bbox 284 2747 1930 2819">
     <span class='ocr_line' id='line_1_43' title="bbox 284 2747 1930 2819; baseline -0.001 -13"><span class='ocrx_word' id='word_1_296' title='bbox 284 2747 710 2819; x_wconf 83' lang='lat' dir='ltr'><strong>archiepiscopi</strong></span> <span class='ocrx_word' id='word_1_297' title='bbox 739 2747 1090 2818; x_wconf 85' lang='lat' dir='ltr'><strong>expectatio.</strong></span> <span class='ocrx_word' id='word_1_298' title='bbox 1126 2747 1239 2800; x_wconf 84' lang='lat' dir='ltr'><strong>Nec</strong></span> <span class='ocrx_word' id='word_1_299' title='bbox 1265 2747 1445 2801; x_wconf 92' lang='lat' dir='ltr'><strong>multo</strong></span> <span class='ocrx_word' id='word_1_300' title='bbox 1467 2754 1597 2817; x_wconf 91' lang='lat' dir='ltr'><strong>post</strong></span> <span class='ocrx_word' id='word_1_301' title='bbox 1623 2749 1930 2804; x_wconf 89' lang='lat' dir='ltr'><strong>suscitavit</strong></span> 
     </span>
    </p>
   </div>
   <div class='ocr_carea' id='block_1_44' title="bbox 282 2835 1929 2907">
    <p class='ocr_par' dir='ltr' id='par_1_44' title="bbox 282 2835 1929 2907">
     <span class='ocr_line' id='line_1_44' title="bbox 282 2835 1929 2907; baseline -0.001 -13"><span class='ocrx_word' id='word_1_302' title='bbox 282 2837 439 2894; x_wconf 89' lang='lat' dir='ltr'><strong>Deus</strong></span> <span class='ocrx_word' id='word_1_303' title='bbox 471 2837 742 2906; x_wconf 83' lang='lat' dir='ltr'><strong>Spiritum</strong></span> <span class='ocrx_word' id='word_1_304' title='bbox 779 2836 1087 2907; x_wconf 88' lang='lat' dir='ltr'><strong>pessimum</strong></span> <span class='ocrx_word' id='word_1_305' title='bbox 1129 2835 1280 2889; x_wconf 89' lang='lat' dir='ltr'><strong>inter</strong></span> <span class='ocrx_word' id='word_1_306' title='bbox 1321 2836 1627 2890; x_wconf 84' lang='lat' dir='ltr'><strong>Henricum</strong></span> <span class='ocrx_word' id='word_1_307' title='bbox 1659 2842 1718 2891; x_wconf 90' lang='lat' dir='ltr'><strong>et</strong></span> <span class='ocrx_word' id='word_1_308' title='bbox 1751 2837 1929 2894; x_wconf 85' lang='lat' dir='ltr'><strong>filium</strong></span> 
     </span>
    </p>
   </div>
   <div class='ocr_carea' id='block_1_45' title="bbox 283 2923 1932 2998">
    <p class='ocr_par' dir='ltr' id='par_1_45' title="bbox 283 2923 1932 2998">
     <span class='ocr_line' id='line_1_45' title="bbox 283 2923 1932 2998; baseline 0.001 -16"><span class='ocrx_word' id='word_1_309' title='bbox 283 2926 436 2998; x_wconf 89' lang='lat' dir='ltr'><strong>ejus.</strong></span> <span class='ocrx_word' id='word_1_310' title='bbox 472 2925 756 2980; x_wconf 83' lang='lat' dir='ltr'><strong>Henricus</strong></span> <span class='ocrx_word' id='word_1_311' title='bbox 788 2939 816 2978; x_wconf 93' lang='lat' dir='ltr'><strong>a</strong></span> <span class='ocrx_word' id='word_1_312' title='bbox 853 2938 998 2994; x_wconf 92' lang='lat' dir='ltr'><strong>papa</strong></span> <span class='ocrx_word' id='word_1_313' title='bbox 1033 2923 1310 2992; x_wconf 82' lang='lat' dir='ltr'><strong>Gregorio</strong></span> <span class='ocrx_word' id='word_1_314' title='bbox 1344 2924 1438 2978; x_wconf 79' lang='grc' dir='ltr'><strong>νη</strong></span> <span class='ocrx_word' id='word_1_315' title='bbox 1471 2927 1932 2983; x_wconf 87' lang='lat' dir='ltr'><strong>excommunica-</strong></span> 
     </span>
    </p>
   </div>
   <div class='ocr_carea' id='block_1_46' title="bbox 286 3012 1932 3085">
    <p class='ocr_par' dir='ltr' id='par_1_46' title="bbox 286 3012 1932 3085">
     <span class='ocr_line' id='line_1_46' title="bbox 286 3012 1932 3085; baseline 0.001 -15"><span class='ocrx_word' id='word_1_316' title='bbox 286 3017 382 3070; x_wconf 81' lang='lat' dir='ltr'><strong>tus</strong></span> <span class='ocrx_word' id='word_1_317' title='bbox 416 3027 520 3085; x_wconf 93' lang='lat' dir='ltr'><strong>pro</strong></span> <span class='ocrx_word' id='word_1_318' title='bbox 549 3013 892 3068; x_wconf 86' lang='lat' dir='ltr'><strong>criminibus</strong></span> <span class='ocrx_word' id='word_1_319' title='bbox 931 3012 1233 3068; x_wconf 82' lang='lat' dir='ltr'><strong>evidenter</strong></span> <span class='ocrx_word' id='word_1_320' title='bbox 1273 3013 1536 3084; x_wconf 89' lang='lat' dir='ltr'><strong>probatis</strong></span> <span class='ocrx_word' id='word_1_321' title='bbox 1565 3029 1715 3071; x_wconf 91' lang='lat' dir='ltr'><strong>anno</strong></span> <span class='ocrx_word' id='word_1_322' title='bbox 1747 3015 1932 3071; x_wconf 83' lang='lat' dir='ltr'><strong>incar-</strong></span> 
     </span>
    </p>
   </div>
   <div class='ocr_carea' id='block_1_47' title="bbox 283 3100 1931 3174">
    <p class='ocr_par' dir='ltr' id='par_1_47' title="bbox 283 3100 1931 3174">
     <span class='ocr_line' id='line_1_47' title="bbox 283 3100 1931 3174; baseline 0.001 -16"><span class='ocrx_word' id='word_1_323' title='bbox 283 3100 403 3158; x_wconf 88' lang='lat' dir='ltr'><strong>nati</strong></span> <span class='ocrx_word' id='word_1_324' title='bbox 436 3101 607 3156; x_wconf 87' lang='lat' dir='ltr'><strong>Verbi</strong></span> <span class='ocrx_word' id='word_1_325' title='bbox 649 3104 780 3156; x_wconf 88' lang='lat'><strong>1076</strong></span> <span class='ocrx_word' id='word_1_326' title='bbox 813 3101 865 3154; x_wconf 93' lang='lat' dir='ltr'><strong>in</strong></span> <span class='ocrx_word' id='word_1_327' title='bbox 901 3100 1122 3169; x_wconf 78' lang='lat' dir='ltr'><strong>synodo</strong></span> <span class='ocrx_word' id='word_1_328' title='bbox 1151 3101 1422 3170; x_wconf 84' lang='lat' dir='ltr'><strong>Romana,</strong></span> <span class='ocrx_word' id='word_1_329' title='bbox 1451 3108 1665 3158; x_wconf 90' lang='lat' dir='ltr'><strong>extunc</strong></span> <span class='ocrx_word' id='word_1_330' title='bbox 1697 3119 1800 3174; x_wconf 84' lang='lat' dir='ltr'><strong>per</strong></span> <span class='ocrx_word' id='word_1_331' title='bbox 1828 3104 1931 3160; x_wconf 90' lang='lat' dir='ltr'><strong>tri-</strong></span> 
     </span>
    </p>
   </div>
   <div class='ocr_carea' id='block_1_48' title="bbox 283 3186 2012 3276">
    <p class='ocr_par' dir='ltr' id='par_1_48' title="bbox 283 3186 2012 3276">
     <span class='ocr_line' id='line_1_48' title="bbox 283 3186 2012 3276; baseline 0.001 -33"><span class='ocrx_word' id='word_1_332' title='bbox 283 3188 443 3260; x_wconf 86' lang='lat' dir='ltr'><strong>ginta</strong></span> <span class='ocrx_word' id='word_1_333' title='bbox 473 3189 588 3243; x_wconf 90' lang='lat' dir='ltr'><strong>fere</strong></span> <span class='ocrx_word' id='word_1_334' title='bbox 613 3202 795 3244; x_wconf 90' lang='lat' dir='ltr'><strong>annos</strong></span> <span class='ocrx_word' id='word_1_335' title='bbox 819 3186 1201 3257; x_wconf 87' lang='lat' dir='ltr'><strong>apostolicam</strong></span> <span class='ocrx_word' id='word_1_336' title='bbox 1228 3189 1423 3243; x_wconf 89' lang='lat' dir='ltr'><strong>sedem</strong></span> <span class='ocrx_word' id='word_1_337' title='bbox 1449 3190 1847 3260; x_wconf 81' lang='lat' dir='ltr'><strong>impugnabat,</strong></span> <span class='ocrx_word' id='word_1_338' title='bbox 1871 3195 1928 3248; x_wconf 91' lang='lat' dir='ltr'><strong>et</strong></span> <span class='ocrx_word' id='word_1_339' title='bbox 1962 3215 2012 3276; x_wconf 69' lang='grc' dir='ltr'>ο</span> 
     </span>
    </p>
   </div>
   <div class='ocr_carea' id='block_1_49' title="bbox 284 3276 1932 3348">
    <p class='ocr_par' dir='ltr' id='par_1_49' title="bbox 284 3276 1932 3348">
     <span class='ocr_line' id='line_1_49' title="bbox 284 3276 1932 3348; baseline 0.004 -15"><span class='ocrx_word' id='word_1_340' title='bbox 284 3281 563 3348; x_wconf 89' lang='lat' dir='ltr'><strong>quantum</strong></span> <span class='ocrx_word' id='word_1_341' title='bbox 598 3277 652 3330; x_wconf 93' lang='lat' dir='ltr'><strong>in</strong></span> <span class='ocrx_word' id='word_1_342' title='bbox 685 3292 744 3330; x_wconf 93' lang='lat' dir='ltr'><strong>se</strong></span> <span class='ocrx_word' id='word_1_343' title='bbox 777 3280 923 3342; x_wconf 89' lang='lat' dir='ltr'><strong>erat,</strong></span> <span class='ocrx_word' id='word_1_344' title='bbox 951 3290 1150 3331; x_wconf 90' lang='lat' dir='ltr'><strong>omnes</strong></span> <span class='ocrx_word' id='word_1_345' title='bbox 1183 3276 1290 3331; x_wconf 92' lang='lat' dir='ltr'><strong>sibi</strong></span> <span class='ocrx_word' id='word_1_346' title='bbox 1326 3280 1764 3337; x_wconf 88' lang='lat' dir='ltr'><strong>consentientes</strong></span> <span class='ocrx_word' id='word_1_347' title='bbox 1790 3298 1819 3337; x_wconf 91' lang='lat' dir='ltr'><strong>a</strong></span> <span class='ocrx_word' id='word_1_348' title='bbox 1845 3299 1932 3340; x_wconf 90' lang='lat' dir='ltr'><strong>re-</strong></span> 
     </span>
    </p>
   </div>
   <div class='ocr_carea' id='block_1_50' title="bbox 289 3363 1930 3438">
    <p class='ocr_par' dir='ltr' id='par_1_50' title="bbox 289 3363 1930 3438">
     <span class='ocr_line' id='line_1_50' title="bbox 289 3363 1930 3438; baseline 0.004 -16"><span class='ocrx_word' id='word_1_349' title='bbox 289 3371 495 3438; x_wconf 75' lang='lat' dir='ltr'><strong>spectu</strong></span> <span class='ocrx_word' id='word_1_350' title='bbox 530 3369 586 3419; x_wconf 87' lang='lat' dir='ltr'><strong>et</strong></span> <span class='ocrx_word' id='word_1_351' title='bbox 620 3365 900 3418; x_wconf 84' lang='lat' dir='ltr'><strong>fidelitate</strong></span> <span class='ocrx_word' id='word_1_352' title='bbox 931 3363 1055 3432; x_wconf 89' lang='lat' dir='ltr'><strong>ejus</strong></span> <span class='ocrx_word' id='word_1_353' title='bbox 1089 3363 1348 3434; x_wconf 89' lang='lat' dir='ltr'><strong>periculo</strong></span> <span class='ocrx_word' id='word_1_354' title='bbox 1379 3368 1697 3426; x_wconf 90' lang='lat' dir='ltr'><strong>animarum</strong></span> <span class='ocrx_word' id='word_1_355' title='bbox 1731 3387 1930 3429; x_wconf 89' lang='lat' dir='ltr'><strong>eorum</strong></span> 
     </span>
    </p>
   </div>
   <div class='ocr_carea' id='block_1_51' title="bbox 289 3452 1932 3527">
    <p class='ocr_par' dir='ltr' id='par_1_51' title="bbox 289 3452 1932 3527">
     <span class='ocr_line' id='line_1_51' title="bbox 289 3452 1932 3527; baseline 0.004 -17"><span class='ocrx_word' id='word_1_356' title='bbox 289 3453 614 3510; x_wconf 81' lang='lat' dir='ltr'><strong>avertebat.</strong></span> <span class='ocrx_word' id='word_1_357' title='bbox 642 3452 784 3506; x_wconf 90' lang='lat' dir='ltr'><strong>Filio</strong></span> <span class='ocrx_word' id='word_1_358' title='bbox 809 3459 1000 3506; x_wconf 89' lang='lat' dir='ltr'><strong>autem</strong></span> <span class='ocrx_word' id='word_1_359' title='bbox 1021 3453 1134 3522; x_wconf 91' lang='lat' dir='ltr'><strong>jam</strong></span> <span class='ocrx_word' id='word_1_360' title='bbox 1161 3460 1462 3524; x_wconf 89' lang='lat' dir='ltr'><strong>coronato,</strong></span> <span class='ocrx_word' id='word_1_361' title='bbox 1490 3466 1710 3527; x_wconf 80' lang='lat' dir='ltr'><strong>sugges‘</strong></span> <span class='ocrx_word' id='word_1_362' title='bbox 1731 3475 1820 3515; x_wconf 91' lang='lat' dir='ltr'><strong>um</strong></span> <span class='ocrx_word' id='word_1_363' title='bbox 1843 3464 1932 3518; x_wconf 89' lang='lat' dir='ltr'><strong>est</strong></span> 
     </span>
    </p>
   </div>
   <div class='ocr_carea' id='block_1_52' title="bbox 288 3539 1936 3615">
    <p class='ocr_par' dir='ltr' id='par_1_52' title="bbox 288 3539 1936 3615">
     <span class='ocr_line' id='line_1_52' title="bbox 288 3539 1936 3615; baseline 0.005 -17"><span class='ocrx_word' id='word_1_364' title='bbox 288 3540 340 3598; x_wconf 88' lang='lat' dir='ltr'><strong>ei</strong></span> <span class='ocrx_word' id='word_1_365' title='bbox 373 3555 403 3597; x_wconf 88' lang='lat' dir='ltr'><strong>a</strong></span> <span class='ocrx_word' id='word_1_366' title='bbox 435 3540 636 3596; x_wconf 90' lang='lat' dir='ltr'><strong>multis</strong></span> <span class='ocrx_word' id='word_1_367' title='bbox 667 3545 726 3595; x_wconf 92' lang='lat' dir='ltr'><strong>et</strong></span> <span class='ocrx_word' id='word_1_368' title='bbox 760 3539 1024 3595; x_wconf 85' lang='lat' dir='ltr'><strong>maximis</strong></span> <span class='ocrx_word' id='word_1_369' title='bbox 1056 3541 1408 3611; x_wconf 85' lang='lat' dir='ltr'><strong>primoribus</strong></span> <span class='ocrx_word' id='word_1_370' title='bbox 1439 3548 1623 3615; x_wconf 83' lang='lat' dir='ltr'><strong>regni,</strong></span> <span class='ocrx_word' id='word_1_371' title='bbox 1661 3551 1718 3602; x_wconf 92' lang='lat' dir='ltr'><strong>ut</strong></span> <span class='ocrx_word' id='word_1_372' title='bbox 1751 3549 1936 3606; x_wconf 87' lang='lat' dir='ltr'><strong>eccle-</strong></span> 
     </span>
    </p>
   </div>
   <div class='ocr_carea' id='block_1_53' title="bbox 289 3628 1937 3704">
    <p class='ocr_par' dir='ltr' id='par_1_53' title="bbox 289 3628 1937 3704">
     <span class='ocr_line' id='line_1_53' title="bbox 289 3628 1937 3704; baseline -0.004 -18"><span class='ocrx_word' id='word_1_373' title='bbox 289 3629 392 3687; x_wconf 65' lang='grc' dir='ltr'><strong>βίω</strong></span> <span class='ocrx_word' id='word_1_374' title='bbox 422 3629 711 3698; x_wconf 60' lang='lat' dir='ltr'><strong>Romana},</strong></span> <span class='ocrx_word' id='word_1_375' title='bbox 741 3628 907 3698; x_wconf 91' lang='lat' dir='ltr'><strong>cujus</strong></span> <span class='ocrx_word' id='word_1_376' title='bbox 935 3633 1059 3683; x_wconf 90' lang='lat' dir='ltr'><strong>erat</strong></span> <span class='ocrx_word' id='word_1_377' title='bbox 1095 3635 1262 3700; x_wconf 90' lang='lat' dir='ltr'><strong>pater</strong></span> <span class='ocrx_word' id='word_1_378' title='bbox 1290 3645 1429 3686; x_wconf 91' lang='lat' dir='ltr'><strong>suus</strong></span> <span class='ocrx_word' id='word_1_379' title='bbox 1460 3637 1572 3687; x_wconf 89' lang='lat' dir='ltr'><strong>tam</strong></span> <span class='ocrx_word' id='word_1_380' title='bbox 1602 3633 1810 3704; x_wconf 88' lang='lat' dir='ltr'><strong>longus</strong></span> <span class='ocrx_word' id='word_1_381' title='bbox 1839 3638 1937 3692; x_wconf 91' lang='lat' dir='ltr'><strong>im.</strong></span> 
     </span>
    </p>
   </div>
   <div class='ocr_carea' id='block_1_54' title="bbox 285 3716 1937 3793">
    <p class='ocr_par' dir='ltr' id='par_1_54' title="bbox 285 3716 1937 3793">
     <span class='ocr_line' id='line_1_54' title="bbox 285 3716 1937 3793; baseline 0.006 -18"><span class='ocrx_word' id='word_1_382' title='bbox 285 3724 599 3790; x_wconf 86' lang='lat' dir='ltr'><strong>pugnator,</strong></span> <span class='ocrx_word' id='word_1_383' title='bbox 624 3719 746 3788; x_wconf 89' lang='lat' dir='ltr'><strong>ipse</strong></span> <span class='ocrx_word' id='word_1_384' title='bbox 767 3717 931 3772; x_wconf 90' lang='lat' dir='ltr'><strong>fieret</strong></span> <span class='ocrx_word' id='word_1_385' title='bbox 953 3716 1139 3772; x_wconf 88' lang='lat' dir='ltr'><strong>fidelis</strong></span> <span class='ocrx_word' id='word_1_386' title='bbox 1159 3719 1448 3789; x_wconf 88' lang='lat' dir='ltr'><strong>defensor,</strong></span> <span class='ocrx_word' id='word_1_387' title='bbox 1473 3721 1668 3790; x_wconf 90' lang='lat' dir='ltr'><strong>sicque</strong></span> <span class='ocrx_word' id='word_1_388' title='bbox 1693 3731 1937 3793; x_wconf 76' lang='lat' dir='ltr'><strong>przeten.</strong></span> 
     </span>
    </p>
   </div>
   <div class='ocr_carea' id='block_1_55' title="bbox 287 3803 1935 3882">
    <p class='ocr_par' dir='ltr' id='par_1_55' title="bbox 287 3803 1935 3882">
     <span class='ocr_line' id='line_1_55' title="bbox 287 3803 1935 3882; baseline 0.005 -20"><span class='ocrx_word' id='word_1_389' title='bbox 287 3805 531 3862; x_wconf 89' lang='lat' dir='ltr'><strong>deretur</strong></span> <span class='ocrx_word' id='word_1_390' title='bbox 569 3804 637 3838; x_wconf 82' lang='lat'><strong>“°</strong></span> <span class='ocrx_word' id='word_1_391' title='bbox 671 3806 779 3861; x_wconf 91' lang='lat' dir='ltr'><strong>sibi</strong></span> <span class='ocrx_word' id='word_1_392' title='bbox 823 3803 1076 3862; x_wconf 88' lang='lat' dir='ltr'><strong>melioris</strong></span> <span class='ocrx_word' id='word_1_393' title='bbox 1117 3821 1308 3862; x_wconf 73' lang='lat' dir='ltr'><strong>causae</strong></span> <span class='ocrx_word' id='word_1_394' title='bbox 1349 3808 1740 3867; x_wconf 55' lang='lat' dir='ltr'><strong>defensionem</strong></span> <span class='ocrx_word' id='word_1_395' title='bbox 1783 3819 1935 3882; x_wconf 88' lang='lat' dir='ltr'><strong>patri</strong></span> 
     </span>
    </p>
   </div>
   <div class='ocr_carea' id='block_1_56' title="bbox 285 3893 1935 3969">
    <p class='ocr_par' dir='ltr' id='par_1_56' title="bbox 285 3893 1935 3969">
     <span class='ocr_line' id='line_1_56' title="bbox 285 3893 1935 3969; baseline 0.007 -19"><span class='ocrx_word' id='word_1_396' title='bbox 285 3893 688 3965; x_wconf 78' lang='lat' dir='ltr'><strong>repugnando.</strong></span> <span class='ocrx_word' id='word_1_397' title='bbox 719 3894 1083 3962; x_wconf 82' lang='lat' dir='ltr'><strong>Suggestioni</strong></span> <span class='ocrx_word' id='word_1_398' title='bbox 1109 3897 1403 3950; x_wconf 86' lang='lat' dir='ltr'><strong>consensit</strong></span> <span class='ocrx_word' id='word_1_399' title='bbox 1423 3897 1672 3969; x_wconf 87' lang='lat' dir='ltr'><strong>juvenis,</strong></span> <span class='ocrx_word' id='word_1_400' title='bbox 1703 3900 1935 3961; x_wconf 71' lang='lat' dir='ltr'><strong>laetatus</strong></span> 
     </span>
    </p>
   </div>
   <div class='ocr_carea' id='block_1_57' title="bbox 289 3981 1935 4060">
    <p class='ocr_par' dir='ltr' id='par_1_57' title="bbox 289 3981 1935 4060">
     <span class='ocr_line' id='line_1_57' title="bbox 289 3981 1935 4060; baseline 0.004 -20"><span class='ocrx_word' id='word_1_401' title='bbox 289 3981 397 4040; x_wconf 86' lang='lat' dir='ltr'><strong>sibi</strong></span> <span class='ocrx_word' id='word_1_402' title='bbox 419 3982 599 4038; x_wconf 84' lang='lat' dir='ltr'><strong>licere</strong></span> <span class='ocrx_word' id='word_1_403' title='bbox 621 3987 679 4037; x_wconf 89' lang='lat' dir='ltr'><strong>ut</strong></span> <span class='ocrx_word' id='word_1_404' title='bbox 703 3983 1020 4038; x_wconf 88' lang='lat' dir='ltr'><strong>obsisteret</strong></span> <span class='ocrx_word' id='word_1_405' title='bbox 1044 3983 1216 4053; x_wconf 91' lang='lat' dir='ltr'><strong>patri,</strong></span> <span class='ocrx_word' id='word_1_406' title='bbox 1236 3986 1680 4057; x_wconf 84' lang='lat' dir='ltr'><strong>aggregatisque</strong></span> <span class='ocrx_word' id='word_1_407' title='bbox 1701 3990 1935 4060; x_wconf 79' lang='lat' dir='ltr'><strong>quibus-</strong></span> 
     </span>
    </p>
   </div>
   <div class='ocr_carea' id='block_1_58' title="bbox 291 4068 1936 4135">
    <p class='ocr_par' dir='ltr' id='par_1_58' title="bbox 291 4068 1936 4135">
     <span class='ocr_line' id='line_1_58' title="bbox 291 4068 1936 4135; baseline 0.005 -9"><span class='ocrx_word' id='word_1_408' title='bbox 291 4068 420 4126; x_wconf 89' lang='lat' dir='ltr'><strong>dam</strong></span> <span class='ocrx_word' id='word_1_409' title='bbox 450 4070 782 4126; x_wconf 87' lang='lat' dir='ltr'><strong>fautoribus</strong></span> <span class='ocrx_word' id='word_1_410' title='bbox 811 4070 933 4126; x_wconf 89' lang='lat' dir='ltr'><strong>suis</strong></span> <span class='ocrx_word' id='word_1_411' title='bbox 965 4070 1200 4125; x_wconf 88' lang='lat' dir='ltr'><strong>transiit</strong></span> <span class='ocrx_word' id='word_1_412' title='bbox 1222 4072 1461 4131; x_wconf 81' lang='lat' dir='ltr'><strong>Renum.</strong></span> <span class='ocrx_word' id='word_1_413' title='bbox 1485 4081 1543 4129; x_wconf 88' lang='lat' dir='ltr'><strong>ct</strong></span> <span class='ocrx_word' id='word_1_414' title='bbox 1565 4076 1822 4134; x_wconf 83' lang='lat' dir='ltr'><strong>Saxones</strong></span> <span class='ocrx_word' id='word_1_415' title='bbox 1845 4077 1936 4135; x_wconf 88' lang='lat' dir='ltr'><strong>vel</strong></span> 
     </span>
    </p>
   </div>
   <div class='ocr_carea' id='block_1_59' title="bbox 297 4163 1936 4236">
    <p class='ocr_par' dir='ltr' id='par_1_59' title="bbox 297 4163 1936 4236">
     <span class='ocr_line' id='line_1_59' title="bbox 297 4163 1936 4236; baseline 0.005 -22"><span class='ocrx_word' id='word_1_416' title='bbox 297 4171 699 4230; x_wconf 74' lang='lat' dir='ltr'><strong>quoscumque</strong></span> <span class='ocrx_word' id='word_1_417' title='bbox 732 4163 969 4214; x_wconf 88' lang='lat' dir='ltr'><strong>noverat</strong></span> <span class='ocrx_word' id='word_1_418' title='bbox 1003 4172 1031 4212; x_wconf 92' lang='lat' dir='ltr'><strong>a</strong></span> <span class='ocrx_word' id='word_1_419' title='bbox 1068 4164 1231 4229; x_wconf 86' lang='lat' dir='ltr'><strong>patre</strong></span> <span class='ocrx_word' id='word_1_420' title='bbox 1261 4175 1368 4217; x_wconf 86' lang='lat' dir='ltr'><strong>suo</strong></span> <span class='ocrx_word' id='word_1_421' title='bbox 1401 4163 1738 4220; x_wconf 85' lang='lat' dir='ltr'><strong>multotiens</strong></span> <span class='ocrx_word' id='word_1_422' title='bbox 1773 4167 1936 4236; x_wconf 91' lang='lat' dir='ltr'><strong>prius</strong></span> 
     </span>
    </p>
   </div>
   <div class='ocr_carea' id='block_1_60' title="bbox 290 4246 1931 4329">
    <p class='ocr_par' dir='ltr' id='par_1_60' title="bbox 290 4246 1931 4329">
     <span class='ocr_line' id='line_1_60' title="bbox 290 4246 1931 4329; baseline 0.005 -26"><span class='ocrx_word' id='word_1_423' title='bbox 290 4246 602 4317; x_wconf 87' lang='lat' dir='ltr'><strong>injuriatos</strong></span> <span class='ocrx_word' id='word_1_424' title='bbox 626 4262 820 4304; x_wconf 89' lang='lat' dir='ltr'><strong>secum</strong></span> <span class='ocrx_word' id='word_1_425' title='bbox 848 4246 929 4302; x_wconf 89' lang='lat' dir='ltr'><strong>illi</strong></span> <span class='ocrx_word' id='word_1_426' title='bbox 954 4247 1342 4304; x_wconf 85' lang='lat' dir='ltr'><strong>rebellaturos</strong></span> <span class='ocrx_word' id='word_1_427' title='bbox 1366 4253 1578 4306; x_wconf 88' lang='lat' dir='ltr'><strong>emovit</strong></span> <span class='ocrx_word' id='word_1_428' title='bbox 1602 4253 1721 4318; x_wconf 78' lang='lat' dir='ltr'><strong>(an.</strong></span> <span class='ocrx_word' id='word_1_429' title='bbox 1754 4257 1931 4329; x_wconf 74' lang='lat'><strong>1105).</strong></span> 
     </span>
    </p>
   </div>
   <div class='ocr_carea' id='block_1_61' title="bbox 284 4333 1936 4411">
    <p class='ocr_par' dir='ltr' id='par_1_61' title="bbox 284 4333 1936 4411">
     <span class='ocr_line' id='line_1_61' title="bbox 284 4333 1936 4411; baseline 0.004 -19"><span class='ocrx_word' id='word_1_430' title='bbox 284 4333 463 4392; x_wconf 85' lang='lat' dir='ltr'><strong>Pater</strong></span> <span class='ocrx_word' id='word_1_431' title='bbox 484 4341 677 4392; x_wconf 90' lang='lat' dir='ltr'><strong>autem</strong></span> <span class='ocrx_word' id='word_1_432' title='bbox 701 4342 1005 4407; x_wconf 90' lang='lat' dir='ltr'><strong>assumpto</strong></span> <span class='ocrx_word' id='word_1_433' title='bbox 1034 4337 1227 4392; x_wconf 88' lang='lat' dir='ltr'><strong>Leodii</strong></span> <span class='ocrx_word' id='word_1_434' title='bbox 1251 4337 1466 4393; x_wconf 78' lang='lat' dir='ltr'><strong>Oberto</strong></span> <span class='ocrx_word' id='word_1_435' title='bbox 1489 4355 1617 4394; x_wconf 90' lang='lat' dir='ltr'><strong>cum</strong></span> <span class='ocrx_word' id='word_1_436' title='bbox 1643 4342 1786 4411; x_wconf 90' lang='lat' dir='ltr'><strong>suis,</strong></span> <span class='ocrx_word' id='word_1_437' title='bbox 1818 4342 1936 4400; x_wconf 88' lang='lat' dir='ltr'><strong>col-</strong></span> 
     </span>
    </p>
   </div>
   <div class='ocr_carea' id='block_1_62' title="bbox 280 4420 1936 4497">
    <p class='ocr_par' dir='ltr' id='par_1_62' title="bbox 280 4420 1936 4497">
     <span class='ocr_line' id='line_1_62' title="bbox 280 4420 1936 4497; baseline 0.005 -18"><span class='ocrx_word' id='word_1_438' title='bbox 280 4420 452 4481; x_wconf 86' lang='lat' dir='ltr'><strong>lectis</strong></span> <span class='ocrx_word' id='word_1_439' title='bbox 482 4423 657 4480; x_wconf 89' lang='lat' dir='ltr'><strong>etiam</strong></span> <span class='ocrx_word' id='word_1_440' title='bbox 690 4425 903 4496; x_wconf 86' lang='lat' dir='ltr'><strong>quibus</strong></span> <span class='ocrx_word' id='word_1_441' title='bbox 935 4432 1251 4497; x_wconf 89' lang='lat' dir='ltr'><strong>utcumque</strong></span> <span class='ocrx_word' id='word_1_442' title='bbox 1284 4427 1592 4484; x_wconf 86' lang='lat' dir='ltr'><strong>videbatur</strong></span> <span class='ocrx_word' id='word_1_443' title='bbox 1618 4429 1806 4487; x_wconf 84' lang='lat' dir='ltr'><strong>adhuc</strong></span> <span class='ocrx_word' id='word_1_444' title='bbox 1837 4431 1936 4488; x_wconf 87' lang='lat' dir='ltr'><strong>do-</strong></span> 
     </span>
    </p>
   </div>
   <div class='ocr_carea' id='block_1_63' title="bbox 288 4509 1932 4588">
    <p class='ocr_par' dir='ltr' id='par_1_63' title="bbox 288 4509 1932 4588">
     <span class='ocr_line' id='line_1_63' title="bbox 288 4509 1932 4588; baseline 0.005 -22"><span class='ocrx_word' id='word_1_445' title='bbox 288 4509 518 4581; x_wconf 85' lang='lat' dir='ltr'><strong>minari,</strong></span> <span class='ocrx_word' id='word_1_446' title='bbox 562 4512 812 4568; x_wconf 89' lang='lat' dir='ltr'><strong>trausito</strong></span> <span class='ocrx_word' id='word_1_447' title='bbox 839 4517 896 4568; x_wconf 92' lang='lat' dir='ltr'><strong>et</strong></span> <span class='ocrx_word' id='word_1_448' title='bbox 931 4513 1056 4584; x_wconf 91' lang='lat' dir='ltr'><strong>ipse</strong></span> <span class='ocrx_word' id='word_1_449' title='bbox 1086 4515 1244 4570; x_wconf 83' lang='lat' dir='ltr'><strong>Reno</strong></span> <span class='ocrx_word' id='word_1_450' title='bbox 1276 4529 1379 4586; x_wconf 91' lang='lat' dir='ltr'><strong>per</strong></span> <span class='ocrx_word' id='word_1_451' title='bbox 1407 4517 1738 4586; x_wconf 66' lang='lat' dir='ltr'><strong>superiores</strong></span> <span class='ocrx_word' id='word_1_452' title='bbox 1770 4519 1932 4588; x_wconf 90' lang='lat' dir='ltr'><strong>regni</strong></span> 
     </span>
    </p>
   </div>
   <div class='ocr_carea' id='block_1_64' title="bbox 283 4596 1932 4678">
    <p class='ocr_par' dir='ltr' id='par_1_64' title="bbox 283 4596 1932 4678">
     <span class='ocr_line' id='line_1_64' title="bbox 283 4596 1932 4678; baseline 0.004 -24"><span class='ocrx_word' id='word_1_453' title='bbox 283 4596 429 4656; x_wconf 84' lang='lat' dir='ltr'><strong>fines</strong></span> <span class='ocrx_word' id='word_1_454' title='bbox 466 4600 676 4656; x_wconf 89' lang='lat' dir='ltr'><strong>itinere</strong></span> <span class='ocrx_word' id='word_1_455' title='bbox 715 4600 1043 4671; x_wconf 74' lang='lat' dir='ltr'><strong>quindtcim</strong></span> <span class='ocrx_word' id='word_1_456' title='bbox 1085 4602 1308 4658; x_wconf 90' lang='lat' dir='ltr'><strong>dierum</strong></span> <span class='ocrx_word' id='word_1_457' title='bbox 1347 4610 1695 4675; x_wconf 88' lang='lat' dir='ltr'><strong>prosecutus</strong></span> <span class='ocrx_word' id='word_1_458' title='bbox 1729 4606 1932 4678; x_wconf 89' lang='lat' dir='ltr'><strong>filium,</strong></span> 
     </span>
    </p>
   </div>
   <div class='ocr_carea' id='block_1_65' title="bbox 282 4686 1932 4761">
    <p class='ocr_par' dir='ltr' id='par_1_65' title="bbox 282 4686 1932 4761">
     <span class='ocr_line' id='line_1_65' title="bbox 282 4686 1932 4761; baseline 0.005 -17"><span class='ocrx_word' id='word_1_459' title='bbox 282 4686 641 4744; x_wconf 84' lang='lat' dir='ltr'><strong>sollicitabat</strong></span> <span class='ocrx_word' id='word_1_460' title='bbox 684 4689 1074 4761; x_wconf 88' lang='lat' dir='ltr'><strong>provinciales</strong></span> <span class='ocrx_word' id='word_1_461' title='bbox 1104 4691 1172 4747; x_wconf 90' lang='lat' dir='ltr'><strong>ad</strong></span> <span class='ocrx_word' id='word_1_462' title='bbox 1213 4691 1454 4747; x_wconf 91' lang='lat' dir='ltr'><strong>bellum.</strong></span> <span class='ocrx_word' id='word_1_463' title='bbox 1490 4693 1760 4751; x_wconf 87' lang='lat' dir='ltr'><strong>Evocatis</strong></span> <span class='ocrx_word' id='word_1_464' title='bbox 1793 4709 1932 4752; x_wconf 86' lang='lat' dir='ltr'><strong>vero</strong></span> 
     </span>
    </p>
   </div>
   <div class='ocr_carea' id='block_1_66' title="bbox 278 4773 1932 4850">
    <p class='ocr_par' dir='ltr' id='par_1_66' title="bbox 278 4773 1932 4850">
     <span class='ocr_line' id='line_1_66' title="bbox 278 4773 1932 4850; baseline 0.002 -20"><span class='ocrx_word' id='word_1_465' title='bbox 278 4773 646 4847; x_wconf 89' lang='lat' dir='ltr'><strong>principibus</strong></span> <span class='ocrx_word' id='word_1_466' title='bbox 674 4776 996 4846; x_wconf 89' lang='lat' dir='ltr'><strong>regionum,</strong></span> <span class='ocrx_word' id='word_1_467' title='bbox 1030 4792 1158 4833; x_wconf 91' lang='lat' dir='ltr'><strong>cum</strong></span> <span class='ocrx_word' id='word_1_468' title='bbox 1190 4779 1278 4835; x_wconf 92' lang='lat' dir='ltr'><strong>eis</strong></span> <span class='ocrx_word' id='word_1_469' title='bbox 1310 4779 1759 4850; x_wconf 64' lang='lat' dir='ltr'><strong>praesentialiter</strong></span> <span class='ocrx_word' id='word_1_470' title='bbox 1788 4781 1932 4836; x_wconf 87' lang='lat' dir='ltr'><strong>indi-</strong></span> 
     </span>
    </p>
   </div>
   <div class='ocr_carea' id='block_1_67' title="bbox 279 4862 1928 4939">
    <p class='ocr_par' dir='ltr' id='par_1_67' title="bbox 279 4862 1928 4939">
     <span class='ocr_line' id='line_1_67' title="bbox 279 4862 1928 4939; baseline 0.004 -20"><span class='ocrx_word' id='word_1_471' title='bbox 279 4867 440 4919; x_wconf 89' lang='lat' dir='ltr'><strong>ceret</strong></span> <span class='ocrx_word' id='word_1_472' title='bbox 469 4862 927 4920; x_wconf 89' lang='lat' dir='ltr'><strong>decertationem</strong></span> <span class='ocrx_word' id='word_1_473' title='bbox 955 4864 1238 4922; x_wconf 90' lang='lat' dir='ltr'><strong>adversus</strong></span> <span class='ocrx_word' id='word_1_474' title='bbox 1264 4865 1464 4936; x_wconf 86' lang='lat' dir='ltr'><strong>filium,</strong></span> <span class='ocrx_word' id='word_1_475' title='bbox 1500 4870 1928 4939; x_wconf 88' lang='lat' dir='ltr'><strong>responderunt</strong></span> 
     </span>
    </p>
   </div>
   <div class='ocr_carea' id='block_1_68' title="bbox 277 4947 1931 5027">
    <p class='ocr_par' dir='ltr' id='par_1_68' title="bbox 277 4947 1931 5027">
     <span class='ocr_line' id='line_1_68' title="bbox 277 4947 1931 5027; baseline 0.003 -19"><span class='ocrx_word' id='word_1_476' title='bbox 277 4947 363 5008; x_wconf 85' lang='lat' dir='ltr'><strong>illi</strong></span> <span class='ocrx_word' id='word_1_477' title='bbox 387 4949 459 5006; x_wconf 87' lang='lat' dir='ltr'><strong>ad</strong></span> <span class='ocrx_word' id='word_1_478' title='bbox 483 4950 593 5008; x_wconf 91' lang='lat' dir='ltr'><strong>hoc</strong></span> <span class='ocrx_word' id='word_1_479' title='bbox 618 4953 889 5024; x_wconf 88' lang='lat' dir='ltr'><strong>compelli</strong></span> <span class='ocrx_word' id='word_1_480' title='bbox 914 4967 1016 5010; x_wconf 92' lang='lat' dir='ltr'><strong>eos</strong></span> <span class='ocrx_word' id='word_1_481' title='bbox 1038 4968 1143 5010; x_wconf 92' lang='lat' dir='ltr'><strong>nec</strong></span> <span class='ocrx_word' id='word_1_482' title='bbox 1168 4956 1380 5011; x_wconf 89' lang='lat' dir='ltr'><strong>debere</strong></span> <span class='ocrx_word' id='word_1_483' title='bbox 1403 4970 1508 5011; x_wconf 91' lang='lat' dir='ltr'><strong>nec</strong></span> <span class='ocrx_word' id='word_1_484' title='bbox 1535 4970 1729 5027; x_wconf 89' lang='lat' dir='ltr'><strong>posse,</strong></span> <span class='ocrx_word' id='word_1_485' title='bbox 1752 4971 1931 5027; x_wconf 88' lang='lat' dir='ltr'><strong>quan-</strong></span> 
     </span>
    </p>
   </div>
   <div class='ocr_carea' id='block_1_69' title="bbox 280 5037 1930 5115">
    <p class='ocr_par' dir='ltr' id='par_1_69' title="bbox 280 5037 1930 5115">
     <span class='ocr_line' id='line_1_69' title="bbox 280 5037 1930 5115; baseline 0.004 -19"><span class='ocrx_word' id='word_1_486' title='bbox 280 5037 590 5111; x_wconf 89' lang='lat' dir='ltr'><strong>doquidem</strong></span> <span class='ocrx_word' id='word_1_487' title='bbox 633 5055 836 5098; x_wconf 87' lang='lat' dir='ltr'><strong>omnes</strong></span> <span class='ocrx_word' id='word_1_488' title='bbox 870 5040 924 5097; x_wconf 89' lang='lat' dir='ltr'><strong>in</strong></span> <span class='ocrx_word' id='word_1_489' title='bbox 957 5056 1264 5099; x_wconf 90' lang='lat' dir='ltr'><strong>commune</strong></span> <span class='ocrx_word' id='word_1_490' title='bbox 1292 5045 1555 5115; x_wconf 90' lang='lat' dir='ltr'><strong>ejusdem</strong></span> <span class='ocrx_word' id='word_1_491' title='bbox 1597 5044 1697 5100; x_wconf 89' lang='lat' dir='ltr'><strong>filii</strong></span> <span class='ocrx_word' id='word_1_492' title='bbox 1739 5059 1930 5102; x_wconf 88' lang='lat' dir='ltr'><strong>sacra-</strong></span> 
     </span>
    </p>
   </div>
   <div class='ocr_carea' id='block_1_70' title="bbox 2048 1938 3700 2010">
    <p class='ocr_par' dir='ltr' id='par_1_70' title="bbox 2048 1938 3700 2010">
     <span class='ocr_line' id='line_1_70' title="bbox 2048 1938 3700 2010; baseline 0.005 -18"><span class='ocrx_word' id='word_1_493' title='bbox 2048 1938 2153 2008; x_wconf 92' lang='lat' dir='ltr'><strong>illi,</strong></span> <span class='ocrx_word' id='word_1_494' title='bbox 2179 1953 2512 2008; x_wconf 85' lang='lat' dir='ltr'><strong>secumque,</strong></span> <span class='ocrx_word' id='word_1_495' title='bbox 2547 1943 2610 1993; x_wconf 89' lang='lat' dir='ltr'><strong>ut</strong></span> <span class='ocrx_word' id='word_1_496' title='bbox 2637 1946 2763 1993; x_wconf 85' lang='lat' dir='ltr'><strong>erat</strong></span> <span class='ocrx_word' id='word_1_497' title='bbox 2796 1939 3158 1995; x_wconf 89' lang='lat' dir='ltr'><strong>vehementis</strong></span> <span class='ocrx_word' id='word_1_498' title='bbox 3189 1940 3385 2010; x_wconf 89' lang='lat' dir='ltr'><strong>animi,</strong></span> <span class='ocrx_word' id='word_1_499' title='bbox 3419 1943 3588 1999; x_wconf 90' lang='lat' dir='ltr'><strong>nimis</strong></span> <span class='ocrx_word' id='word_1_500' title='bbox 3614 1949 3700 2000; x_wconf 90' lang='lat' dir='ltr'><strong>te-</strong></span> 
     </span>
    </p>
   </div>
   <div class='ocr_carea' id='block_1_71' title="bbox 2047 2027 3697 2101">
    <p class='ocr_par' dir='ltr' id='par_1_71' title="bbox 2047 2027 3697 2101">
     <span class='ocr_line' id='line_1_71' title="bbox 2047 2027 3697 2101; baseline 0.005 -21"><span class='ocrx_word' id='word_1_501' title='bbox 2047 2041 2203 2081; x_wconf 89' lang='lat' dir='ltr'><strong>mere</strong></span> <span class='ocrx_word' id='word_1_502' title='bbox 2226 2027 2508 2095; x_wconf 90' lang='lat' dir='ltr'><strong>nimisque</strong></span> <span class='ocrx_word' id='word_1_503' title='bbox 2531 2027 2928 2097; x_wconf 87' lang='lat' dir='ltr'><strong>imprudenter</strong></span> <span class='ocrx_word' id='word_1_504' title='bbox 2953 2027 3220 2083; x_wconf 80' lang='lat' dir='ltr'><strong>Leodium</strong></span> <span class='ocrx_word' id='word_1_505' title='bbox 3242 2029 3515 2096; x_wconf 86' lang='lat' dir='ltr'><strong>adduxit;</strong></span> <span class='ocrx_word' id='word_1_506' title='bbox 3543 2033 3697 2101; x_wconf 90' lang='lat' dir='ltr'><strong>quod</strong></span> 
     </span>
    </p>
   </div>
   <div class='ocr_carea' id='block_1_72' title="bbox 2045 2113 3700 2190">
    <p class='ocr_par' dir='ltr' id='par_1_72' title="bbox 2045 2113 3700 2190">
     <span class='ocr_line' id='line_1_72' title="bbox 2045 2113 3700 2190; baseline 0.005 -21"><span class='ocrx_word' id='word_1_507' title='bbox 2045 2129 2106 2170; x_wconf 89' lang='lat' dir='ltr'><strong>se</strong></span> <span class='ocrx_word' id='word_1_508' title='bbox 2133 2115 2419 2184; x_wconf 88' lang='lat' dir='ltr'><strong>poenitere</strong></span> <span class='ocrx_word' id='word_1_509' title='bbox 2443 2129 2570 2170; x_wconf 90' lang='lat' dir='ltr'><strong>cum</strong></span> <span class='ocrx_word' id='word_1_510' title='bbox 2600 2113 2775 2169; x_wconf 86' lang='lat' dir='ltr'><strong>vellet</strong></span> <span class='ocrx_word' id='word_1_511' title='bbox 2804 2129 2913 2170; x_wconf 89' lang='lat' dir='ltr'><strong>non</strong></span> <span class='ocrx_word' id='word_1_512' title='bbox 2947 2115 3130 2170; x_wconf 90' lang='lat' dir='ltr'><strong>licuit.</strong></span> <span class='ocrx_word' id='word_1_513' title='bbox 3162 2117 3299 2171; x_wconf 82' lang='lat' dir='ltr'><strong>Nam</strong></span> <span class='ocrx_word' id='word_1_514' title='bbox 3332 2124 3548 2188; x_wconf 67' lang='lat' dir='ltr'><strong>praeter</strong></span> <span class='ocrx_word' id='word_1_515' title='bbox 3574 2121 3700 2190; x_wconf 90' lang='lat' dir='ltr'><strong>ejus</strong></span> 
     </span>
    </p>
   </div>
   <div class='ocr_carea' id='block_1_73' title="bbox 2045 2202 3703 2278">
    <p class='ocr_par' dir='ltr' id='par_1_73' title="bbox 2045 2202 3703 2278">
     <span class='ocr_line' id='line_1_73' title="bbox 2045 2202 3703 2278; baseline 0.004 -20"><span class='ocrx_word' id='word_1_516' title='bbox 2045 2202 2713 2276; x_wconf 87' lang='lat' dir='ltr'><strong>suorumque_impensas</strong></span> <span class='ocrx_word' id='word_1_517' title='bbox 2733 2203 3014 2271; x_wconf 88' lang='lat' dir='ltr'><strong>gravabat</strong></span> <span class='ocrx_word' id='word_1_518' title='bbox 3037 2217 3167 2258; x_wconf 91' lang='lat' dir='ltr'><strong>eum</strong></span> <span class='ocrx_word' id='word_1_519' title='bbox 3192 2206 3545 2274; x_wconf 88' lang='lat' dir='ltr'><strong>permaxime</strong></span> <span class='ocrx_word' id='word_1_520' title='bbox 3571 2223 3703 2278; x_wconf 86' lang='lat' dir='ltr'><strong>pro-</strong></span> 
     </span>
    </p>
   </div>
   <div class='ocr_carea' id='block_1_74' title="bbox 2043 2290 3704 2362">
    <p class='ocr_par' dir='ltr' id='par_1_74' title="bbox 2043 2290 3704 2362">
     <span class='ocr_line' id='line_1_74' title="bbox 2043 2290 3704 2362; baseline 0.005 -16"><span class='ocrx_word' id='word_1_521' title='bbox 2043 2290 2380 2346; x_wconf 89' lang='lat' dir='ltr'><strong>vincialium</strong></span> <span class='ocrx_word' id='word_1_522' title='bbox 2405 2290 2725 2362; x_wconf 75' lang='lat' dir='ltr'><strong>principum</strong></span> <span class='ocrx_word' id='word_1_523' title='bbox 2745 2291 3439 2348; x_wconf 88' lang='lat' dir='ltr'><strong>ibidentconvenientium</strong></span> <span class='ocrx_word' id='word_1_524' title='bbox 3462 2297 3704 2354; x_wconf 88' lang='lat' dir='ltr'><strong>assidui-</strong></span> 
     </span>
    </p>
   </div>
   <div class='ocr_carea' id='block_1_75' title="bbox 2047 2377 3703 2448">
    <p class='ocr_par' dir='ltr' id='par_1_75' title="bbox 2047 2377 3703 2448">
     <span class='ocr_line' id='line_1_75' title="bbox 2047 2377 3703 2448; baseline 0.007 -16"><span class='ocrx_word' id='word_1_525' title='bbox 2047 2383 2152 2447; x_wconf 88' lang='lat' dir='ltr'><strong>tas,</strong></span> <span class='ocrx_word' id='word_1_526' title='bbox 2191 2391 2337 2448; x_wconf 87' lang='lat' dir='ltr'><strong>quos</strong></span> <span class='ocrx_word' id='word_1_527' title='bbox 2368 2381 2425 2432; x_wconf 91' lang='lat' dir='ltr'><strong>et</strong></span> <span class='ocrx_word' id='word_1_528' title='bbox 2461 2377 2587 2448; x_wconf 91' lang='lat' dir='ltr'><strong>ipse</strong></span> <span class='ocrx_word' id='word_1_529' title='bbox 2619 2377 2774 2433; x_wconf 92' lang='lat' dir='ltr'><strong>ultro</strong></span> <span class='ocrx_word' id='word_1_530' title='bbox 2817 2379 3177 2434; x_wconf 86' lang='lat' dir='ltr'><strong>convocabat</strong></span> <span class='ocrx_word' id='word_1_531' title='bbox 3217 2384 3279 2434; x_wconf 91' lang='lat' dir='ltr'><strong>ut</strong></span> <span class='ocrx_word' id='word_1_532' title='bbox 3318 2380 3703 2444; x_wconf 88' lang='lat' dir='ltr'><strong>subvenirent</strong></span> 
     </span>
    </p>
   </div>
   <div class='ocr_carea' id='block_1_76' title="bbox 2046 2465 3701 2538">
    <p class='ocr_par' dir='ltr' id='par_1_76' title="bbox 2046 2465 3701 2538">
     <span class='ocr_line' id='line_1_76' title="bbox 2046 2465 3701 2538; baseline 0.005 -17"><span class='ocrx_word' id='word_1_533' title='bbox 2046 2466 2168 2534; x_wconf 86' lang='lat' dir='ltr'><strong>regi</strong></span> <span class='ocrx_word' id='word_1_534' title='bbox 2200 2465 2510 2534; x_wconf 89' lang='lat' dir='ltr'><strong>destituto,</strong></span> <span class='ocrx_word' id='word_1_535' title='bbox 2545 2479 2723 2534; x_wconf 85' lang='lat' dir='ltr'><strong>agens</strong></span> <span class='ocrx_word' id='word_1_536' title='bbox 2753 2470 2812 2521; x_wconf 92' lang='lat' dir='ltr'><strong>et</strong></span> <span class='ocrx_word' id='word_1_537' title='bbox 2845 2465 3012 2521; x_wconf 90' lang='lat' dir='ltr'><strong>donis</strong></span> <span class='ocrx_word' id='word_1_538' title='bbox 3039 2471 3099 2522; x_wconf 91' lang='lat' dir='ltr'><strong>et</strong></span> <span class='ocrx_word' id='word_1_539' title='bbox 3129 2467 3432 2538; x_wconf 90' lang='lat' dir='ltr'><strong>promissis</strong></span> <span class='ocrx_word' id='word_1_540' title='bbox 3461 2484 3532 2525; x_wconf 90' lang='lat' dir='ltr'><strong>ne</strong></span> <span class='ocrx_word' id='word_1_541' title='bbox 3563 2487 3701 2530; x_wconf 86' lang='lat' dir='ltr'><strong>con-</strong></span> 
     </span>
    </p>
   </div>
   <div class='ocr_carea' id='block_1_77' title="bbox 2046 2553 3700 2616">
    <p class='ocr_par' dir='ltr' id='par_1_77' title="bbox 2046 2553 3700 2616">
     <span class='ocr_line' id='line_1_77' title="bbox 2046 2553 3700 2616; baseline 0.005 -8"><span class='ocrx_word' id='word_1_542' title='bbox 2046 2554 2473 2610; x_wconf 79' lang='lat' dir='ltr'><strong>frederarentur</strong></span> <span class='ocrx_word' id='word_1_543' title='bbox 2496 2553 2631 2608; x_wconf 83' lang='lat' dir='ltr'><strong>filio.</strong></span> <span class='ocrx_word' id='word_1_544' title='bbox 2653 2553 2829 2610; x_wconf 83' lang='lat' dir='ltr'><strong>Filius</strong></span> <span class='ocrx_word' id='word_1_545' title='bbox 2851 2554 3071 2611; x_wconf 89' lang='lat' dir='ltr'><strong>interea</strong></span> <span class='ocrx_word' id='word_1_546' title='bbox 3093 2570 3222 2611; x_wconf 90' lang='lat' dir='ltr'><strong>cum</strong></span> <span class='ocrx_word' id='word_1_547' title='bbox 3245 2555 3413 2613; x_wconf 63' lang='lat' dir='ltr'><strong>facta;</strong></span> <span class='ocrx_word' id='word_1_548' title='bbox 3434 2559 3544 2614; x_wconf 88' lang='lat' dir='ltr'><strong>sibi</strong></span> <span class='ocrx_word' id='word_1_549' title='bbox 3567 2559 3700 2616; x_wconf 84' lang='lat' dir='ltr'><strong>fide-</strong></span> 
     </span>
    </p>
   </div>
   <div class='ocr_carea' id='block_1_78' title="bbox 2043 2641 3698 2716">
    <p class='ocr_par' dir='ltr' id='par_1_78' title="bbox 2043 2641 3698 2716">
     <span class='ocr_line' id='line_1_78' title="bbox 2043 2641 3698 2716; baseline 0.006 -20"><span class='ocrx_word' id='word_1_550' title='bbox 2043 2641 2196 2697; x_wconf 91' lang='lat' dir='ltr'><strong>litati</strong></span> <span class='ocrx_word' id='word_1_551' title='bbox 2218 2642 2290 2698; x_wconf 91' lang='lat' dir='ltr'><strong>ab</strong></span> <span class='ocrx_word' id='word_1_552' title='bbox 2310 2642 2528 2698; x_wconf 88' lang='lat' dir='ltr'><strong>Oberto</strong></span> <span class='ocrx_word' id='word_1_553' title='bbox 2547 2643 2876 2714; x_wconf 89' lang='lat' dir='ltr'><strong>ceterisque</strong></span> <span class='ocrx_word' id='word_1_554' title='bbox 2899 2643 3260 2715; x_wconf 71' lang='lat' dir='ltr'><strong>principibus</strong></span> <span class='ocrx_word' id='word_1_555' title='bbox 3276 2645 3482 2701; x_wconf 66' lang='lat' dir='ltr'><strong>confidi</strong></span> <span class='ocrx_word' id='word_1_556' title='bbox 3509 2654 3620 2716; x_wconf 89' lang='lat' dir='ltr'><strong>ret,</strong></span> <span class='ocrx_word' id='word_1_557' title='bbox 3637 2651 3698 2706; x_wconf 87' lang='lat' dir='ltr'><strong>et</strong></span> 
     </span>
    </p>
   </div>
   <div class='ocr_carea' id='block_1_79' title="bbox 2043 2730 3698 2805">
    <p class='ocr_par' dir='ltr' id='par_1_79' title="bbox 2043 2730 3698 2805">
     <span class='ocr_line' id='line_1_79' title="bbox 2043 2730 3698 2805; baseline 0.005 -20"><span class='ocrx_word' id='word_1_558' title='bbox 2043 2730 2238 2787; x_wconf 92' lang='lat' dir='ltr'><strong>Leodii</strong></span> <span class='ocrx_word' id='word_1_559' title='bbox 2271 2736 2411 2789; x_wconf 91' lang='lat' dir='ltr'><strong>tunc</strong></span> <span class='ocrx_word' id='word_1_560' title='bbox 2440 2733 2620 2788; x_wconf 87' lang='lat' dir='ltr'><strong>Pasca</strong></span> <span class='ocrx_word' id='word_1_561' title='bbox 2651 2730 3062 2787; x_wconf 90' lang='lat' dir='ltr'><strong>celebrandum</strong></span> <span class='ocrx_word' id='word_1_562' title='bbox 3089 2731 3433 2802; x_wconf 88' lang='lat' dir='ltr'><strong>destinaret,</strong></span> <span class='ocrx_word' id='word_1_563' title='bbox 3461 2735 3584 2805; x_wconf 82' lang='lat' dir='ltr'><strong>ipse</strong></span> <span class='ocrx_word' id='word_1_564' title='bbox 3610 2751 3698 2793; x_wconf 86' lang='lat' dir='ltr'><strong>re-</strong></span> 
     </span>
    </p>
   </div>
   <div class='ocr_carea' id='block_1_80' title="bbox 2042 2820 3698 2892">
    <p class='ocr_par' dir='ltr' id='par_1_80' title="bbox 2042 2820 3698 2892">
     <span class='ocr_line' id='line_1_80' title="bbox 2042 2820 3698 2892; baseline 0.004 -16"><span class='ocrx_word' id='word_1_565' title='bbox 2042 2820 2242 2877; x_wconf 86' lang='lat' dir='ltr'><strong>sidens</strong></span> <span class='ocrx_word' id='word_1_566' title='bbox 2276 2822 2456 2892; x_wconf 80' lang='lat' dir='ltr'><strong>Aquis</strong></span> <span class='ocrx_word' id='word_1_567' title='bbox 2484 2825 2788 2876; x_wconf 89' lang='lat' dir='ltr'><strong>trecentos</strong></span> <span class='ocrx_word' id='word_1_568' title='bbox 2823 2821 2941 2876; x_wconf 87' lang='lat' dir='ltr'><strong>fere</strong></span> <span class='ocrx_word' id='word_1_569' title='bbox 2971 2821 3315 2892; x_wconf 90' lang='lat' dir='ltr'><strong>optimatum</strong></span> <span class='ocrx_word' id='word_1_570' title='bbox 3351 2837 3588 2880; x_wconf 91' lang='lat' dir='ltr'><strong>suorum</strong></span> <span class='ocrx_word' id='word_1_571' title='bbox 3622 2825 3698 2883; x_wconf 89' lang='lat' dir='ltr'><strong>ad</strong></span> 
     </span>
    </p>
   </div>
   <div class='ocr_carea' id='block_1_81' title="bbox 2043 2907 3698 2982">
    <p class='ocr_par' dir='ltr' id='par_1_81' title="bbox 2043 2907 3698 2982">
     <span class='ocr_line' id='line_1_81' title="bbox 2043 2907 3698 2982; baseline 0.003 -17"><span class='ocrx_word' id='word_1_572' title='bbox 2043 2911 2244 2965; x_wconf 91' lang='lat' dir='ltr'><strong>urbem</strong></span> <span class='ocrx_word' id='word_1_573' title='bbox 2269 2909 2574 2980; x_wconf 65' lang='lat' dir='ltr'><strong>praimisit,</strong></span> <span class='ocrx_word' id='word_1_574' title='bbox 2600 2907 2788 2965; x_wconf 90' lang='lat' dir='ltr'><strong>ethoc</strong></span> <span class='ocrx_word' id='word_1_575' title='bbox 2818 2909 2957 2964; x_wconf 86' lang='lat' dir='ltr'><strong>feria</strong></span> <span class='ocrx_word' id='word_1_576' title='bbox 2983 2909 3184 2980; x_wconf 90' lang='lat' dir='ltr'><strong>quinta</strong></span> <span class='ocrx_word' id='word_1_577' title='bbox 3217 2909 3454 2982; x_wconf 87' lang='lat' dir='ltr'><strong>majoris</strong></span> <span class='ocrx_word' id='word_1_578' title='bbox 3482 2911 3698 2970; x_wconf 78' lang='lat' dir='ltr'><strong>hebdo-</strong></span> 
     </span>
    </p>
   </div>
   <div class='ocr_carea' id='block_1_82' title="bbox 2042 2997 3697 3071">
    <p class='ocr_par' dir='ltr' id='par_1_82' title="bbox 2042 2997 3697 3071">
     <span class='ocr_line' id='line_1_82' title="bbox 2042 2997 3697 3071; baseline 0.003 -18"><span class='ocrx_word' id='word_1_579' title='bbox 2042 2998 2224 3053; x_wconf 60' lang='lat' dir='ltr'><strong>madas</strong></span> <span class='ocrx_word' id='word_1_580' title='bbox 2259 2997 2463 3065; x_wconf 76' lang='lat' dir='ltr'><strong>(Mart.</strong></span> <span class='ocrx_word' id='word_1_581' title='bbox 2488 3000 2598 3069; x_wconf 91' lang='lat'><strong>22).</strong></span> <span class='ocrx_word' id='word_1_582' title='bbox 2630 2999 2755 3053; x_wconf 87' lang='lat' dir='ltr'><strong>Dux</strong></span> <span class='ocrx_word' id='word_1_583' title='bbox 2777 2997 3061 3053; x_wconf 87' lang='lat' dir='ltr'><strong>Henricus</strong></span> <span class='ocrx_word' id='word_1_584' title='bbox 3095 2997 3244 3071; x_wconf 84' lang='lat'><strong>(209)</strong></span> <span class='ocrx_word' id='word_1_585' title='bbox 3277 3012 3306 3054; x_wconf 89' lang='lat' dir='ltr'><strong>a</strong></span> <span class='ocrx_word' id='word_1_586' title='bbox 3333 2999 3451 3056; x_wconf 87' lang='lat' dir='ltr'><strong>filio</strong></span> <span class='ocrx_word' id='word_1_587' title='bbox 3479 3001 3697 3059; x_wconf 86' lang='lat' dir='ltr'><strong>subdu-</strong></span> 
     </span>
    </p>
   </div>
   <div class='ocr_carea' id='block_1_83' title="bbox 2043 3084 3696 3157">
    <p class='ocr_par' dir='ltr' id='par_1_83' title="bbox 2043 3084 3696 3157">
     <span class='ocr_line' id='line_1_83' title="bbox 2043 3084 3696 3157; baseline 0.002 -16"><span class='ocrx_word' id='word_1_588' title='bbox 2043 3089 2176 3141; x_wconf 90' lang='lat' dir='ltr'><strong>ctus</strong></span> <span class='ocrx_word' id='word_1_589' title='bbox 2197 3101 2324 3140; x_wconf 91' lang='lat' dir='ltr'><strong>cum</strong></span> <span class='ocrx_word' id='word_1_590' title='bbox 2351 3091 2516 3157; x_wconf 88' lang='lat' dir='ltr'><strong>patre</strong></span> <span class='ocrx_word' id='word_1_591' title='bbox 2539 3091 2678 3140; x_wconf 90' lang='lat' dir='ltr'><strong>tunc</strong></span> <span class='ocrx_word' id='word_1_592' title='bbox 2704 3084 2899 3141; x_wconf 88' lang='lat' dir='ltr'><strong>Leodii</strong></span> <span class='ocrx_word' id='word_1_593' title='bbox 2927 3085 3286 3142; x_wconf 88' lang='lat' dir='ltr'><strong>morabatur.</strong></span> <span class='ocrx_word' id='word_1_594' title='bbox 3325 3089 3424 3143; x_wconf 91' lang='lat' dir='ltr'><strong>Hic</strong></span> <span class='ocrx_word' id='word_1_595' title='bbox 3455 3087 3696 3146; x_wconf 83' lang='lat' dir='ltr'><strong>hortatu</strong></span> 
     </span>
    </p>
   </div>
   <div class='ocr_carea' id='block_1_84' title="bbox 2044 3171 3698 3245">
    <p class='ocr_par' dir='ltr' id='par_1_84' title="bbox 2044 3171 3698 3245">
     <span class='ocr_line' id='line_1_84' title="bbox 2044 3171 3698 3245; baseline 0.004 -17"><span class='ocrx_word' id='word_1_596' title='bbox 2044 3172 2274 3228; x_wconf 77' lang='lat' dir='ltr'><strong>Otberti</strong></span> <span class='ocrx_word' id='word_1_597' title='bbox 2300 3173 2352 3228; x_wconf 91' lang='lat' dir='ltr'><strong>in</strong></span> <span class='ocrx_word' id='word_1_598' title='bbox 2379 3178 2640 3243; x_wconf 91' lang='lat' dir='ltr'><strong>tempore</strong></span> <span class='ocrx_word' id='word_1_599' title='bbox 2662 3171 3009 3228; x_wconf 90' lang='lat' dir='ltr'><strong>conficiendi</strong></span> <span class='ocrx_word' id='word_1_600' title='bbox 3039 3173 3397 3245; x_wconf 89' lang='lat' dir='ltr'><strong>chrismatis,</strong></span> <span class='ocrx_word' id='word_1_601' title='bbox 3428 3175 3698 3236; x_wconf 87' lang='lat' dir='ltr'><strong>collectis</strong></span> 
     </span>
    </p>
   </div>
   <div class='ocr_carea' id='block_1_85' title="bbox 2045 3260 3698 3327">
    <p class='ocr_par' dir='ltr' id='par_1_85' title="bbox 2045 3260 3698 3327">
     <span class='ocr_line' id='line_1_85' title="bbox 2045 3260 3698 3327; baseline 0.004 -10"><span class='ocrx_word' id='word_1_602' title='bbox 2045 3275 2240 3317; x_wconf 90' lang='lat' dir='ltr'><strong>secum</strong></span> <span class='ocrx_word' id='word_1_603' title='bbox 2290 3260 2643 3317; x_wconf 87' lang='lat' dir='ltr'><strong>militaribus</strong></span> <span class='ocrx_word' id='word_1_604' title='bbox 2697 3260 2947 3327; x_wconf 83' lang='lat' dir='ltr'><strong>auxiliis,</strong></span> <span class='ocrx_word' id='word_1_605' title='bbox 3001 3261 3212 3318; x_wconf 88' lang='lat' dir='ltr'><strong>emotis</strong></span> <span class='ocrx_word' id='word_1_606' title='bbox 3252 3263 3428 3318; x_wconf 89' lang='lat' dir='ltr'><strong>etiam</strong></span> <span class='ocrx_word' id='word_1_607' title='bbox 3474 3264 3698 3324; x_wconf 84' lang='lat' dir='ltr'><strong>Viribus</strong></span> 
     </span>
    </p>
   </div>
   <div class='ocr_carea' id='block_1_86' title="bbox 2043 3347 3698 3422">
    <p class='ocr_par' dir='ltr' id='par_1_86' title="bbox 2043 3347 3698 3422">
     <span class='ocr_line' id='line_1_86' title="bbox 2043 3347 3698 3422; baseline 0.004 -18"><span class='ocrx_word' id='word_1_608' title='bbox 2043 3347 2301 3418; x_wconf 86' lang='lat' dir='ltr'><strong>ejusdem</strong></span> <span class='ocrx_word' id='word_1_609' title='bbox 2340 3348 2622 3418; x_wconf 89' lang='lat' dir='ltr'><strong>civitatis,</strong></span> <span class='ocrx_word' id='word_1_610' title='bbox 2654 3348 2739 3406; x_wconf 89' lang='lat' dir='ltr'><strong>cis</strong></span> <span class='ocrx_word' id='word_1_611' title='bbox 2779 3355 3012 3420; x_wconf 89' lang='lat' dir='ltr'><strong>pontem</strong></span> <span class='ocrx_word' id='word_1_612' title='bbox 3054 3349 3395 3406; x_wconf 85' lang='lat' dir='ltr'><strong>Visuensem</strong></span> <span class='ocrx_word' id='word_1_613' title='bbox 3428 3351 3570 3422; x_wconf 82' lang='lat'><strong>(210)</strong></span> <span class='ocrx_word' id='word_1_614' title='bbox 3605 3353 3698 3410; x_wconf 87' lang='lat' dir='ltr'><strong>ad-</strong></span> 
     </span>
    </p>
   </div>
   <div class='ocr_carea' id='block_1_87' title="bbox 2043 3435 3698 3508">
    <p class='ocr_par' dir='ltr' id='par_1_87' title="bbox 2043 3435 3698 3508">
     <span class='ocr_line' id='line_1_87' title="bbox 2043 3435 3698 3508; baseline 0.003 -16"><span class='ocrx_word' id='word_1_615' title='bbox 2043 3436 2422 3492; x_wconf 87' lang='lat' dir='ltr'><strong>ventantibus</strong></span> <span class='ocrx_word' id='word_1_616' title='bbox 2463 3437 2742 3506; x_wconf 89' lang='lat' dir='ltr'><strong>occurrit,</strong></span> <span class='ocrx_word' id='word_1_617' title='bbox 2788 3435 3021 3506; x_wconf 89' lang='lat' dir='ltr'><strong>illisque</strong></span> <span class='ocrx_word' id='word_1_618' title='bbox 3064 3451 3227 3508; x_wconf 63' lang='lat' dir='ltr'><strong>paene</strong></span> <span class='ocrx_word' id='word_1_619' title='bbox 3271 3437 3597 3497; x_wconf 84' lang='lat' dir='ltr'><strong>interfectis</strong></span> <span class='ocrx_word' id='word_1_620' title='bbox 3635 3445 3698 3497; x_wconf 88' lang='lat' dir='ltr'><strong>et</strong></span> 
     </span>
    </p>
   </div>
   <div class='ocr_carea' id='block_1_88' title="bbox 2047 3524 3695 3598">
    <p class='ocr_par' dir='ltr' id='par_1_88' title="bbox 2047 3524 3695 3598">
     <span class='ocr_line' id='line_1_88' title="bbox 2047 3524 3695 3598; baseline 0.002 -18"><span class='ocrx_word' id='word_1_621' title='bbox 2047 3525 2392 3592; x_wconf 88' lang='lat' dir='ltr'><strong>submersis,</strong></span> <span class='ocrx_word' id='word_1_622' title='bbox 2426 3524 2730 3579; x_wconf 83' lang='lat' dir='ltr'><strong>maximam</strong></span> <span class='ocrx_word' id='word_1_623' title='bbox 2763 3524 2988 3581; x_wconf 88' lang='lat' dir='ltr'><strong>cladem</strong></span> <span class='ocrx_word' id='word_1_624' title='bbox 3011 3539 3188 3596; x_wconf 89' lang='lat' dir='ltr'><strong>regno</strong></span> <span class='ocrx_word' id='word_1_625' title='bbox 3213 3524 3430 3596; x_wconf 90' lang='lat' dir='ltr'><strong>intulit,</strong></span> <span class='ocrx_word' id='word_1_626' title='bbox 3465 3527 3695 3598; x_wconf 89' lang='lat' dir='ltr'><strong>sibique</strong></span> 
     </span>
    </p>
   </div>
   <div class='ocr_carea' id='block_1_89' title="bbox 2045 3612 3440 3684">
    <p class='ocr_par' dir='ltr' id='par_1_89' title="bbox 2045 3612 3440 3684">
     <span class='ocr_line' id='line_1_89' title="bbox 2045 3612 3440 3684; baseline -0.001 -14"><span class='ocrx_word' id='word_1_627' title='bbox 2045 3617 2104 3670; x_wconf 90' lang='lat' dir='ltr'><strong>et</strong></span> <span class='ocrx_word' id='word_1_628' title='bbox 2129 3613 2334 3684; x_wconf 76' lang='lat' dir='ltr'><strong>patrita</strong></span> <span class='ocrx_word' id='word_1_629' title='bbox 2359 3612 2755 3669; x_wconf 89' lang='lat' dir='ltr'><strong>inexorabiles</strong></span> <span class='ocrx_word' id='word_1_630' title='bbox 2779 3613 3115 3669; x_wconf 88' lang='lat' dir='ltr'><strong>inimicitias</strong></span> <span class='ocrx_word' id='word_1_631' title='bbox 3139 3614 3440 3670; x_wconf 85' lang='lat' dir='ltr'><strong>conscivit.</strong></span> 
     </span>
    </p>
   </div>
   <div class='ocr_carea' id='block_1_90' title="bbox 2114 3717 3697 3790">
    <p class='ocr_par' dir='ltr' id='par_1_90' title="bbox 2114 3717 3697 3790">
     <span class='ocr_line' id='line_1_90' title="bbox 2114 3717 3697 3790; baseline 0.001 -14"><span class='ocrx_word' id='word_1_632' title='bbox 2114 3722 2200 3776; x_wconf 83' lang='lat'><strong>98.</strong></span> <span class='ocrx_word' id='word_1_633' title='bbox 2246 3720 2418 3790; x_wconf 82' lang='grc'>(120.)</span> <span class='ocrx_word' id='word_1_634' title='bbox 2458 3717 2667 3774; x_wconf 89' lang='lat' dir='ltr'><strong>Eodem</strong></span> <span class='ocrx_word' id='word_1_635' title='bbox 2702 3732 2851 3774; x_wconf 88' lang='lat' dir='ltr'><strong>anno</strong></span> <span class='ocrx_word' id='word_1_636' title='bbox 2885 3717 3162 3774; x_wconf 83' lang='lat' dir='ltr'><strong>Arnulfus</strong></span> <span class='ocrx_word' id='word_1_637' title='bbox 3201 3732 3397 3774; x_wconf 90' lang='lat' dir='ltr'><strong>comes</strong></span> <span class='ocrx_word' id='word_1_638' title='bbox 3437 3719 3697 3777; x_wconf 81' lang='lat' dir='ltr'><strong>Chisnia-</strong></span> 
     </span>
    </p>
   </div>
   <div class='ocr_carea' id='block_1_91' title="bbox 2046 3806 3693 3878">
    <p class='ocr_par' dir='ltr' id='par_1_91' title="bbox 2046 3806 3693 3878">
     <span class='ocr_line' id='line_1_91' title="bbox 2046 3806 3693 3878; baseline 0.001 -14"><span class='ocrx_word' id='word_1_639' title='bbox 2046 3807 2238 3864; x_wconf 90' lang='lat' dir='ltr'><strong>censis</strong></span> <span class='ocrx_word' id='word_1_640' title='bbox 2262 3807 2317 3863; x_wconf 91' lang='lat' dir='ltr'><strong>in</strong></span> <span class='ocrx_word' id='word_1_641' title='bbox 2343 3808 2449 3863; x_wconf 90' lang='lat' dir='ltr'><strong>hoc</strong></span> <span class='ocrx_word' id='word_1_642' title='bbox 2473 3806 2599 3863; x_wconf 93' lang='lat' dir='ltr'><strong>loco</strong></span> <span class='ocrx_word' id='word_1_643' title='bbox 2621 3807 2894 3863; x_wconf 84' lang='lat' dir='ltr'><strong>Kalendis</strong></span> <span class='ocrx_word' id='word_1_644' title='bbox 2917 3806 3132 3878; x_wconf 77' lang='lat' dir='ltr'><strong>Aprilis</strong></span> <span class='ocrx_word' id='word_1_645' title='bbox 3159 3807 3476 3865; x_wconf 88' lang='lat' dir='ltr'><strong>monachus</strong></span> <span class='ocrx_word' id='word_1_646' title='bbox 3505 3809 3693 3866; x_wconf 90' lang='lat' dir='ltr'><strong>factus</strong></span> 
     </span>
    </p>
   </div>
   <div class='ocr_carea' id='block_1_92' title="bbox 2047 3895 3694 3967">
    <p class='ocr_par' dir='ltr' id='par_1_92' title="bbox 2047 3895 3694 3967">
     <span class='ocr_line' id='line_1_92' title="bbox 2047 3895 3694 3967; baseline 0.001 -15"><span class='ocrx_word' id='word_1_647' title='bbox 2047 3899 2114 3952; x_wconf 88' lang='lat'><strong>16</strong></span> <span class='ocrx_word' id='word_1_648' title='bbox 2138 3895 2422 3952; x_wconf 84' lang='lat' dir='ltr'><strong>Kalendas</strong></span> <span class='ocrx_word' id='word_1_649' title='bbox 2447 3896 2570 3951; x_wconf 81' lang='lat' dir='ltr'><strong>Maii</strong></span> <span class='ocrx_word' id='word_1_650' title='bbox 2596 3895 2758 3952; x_wconf 91' lang='lat' dir='ltr'><strong>obiit.</strong></span> <span class='ocrx_word' id='word_1_651' title='bbox 2797 3896 2922 3967; x_wconf 88' lang='lat' dir='ltr'><strong>Ipse</strong></span> <span class='ocrx_word' id='word_1_652' title='bbox 2945 3899 3078 3950; x_wconf 84' lang='lat' dir='ltr'><strong>ante</strong></span> <span class='ocrx_word' id='word_1_653' title='bbox 3104 3909 3284 3950; x_wconf 87' lang='lat' dir='ltr'><strong>annos</strong></span> <span class='ocrx_word' id='word_1_654' title='bbox 3308 3896 3694 3967; x_wconf 87' lang='lat' dir='ltr'><strong>quadraginta</strong></span> 
     </span>
    </p>
   </div>
   <div class='ocr_carea' id='block_1_93' title="bbox 2047 3981 3697 4054">
    <p class='ocr_par' dir='ltr' id='par_1_93' title="bbox 2047 3981 3697 4054">
     <span class='ocr_line' id='line_1_93' title="bbox 2047 3981 3697 4054; baseline 0.001 -13"><span class='ocrx_word' id='word_1_655' title='bbox 2047 3982 2252 4041; x_wconf 91' lang='lat' dir='ltr'><strong>cellam</strong></span> <span class='ocrx_word' id='word_1_656' title='bbox 2278 3983 2594 4053; x_wconf 89' lang='lat' dir='ltr'><strong>Pirensem,</strong></span> <span class='ocrx_word' id='word_1_657' title='bbox 2622 3987 2686 4040; x_wconf 87' lang='lat' dir='ltr'><strong>ut</strong></span> <span class='ocrx_word' id='word_1_658' title='bbox 2707 3983 3051 4054; x_wconf 71' lang='lat' dir='ltr'><strong>praedictum</strong></span> <span class='ocrx_word' id='word_1_659' title='bbox 3075 3989 3164 4038; x_wconf 89' lang='lat' dir='ltr'><strong>est</strong></span> <span class='ocrx_word' id='word_1_660' title='bbox 3188 3981 3358 4054; x_wconf 88' lang='lat'><strong>(211),</strong></span> <span class='ocrx_word' id='word_1_661' title='bbox 3385 3985 3558 4040; x_wconf 81' lang='lat' dir='ltr'><strong>beato</strong></span> <span class='ocrx_word' id='word_1_662' title='bbox 3582 3987 3697 4042; x_wconf 87' lang='lat' dir='ltr'><strong>Hu-</strong></span> 
     </span>
    </p>
   </div>
   <div class='ocr_carea' id='block_1_94' title="bbox 2047 4068 3690 4144">
    <p class='ocr_par' dir='ltr' id='par_1_94' title="bbox 2047 4068 3690 4144">
     <span class='ocr_line' id='line_1_94' title="bbox 2047 4068 3690 4144; baseline 0 -18"><span class='ocrx_word' id='word_1_663' title='bbox 2047 4071 2216 4126; x_wconf 85' lang='lat' dir='ltr'><strong>berto</strong></span> <span class='ocrx_word' id='word_1_664' title='bbox 2245 4070 2514 4141; x_wconf 89' lang='lat' dir='ltr'><strong>legaliter</strong></span> <span class='ocrx_word' id='word_1_665' title='bbox 2537 4071 2590 4126; x_wconf 90' lang='lat' dir='ltr'><strong>in</strong></span> <span class='ocrx_word' id='word_1_666' title='bbox 2617 4075 2961 4142; x_wconf 85' lang='lat' dir='ltr'><strong>perpetuum</strong></span> <span class='ocrx_word' id='word_1_667' title='bbox 2988 4068 3309 4126; x_wconf 86' lang='lat' dir='ltr'><strong>habendam</strong></span> <span class='ocrx_word' id='word_1_668' title='bbox 3338 4071 3690 4144; x_wconf 88' lang='lat' dir='ltr'><strong>contulerat,</strong></span> 
     </span>
    </p>
   </div>
   <div class='ocr_carea' id='block_1_95' title="bbox 2046 4157 3692 4230">
    <p class='ocr_par' dir='ltr' id='par_1_95' title="bbox 2046 4157 3692 4230">
     <span class='ocr_line' id='line_1_95' title="bbox 2046 4157 3692 4230; baseline 0.001 -16"><span class='ocrx_word' id='word_1_669' title='bbox 2046 4163 2300 4229; x_wconf 86' lang='lat' dir='ltr'><strong>tuncque</strong></span> <span class='ocrx_word' id='word_1_670' title='bbox 2333 4159 2655 4216; x_wconf 90' lang='lat' dir='ltr'><strong>moriturus</strong></span> <span class='ocrx_word' id='word_1_671' title='bbox 2687 4157 2936 4230; x_wconf 91' lang='lat' dir='ltr'><strong>pretium</strong></span> <span class='ocrx_word' id='word_1_672' title='bbox 2979 4157 3178 4214; x_wconf 89' lang='lat' dir='ltr'><strong>decem</strong></span> <span class='ocrx_word' id='word_1_673' title='bbox 3221 4157 3500 4216; x_wconf 89' lang='lat' dir='ltr'><strong>librarum</strong></span> <span class='ocrx_word' id='word_1_674' title='bbox 3533 4159 3692 4216; x_wconf 89' lang='lat' dir='ltr'><strong>dedit</strong></span> 
     </span>
    </p>
   </div>
   <div class='ocr_carea' id='block_1_96' title="bbox 2043 4245 3693 4317">
    <p class='ocr_par' dir='ltr' id='par_1_96' title="bbox 2043 4245 3693 4317">
     <span class='ocr_line' id='line_1_96' title="bbox 2043 4245 3693 4317; baseline 0.001 -13"><span class='ocrx_word' id='word_1_675' title='bbox 2043 4247 2310 4305; x_wconf 75' lang='lat' dir='ltr'><strong>ecclesne</strong></span> <span class='ocrx_word' id='word_1_676' title='bbox 2335 4247 2387 4303; x_wconf 88' lang='lat' dir='ltr'><strong>in</strong></span> <span class='ocrx_word' id='word_1_677' title='bbox 2412 4247 2808 4303; x_wconf 90' lang='lat' dir='ltr'><strong>elemosinam.</strong></span> <span class='ocrx_word' id='word_1_678' title='bbox 2829 4247 2900 4302; x_wconf 88' lang='lat' dir='ltr'><strong>Et</strong></span> <span class='ocrx_word' id='word_1_679' title='bbox 2917 4245 3050 4317; x_wconf 89' lang='lat' dir='ltr'><strong>quia</strong></span> <span class='ocrx_word' id='word_1_680' title='bbox 3075 4245 3228 4304; x_wconf 88' lang='lat' dir='ltr'><strong>filius</strong></span> <span class='ocrx_word' id='word_1_681' title='bbox 3247 4246 3375 4316; x_wconf 89' lang='lat' dir='ltr'><strong>ejus</strong></span> <span class='ocrx_word' id='word_1_682' title='bbox 3395 4247 3533 4304; x_wconf 92' lang='lat' dir='ltr'><strong>Otto</strong></span> <span class='ocrx_word' id='word_1_683' title='bbox 3556 4254 3693 4306; x_wconf 91' lang='lat' dir='ltr'><strong>tunc</strong></span> 
     </span>
    </p>
   </div>
   <div class='ocr_carea' id='block_1_97' title="bbox 2045 4333 3690 4406">
    <p class='ocr_par' dir='ltr' id='par_1_97' title="bbox 2045 4333 3690 4406">
     <span class='ocr_line' id='line_1_97' title="bbox 2045 4333 3690 4406; baseline 0 -14"><span class='ocrx_word' id='word_1_684' title='bbox 2045 4349 2173 4392; x_wconf 90' lang='lat' dir='ltr'><strong>cum</strong></span> <span class='ocrx_word' id='word_1_685' title='bbox 2195 4335 2442 4391; x_wconf 86' lang='lat' dir='ltr'><strong>Henrico</strong></span> <span class='ocrx_word' id='word_1_686' title='bbox 2463 4334 2714 4392; x_wconf 75' lang='lat' dir='ltr'><strong>Coloniaa</strong></span> <span class='ocrx_word' id='word_1_687' title='bbox 2738 4335 3094 4404; x_wconf 89' lang='lat' dir='ltr'><strong>morabatur,</strong></span> <span class='ocrx_word' id='word_1_688' title='bbox 3115 4333 3453 4406; x_wconf 87' lang='lat' dir='ltr'><strong>nullumque</strong></span> <span class='ocrx_word' id='word_1_689' title='bbox 3477 4335 3690 4392; x_wconf 92' lang='lat' dir='ltr'><strong>donum</strong></span> 
     </span>
    </p>
   </div>
   <div class='ocr_carea' id='block_1_98' title="bbox 2044 4423 3686 4496">
    <p class='ocr_par' dir='ltr' id='par_1_98' title="bbox 2044 4423 3686 4496">
     <span class='ocr_line' id='line_1_98' title="bbox 2044 4423 3686 4496; baseline 0.001 -16"><span class='ocrx_word' id='word_1_690' title='bbox 2044 4423 2386 4480; x_wconf 89' lang='lat' dir='ltr'><strong>hereditarii</strong></span> <span class='ocrx_word' id='word_1_691' title='bbox 2411 4423 2562 4494; x_wconf 90' lang='lat' dir='ltr'><strong>juris</strong></span> <span class='ocrx_word' id='word_1_692' title='bbox 2590 4425 2778 4480; x_wconf 89' lang='lat' dir='ltr'><strong>facere</strong></span> <span class='ocrx_word' id='word_1_693' title='bbox 2807 4426 3036 4495; x_wconf 89' lang='lat' dir='ltr'><strong>poterat</strong></span> <span class='ocrx_word' id='word_1_694' title='bbox 3067 4423 3194 4480; x_wconf 88' lang='lat' dir='ltr'><strong>sine</strong></span> <span class='ocrx_word' id='word_1_695' title='bbox 3221 4423 3348 4494; x_wconf 87' lang='lat' dir='ltr'><strong>ejus</strong></span> <span class='ocrx_word' id='word_1_696' title='bbox 3376 4439 3686 4496; x_wconf 89' lang='lat' dir='ltr'><strong>consensu,</strong></span> 
     </span>
    </p>
   </div>
   <div class='ocr_carea' id='block_1_99' title="bbox 2045 4511 3692 4585">
    <p class='ocr_par' dir='ltr' id='par_1_99' title="bbox 2045 4511 3692 4585">
     <span class='ocr_line' id='line_1_99' title="bbox 2045 4511 3692 4585; baseline 0.001 -17"><span class='ocrx_word' id='word_1_697' title='bbox 2045 4527 2148 4585; x_wconf 92' lang='lat' dir='ltr'><strong>per</strong></span> <span class='ocrx_word' id='word_1_698' title='bbox 2185 4515 2576 4584; x_wconf 89' lang='lat' dir='ltr'><strong>obsequentes</strong></span> <span class='ocrx_word' id='word_1_699' title='bbox 2619 4511 2821 4569; x_wconf 79' lang='lat' dir='ltr'><strong>fideles</strong></span> <span class='ocrx_word' id='word_1_700' title='bbox 2861 4511 3156 4568; x_wconf 88' lang='lat' dir='ltr'><strong>mandavit</strong></span> <span class='ocrx_word' id='word_1_701' title='bbox 3196 4512 3444 4582; x_wconf 87' lang='lat' dir='ltr'><strong>absenti,</strong></span> <span class='ocrx_word' id='word_1_702' title='bbox 3491 4519 3553 4568; x_wconf 90' lang='lat' dir='ltr'><strong>ut</strong></span> <span class='ocrx_word' id='word_1_703' title='bbox 3589 4527 3692 4585; x_wconf 89' lang='lat' dir='ltr'><strong>per</strong></span> 
     </span>
    </p>
   </div>
   <div class='ocr_carea' id='block_1_100' title="bbox 2046 4599 3692 4673">
    <p class='ocr_par' dir='ltr' id='par_1_100' title="bbox 2046 4599 3692 4673">
     <span class='ocr_line' id='line_1_100' title="bbox 2046 4599 3692 4673; baseline -0.001 -15"><span class='ocrx_word' id='word_1_704' title='bbox 2046 4603 2215 4658; x_wconf 87' lang='lat' dir='ltr'><strong>fidem</strong></span> <span class='ocrx_word' id='word_1_705' title='bbox 2247 4603 2501 4659; x_wconf 90' lang='lat' dir='ltr'><strong>debitam</strong></span> <span class='ocrx_word' id='word_1_706' title='bbox 2535 4601 2687 4673; x_wconf 90' lang='lat' dir='ltr'><strong>patri</strong></span> <span class='ocrx_word' id='word_1_707' title='bbox 2722 4615 2826 4673; x_wconf 91' lang='lat' dir='ltr'><strong>pro</strong></span> <span class='ocrx_word' id='word_1_708' title='bbox 2853 4600 3038 4656; x_wconf 89' lang='lat' dir='ltr'><strong>anima</strong></span> <span class='ocrx_word' id='word_1_709' title='bbox 3073 4614 3177 4656; x_wconf 88' lang='lat' dir='ltr'><strong>sua</strong></span> <span class='ocrx_word' id='word_1_710' title='bbox 3211 4599 3567 4656; x_wconf 85' lang='lat' dir='ltr'><strong>deliberaret</strong></span> <span class='ocrx_word' id='word_1_711' title='bbox 3595 4601 3692 4658; x_wconf 88' lang='lat' dir='ltr'><strong>de-</strong></span> 
     </span>
    </p>
   </div>
   <div class='ocr_carea' id='block_1_101' title="bbox 2042 4687 3692 4761">
    <p class='ocr_par' dir='ltr' id='par_1_101' title="bbox 2042 4687 3692 4761">
     <span class='ocr_line' id='line_1_101' title="bbox 2042 4687 3692 4761; baseline -0.002 -13"><span class='ocrx_word' id='word_1_712' title='bbox 2042 4691 2248 4748; x_wconf 91' lang='lat' dir='ltr'><strong>cimam</strong></span> <span class='ocrx_word' id='word_1_713' title='bbox 2287 4689 2357 4746; x_wconf 89' lang='lat' dir='ltr'><strong>de</strong></span> <span class='ocrx_word' id='word_1_714' title='bbox 2391 4689 2620 4747; x_wconf 82' lang='lat' dir='ltr'><strong>chcals</strong></span> <span class='ocrx_word' id='word_1_715' title='bbox 2651 4694 2711 4746; x_wconf 92' lang='lat' dir='ltr'><strong>et</strong></span> <span class='ocrx_word' id='word_1_716' title='bbox 2743 4694 2996 4745; x_wconf 91' lang='lat' dir='ltr'><strong>montem</strong></span> <span class='ocrx_word' id='word_1_717' title='bbox 3031 4687 3257 4744; x_wconf 86' lang='lat' dir='ltr'><strong>Floheri</strong></span> <span class='ocrx_word' id='word_1_718' title='bbox 3290 4687 3459 4761; x_wconf 87' lang='lat'><strong>(212).</strong></span> <span class='ocrx_word' id='word_1_719' title='bbox 3498 4688 3692 4746; x_wconf 87' lang='lat' dir='ltr'><strong>Pridie</strong></span> 
     </span>
    </p>
   </div>
   <div class='ocr_carea' id='block_1_102' title="bbox 2041 4776 3692 4850">
    <p class='ocr_par' dir='ltr' id='par_1_102' title="bbox 2041 4776 3692 4850">
     <span class='ocr_line' id='line_1_102' title="bbox 2041 4776 3692 4850; baseline -0.001 -15"><span class='ocrx_word' id='word_1_720' title='bbox 2041 4785 2234 4837; x_wconf 89' lang='lat' dir='ltr'><strong>autem</strong></span> <span class='ocrx_word' id='word_1_721' title='bbox 2256 4779 2540 4836; x_wconf 84' lang='lat' dir='ltr'><strong>Kalendas</strong></span> <span class='ocrx_word' id='word_1_722' title='bbox 2556 4779 2682 4835; x_wconf 85' lang='lat' dir='ltr'><strong>Maii</strong></span> <span class='ocrx_word' id='word_1_723' title='bbox 2706 4777 2860 4850; x_wconf 90' lang='lat' dir='ltr'><strong>apud</strong></span> <span class='ocrx_word' id='word_1_724' title='bbox 2881 4782 3140 4834; x_wconf 91' lang='lat' dir='ltr'><strong>castrum</strong></span> <span class='ocrx_word' id='word_1_725' title='bbox 3160 4776 3395 4833; x_wconf 82' lang='lat' dir='ltr'><strong>[Iolhem</strong></span> <span class='ocrx_word' id='word_1_726' title='bbox 3417 4777 3564 4847; x_wconf 85' lang='lat'><strong>(213)</strong></span> <span class='ocrx_word' id='word_1_727' title='bbox 3585 4777 3692 4834; x_wconf 89' lang='lat' dir='ltr'><strong>sub</strong></span> 
     </span>
    </p>
   </div>
   <div class='ocr_carea' id='block_1_103' title="bbox 2041 4864 3687 4936">
    <p class='ocr_par' dir='ltr' id='par_1_103' title="bbox 2041 4864 3687 4936">
     <span class='ocr_line' id='line_1_103' title="bbox 2041 4864 3687 4936; baseline -0.002 -12"><span class='ocrx_word' id='word_1_728' title='bbox 2041 4867 2254 4924; x_wconf 88' lang='lat' dir='ltr'><strong>Leodio</strong></span> <span class='ocrx_word' id='word_1_729' title='bbox 2283 4866 2428 4924; x_wconf 90' lang='lat' dir='ltr'><strong>obiit</strong></span> <span class='ocrx_word' id='word_1_730' title='bbox 2459 4881 2658 4922; x_wconf 90' lang='lat' dir='ltr'><strong>comes</strong></span> <span class='ocrx_word' id='word_1_731' title='bbox 2691 4867 2846 4922; x_wconf 88' lang='lat' dir='ltr'><strong>Ceno</strong></span> <span class='ocrx_word' id='word_1_732' title='bbox 2877 4865 3024 4936; x_wconf 71' lang='lat'><strong>(214)</strong></span> <span class='ocrx_word' id='word_1_733' title='bbox 3059 4864 3181 4934; x_wconf 77' lang='lat' dir='ltr'><strong>(an.</strong></span> <span class='ocrx_word' id='word_1_734' title='bbox 3215 4867 3374 4934; x_wconf 88' lang='lat'><strong>1106,</strong></span> <span class='ocrx_word' id='word_1_735' title='bbox 3403 4866 3544 4936; x_wconf 78' lang='lat' dir='ltr'><strong>Apr.</strong></span> <span class='ocrx_word' id='word_1_736' title='bbox 3575 4865 3687 4936; x_wconf 90' lang='lat'><strong>30),</strong></span> 
     </span>
    </p>
   </div>
   <div class='ocr_carea' id='block_1_104' title="bbox 2039 4951 3690 5028">
    <p class='ocr_par' dir='ltr' id='par_1_104' title="bbox 2039 4951 3690 5028">
     <span class='ocr_line' id='line_1_104' title="bbox 2039 4951 3690 5028; baseline -0.004 -16"><span class='ocrx_word' id='word_1_737' title='bbox 2039 4956 2292 5028; x_wconf 89' lang='lat' dir='ltr'><strong>indeque</strong></span> <span class='ocrx_word' id='word_1_738' title='bbox 2313 4969 2376 5014; x_wconf 88' lang='lat' dir='ltr'><strong>se</strong></span> <span class='ocrx_word' id='word_1_739' title='bbox 2401 4959 2637 5028; x_wconf 89' lang='lat' dir='ltr'><strong>petente</strong></span> <span class='ocrx_word' id='word_1_740' title='bbox 2662 4953 2900 5026; x_wconf 89' lang='lat' dir='ltr'><strong>relatus,</strong></span> <span class='ocrx_word' id='word_1_741' title='bbox 2921 4952 3189 5026; x_wconf 88' lang='lat' dir='ltr'><strong>sepultus</strong></span> <span class='ocrx_word' id='word_1_742' title='bbox 3210 4955 3301 5012; x_wconf 85' lang='lat' dir='ltr'><strong>est</strong></span> <span class='ocrx_word' id='word_1_743' title='bbox 3323 4951 3604 5009; x_wconf 89' lang='lat' dir='ltr'><strong>Dinanum</strong></span> <span class='ocrx_word' id='word_1_744' title='bbox 3622 4951 3690 4987; x_wconf 67' lang='lat'><strong>1“</strong></span> 
     </span>
    </p>
   </div>
   <div class='ocr_carea' id='block_1_105' title="bbox 2041 5041 3689 5112">
    <p class='ocr_par' dir='ltr' id='par_1_105' title="bbox 2041 5041 3689 5112">
     <span class='ocr_line' id='line_1_105' title="bbox 2041 5041 3689 5112; baseline -0.003 -10"><span class='ocrx_word' id='word_1_745' title='bbox 2041 5045 2154 5102; x_wconf 86' lang='lat' dir='ltr'><strong>sibi</strong></span> <span class='ocrx_word' id='word_1_746' title='bbox 2186 5045 2284 5102; x_wconf 92' lang='lat' dir='ltr'><strong>diu</strong></span> <span class='ocrx_word' id='word_1_747' title='bbox 2315 5043 2446 5102; x_wconf 90' lang='lat' dir='ltr'><strong>loco</strong></span> <span class='ocrx_word' id='word_1_748' title='bbox 2476 5043 2690 5101; x_wconf 90' lang='lat' dir='ltr'><strong>electo.</strong></span> <span class='ocrx_word' id='word_1_749' title='bbox 2735 5043 2844 5112; x_wconf 85' lang='lat' dir='ltr'><strong>Qui</strong></span> <span class='ocrx_word' id='word_1_750' title='bbox 2889 5047 3022 5100; x_wconf 87' lang='lat' dir='ltr'><strong>ante</strong></span> <span class='ocrx_word' id='word_1_751' title='bbox 3055 5042 3256 5100; x_wconf 88' lang='lat' dir='ltr'><strong>decem</strong></span> <span class='ocrx_word' id='word_1_752' title='bbox 3287 5055 3468 5099; x_wconf 87' lang='lat' dir='ltr'><strong>annos</strong></span> <span class='ocrx_word' id='word_1_753' title='bbox 3497 5041 3689 5099; x_wconf 83' lang='lat' dir='ltr'><strong>iturus</strong></span> 
     </span>
    </p>
   </div>
   <div class='ocr_carea' id='block_1_106' title="bbox 1633 5142 2304 5200">
    <p class='ocr_par' dir='ltr' id='par_1_106' title="bbox 1633 5142 2304 5200">
     <span class='ocr_line' id='line_1_106' title="bbox 1633 5142 2304 5200; baseline -0.001 -2"><span class='ocrx_word' id='word_1_754' title='bbox 1633 5143 1871 5200; x_wconf 64' lang='lat' dir='ltr'><strong>VARIxE</strong></span> <span class='ocrx_word' id='word_1_755' title='bbox 1902 5142 2304 5200; x_wconf 83' lang='lat' dir='ltr'><strong>LECTIONES.</strong></span> 
     </span>
    </p>
   </div>
   <div class='ocr_carea' id='block_1_107' title="bbox 343 5239 1462 5316">
    <p class='ocr_par' dir='ltr' id='par_1_107' title="bbox 343 5239 1462 5316">
     <span class='ocr_line' id='line_1_107' title="bbox 343 5239 1462 5316; baseline 0.008 -23"><span class='ocrx_word' id='word_1_756' title='bbox 343 5239 413 5276; x_wconf 71' lang='grc' dir='ltr'><strong>ηο</strong></span> <span class='ocrx_word' id='word_1_757' title='bbox 443 5239 571 5316; x_wconf 67' lang='lat' dir='ltr'><strong>tege</strong></span> <span class='ocrx_word' id='word_1_758' title='bbox 597 5240 1020 5315; x_wconf 68' lang='lat' dir='ltr'><strong>praetenderet.</strong></span> <span class='ocrx_word' id='word_1_759' title='bbox 1103 5243 1170 5278; x_wconf 80' lang='grc'><strong>¹⁴¹</strong></span> <span class='ocrx_word' id='word_1_760' title='bbox 1200 5243 1372 5302; x_wconf 88' lang='lat' dir='ltr'><strong>dinan</strong></span> <span class='ocrx_word' id='word_1_761' title='bbox 1405 5251 1462 5302; x_wconf 91' lang='lat'><strong>1.</strong></span> 
     </span>
    </p>
   </div>
   <div class='ocr_carea' id='block_1_108' title="bbox 1857 5317 2082 5377">
    <p class='ocr_par' dir='ltr' id='par_1_108' title="bbox 1857 5317 2082 5377">
     <span class='ocr_line' id='line_1_108' title="bbox 1857 5317 2082 5377; baseline 0 -2"><span class='ocrx_word' id='word_1_762' title='bbox 1857 5317 2082 5377; x_wconf 69' lang='lat' dir='ltr'><strong>NOTE.</strong></span> 
     </span>
    </p>
   </div>
   <div class='ocr_carea' id='block_1_109' title="bbox 272 5401 1922 5529">
    <p class='ocr_par' dir='ltr' id='par_1_109' title="bbox 272 5401 1922 5529">
     <span class='ocr_line' id='line_1_109' title="bbox 272 5401 1922 5529; baseline 0.004 -71"><span class='ocrx_word' id='word_1_763' title='bbox 272 5403 502 5529; x_wconf 54' lang='lat' dir='ltr'><strong>nil(:07)</strong></span> <span class='ocrx_word' id='word_1_764' title='bbox 525 5401 667 5459; x_wconf 85' lang='lat' dir='ltr'><strong>Post</strong></span> <span class='ocrx_word' id='word_1_765' title='bbox 689 5401 910 5459; x_wconf 86' lang='lat' dir='ltr'><strong>Pascha</strong></span> <span class='ocrx_word' id='word_1_766' title='bbox 935 5403 1208 5462; x_wconf 88' lang='lat' dir='ltr'><strong>Leodium</strong></span> <span class='ocrx_word' id='word_1_767' title='bbox 1230 5406 1410 5478; x_wconf 88' lang='lat' dir='ltr'><strong>venit,</strong></span> <span class='ocrx_word' id='word_1_768' title='bbox 1435 5405 1754 5465; x_wconf 86' lang='lat' dir='ltr'><strong>secundum</strong></span> <span class='ocrx_word' id='word_1_769' title='bbox 1777 5409 1922 5466; x_wconf 80' lang='lat' dir='ltr'><strong>Ann.</strong></span> 
     </span>
    </p>
   </div>
   <div class='ocr_carea' id='block_1_110' title="bbox 365 5541 931 5628">
    <p class='ocr_par' dir='ltr' id='par_1_110' title="bbox 365 5541 931 5628">
     <span class='ocr_line' id='line_1_110' title="bbox 365 5541 931 5628; baseline -0.005 0"><span class='ocrx_word' id='word_1_770' title='bbox 520 5541 931 5628; x_wconf 66' lang='grc' dir='ltr'><strong>βορμειψρίμιο</strong></span> 
     </span>
    </p>
   </div>
   <div class='ocr_carea' id='block_1_111' title="bbox 341 5615 1922 5762">
    <p class='ocr_par' dir='ltr' id='par_1_111' title="bbox 341 5615 1922 5762">
     <span class='ocr_line' id='line_1_111' title="bbox 343 5615 938 5758; baseline 0.002 -88"><span class='ocrx_word' id='word_1_771' title='bbox 343 5615 496 5758; x_wconf 47' lang='lat'><strong>(209&#39;;</strong></span> <span class='ocrx_word' id='word_1_772' title='bbox 521 5615 938 5686; x_wconf 68' lang='lat' dir='ltr'><strong>Lotbaring‘aa.</strong></span> 
     </span>
     <span class='ocr_line' id='line_1_112' title="bbox 341 5685 1922 5762; baseline 0.006 -20"><span class='ocrx_word' id='word_1_773' title='bbox 341 5688 470 5756; x_wconf 89' lang='grc'>(210</span> <span class='ocrx_word' id='word_1_774' title='bbox 538 5685 691 5746; x_wconf 65' lang='grc' dir='ltr'><strong>γετί.</strong></span> <span class='ocrx_word' id='word_1_775' title='bbox 736 5687 806 5744; x_wconf 87' lang='lat' dir='ltr'><strong>ad</strong></span> <span class='ocrx_word' id='word_1_776' title='bbox 841 5686 1076 5758; x_wconf 75' lang='lat' dir='ltr'><strong>Mosam,</strong></span> <span class='ocrx_word' id='word_1_777' title='bbox 1099 5685 1397 5760; x_wconf 88' lang='lat' dir='ltr'><strong>aliquanto</strong></span> <span class='ocrx_word' id='word_1_778' title='bbox 1419 5703 1595 5762; x_wconf 88' lang='lat' dir='ltr'><strong>supra</strong></span> <span class='ocrx_word' id='word_1_779' title='bbox 1618 5688 1922 5752; x_wconf 75' lang='lat' dir='ltr'><strong>Leodium.</strong></span> 
     </span>
    </p>
   </div>
   <div class='ocr_carea' id='block_1_112' title="bbox 2132 5409 3154 5551">
    <p class='ocr_par' dir='ltr' id='par_1_112' title="bbox 2132 5409 3154 5551">
     <span class='ocr_line' id='line_1_113' title="bbox 2132 5409 3154 5551; baseline -0.001 -17"><span class='ocrx_word' id='word_1_780' title='bbox 2285 5409 2597 5544; x_wconf 47' lang='lat' dir='ltr'><strong>itaita</strong></span> <span class='ocrx_word' id='word_1_781' title='bbox 2617 5484 2679 5538; x_wconf 90' lang='lat' dir='ltr'><strong>et</strong></span> <span class='ocrx_word' id='word_1_782' title='bbox 2697 5478 3054 5544; x_wconf 71' lang='lat' dir='ltr'><strong>Flohimont.</strong></span> <span class='ocrx_word' id='word_1_783' title='bbox 3080 5477 3154 5535; x_wconf 72' lang='grc' dir='ltr'><strong>ει.</strong></span> 
     </span>
    </p>
   </div>
   <div class='ocr_carea' id='block_1_113' title="bbox 2130 5551 2700 5693">
    <p class='ocr_par' dir='ltr' id='par_1_113' title="bbox 2130 5551 2700 5693">
     <span class='ocr_line' id='line_1_114' title="bbox 2130 5551 2700 5693; baseline 0.005 -16"><span class='ocrx_word' id='word_1_784' title='bbox 2130 5553 2259 5693; x_wconf 62' lang='grc' dir='ltr'><em>ξῖ</em></span> <span class='ocrx_word' id='word_1_785' title='bbox 2282 5551 2700 5682; x_wconf 49' lang='lat' dir='ltr'><strong>mmsis.</strong></span> 
     </span>
    </p>
   </div>
  </div>
