3948 6434
231 421 334 475 253

852 413 1231 472 EXPOSITIO
1271 415 1346 471 IN
1381 415 1763 474 EPISTOLAS
1801 413 2024 471 PAULI.
2065 443 2135 456 —
2173 414 2249 470 IN
2283 414 2502 471 EPIST.
2546 416 2594 472 II
2632 417 2727 472 AD
2765 415 2928 474 COR.

3437 419 3545 476 254

247 569 268 592 α
306 543 378 599 ita
401 552 460 599 ut
489 556 821 616 rogaremus
849 540 1048 606 Titum,
1081 547 1139 594 ut
1169 541 1632 612 quemadmodum
1663 539 1845 610 coepit,
1867 539 1916 598 A
1953 537 2202 608 quaedam
2233 537 2354 594 aliae
2383 539 2594 610 gratia}.
2643 541 2725 595 De
2754 541 2855 597 hac
2887 541 3062 614 gratia
3091 540 3231 598 facio
3260 541 3418 598 vobis
3443 558 3550 600 no-

249 654 272 684 ι
308 633 378 688 ita
412 639 466 688 et
494 629 746 703 perﬁciat
775 631 829 686 in
871 629 1044 692 vobis,
1080 629 1239 684 etiam
1270 630 1499 700 gratiam
1529 629 1708 684 istam.
1741 628 1850 684 Sed

252 743 275 772 ι
313 721 453 777 sicut
500 720 557 774 in
607 719 862 775 omnibus
891 718 1177 773 abundatis
1216 717 1341 783 fide,
1394 726 1446 773 et
1492 733 1764 783 sermone,
1797 724 1850 771 et

258 834 281 859 α
317 809 562 874 scientia,
597 817 651 864 et
682 807 829 864 omni
877 807 1262 873 sollicitudine,
1301 806 1522 879 insuper
1567 815 1616 862 et
1665 805 1848 862 chari-

252 923 275 947 ιι
310 906 413 954 tate
444 905 625 954 vestra
655 897 712 953 in
736 913 864 961 nos,
913 904 969 951 ut
1000 904 1051 952 et
1081 895 1135 950 in
1185 897 1284 951 hac
1314 896 1496 969 gratia
1526 894 1837 951 abundetis.

251 1011 272 1035 ι·
308 989 431 1043 Non
461 987 618 1060 quasi
647 987 925 1058 imperans
955 985 1095 1054 dico,
1121 985 1217 1041 sed
1247 1001 1345 1056 per
1375 985 1609 1040 aliorum
1638 983 1847 1040 sollici-

249 1097 272 1127 ι
314 1077 557 1132 tudinem
596 1076 756 1132 etiam
787 1083 986 1130 vestra:
1015 1073 1293 1130 charitatis
1332 1073 1610 1144 ingenium
1642 1073 1846 1148 bonum

251 1185 274 1215 α
311 1164 698 1236 comprobans.
733 1163 893 1219 Scitis
942 1163 1100 1218 etiam
1149 1162 1386 1236 gratiam
1425 1161 1641 1218 Domini
1671 1161 1846 1216 nostri

249 1277 272 1302 ι
308 1255 438 1310 Jesu
466 1253 666 1310 Christi
699 1269 712 1308 :
746 1252 1002 1325 quoniam
1049 1260 1276 1324 propter
1306 1267 1404 1307 vos
1433 1267 1643 1324 egenus
1673 1249 1845 1305 factus

246 1364 270 1394 ι
309 1350 411 1410 est,
447 1358 570 1399 cum
600 1349 746 1398 esset
774 1341 928 1396 dives
962 1359 976 1396 :
1009 1349 1065 1395 ut
1093 1340 1240 1395 illius
1276 1340 1461 1411 inopia
1508 1355 1606 1395 vos
1649 1339 1844 1394 divites

247 1455 270 1479 ιι
308 1431 521 1488 essetis.
556 1433 626 1486 Et
653 1430 943 1487 consilium
987 1429 1042 1484 in
1089 1430 1194 1486 hoc
1223 1429 1314 1486 do.
1367 1430 1481 1484 Hoc
1513 1429 1658 1483 enim
1688 1428 1844 1483 vobis

247 1544 270 1568 α
306 1521 437 1576 utile
466 1528 549 1575 est
579 1538 592 1574 :
624 1519 714 1592 qui
741 1535 850 1574 non
899 1517 1074 1574 solum
1104 1517 1300 1584 facere,
1353 1518 1449 1573 sed
1479 1525 1531 1572 et
1561 1517 1700 1573 velle
1732 1533 1843 1572 cm-

244 1630 267 1659 ι
305 1609 459 1680 pistis
490 1610 560 1663 ab
591 1623 734 1663 anno
763 1608 965 1680 priore.
996 1608 1154 1663 Nunc
1184 1623 1315 1662 vero
1337 1614 1388 1662 et
1407 1606 1552 1662 facto
1573 1605 1838 1677 perficito,

243 1722 265 1746 α
305 1707 361 1753 ut
391 1698 845 1770 quemadmodum
873 1706 1159 1768 promptus
1182 1705 1263 1752 est
1278 1696 1488 1750 animus
1510 1695 1828 1760 voluntatis;

244 1807 268 1838 ι
305 1787 379 1842 ita
410 1787 475 1841 sit
521 1795 572 1842 et
612 1785 931 1858 perficiendi
963 1802 1029 1841 ex
1061 1801 1127 1841 eo
1159 1785 1304 1857 quod
1345 1785 1573 1840 habetis.
1610 1783 1667 1839 Si
1698 1783 1841 1839 enim

242 1895 267 1926 ι
304 1875 550 1930 voluntas
578 1883 832 1946 prompta
851 1883 951 1939 est,
974 1874 1277 1930 secundum
1306 1873 1361 1928 id
1383 1874 1526 1944 quod
1548 1873 1713 1929 habet
1742 1888 1837 1928 ac-
1859 1907 1912 1966 B

242 1989 265 2011 υ
304 1972 459 2035 cepta
487 1972 589 2030 est,
620 1980 730 2020 non
765 1964 1068 2020 secundum
1098 1963 1153 2018 id
1187 1963 1332 2036 quod
1362 1979 1470 2018 non
1499 1963 1682 2018 habet.
1715 1963 1838 2018 Non

240 2075 263 2104 ι
305 2054 446 2108 enim
485 2062 541 2108 ut
589 2053 710 2109 aliis
741 2054 809 2108 sit
840 2053 1109 2119 remissio,
1146 2053 1300 2108 vobis
1331 2062 1508 2108 autem
1539 2051 1834 2118 tribulatio,

240 2167 264 2190 ιι
303 2143 399 2198 sed
445 2159 510 2198 ex
566 2143 869 2215 aequalitate
924 2142 978 2196 in
1019 2141 1278 2213 praesenti
1336 2150 1603 2213 tempore,
1656 2150 1839 2197 vestra

240 2254 263 2280 ι
293 2231 618 2288 abundantia
641 2232 856 2287 illorum
879 2232 1121 2302 in0piam
1143 2231 1394 2303 suppleat
1429 2239 1519 2286 :ut
1546 2239 1599 2286 et
1619 2231 1838 2286 illorum

239 2345 261 2368 ιι
301 2321 629 2376 abundantia
658 2329 856 2377 vestrae
873 2321 1070 2392 inopia:
1093 2321 1160 2376 sit
1184 2320 1642 2392 supplementum,
1669 2327 1726 2374 ut
1747 2318 1840 2375 fiat

240 2431 264 2459 α
301 2409 578 2483 inqualitas
629 2410 769 2467 sicut
809 2411 1072 2481 scripturn
1119 2418 1202 2465 est
1237 2409 1380 2480 :Qui
1425 2409 1675 2475 multum,
1727 2424 1836 2464 non

236 2523 259 2544 ιι
297 2499 612 2566 abundavit,
647 2508 698 2555 et
736 2499 827 2572 qui
857 2499 1133 2555 modicum
1153 2541 1166 2567 ,
1193 2515 1301 2555 non
1321 2498 1614 2554 minoravit
1634 2499 1832 2569 (Exod.

239 2610 263 2634 «ι
302 2602 396 2652 xv,
434 2588 542 2657 18).
578 2588 796 2644 Gratias
825 2596 1002 2643 autem
1025 2605 1130 2661 ago
1153 2590 1288 2655 Deo,
1309 2588 1399 2660 qui
1415 2587 1564 2643 dedit
1588 2588 1836 2644 eamdem

237 2693 262 2723 ι
298 2673 716 2729 sollicitudinem
765 2689 862 2745 pro
912 2674 1064 2728 vobis
1097 2674 1151 2727 in
1181 2673 1347 2730 corde
1391 2674 1494 2728 Titi
1529 2689 1541 2727 :
1576 2673 1836 2746 quoniam

237 2785 260 2808 α
298 2761 729 2818 exhortationem
775 2763 992 2834 quidem
1032 2763 1312 2834 suscepit;
1346 2763 1443 2818 sed
1473 2779 1599 2819 cum
1627 2763 1835 2820 sollici-

239 2874 260 2899 ι
299 2849 401 2906 tior
428 2860 593 2917 esset,
629 2867 729 2906 sua
759 2851 1034 2908 voluntate
1064 2851 1341 2923 profectus
1371 2860 1454 2907 est
1483 2853 1550 2908 ad
1582 2869 1702 2908 vos.
1738 2853 1838 2908 Mi-

235 2962 260 2986 u
297 2939 468 2994 simus
499 2940 664 2995 etiam
694 2956 817 2996 cum
842 2940 935 2996 illo
966 2940 1190 2997 fratrem
1224 2950 1468 2997 nostrum
1488 2985 1500 3009 ,
1530 2943 1686 3012 cujus
1717 2941 1835 2997 laus

235 3050 260 3080 ι
296 3038 378 3085 est
406 3029 462 3085 in
492 3030 794 3101 Evangelio
827 3047 927 3102 per
956 3047 1148 3087 omnes
1177 3031 1472 3088 Ecclesias.
1501 3032 1626 3087 Non
1656 3033 1834 3088 solum

235 3142 259 3166 ιι
288 3127 494 3183 autem,
527 3119 625 3175 sed
647 3127 699 3174 et
725 3120 1004 3175 ordinatus
1026 3128 1108 3175 est
1130 3120 1198 3176 ab
1237 3121 1500 3177 Ecclesiis
1524 3137 1709 3178 comes
1737 3137 1835 3193 pe-

236 3231 259 3255 ιι
301 3207 689 3279 regrinationis
719 3217 922 3264 nostrze
960 3209 1014 3264 in
1054 3210 1194 3266 hanc
1224 3210 1475 3282 gratiam,
1519 3227 1641 3282 quae
1665 3211 1832 3266 mini-

232 3317 257 3346 ‹
291 3305 488 3352 stratur
517 3313 550 3352 a
578 3297 738 3354 nobis
769 3298 840 3353 ad
886 3299 1105 3354 Domini
1133 3298 1388 3370 gloriam,
1423 3308 1476 3355 et
1505 3300 1831 3355 destinatam

233 3408 257 3432 ιι
297 3385 628 3441 voluntatem
657 3396 900 3443 nostram
934 3403 946 3441 :
979 3389 1290 3444 devitantes
1320 3389 1445 3455 hoc,
1478 3405 1546 3444 ne
1574 3390 1695 3461 quis
1730 3405 1830 3445 nos

231 3497 255 3520 α
294 3474 563 3546 vituperet
593 3476 647 3530 in
669 3477 769 3533 hac
797 3477 1135 3548 plenitudine
1166 3494 1286 3550 quae
1305 3478 1642 3533 ministratur
1672 3493 1704 3533 a
1734 3494 1834 3534 no-

235 3587 258 3610 ι-
296 3563 379 3618 bis
418 3564 473 3618 in
503 3565 720 3620 Domini
762 3565 1010 3638 gloriam.
1064 3567 1420 3622 Providemus
1470 3567 1616 3623 enim
1662 3568 1827 3636 bona,

232 3675 256 3698 u
295 3668 404 3707 non
435 3653 608 3709 solum
639 3669 818 3709 coram
857 3655 993 3725 Deo,
1049 3655 1147 3711 sed
1178 3655 1342 3711 etiam
1380 3671 1566 3712 coram
1599 3655 1832 3712 homini-

231 3762 257 3792 ι
292 3741 414 3796 bus.
451 3742 693 3798 Misimus
723 3752 900 3799 autem
933 3760 1057 3800 cum
1086 3745 1193 3800 illis
1222 3753 1275 3800 et
1305 3743 1527 3800 fratrem
1559 3755 1827 3814 nostrum,

235 3851 259 3880 ι
295 3847 457 3902 quem
487 3832 835 3902 probavimus
869 3833 926 3889 in
955 3834 1137 3888 multis
1157 3851 1302 3906 saepe
1338 3834 1629 3891 sollicitum
1658 3852 1781 3892 esse
1815 3854 1828 3892 :

230 3940 255 3968 ι
292 3936 435 3976 nunc
465 3929 649 3977 autem
679 3921 849 3978 multo
879 3922 1274 3989 sollicitiorem,
1308 3923 1633 3979 confidentia
1661 3925 1831 3981 multa

229 4033 252 4056 ει
291 4008 346 4064 in
378 4025 494 4078 vos,
530 4011 645 4066 sive
675 4028 772 4083 pro
803 4013 945 4079 Tito,
977 4013 1068 4084 qui
1093 4021 1173 4068 est
1195 4013 1378 4070 socius
1413 4030 1569 4069 meus
1591 4016 1715 4070 etin
1736 4031 1832 4072 vo-

225 4121 248 4145 α
290 4097 374 4152 bis
401 4099 642 4168 adjutor;
673 4101 787 4156 sive
817 4100 1012 4156 fratres
1045 4103 1233 4170 nostri,
1269 4104 1514 4174 Apostoli
1544 4105 1829 4161 Ecclesia-

227 4209 251 4238 ι
289 4203 428 4252 rum,
471 4189 658 4259 gloria:
705 4190 925 4245 Christi.
979 4192 1365 4248 ()stensionem
1413 4209 1544 4264 ergo
1589 4211 1709 4266 qua:
1749 4203 1830 4249 est

227 4297 251 4326 ι
279 4277 552 4332 charitatis
599 4287 813 4344 vestrae,
866 4288 918 4334 et
961 4289 1159 4334 nostrae
1203 4282 1394 4352 gloria:
1423 4299 1525 4353 pro
1555 4283 1741 4350 vobis,
1774 4283 1829 4338 in

226 4389 249 4412 ι
291 4365 431 4433 illos,
465 4368 734 4423 ostendite
757 4368 810 4423 in
843 4368 1037 4424 faciem
1064 4370 1434 4430 Ecclesiarum
1466 4373 1586 4428 Dei.
1624 4393 1646 4422 ι

858 4577 1178 4619 EXPOSITIO.

296 4706 356 4759 In
384 4705 488 4761 hoc
518 4705 661 4760 enim
693 4721 800 4760 uno
847 4706 1120 4777 quomodo
1164 4707 1231 4763 de
1271 4706 1448 4764 futuro
1480 4707 1678 4765 facturi
1708 4709 1827 4766 sitis

220 4794 488 4866 intelligo.
523 4794 679 4849 Nunc
708 4795 776 4849 de
798 4795 1044 4851 collectis
1078 4796 1146 4851 de
1177 4797 1374 4869 quibus
1403 4798 1459 4852 in
1480 4798 1659 4868 prima
1687 4799 1823 4870 Epi-

222 4884 361 4939 stola
391 4884 780 4954 compendiose
810 4884 1039 4954 dixerat,
1072 4885 1324 4940 diffusius
1354 4887 1612 4944 admonet
1645 4907 1658 4942 :
1691 4905 1825 4944 sua-

221 4974 357 5029 dens
387 4973 468 5028 eis
492 4981 541 5027 et
574 4973 827 5044 exemplo
878 4974 1104 5035 aliarum
1132 4976 1526 5042 Ecclesiarum,
1560 4985 1613 5033 et
1643 4979 1824 5034 multis

224 5062 642 5119 inductionibus.
696 5062 901 5118 Littera
951 5065 1206 5135 superius
1231 5065 1478 5138 jungitur
1513 5082 1525 5120 :
1560 5067 1694 5122 Cum
1723 5085 1823 5123 ve-

223 5153 490 5206 nissemus
538 5151 594 5205 in
633 5152 1026 5219 Macedoniam,
1080 5169 1208 5209 caro
1253 5164 1438 5210 nostra
1482 5172 1592 5212 non
1637 5157 1826 5212 habuit

221 5242 462 5313 requiem
499 5257 511 5296 :
544 5241 642 5296 sed
672 5241 798 5296 licet
826 5243 881 5296 in
911 5242 1101 5313 primis
1151 5244 1395 5315 requiem
1448 5261 1554 5299 non
1588 5246 1824 5301 habere-

217 5347 352 5397 mus,
388 5340 568 5386 tamen
601 5331 750 5385 Deus
780 5331 834 5384 in
861 5331 1127 5387 Ecclesiis
1181 5335 1510 5389 Macedonia:
1543 5335 1690 5390 dedit
1721 5351 1824 5406 pa-

220 5436 336 5475 cem
365 5428 416 5475 et
433 5419 689 5494 gratiam.
716 5418 874 5487 Quod
893 5421 972 5476 sic
1000 5421 1074 5477 ait
1109 5438 1120 5476 :
1154 5425 1356 5480 Notam
1387 5427 1634 5494 facimus
1657 5426 1819 5491 vobis,

217 5512 442 5580 fratres,
469 5509 722 5580 gratiam
746 5509 864 5573 Dei,
888 5527 1010 5581 quae
1030 5511 1165 5568 data
1187 5517 1271 5568 est
1290 5513 1351 5566 in
1372 5514 1636 5570 Ecclesiis
1657 5515 1825 5570 Mace-

218 5599 413 5656 doniw.
448 5597 704 5655 Gratiam
737 5598 836 5653 Dei
865 5599 1033 5669 digno
1077 5602 1295 5656 nomine
1327 5611 1482 5658 vocat
1512 5603 1823 5674 eleemosy-

215 5705 352 5745 nas:
386 5688 716 5760 intelligens
764 5687 1028 5756 majorem
1074 5706 1198 5745 esse
1245 5691 1476 5762 gratiam
1529 5693 1628 5747 Dei
1660 5692 1823 5747 mini-

207 5780 408 5837 strandi
437 5775 810 5854 pauperibus,
842 5792 1004 5850 quam
1039 5778 1144 5834 sint
1174 5796 1380 5854 genera
1410 5779 1742 5854 linguarum,
1774 5790 1824 5838 et

1952 634 2086 695 tum,
2110 629 2252 700 quod
2275 629 2335 682 in
2356 630 2540 684 multo
2556 631 2948 700 experimento
2963 630 3354 688 tribulationis
3378 651 3396 687 :
3417 632 3553 688 mul-

1953 723 2034 769 tas
2064 715 2208 770 enim
2231 724 2284 772 et
2306 731 2462 772 acres
2484 717 2861 774 tribulationes
2883 728 3120 792 experta
3142 727 3266 776 sunt
3287 721 3550 778 Ecclesiae

1950 804 2329 860 Macedonum.
2363 806 2422 860 In
2471 805 2657 870 multo,
2690 807 2930 880 inquam,
2966 809 3341 880 experimento
3371 811 3548 866 tribu-

1947 891 2164 947 lationis
2227 893 2321 948 fuit
2381 893 2736 951 abundantia
2790 898 2984 968 gaudii
3045 899 3316 970 ipsorum,
3363 899 3418 954 id
3467 907 3550 954 est

1949 980 2164 1036 abunde
2198 981 2404 1054 gravisi
2435 991 2560 1038 sunt
2597 999 2608 1038 :
2641 984 2769 1056 quia
2797 1000 2896 1055 pro
2926 985 3138 1041 Christo
3167 986 3549 1044 contumeliam

1945 1069 2056 1140 pati
2087 1070 2237 1142 digni
2269 1071 2436 1126 habiti
2467 1080 2610 1141 sunt,
2645 1080 2694 1127 et
2724 1081 3017 1144 paupertas
3048 1074 3312 1144 ipsorum.
3345 1075 3549 1132 [nfide-

1945 1157 2027 1212 les
2061 1159 2205 1214 enim
2255 1161 2634 1231 pauperabant
2664 1159 2874 1216 ﬁdeles.
2920 1164 3256 1235 Paupertas,
3302 1164 3546 1237 inquam,

1946 1249 2198 1319 ipsorum
2230 1250 2539 1313 altissima,
2573 1249 2628 1304 id
2659 1259 2742 1305 est
2760 1251 3021 1306 ‘maxima.
3056 1252 3153 1307 Vel
3174 1251 3458 1321 altissima,
3492 1255 3549 1311 id

1947 1343 2030 1390 est
2062 1336 2408 1410 dignissima.
2444 1339 2758 1410 Paupertas,
2782 1339 3022 1411 inquam,
3045 1339 3393 1398 abundavit:
3423 1343 3546 1414 quia

1946 1433 2147 1495 quanta
2173 1425 2296 1496 plus
2327 1427 2614 1492 dederunt,
2641 1435 2790 1484 tanto
2811 1429 3170 1500 pauperiores
3204 1429 3381 1486 effecti
3402 1441 3546 1488 sunt.

1945 1512 2251 1568 Abundavit
2283 1515 2406 1570 dico
2456 1517 2520 1571 in
2571 1517 2800 1573 divitias
2830 1533 3021 1573 eorum
3055 1533 3067 1572 :
3101 1519 3226 1590 quia
3256 1519 3382 1576 licet
3411 1536 3549 1592 pau-

1943 1618 2102 1673 peres
2129 1612 2314 1657 essent
2339 1604 2393 1658 in
2413 1604 2686 1674 habendo,
2711 1605 2906 1662 divites
2925 1615 3108 1662 tamen
3129 1617 3278 1663 erant
3300 1609 3355 1663 in
3375 1610 3550 1666 admi-

1943 1691 2228 1746 nistrando
2260 1692 2685 1766 eleemosynam.
2718 1695 2778 1749 In
2795 1695 3010 1750 divitias
3029 1697 3174 1761 dico,
3200 1699 3541 1770 simplicita-

1948 1781 2021 1834 tis
2053 1796 2268 1836 eorum.
2302 1782 2363 1836 In
2405 1782 2745 1853 simplicitate
2776 1784 2921 1839 enim
2951 1785 3178 1850 dabant,
3213 1801 3321 1842 non
3350 1795 3548 1857 putan-

1942 1876 2026 1923 tes
2058 1885 2117 1924 se
2146 1877 2435 1940 prOpterea
2481 1871 2707 1926 liberius
2737 1888 2903 1944 posse
2933 1889 3188 1944 peccare.
3239 1875 3550 1932 Abundavit

1941 1957 2126 2029 utique
2175 1958 2232 2012 in
2272 1959 2491 2015 divitias
2527 1976 2539 2016 :
2577 1961 2700 2032 quia
2750 1961 2968 2016 fuerunt
3014 1963 3305 2018 voluntarii
3347 1981 3549 2021 secun-

1941 2047 2070 2101 dum
2103 2046 2358 2103 virtutem
2382 2057 2434 2104 et
2456 2065 2616 2120 supra
2639 2050 2915 2106 virtutem.
2931 2051 3253 2108 Secundum
3276 2055 3549 2110 virtutem

1940 2136 2070 2190 dare
2102 2144 2184 2191 est
2206 2136 2424 2193 183
2454 2154 2576 2210 qua
2627 2138 2729 2193 sibi
2762 2140 3083 2196 necessaria
3136 2150 3279 2209 sunt,
3312 2143 3551 2213 primum

1940 2223 2199 2290 retinere,
2253 2225 2450 2281 deinde
2501 2227 2646 2298 quod
2721 2230 3121 2299 superabundat
3182 2230 3235 2285 in
3275 2246 3550 2303 pauperes

1940 2328 2196 2386 erogare.
2231 2315 2415 2386 Supra
2447 2317 2718 2372 virtutem
2743 2318 2898 2385 dare,
2925 2327 3007 2373 est
3035 2319 3167 2374 nihil
3198 2319 3300 2374 sibi
3327 2321 3544 2391 penitus

1939 2418 2246 2458 reservare.
2291 2405 2358 2458 Et
2379 2405 2524 2476 quod
2551 2406 2852 2461 secundum
2873 2408 3127 2463 virtutem
3159 2417 3211 2464 et
3231 2427 3404 2482 supra
3432 2413 3544 2467 vir-

1940 2495 2123 2546 tutem
2154 2493 2468 2548 voluntarii
2497 2497 2761 2565 fuerunt,
2781 2496 2908 2551 inde
2941 2497 3110 2552 reddo
3140 2498 3260 2553 illis
3293 2501 3540 2556 testimo-

1939 2581 2104 2636 nium
2137 2601 2154 2636 :
2185 2596 2288 2637 nec
2319 2582 2494 2638 coacti
2525 2599 2558 2638 a
2588 2584 2766 2653 nobis,
2818 2585 2916 2640 sed
2945 2585 3306 2643 obsecrantes
3333 2605 3454 2657 nos,
3487 2589 3543 2644 id

1939 2677 2019 2724 est
2046 2686 2144 2740 per
2193 2687 2530 2743 quaecunque
2587 2688 2746 2728 sacra
2806 2675 3140 2744 adjurantes,
3191 2693 3322 2733 cum
3354 2679 3544 2734 multa

1938 2759 2364 2828 exhortatione,
2397 2761 2641 2817 dicentes
2676 2779 2690 2816 :
2722 2762 2805 2818 Ne
2836 2763 3101 2820 sollicitus
3148 2765 3224 2820 sis
3261 2766 3329 2821 de
3359 2766 3539 2836 nobis,

1939 2847 2067 2916 quia
2096 2847 2355 2903 laboriosi
2387 2866 2594 2919 sumus,
2648 2859 2699 2907 et
2729 2851 2797 2908 de
2826 2852 3011 2908 labore
3052 2862 3241 2910 nostro
3280 2855 3467 2925 (etiam
3497 2857 3544 2912 si

1937 2935 2071 2990 nihil
2103 2937 2260 2992 nobis
2293 2938 2572 2994 residuum
2605 2941 2694 3011 sit)
2727 2941 2866 2997 bene
2894 2943 3346 3000 sustentabimur.
3383 2945 3544 3002 Obse-

1937 3030 2174 3081 crantes
2200 3027 2386 3098 utique
2414 3045 2517 3084 nos
2548 3030 2800 3101 accipere
2829 3032 3096 3102 gratiam,
3117 3031 3172 3086 id
3194 3041 3277 3088 est
3299 3033 3542 3090 eleemo-

1941 3130 2124 3184 synas,
2159 3116 2230 3170 ab
2274 3116 2430 3188 ipsis,
2481 3123 2539 3174 et
2588 3121 3186 3187 communicationem,
3234 3122 3291 3178 id
3337 3132 3419 3178 est
3450 3141 3542 3180 res

1937 3217 2085 3269 suas,
2155 3220 2292 3276 quas
2367 3206 2623 3262 omnibus
2697 3209 3100 3266 communicare
3155 3210 3534 3268 intendebant.

1933 3291 2491 3350 Communicationem
2523 3296 2647 3352 dico
2691 3299 3028 3365 ministerii,
3081 3299 3134 3354 id
3187 3308 3269 3356 est
3304 3299 3540 3358 admini-

1933 3381 2210 3437 strationis
2245 3397 2257 3437 :
2293 3385 2438 3456 quod
2491 3385 2854 3442 ministerium
2923 3389 3000 3444 sit
3067 3387 3422 3445 deferendum
3478 3393 3540 3447 in

1935 3475 2192 3536 sanctos,
2225 3472 2315 3544 qui
2346 3482 2498 3529 erant
2526 3474 2938 3547 Hierosolymis.

2005 3560 2104 3615 Hic
2148 3561 2447 3616 notandum
2484 3564 2630 3634 quod
2681 3565 2750 3620 de
2799 3563 3131 3621 abundantia
3170 3575 3352 3623 nostra
3388 3570 3543 3640 prius

1934 3649 2273 3704 sustentandi
2297 3659 2425 3706 sunt
2445 3653 2616 3708 sancti
2642 3673 2655 3720 ;
2689 3653 2758 3710 de
2789 3669 2854 3709 eo
2884 3663 3062 3711 autem
3083 3657 3231 3727 quod
3261 3658 3540 3714 residuum

1934 3737 2117 3805 fuerit,
2139 3738 2449 3812 quicunque
2473 3749 2720 3814 egentes.
2745 3741 3186 3800 Obsecraverunt
3207 3746 3392 3818 utique
3405 3763 3536 3804 nos:

1934 3831 1992 3882 et
2018 3843 2135 3884 non
2168 3828 2414 3884 fecerunt
2435 3831 2968 3904 sicutsperavimus,
2991 3833 3045 3889 id
3068 3843 3150 3889 est
3170 3850 3279 3890 non
3299 3837 3402 3892 hoc
3423 3837 3542 3892 ani-

1933 3932 2024 3972 mo
2053 3925 2108 3972 ut
2145 3917 2277 3973 vitia
2323 3935 2514 3975 eorum
2553 3921 2725 3976 multa
2772 3930 3106 3993 pateremur,
3159 3925 3254 3980 sed
3300 3926 3540 3997 primum

1933 4006 2213 4062 dederunt
2240 4011 2569 4081 semetipsos
2602 4011 2732 4077 Deo,
2767 4013 3122 4070 emendantes
3153 4013 3301 4070 vitia.
3327 4015 3540 4073 Deinde

1933 4095 2204 4150 dederunt
2234 4113 2293 4152 se
2324 4097 2502 4164 nobis,
2557 4107 2803 4170 sumptus
2845 4100 3124 4158 offerendo
3153 4102 3408 4160 fratribus
3441 4123 3454 4160 :
3488 4112 3541 4160 et

1932 4184 2037 4239 hoc
2064 4201 2165 4256 per
2193 4187 2549 4243 voluntatem
2572 4189 2692 4244 Dei.
2725 4189 2841 4246 Hoc
2860 4191 3005 4246 enim
3026 4192 3140 4247 vult
3159 4193 3308 4249 Deus
3343 4212 3357 4249 :
3387 4194 3539 4265 prius

1935 4273 2197 4344 seipsum,
2232 4284 2425 4345 postea
2457 4292 2556 4332 sua
2607 4278 2880 4335 devovere
2917 4296 2928 4333 :
2954 4282 3038 4336 ita
3067 4281 3333 4338 dederunt
3363 4288 3430 4340 ut
3451 4301 3541 4342 ro-

1932 4378 2195 4433 garemus
2231 4365 2415 4419 Titum
2447 4369 2532 4430 ut,
2564 4367 3035 4438 quemadmodum
3066 4369 3206 4425 bene
3234 4373 3419 4445 coepit,
3454 4375 3540 4429 ita

1934 4450 2100 4505 etiam
2127 4451 2393 4524 perﬁciat
2421 4455 2484 4508 in
2514 4453 2663 4510 vobis
2687 4455 2823 4511 alias
2839 4458 3050 4529 gratias
3070 4474 3082 4513 :
3104 4467 3154 4514 et
3177 4459 3342 4515 etiam
3364 4463 3537 4518 istam

1933 4542 2202 4612 gratiam,
2237 4542 2489 4613 exemplo
2518 4543 2894 4600 Ecclesiarum
2924 4547 3280 4604 Macedonize.
3299 4549 3423 4605 Non
3439 4567 3535 4606 so-

1846 4635 1900 4696 Ι)
1931 4627 2041 4682 lum
2075 4630 2391 4702 rogavimus
2430 4631 2611 4687 Titum
2641 4641 2699 4686 ut
2737 4634 2877 4690 hanc
2906 4635 3140 4708 gratiam
3170 4636 3452 4708 perficeret
3481 4639 3536 4694 in

1931 4719 2104 4786 vobis,
2136 4719 2237 4774 sed
2271 4720 2431 4774 etiam
2444 4726 2510 4776 ut
2530 4738 2631 4794 per
2642 4739 2771 4779 eum
2785 4722 3083 4781 abundetis
3106 4727 3169 4781 in
3187 4725 3290 4783 hac
3309 4730 3525 4798 gratia.

1927 4809 2202 4878 Per/icere
2223 4809 2293 4863 ad
2305 4809 2482 4864 Titum
2505 4826 2516 4864 :
2539 4811 2855 4879 Abundare,
2875 4814 3109 4884 pertinet
3125 4815 3195 4870 ad
3209 4815 3533 4873 Corinthios.

1929 4897 2025 4952 Vel
2055 4897 2124 4951 ita
2160 4915 2172 4951 :
2206 4899 2326 4954 Non
2361 4907 2572 4955 tantum
2602 4902 2919 4974 rogavimus
2941 4903 3117 4958 Titum
3138 4903 3406 4976 perficere
3431 4906 3536 4963 hoc

1926 4985 1980 5039 in
2011 4986 2202 5051 vobis;
2237 4988 2333 5042 sed
2365 4988 2528 5044 etiam
2559 5006 2665 5061 ego
2696 4991 2814 5063 ipse
2829 5007 2969 5065 rogo
2987 5009 3087 5048 vos
3108 5002 3183 5063 ut,
3205 4993 3341 5050 sicut
3362 4995 3537 5052 abun-

1926 5075 2065 5129 datis
2097 5075 2152 5130 in
2183 5077 2438 5132 omnibus
2466 5080 2656 5150 gratiis
2687 5081 2921 5151 (scilicet
2941 5084 3004 5138 in
3026 5082 3156 5154 ﬁde)
3179 5099 3366 5140 sanam
3388 5085 3535 5141 enim

1926 5164 2108 5232 fidem,
2146 5172 2200 5219 et
2231 5165 2388 5221 bonis
2419 5169 2680 5239 operibus
2697 5170 3067 5227 abundantem
3098 5173 3328 5239 habetis,
3360 5175 3534 5230 abun-

1925 5253 2065 5308 datis
2096 5253 2254 5308 etiam
2286 5256 2348 5310 in
2392 5273 2652 5313 sermone
2681 5263 2740 5314 et
2765 5261 3028 5326 scientia,
3063 5261 3192 5333 quia
3221 5263 3533 5334 expeditum

1927 5359 2234 5398 sermonem
2265 5344 2335 5397 ad
2366 5346 2766 5401 exhortandum
2797 5347 3028 5418 habetis,
3061 5357 3114 5404 et
3145 5351 3430 5407 scientiam
3459 5352 3530 5407 ad

1925 5430 2369 5502 intelligendum;
2406 5435 2695 5490 abundatis
2737 5435 2899 5490 etiam
2939 5439 3001 5492 in
3045 5440 3204 5494 omni
3248 5442 3529 5497 sollicitu-

1925 5521 2056 5576 dine
2079 5540 2096 5574 :
2119 5521 2269 5576 omni
2289 5523 2435 5576 enim
2459 5523 2636 5578 studio
2655 5523 2871 5579 solliciti
2892 5525 3025 5580 estis
3044 5533 3101 5579 ut
3122 5528 3320 5583 melius
3340 5539 3391 5584 et
3419 5546 3530 5584 me-

1925 5607 2025 5661 lius
2047 5610 2379 5679 operemini;
2403 5610 2689 5666 abundatis
2708 5612 2770 5665 in
2789 5613 3092 5678 charitate,
3116 5614 3174 5670 id
3205 5625 3285 5670 est
3313 5617 3367 5670 in
3395 5618 3531 5673 dile-

1925 5695 2102 5751 ctione
2134 5701 2320 5752 vestra
2353 5707 2577 5754 extensa
2607 5701 2669 5754 in
2699 5715 2800 5754 nos
2831 5700 2993 5767 (sicut
3020 5701 3076 5755 in
3097 5702 3184 5757 his
3204 5704 3419 5773 gratiis)
3447 5705 3526 5758 sic

1925 5801 2059 5858 rogo
2082 5789 2145 5842 ut
2167 5787 2342 5843 etiam
2359 5789 2421 5843 in
2454 5789 2558 5844 hac
2579 5788 2769 5859 gratia
2791 5787 3265 5860 eleemosynarum
3277 5789 3528 5849 abunde-
