3948 6416
451 360 556 415 255

986 361 1049 416 S.
1112 360 1466 418 BRUNONIS
1523 357 2171 417 CARTHUSIANORUM
2228 356 2713 415 lNSTlTUTORlS
2742 357 2894 417 OPP.
2925 361 3102 419 PARS
3133 360 3201 414 II.

3640 366 3752 419 256

455 484 630 540 tis.Et
646 483 749 540 hoc
766 499 881 540 non
903 485 1025 542 dico
1046 491 1207 560 quasi
1225 491 1535 562 imperans,
1554 490 1608 545 id
1629 499 1712 546 est
1728 508 1838 548 non
1856 494 1925 550 de
1946 495 2049 551 hac
2068 496 2122 556 Α
2151 504 2262 552 tum
2294 496 2432 552 detis
2480 503 2739 568 quantum
2789 494 2943 551 vobis
2980 493 3330 550 reservabitis
3360 512 3374 561 ;
3409 493 3507 548 sed
3536 500 3750 548 tantum

454 589 516 628 re
552 581 886 645 praeceptum
907 576 1197 633 constituto
1229 595 1243 631 :
1275 594 1364 641 ne,
1398 578 1443 632 si
1464 578 1601 634 forte
1640 596 1745 636 non
1769 583 2046 654 obtempe-

457 663 591 718 ratis
613 662 858 733 imperio,
883 664 962 718 rei
984 665 1180 719 essetis
1208 665 1607 722 inobedientim.
1631 669 1753 724 Non
1776 671 1959 743 utique
1982 689 2047 726 ex

456 751 686 823 imperio
713 751 836 807 dico
870 770 884 806 :
911 752 1009 808 sed
1038 753 1162 808 dico
1192 756 1295 810 hoc
1334 756 1695 827 comprobans
1733 760 2044 830 ingenium,

457 841 512 896 id
543 849 625 895 est
652 841 918 896 rationem
948 856 1069 897 cum
1109 842 1401 899 voluntate.
1436 845 1659 899 Debetis
1689 847 1832 901 enim
1875 849 2048 903 ratio-

457 929 703 985 nabiliter
730 946 962 1001 pensare
990 931 1137 1003 quod
1164 932 1322 998 detis,
1359 932 1566 988 scilicet
1608 936 1925 1006 temporalia
1950 956 1965 1004 ;
1997 945 2049 992 et

457 1018 587 1089 quid
616 1034 715 1089 pro
745 1019 828 1073 his
857 1020 1125 1090 recepturi
1154 1020 1291 1086 sitis,
1317 1021 1525 1075 scilicet
1552 1031 1752 1077 aeterna
1786 1041 1797 1079 :
1833 1033 1886 1080 et
1924 1041 2049 1081 cum

458 1107 669 1162 ratione
718 1108 880 1163 debet
945 1124 1065 1163 esse
1124 1109 1379 1164 voluntas
1443 1110 1798 1168 libentissime
1863 1114 2045 1181 dandi,

460 1196 843 1267 comprobans,
876 1196 1117 1268 inquam,
1142 1199 1348 1254 bonum
1371 1198 1648 1270 ingenium
1667 1202 1826 1255 etiam
1852 1207 2052 1258 vestrce

460 1285 760 1340 charitatis
791 1300 889 1355 per
912 1284 1333 1341 sollicitudinem
1364 1287 1617 1354 aliorum,
1651 1289 1704 1343 id
1727 1299 1808 1344 est
1828 1307 1925 1361 per
1947 1293 2049 1347 hoc

461 1372 606 1445 quod
657 1372 870 1429 solliciti
920 1374 1051 1428 estis
1106 1375 1361 1446 supplere
1408 1376 1643 1448 inopiam
1692 1378 2047 1451 indigentium

459 1459 702 1516 fratrum.
746 1462 844 1516 Vel
892 1463 1250 1533 comprebans
1295 1464 1607 1521 charitatem
1667 1475 1902 1522 vestram
1951 1485 2052 1539 per

463 1549 878 1606 sollicitudinem
930 1552 1182 1621 aliorum,
1224 1553 1277 1607 id
1307 1562 1390 1608 est
1442 1570 1541 1625 per
1570 1556 1670 1611 hoc
1699 1557 1846 1627 quod
1873 1557 2051 1612 Titum

461 1647 514 1695 et
542 1638 678 1694 alios
706 1640 1001 1710 discipulos
1030 1641 1097 1695 de
1128 1642 1281 1696 vobis
1312 1641 1449 1698 facio
1481 1644 1766 1699 sollicitos.

534 1730 597 1784 Et
629 1728 812 1801 utique
834 1729 1043 1784 debetis
1064 1730 1345 1785 abundare
1367 1732 1421 1786 in
1443 1731 1541 1787 hac
1564 1733 1760 1805 gratia,
1786 1751 1922 1789 nam
1953 1750 2051 1789 vos

464 1819 622 1910 scitis
638 1819 885 1910 gratiam
905 1818 1131 1873 Domini
1144 1820 1327 1875 nostri
1345 1821 1475 1875 Jesu
1498 1820 1738 1889 Christi;
1761 1825 2046 1894 quoniam,
2070 1851 2123 1910 B

462 1906 519 1962 id
548 1914 630 1961 est
668 1906 832 1977 quod,
865 1922 993 1962 cum
1022 1912 1168 1963 esset
1197 1908 1367 1977 dives,
1400 1908 1453 1962 id
1484 1916 1567 1963 est
1597 1911 1741 1964 Deus
1770 1911 1823 1965 in
1852 1911 2052 1966 divitiis

466 1994 869 2066 omnipotentiae
913 2012 1045 2063 suae,
1104 1996 1197 2068 qui
1242 2005 1474 2051 aeternus
1523 2006 1653 2067 erat,
1698 2003 1927 2072 propter
1953 2018 2053 2058 nos

465 2083 755 2139 salvandos
784 2087 973 2155 factus
1004 2090 1088 2139 est
1137 2102 1340 2157 egenus
1371 2085 1426 2139 in
1456 2093 1720 2157 tempore.
1756 2088 1869 2143 Nec
1899 2089 2053 2143 dives

466 2172 586 2228 fieri
616 2171 821 2239 voluit;
856 2172 953 2227 sed
997 2176 1186 2244 factus
1214 2178 1297 2228 est
1345 2190 1574 2245 egenus,
1624 2174 1677 2229 id
1712 2184 1793 2229 est
1822 2177 1875 2229 in
1906 2177 2053 2232 omni

466 2269 711 2335 egestate
742 2261 918 2317 carnis
959 2261 1169 2329 vivens,
1218 2271 1418 2333 praeter
1465 2271 1763 2332 egestatem
1798 2265 2043 2333 justitise.

466 2352 595 2407 Ideo
611 2353 802 2422 factus
818 2355 902 2406 est
918 2366 1144 2421 egenus,
1160 2355 1224 2407 ut
1245 2353 1457 2423 inapia,
1471 2352 1525 2406 id
1545 2360 1622 2406 est
1644 2352 1838 2408 merito
1859 2353 2054 2425 inopiae

466 2442 628 2497 illius
660 2456 751 2497 vos
780 2440 977 2496 essetis
1009 2440 1208 2495 divites
1230 2440 1469 2509 justitian
1496 2442 1562 2495 Et
1586 2441 1640 2496 in
1662 2441 1764 2496 hoc
1787 2443 1931 2513 quod
1959 2442 2054 2497 be-

466 2528 782 2601 nignitatem
809 2528 1027 2584 Domini
1075 2529 1203 2583 Jesu
1251 2528 1401 2585 circa
1448 2545 1545 2583 vos
1576 2530 1866 2584 exhibitam
1896 2531 2054 2587 vobis

467 2618 744 2683 recordor,
774 2618 838 2672 in
859 2618 957 2673 hoc
973 2617 1155 2690 utique
1176 2618 1242 2673 do
1264 2618 1417 2673 vobis
1438 2620 1740 2674 consilium
1761 2619 1966 2673 salutis.
1987 2620 2054 2675 Et

464 2706 605 2762 bene
634 2706 757 2763 dico
786 2708 1107 2762 consilium.
1133 2708 1240 2762 Hoc
1269 2709 1422 2763 enim
1446 2707 1676 2777 (scilicet
1703 2708 1977 2763 abundare
1999 2708 2052 2761 in

466 2795 837 2867 eleemosyna)
859 2797 1001 2851 utile
1031 2800 1116 2851 est
1146 2796 1291 2851 vobis
1312 2816 1329 2851 :
1351 2799 1447 2869 qui
1468 2813 1582 2852 non
1603 2798 1786 2852 solum
1807 2798 2054 2869 coepistis

467 2887 675 2956 facere,
708 2884 803 2940 sed
831 2884 992 2939 etiam
1024 2884 1325 2956 inccepistis
1360 2886 1499 2941 velle
1528 2902 1564 2941 a
1593 2888 1779 2957 priore
1807 2902 1979 2941 anno.

535 2973 678 3027 Nota
705 2972 851 3043 quod
880 2973 1031 3042 prius
1061 2972 1260 3037 facere,
1308 2981 1498 3044 postea
1528 2981 1845 3045 augmentat
1873 2974 2012 3029 velle
2036 2992 2051 3038 ς

466 3059 648 3116 facere
674 3060 820 3115 enim
848 3076 957 3115 non
985 3060 1198 3127 sufﬁcit,
1232 3061 1335 3116 nisi
1362 3077 1428 3117 ex
1458 3061 1763 3128 voluntate;
1788 3062 1885 3117 sed
1913 3062 2053 3117 velle

466 3146 662 3204 suﬂicit
696 3148 821 3203 licet
849 3164 958 3204 non
1007 3149 1075 3203 sit
1115 3150 1268 3221 capia
1316 3150 1569 3206 faciendi.
1621 3151 1872 3221 Ccepistis
1921 3150 2050 3207 olim

2146 585 2291 639 unde
2320 584 2595 656 mqualiter
2624 592 2683 639 ut
2710 600 2807 640 vos
2837 582 3012 637 securi
3045 582 3161 636 sitis
3191 582 3261 636 ab
3293 589 3557 653 egestate.

2219 674 2348 728 ldeo
2378 673 2706 728 abundantia
2736 681 2915 727 vestra
2936 671 3185 742 suppleat
3206 670 3418 725 illorum
3439 670 3645 741 inopia,
3680 674 3747 726 ut

2148 764 2322 817 etiam
2355 761 2711 816 abundantia
2740 763 2994 829 illorum,
3021 758 3383 829 perfectorum
3424 774 3547 831 quae
3567 766 3653 813 est
3691 758 3750 812 in

2148 850 2450 915 virtutibus,
2476 852 2553 905 sit
2578 852 3041 921 supplementum
3072 852 3269 902 vestrae
3298 849 3524 919 inopia.
3560 846 3667 917 Qui
3701 846 3748 900 si

2149 938 2343 993 divites
2391 939 2524 992 estis
2573 946 2934 1003 terrenorum,
3003 937 3197 1007 inopes
3242 936 3374 991 estis
3423 936 3753 992 emlestium.

2152 1027 2429 1097 Suppleat,
2476 1028 2616 1091 dico,
2656 1026 2725 1079 ita
2770 1030 2835 1081 ut
2865 1025 3103 1080 vicissim
3135 1024 3369 1095 suppleti
3407 1024 3508 1093 ﬁat
3558 1041 3750 1096 aequa-

2154 1116 2284 1170 litas
2318 1114 2423 1169 illis
2453 1115 2506 1168 in
2536 1124 2741 1169 aeterno
2770 1114 2948 1180 bono;
2979 1121 3056 1178 ut,
3082 1113 3536 1183 quemadmodum
3570 1114 3749 1168 sancti

2150 1204 2205 1257 in
2235 1204 2337 1258 hoc
2366 1203 2569 1258 mundo
2597 1202 2919 1273 participant
2948 1200 3214 1256 fructibus
3245 1201 3622 1265 laborantium,
3668 1201 3752 1257 sic

2150 1292 2205 1346 in
2236 1291 2415 1347 futuro
2446 1291 2499 1345 hi
2556 1292 2640 1363 qui
2688 1291 2852 1346 modo
2896 1290 3199 1344 ministrant
3247 1290 3466 1357 sanctis,
3515 1289 3750 1360 partici-

2150 1388 2278 1452 pent
2331 1380 2825 1435 remunerationem
2893 1395 3102 1434 eorum.
3169 1378 3282 1434 Nec
3350 1378 3424 1433 ita
3467 1378 3590 1433 dico
3640 1379 3749 1447 ﬁat

2150 1471 2466 1542 (equalitas,
2518 1477 2576 1523 ut
2622 1477 2829 1522 tantum
2893 1468 3164 1538 accipiant
3210 1466 3513 1537 imperfecti
3563 1482 3750 1538 quan-

2152 1566 2261 1611 tum
2293 1557 2670 1628 perfectiores,
2722 1556 2818 1610 sed
2865 1556 2921 1610 in
2971 1558 3074 1611 hoc
3112 1555 3412 1628 aequalitas,
3447 1555 3593 1627 quod
3625 1555 3749 1609 sin-

2152 1645 2264 1717 guli
2298 1645 2543 1717 singulos
2592 1660 2843 1699 nummos
2885 1644 3171 1715 accipient,
3222 1643 3276 1697 id
3321 1652 3403 1698 est
3450 1642 3748 1714 perfectam

2151 1742 2203 1788 et
2238 1734 2594 1788 sufficientem
2627 1733 3036 1787 beatitudinem.
3068 1733 3197 1787 Ideo
3227 1748 3334 1786 non
3365 1739 3623 1786 statutum
3651 1730 3753 1786 fuit

2153 1830 2209 1877 ut
2238 1822 2329 1877 alii
2360 1822 2639 1876 hominum
2686 1822 3015 1885 laborarent,
3061 1821 3151 1874 alii
3206 1820 3434 1875 orationi
3464 1827 3747 1886 vacarent,

2152 1919 2208 1965 ut
2227 1918 2473 1965 oratores
2491 1918 2924 1964 sustentarentur
2938 1909 3159 1963 aliorum
3174 1909 3379 1973 labore,
3404 1909 3754 1963 laboratores

2151 2016 2280 2055 vero
2313 2000 2649 2054 salvarentur
2672 2014 2861 2053 eorum
2882 1998 3139 2053 oratione.
3165 2000 3311 2064 Fiat,
3335 1997 3478 2062 dico,
3514 1998 3751 2069 (equali-

2154 2093 2259 2158 tas,
2292 2091 2441 2144 sicut
2469 2089 2750 2159 scriptum
2783 2092 2867 2142 est
2900 2086 3186 2157 ﬁgurative
3215 2086 3283 2140 de
3314 2085 3486 2139 futura
3514 2085 3752 2156 inquali-

2152 2185 2261 2232 tate
2295 2194 2307 2231 :
2347 2178 2441 2248 qui
2472 2178 2723 2231 multum
2754 2176 2957 2242 habuit,
2981 2191 3095 2230 non
3127 2174 3431 2230 abundavit
3455 2190 3619 2245 super
3641 2191 3753 2229 mo-

2153 2266 2273 2320 dice
2303 2266 2591 2320 habentem
2628 2279 2640 2319 :
2675 2270 2728 2320 et
2760 2267 2856 2337 qui
2884 2264 3165 2319 modicum
3195 2262 3396 2329 habuit,
3422 2280 3535 2318 non
3556 2265 3751 2319 mino-

2153 2355 2323 2419 ravit,
2350 2354 2403 2408 id
2426 2361 2528 2419 est,
2554 2369 2661 2407 non
2686 2352 2872 2407 habuit
2908 2351 3087 2407 minus
3128 2368 3191 2406 eo
3213 2351 3304 2423 qui
3325 2351 3553 2405 multum
3572 2350 3751 2407 colle-

2153 2442 2250 2513 git.
2276 2441 2380 2510 Qui
2401 2442 2545 2496 enim
2586 2441 2813 2495 multum
2853 2441 3017 2495 habet
3049 2440 3117 2495 de
3154 2440 3329 2511 gloria
3367 2439 3596 2505 cmlesti,
3639 2456 3752 2495 non

2153 2531 2232 2586 sic
2259 2530 2497 2585 abundat
2524 2538 2578 2583 ut
2599 2529 2645 2583 is
2667 2530 2755 2601 qui
2778 2530 2955 2582 minus
2983 2529 3147 2583 habet
3176 2528 3417 2601 indigeat
3450 2546 3463 2582 :
3498 2528 3595 2583 sed
3616 2528 3752 2583 utri-

2154 2636 2257 2690 que
2290 2627 2342 2672 et
2389 2618 2615 2671 multum
2671 2627 2723 2672 et
2775 2617 3050 2673 modicum
3110 2617 3324 2671 habenti
3385 2617 3611 2688 aqualis
3668 2625 3752 2671 est

2153 2707 2486 2763 abundantia
2521 2724 2534 2760 :
2568 2706 2690 2778 quia
2738 2706 2952 2777 utrique
3001 2706 3148 2776 quod
3197 2705 3326 2759 satis
3374 2714 3474 2770 est,
3506 2704 3635 2760 licet
3666 2713 3752 2759 ta-

2157 2812 2284 2850 men
2313 2794 2616 2851 differentia
2663 2794 2729 2847 sit
2778 2794 2886 2847 illis
2937 2794 2990 2847 in
3041 2793 3235 2864 gloria.
3269 2794 3383 2849 Hoc
3412 2793 3480 2847 ad
3512 2792 3754 2849 litteram

2153 2885 2416 2955 scriptum
2466 2892 2547 2941 est
2608 2883 2675 2937 de
2722 2899 2949 2948 manna,
2992 2882 3135 2954 quod
3174 2882 3506 2955 colligebant
3533 2881 3749 2948 Judaei;

2153 2974 2278 3045 quia
2322 2973 2415 3044 qui
2460 2972 2687 3025 multum
2744 2971 3067 3044 collegerat,
3117 2971 3243 3026 licet
3288 2970 3521 3041 amplius
3582 2986 3752 3042 quam

2152 3062 2369 3133 plenum
2436 3076 2651 3133 gomor,
2724 3074 2835 3114 non
2879 3060 3001 3131 plus
3050 3058 3238 3113 habuit
3290 3075 3454 3131 quam
3502 3074 3750 3132 gomor:

2153 3158 2205 3205 et
2232 3149 2322 3222 qui
2351 3149 2528 3203 minus
2554 3148 2853 3219 collegerat
2879 3163 3043 3219 quam
3058 3163 3272 3219 gomor,
3298 3163 3409 3203 non
3435 3147 3614 3202 minus
3646 3148 3746 3205 ha-

464 3237 605 3294 velle
630 3256 645 3305 ;
672 3253 828 3293 nunc
859 3254 984 3294 vero
1009 3212 1264 3310 perﬁcite
1294 3239 1349 3294 id
1376 3239 1649 3295 voluntate
1681 3212 1735 3295 et
1760 3243 1948 3311 facto,
1982 3240 2053 3293 ita
2084 3212 2130 3272 Ο
2155 3212 2269 3294 buit
2298 3254 2457 3310 quam
2488 3212 2933 3309 plenumvgomo-r
2960 3212 3159 3306 (Exbd.
3195 3253 3285 3304 xv,
3323 3237 3430 3305 t8).

467 3332 535 3386 ut
564 3326 1033 3401 quemadmodum
1061 3332 1355 3400 promptus
1382 3332 1466 3384 est
1488 3330 1734 3395 animus,
1756 3328 1808 3382 id
1837 3337 1918 3383 est
1942 3328 2054 3383 dis-

468 3416 641 3474 cretio
661 3416 951 3472 voluntatis
980 3415 1205 3473 184
1226 3418 1393 3488 (quod
1415 3433 1578 3489 supra
1608 3417 1819 3473 vocavit
1851 3418 2054 3472 bonum

466 3505 772 3580 ingenium)
820 3507 906 3562 ita
941 3506 1008 3575 ﬁt
1049 3514 1333 3578 promptus
1379 3507 1591 3561 animus
1613 3507 1962 3579 perﬁciendi.
1986 3508 2055 3561 Et

465 3596 591 3652 licet
618 3595 693 3651 ita
714 3595 994 3664 suadeam,
1013 3593 1328 3666 perficiendi
1346 3604 1527 3652 tamen
1549 3596 1671 3650 dico
1694 3612 1768 3651 ex
1790 3612 1871 3659 eo,
1897 3596 1952 3649 id
1975 3603 2057 3649 est

465 3684 763 3741 secundum
793 3684 898 3740 hoc
926 3684 1069 3756 quod
1109 3682 1346 3750 habetis,
1380 3693 1432 3739 et
1461 3684 1771 3739 ministrare
1798 3683 2055 3738 fratribus

465 3772 612 3829 ferre
640 3772 886 3844 potestis.
920 3773 1048 3828 Ideo
1078 3772 1202 3829 dico
1222 3789 1295 3828 ex
1316 3789 1377 3828 eo
1398 3774 1540 3845 quod
1571 3772 1808 3838 habetis,
1830 3775 1981 3845 quia,
2005 3773 2057 3827 si

462 3864 726 3919 voluntas
769 3866 954 3918 vestra
987 3866 1249 3935 prompta
1272 3866 1354 3917 est
1377 3862 1444 3917 ad
1464 3862 1721 3927 dandum,
1746 3862 2056 3917 secundum

466 3951 526 4006 id
559 3950 701 4023 quod
749 3950 929 4017 habet,
964 3949 1020 4005 in
1048 3952 1153 4006 hoc
1179 3951 1366 4022 utique
1395 3955 1625 4023 accepta
1656 3954 1738 4005 est
1772 3951 1908 4015 Deo,
1940 3966 2055 4005 non

467 4041 650 4095 solum
678 4038 734 4094 in
765 4055 830 4095 eo
860 4039 904 4094 si
925 4039 1137 4096 dederit
1166 4041 1473 4097 secundum
1494 4040 1551 4095 id
1567 4039 1709 4112 quod
1729 4055 1843 4094 non
1867 4036 2051 4093 habet.

468 4127 627 4196 Quod
659 4128 731 4184 ait
760 4131 1060 4186 secundum
1092 4129 1147 4184 id
1176 4129 1321 4201 quod
1351 4129 1532 4198 habet,
1567 4137 1619 4184 et
1651 4128 1795 4200 quod
1826 4143 1933 4182 non
1961 4128 2057 4181 ha-

468 4217 579 4289 bet,
609 4218 752 4273 idem
783 4226 866 4274 est
896 4219 1043 4290 quod
1065 4219 1138 4273 ait
1167 4217 1413 4289 superius
1444 4217 1751 4274 secundum
1782 4218 2056 4273 virtutem

465 4312 522 4363 et
551 4324 722 4380 supra
756 4308 1044 4365 virtutem.
1078 4306 1184 4375 Qui
1213 4306 1356 4362 enim
1395 4306 1706 4362 necessaria
1737 4304 1839 4360 sibi
1870 4321 2055 4359 reser-

467 4404 573 4467 vat,
606 4405 659 4452 et
687 4414 748 4452 ea
770 4413 892 4469 quas
920 4396 1382 4467 superabundant,
1407 4403 1617 4467 erogat,
1640 4395 1729 4450 hic
1749 4394 2056 4450 secundum

469 4484 610 4554 quod
639 4481 804 4539 habet
833 4482 1032 4538 dicitur
1061 4482 1235 4548 dare;
1267 4480 1357 4553 qui
1384 4496 1516 4536 vero
1545 4480 1677 4534 nihil
1707 4479 1813 4533 sibi
1840 4478 2053 4544 retinet,

2223 3328 2345 3383 Dixi
2377 3327 2625 3397 superius
2673 3326 2817 3399 quod
2866 3326 3053 3396 rogavi
3097 3325 3293 3381 Titum.
3327 3326 3407 3380 De
3438 3326 3536 3380 hoc
3566 3332 3753 3381 autem

2151 3418 2366 3489 gratias
2398 3432 2499 3486 ago
2524 3418 2649 3482 Deo,
2673 3416 2769 3488 qui
2789 3414 2939 3469 dedit
2964 3417 3023 3469 in
3042 3415 3204 3469 corde
3233 3414 3344 3470 Titi
3366 3414 3620 3469 eamdem
3640 3416 3754 3470 sol-

2157 3506 2509 3561 licitudinem
2540 3520 2642 3576 pro
2672 3502 2841 3571 vobis,
2874 3519 3037 3575 quam
3066 3511 3119 3558 et
3148 3503 3203 3557 in
3226 3503 3392 3558 corde
3421 3518 3564 3558 meo.
3590 3504 3756 3559 Eam-

2154 3594 2279 3649 dem
2310 3594 2448 3648 bene
2470 3592 2613 3660 dico,
2644 3594 2913 3665 quoniam
2944 3592 3061 3663 ipse
3082 3592 3305 3664 quidem
3336 3592 3475 3646 bene
3503 3594 3759 3664 suscepit

2154 3684 2614 3739 exhortationem
2657 3696 2759 3752 pro
2806 3680 2960 3735 vobis
3005 3679 3222 3745 factam,
3255 3679 3350 3735 sed
3376 3680 3480 3735 etsi
3510 3680 3755 3752 benigne

2155 3772 2410 3842 suscepit,
2445 3778 2622 3825 tamen
2647 3772 2937 3842 profectus
2959 3769 3135 3825 estad
3159 3785 3247 3823 vos
3270 3786 3400 3825 cum
3421 3773 3566 3824 esset
3585 3771 3753 3825 solli-

2154 3862 2323 3916 citior
2350 3860 2418 3915 de
2448 3859 2636 3927 vobis,
2672 3875 2775 3914 sua
2822 3859 3113 3913 voluntate
3141 3874 3302 3929 quam
3333 3874 3456 3912 mea
3485 3858 3753 3913 exhorta-

2155 3948 2321 4003 tione.
2353 3948 2602 4004 Misimus
2633 3948 2809 4003 ctiam
2828 3963 2959 4002 cum
2986 3947 3085 4001 illo
3109 3946 3313 4000 scilicet
3334 3946 3471 4015 Tito,
3495 3948 3752 4016 fratrem

2154 4045 2398 4091 nostrum
2430 4054 2444 4091 :
2480 4038 2604 4091 laus
2625 4038 2788 4107 cujus
2810 4039 2894 4090 est
2916 4036 2980 4089 in
2998 4034 3316 4106 Evangelia.
3347 4035 3499 4089 llunc
3522 4033 3752 4090 fratrem

2155 4125 2247 4181 alii
2276 4125 2463 4181 dicunt
2509 4125 2730 4190 Lucam,
2782 4123 2873 4178 alii
2919 4124 3244 4178 Barnabam.
3297 4122 3352 4177 Si
3382 4122 3578 4178 Lucam
3605 4123 3755 4179 dici-
3840 4164 3843 4167 λ

2154 4231 2296 4283 mus,
2329 4214 2450 4269 laus
2480 4214 2632 4282 cujus
2663 4222 2745 4268 est
2773 4212 2829 4266 in
2846 4212 3133 4268 scribendo
3154 4211 3493 4283 Evangelio;
3528 4212 3574 4266 si
3606 4212 3754 4268 Bar-

2156 4303 2369 4369 nabam,
2407 4303 2481 4357 ita
2510 4302 2629 4357 laus
2667 4303 2819 4371 cujus
2856 4301 3022 4356 estin
3071 4300 3418 4371 praedicando
3449 4301 3756 4373 Evangelia

2149 4409 2256 4464 per
2284 4409 2476 4447 omnes
2525 4392 2821 4447 Ecclesias.
2883 4388 3075 4444 Omnis
3105 4390 3250 4444 enim
3279 4389 3530 4445 Ecclesia
3559 4388 3753 4445 laudat

2157 4497 2301 4535 eum.
2336 4481 2459 4537 Non
2500 4480 2675 4534 solum
2725 4487 2903 4534 autem
2935 4478 3186 4533 laudatur
3211 4478 3265 4532 in
3296 4477 3616 4548 Evangelio,
3653 4479 3756 4534 sed

467 4572 565 4627 sed
594 4571 846 4628 omnibus
894 4569 1136 4642 erogatis
1183 4570 1358 4624 nudus
1387 4569 1588 4624 nudam
1615 4583 1834 4624 crucem
1866 4566 2054 4638 sequi-
2084 4572 2136 4631 D
2158 4570 2318 4625 etiam
2346 4571 2412 4624 ab
2442 4570 2706 4626 Ecclesiis
2728 4569 3023 4625 ordinatus
3043 4571 3128 4622 est
3158 4583 3341 4622 comes
3362 4571 3571 4622 nostra:
3589 4583 3757 4638 pere-

466 4668 570 4729 tur,
611 4660 702 4717 hic
728 4660 820 4715 dat
849 4659 1144 4715 secundum
1176 4659 1230 4713 id
1261 4658 1402 4729 quod
1436 4674 1544 4713 non
1573 4658 1755 4712 habet.
1790 4656 1898 4711 Sed
1928 4655 2055 4728 quia

467 4749 625 4819 hujus
654 4747 1005 4821 perfectionis
1033 4763 1141 4803 non
1164 4747 1295 4802 vidit
1323 4763 1417 4802 eos
1438 4762 1689 4818 capaces,
1714 4747 1958 4801 hortatur
1987 4743 2056 4799 ad

468 4837 524 4892 id
553 4837 698 4909 quod
743 4837 916 4893 levius
964 4844 1065 4892 est.
1117 4836 1429 4908 Opponeret
1469 4835 1664 4907 aliquis
1697 4852 1711 4889 :
1744 4835 1910 4907 Cogis
1955 4850 2056 4887 nos

470 4927 622 4991 dare,
660 4932 732 4992 ut,
782 4924 903 4979 aliis
949 4925 1018 4980 de
1060 4934 1249 4981 nostro
1296 4924 1703 4990 ditescentibus,
1738 4939 1839 4978 nos
1868 4930 2056 4994 postea

470 5030 748 5087 egeamus.
789 5014 1047 5081 Minime;
1078 5015 1177 5069 sed
1223 5015 1522 5070 secundum
1567 5013 1714 5086 quod
1742 5011 1972 5080 habetis,
2004 5017 2058 5066 et

468 5119 581 5160 non
613 5104 912 5160 secundum
952 5103 1007 5159 id
1035 5103 1180 5175 quod
1210 5119 1317 5159 non
1347 5102 1559 5158 habetis
1585 5120 1599 5168 ;
1634 5117 1739 5173 ego
1767 5100 1909 5155 enim
1941 5116 2055 5155 non

470 5192 678 5265 impero
703 5193 808 5249 hoc
837 5196 902 5248 ut
934 5209 1033 5264 per
1062 5201 1244 5248 vestra
1273 5192 1401 5247 data
1430 5195 1505 5247 sit
1529 5192 1781 5247 remissio
1815 5191 1970 5253 aliis,
2005 5194 2058 5243 et

470 5281 688 5337 remissi
716 5290 1024 5353 torpescant
1052 5283 1181 5349 otio,
1214 5281 1363 5338 vobis
1389 5285 1582 5336 autem
1614 5279 1739 5333 inde
1773 5278 1840 5333 sit
1872 5276 2057 5332 tribu—

472 5372 631 5436 latio,
663 5371 804 5426 unde
837 5370 942 5426 illis
986 5372 1258 5426 remissio.
1294 5372 1408 5425 lIoc
1436 5369 1655 5441 quidem
1686 5383 1795 5421 non
1824 5367 2053 5437 impero,

470 5460 567 5516 sed
596 5461 701 5515 hoc
729 5476 864 5533 rogo
884 5465 952 5516 ut
981 5465 1168 5517 vestra
1196 5458 1572 5524 abundantia,
1600 5473 1722 5527 quie
1742 5464 1825 5511 est
1844 5458 1899 5510 in
1921 5462 2059 5509 tem-

471 5548 782 5620 poralibus,
832 5551 1107 5621 suppleat,
1141 5550 1396 5619 inopiam
1439 5547 1671 5601 illorum
1718 5544 1773 5598 in
1802 5543 2060 5615 praesenti

472 5645 714 5711 tempore
736 5659 755 5709 ;
786 5647 838 5694 et
865 5639 971 5697 hoc
1000 5636 1093 5693 fiat
1121 5653 1194 5693 ex
1224 5634 1570 5709 wqualitate,
1605 5649 1713 5690 non
1734 5642 1791 5692 ut
1810 5633 1917 5689 illis
1941 5640 2059 5688 tan-

2158 4659 2522 4730 grinationis.
2556 4658 2671 4713 Hoc
2702 4657 2881 4729 magis
2911 4657 2979 4710 de
3010 4655 3257 4711 Barnaba
3295 4656 3507 4711 videtur
3525 4655 3709 4711 dicere
3738 4675 3752 4711 :

2158 4763 2318 4819 quem
2349 4763 2473 4803 cum
2506 4745 2673 4801 Paulo
2703 4745 2899 4801 fratres
2928 4744 3018 4816 qui
3048 4752 3205 4799 erant
3225 4743 3619 4815 Hierosolymis
3649 4744 3755 4799 mi-

2159 4844 2343 4890 serunt
2372 4836 2426 4889 in
2454 4843 2648 4907 gentes
2676 4834 2743 4889 ad
2773 4833 3180 4905 praedicandum
3214 4832 3418 4903 Spiritu
3447 4841 3636 4888 sancto
3663 4833 3756 4887 di-

2158 4932 2315 4980 cente
2346 4922 2451 4978 illis
2487 4939 2498 4977 :
2539 4945 2559 4973 ι
2601 4924 2892 4995 Segregate
2923 4922 3053 4976 mihi
3101 4921 3405 4976 Barnabam
3444 4930 3496 4977 et
3525 4920 3753 4976 Saulum

2157 5013 2212 5067 in
2239 5028 2376 5083 opus
2406 5028 2512 5085 quo
2542 5011 2811 5083 assumpsi
2840 5027 2937 5066 eos
2970 5012 3119 5081 (Act.
3156 5025 3281 5076 xm,
3316 5013 3391 5079 2).
3432 5033 3454 5059 »ι
3489 5010 3751 5081 Peregri-

2157 5102 2392 5157 nationis
2440 5102 2565 5157 ideo
2614 5101 2779 5167 dicit;
2814 5115 2938 5155 cum
2977 5099 3123 5154 enim
3172 5114 3205 5154 a
3234 5098 3419 5153 Judwa
3445 5098 3671 5153 mittitur
3697 5099 3754 5154 in

2158 5198 2370 5263 gentes,
2405 5190 2515 5246 exit
2559 5189 2808 5260 patriam,
2859 5196 2912 5243 et
2960 5188 3029 5242 ad
3062 5188 3179 5243 loca
3210 5186 3506 5259 peregrina
3537 5187 3753 5242 transit.

2162 5281 2370 5345 Comes,
2391 5280 2533 5344 dico,
2552 5278 2727 5334 factus
2748 5277 2967 5334 185
2993 5280 3055 5333 in
3088 5278 3232 5332 hanc
3253 5276 3500 5347 gratiam
3521 5275 3755 5333 eleemo—

2159 5385 2417 5441 synarum
2451 5368 2698 5423 similiter
2724 5366 3154 5438 praedicandam,
3178 5382 3301 5437 qua:
3320 5365 3499 5436 gratia
3528 5383 3563 5419 a
3593 5364 3757 5422 nobis

2160 5458 2565 5529 recipientibus,
2599 5473 2629 5511 a
2660 5456 2813 5512 vobis
2862 5457 3235 5510 ministratur
3279 5454 3477 5509 sanctis
3508 5454 3600 5525 qui
3632 5464 3760 5510 sunt

2161 5546 2587 5617 Hierosolymis;
2621 5546 2689 5600 de
2720 5560 2827 5616 quo
2856 5544 3093 5615 gaudere
3131 5542 3364 5607 debetis,
3419 5543 3548 5615 quia
3588 5544 3757 5599 mini-

2127 5676 2135 5684 .
2161 5644 2364 5692 stratur
2392 5636 2464 5692 ad
2488 5636 2727 5707 gloriam
2758 5634 3002 5689 Domini.
3034 5633 3105 5688 Et
3131 5647 3258 5688 vere
3287 5632 3436 5688 Deus
3468 5631 3524 5687 in
3547 5632 3651 5688 hac
3670 5634 3762 5690 ad-
