3948 6458
161 396 257 452 257

770 389 1151 448 ΕΧΡΟΞΙΤΙΟ
1188 391 1262 446 ΙΝ
1299 388 1679 446 EPISTOLAS
1718 388 1792 443 PA

1897 386 1943 441 .l.
1977 417 2046 427 —
2075 387 2148 442 ΙΝ
2186 387 2405 443 EPIST.
2435 387 2483 442 ΙΙ
2512 388 2607 442 ΑΙ)
2652 386 2812 444 COR.

3352 391 3459 447 258

165 516 551 574 ministratione
597 516 968 589 gloriﬁcatur;
1000 524 1073 583 et,
1105 524 1162 572 ut
1209 515 1276 571 de
1321 514 1496 587 gloria
1541 512 1759 569 Domini
1784 512 1840 573 A
1864 533 1886 563 ι
1931 511 2017 566 bis
2046 518 2341 568 evacuatur
2361 511 2416 566 in
2445 512 2548 567 hac
2578 520 2751 583 parte,
2776 520 2831 567 ut
2853 511 3312 584 quemadmodum
3328 512 3459 581 dixi,

166 606 366 673 sileam,
400 606 450 662 si
478 622 592 662 non
639 614 783 662 esset
828 606 991 673 aliud,
1023 605 1332 660 ministrare
1378 603 1653 660 deberetis
1693 602 1766 658 ad

168 695 544 767 complendam
588 695 919 752 voluntatem
984 702 1248 765 nostram,
1298 694 1546 751 doctrina
1610 693 1766 763 cujus

168 784 257 840 ﬁlii
285 784 386 840 Dei
418 784 573 839 estis.

242 874 599 931 l’oluntatem
628 873 752 929 dico
795 872 978 945 utique
1023 872 1379 945 sequendam,
1413 870 1541 943 quia
1587 869 1765 926 desti-

172 968 390 1032 natam,
409 962 463 1017 id
496 962 655 1018 estin
676 963 782 1018 hoc
804 962 942 1018 velle
959 962 1261 1018 ordinatam
1284 962 1420 1016 Deo.
1454 961 1601 1015 Deus
1623 959 1767 1014 enim

171 1068 252 1107 me
279 1051 359 1108 sic
389 1051 529 1108 velle
561 1050 849 1122 disposuit.
901 1052 1154 1108 Misimus
1200 1051 1378 1105 Titum
1408 1057 1461 1104 et
1489 1066 1617 1105 cum
1665 1049 1767 1105 illo

170 1140 325 1195 alium
356 1142 627 1211 fratrem,
662 1140 964 1195 devitantes
992 1141 1189 1195 hocne
1220 1138 1343 1211 quis
1372 1154 1472 1193 nos
1503 1137 1769 1208 vituperet

168 1228 221 1284 in
250 1229 351 1285 hac
382 1228 719 1300 plenitudine
749 1228 1239 1300 eleemosynarum,
1272 1244 1392 1299 quae
1424 1242 1456 1282 a
1484 1226 1643 1281 nobis
1669 1224 1773 1279 mi-

171 1318 430 1372 nistratur
476 1317 679 1373 sanctis
705 1317 761 1371 in
808 1317 1220 1388 Hierosolymis.
1273 1316 1402 1371 Ideo
1451 1315 1646 1370 Paulus
1694 1321 1770 1369 tot

168 1406 397 1462 idoneos
425 1414 592 1461 testes
623 1404 866 1461 mittebat
893 1407 960 1460 ad
991 1405 1336 1476 accipiendas
1366 1404 1644 1469 collectas,
1678 1419 1768 1469 ne,

171 1496 215 1550 si
241 1513 337 1566 per
368 1495 731 1566 suspiciosam
760 1511 1053 1567 personam
1099 1496 1203 1550 hoc
1233 1493 1453 1562 faceret,
1488 1493 1771 1564 vitupera-

171 1592 287 1641 rent
318 1601 465 1651 eum,
498 1584 742 1640 dicentes
772 1584 918 1655 quod
946 1583 1015 1639 de
1045 1583 1201 1654 c0pia
1223 1583 1693 1654 eleemosynarum
1717 1581 1773 1635 in

174 1690 297 1729 suos
328 1690 463 1728 usus
492 1672 769 1729 retineret.
804 1673 938 1729 Dico
967 1690 1038 1729 ne
1068 1674 1191 1745 quis
1234 1690 1336 1729 nos
1384 1674 1686 1744 vituperet,
1722 1678 1775 1725 et

173 1762 310 1818 bene
335 1781 349 1829 ;
382 1780 524 1818 nam
552 1778 654 1817 nos
684 1761 763 1818 sic
790 1761 1053 1818 facientes
1075 1762 1438 1834 providemus
1484 1762 1627 1816 bona
1658 1776 1773 1815 non

1869 624 1889 650 α
1935 601 2111 673 parati
2141 600 2258 655 sitis
2282 620 2297 668 ;
2327 617 2397 657 ne
2427 616 2550 657 cum
2579 602 2828 657 venerint
2864 602 3193 658 Macedones
3222 618 3459 671 mecum,

1868 711 1889 740 ι
1933 698 1986 746 et
2015 690 2320 746 invenerint
2356 706 2455 745 vos
2486 690 2803 761 imparatos,
2839 690 3227 748 erubescamus
3262 708 3383 757 nos,
3408 699 3465 747 ut

1869 802 1889 826 α
1935 795 2047 835 non
2068 779 2314 835 dicamus
2336 778 2459 851 [al.,
2479 778 2680 851 dicam]
2701 794 2799 835 vos
2819 779 2874 834 in
2895 781 2996 836 hac
3016 780 3335 837 substantia.
3355 781 3466 837 Ne-

1870 889 1893 919 «
1936 867 2234 923 cessarium
2265 883 2396 939 ergo
2427 867 2733 924 existimavi
2760 884 2961 941 rogare
2988 869 3203 935 fratres,
3236 878 3294 924 ut
3321 886 3465 940 prae-

1870 979 1892 1004 α
1937 956 2159 1012 veniant
2188 956 2260 1011 ad
2288 972 2388 1012 vos
2416 964 2727 1028 praeparent
2776 958 3168 1028 repromissam
3199 958 3463 1014 benedic-

1873 1069 1895 1097 α
1937 1046 2136 1102 tionem
2164 1047 2306 1102 hanc
2324 1054 2570 1118 paratam
2592 1063 2733 1113 esse,
2759 1046 2881 1120 [al.,
2915 1046 3014 1119 sic]
3031 1048 3186 1120 quasi
3206 1048 3466 1105 benedic-

1873 1158 1895 1186 ι
1940 1136 2163 1203 tionem,
2197 1151 2307 1191 non
2329 1137 2487 1207 quasi
2502 1136 2800 1192 avaritiam.
2832 1137 2949 1192 Hoc
2964 1144 3145 1193 autem
3174 1137 3297 1194 dico
3323 1153 3335 1192 :
3360 1136 3468 1206 Qui

1873 1246 1896 1275 α
1940 1242 2105 1296 parce
2142 1224 2393 1289 seminat,
2434 1240 2602 1296 parce
2627 1233 2681 1280 et
2700 1233 2865 1281 metet
2889 1244 2904 1293 ;
2929 1233 2983 1281 et
3013 1226 3105 1298 qui
3144 1227 3375 1282 seminat
3411 1226 3468 1281 in

1875 1338 1895 1361 «
1940 1313 2430 1382 benedictionibus,
2446 1313 2515 1369 de
2530 1314 3000 1370 benedictionibus
3017 1323 3069 1370 et
3084 1323 3279 1382 metet;
3299 1332 3469 1370 unus-

1876 1426 1897 1451 α
1943 1403 2173 1475 quisque
2202 1410 2361 1474 prout
2391 1403 2679 1458 destinavit
2705 1403 2762 1457 in
2792 1404 2960 1460 corde
2988 1420 3107 1469 suo,
3140 1420 3250 1460 non
3281 1421 3349 1460 ex
3376 1405 3471 1460 tri-

1877 1514 1898 1543 «
1944 1492 2086 1546 stitia
2112 1500 2204 1547 aut
2225 1508 2289 1547 ex
2320 1491 2666 1548 necessitate.
2704 1516 2725 1539 α
2761 1491 3003 1548 Hilarem
3031 1493 3178 1549 enim
3219 1494 3471 1550 datorem

1872 1605 1898 1637 u
1944 1581 2120 1652 diligit
2149 1582 2294 1636 Deus
2323 1581 2519 1649 (Eccli.
2551 1596 2733 1647 xxxv,
2760 1582 2866 1653 11).
2907 1602 2929 1632 ι
2968 1584 3260 1639 Potensest
3288 1590 3469 1639 autem

1878 1695 1899 1719 «
1955 1670 2015 1726 1
2032 1669 2189 1727 86
2221 1671 2368 1725 Deus
2385 1686 2602 1725 omnem
2632 1670 2865 1743 gratiam
2890 1671 3174 1728 abundare
3205 1671 3388 1729 facere
3415 1672 3474 1727 in

1880 1781 1902 1810 α
1946 1759 2123 1828 vobis,
2154 1766 2211 1813 ut
2239 1758 2294 1813 in
2325 1758 2578 1814 omnibus
2608 1775 2826 1830 semper
2847 1775 3066 1815 omnem
3096 1760 3476 1817 sufficientiam

172 1853 355 1907 solum
369 1868 559 1907 coram
587 1853 712 1919 Deo,
735 1851 831 1907 sed
852 1852 1026 1907 etiam
1047 1868 1239 1909 coram
1259 1850 1511 1905 omnibus
1532 1849 1775 1905 homini-
1796 1873 1848 1933 Β
1881 1871 1902 1896 «ι
1947 1848 2232 1913 habentes,
2282 1846 2571 1902 abundetis
2615 1847 2671 1901 in
2703 1863 2865 1903 omne
2899 1864 3036 1919 opus
3069 1849 3291 1915 bonum,
3338 1850 3479 1906 sicut

175 1941 288 1996 bus.
321 1941 501 1995 Nemo
546 1939 691 1995 enim
721 1939 926 2011 aliquid
972 1939 1323 2010 vituperabile
1367 1939 1561 2010 poterit
1591 1938 1776 2008 suspi-

175 2028 308 2099 cari,
342 2029 437 2083 ubi
485 2036 564 2084 tot
610 2028 837 2083 idoneos
889 2036 1053 2084 testes
1103 2028 1319 2084 viderit.
1353 2029 1414 2081 In
1454 2028 1559 2082 hoc
1606 2026 1776 2083 verbo

178 2116 323 2171 Pauli
353 2116 661 2187 concipitur
690 2117 835 2188 quod
868 2116 960 2188 qui
990 2132 1050 2172 se
1078 2116 1241 2172 talem
1281 2116 1500 2171 exhibet
1528 2124 1585 2170 ut
1616 2115 1683 2170 de
1714 2130 1780 2170 eo

175 2204 389 2259 sinistra
437 2204 613 2276 possit
658 2204 786 2259 oriri
834 2204 1090 2275 suspicio,
1127 2204 1291 2261 etiam
1324 2205 1370 2259 si
1399 2220 1510 2259 non
1539 2204 1607 2259 sit
1653 2219 1780 2258 reus

175 2293 319 2360 inde,
367 2301 563 2365 peccat
612 2301 810 2360 tamen,
844 2293 993 2359 dum,
1036 2310 1136 2364 per
1186 2293 1578 2366 negligentiam
1627 2307 1779 2347 suam

178 2381 357 2437 minus
405 2381 638 2453 provide
684 2398 878 2454 agens,
940 2382 993 2436 in
1037 2382 1205 2437 fratre
1252 2382 1478 2437 suscitat
1543 2381 1778 2452 culpam.

181 2473 313 2525 Cum
352 2470 477 2526 Tito
527 2478 709 2526 autem
756 2478 810 2526 et
856 2487 979 2527 cum
1028 2470 1122 2526 illo
1169 2471 1277 2527 alio
1324 2470 1491 2527 fratre
1536 2470 1783 2524 misimus

180 2559 344 2614 etiam
356 2562 609 2631 fratrem
630 2564 892 2616 nostrum
914 2577 1077 2633 quem
1100 2561 1161 2615 in
1183 2561 1383 2616 multis
1399 2560 1779 2631 probavimus,

179 2656 230 2704 et
258 2665 406 2721 saepe
438 2649 752 2704 sollicitum
781 2665 899 2704 esse
929 2649 997 2703 de
1027 2649 1204 2704 vobis.
1237 2649 1393 2704 Hunc
1422 2648 1646 2703 fratrem
1675 2664 1785 2703 non

180 2736 423 2792 nominat
448 2756 462 2803 ;
497 2737 594 2792 sed
610 2736 885 2792 credimus
906 2737 1047 2792 hunc
1077 2753 1199 2792 esse
1229 2737 1444 2809 Apollo,
1465 2737 1787 2808 episcopum

183 2841 394 2891 eorum,
432 2824 545 2897 qui,
578 2825 633 2880 in
662 2825 833 2897 prima
864 2825 1109 2896 Epistola
1148 2835 1369 2899 rogatus
1398 2841 1432 2881 a
1462 2825 1650 2892 Paulo,
1681 2841 1787 2881 no—

182 2913 278 2969 luit
308 2914 390 2969 ire
423 2914 473 2983 (I
500 2914 622 2971 Cor.
664 2930 784 2983 xvx,
822 2917 931 2985 t2),
965 2914 1193 2970 audiens
1234 2915 1357 2971 illos
1405 2915 1580 2970 adhuc
1611 2914 1788 2970 incor-

182 3010 399 3069 rectos;
435 3003 535 3058 sed
567 3019 711 3058 nunc
739 3003 921 3058 audito
950 3020 1049 3074 per
1077 3003 1251 3059 Titum
1282 3004 1427 3076 quod
1458 3011 1642 3059 essent
1670 3019 1789 3059 cor-

182 3092 341 3159 recti,
370 3091 666 3148 revertitur
694 3092 762 3146 ad
782 3092 923 3147 illos.
948 3092 1083 3148 Dico
1104 3109 1226 3148 eum
1249 3092 1416 3148 fuisse
1438 3094 1790 3161 sollicitum;

182 3181 280 3236 sed
307 3180 501 3237 sciatis
531 3198 687 3237 nunc
722 3183 904 3237 multo
933 3183 1324 3239 sollicitiorem
1354 3199 1476 3238 esse
1509 3183 1578 3237 de
1606 3190 1792 3237 vestra

186 3270 381 3337 salute,
416 3271 767 3339 conﬁdentia
796 3271 983 3326 multa
1013 3270 1196 3325 habita
1222 3272 1285 3326 in
1334 3272 1501 3340 vobis,
1533 3273 1647 3327 sive
1688 3287 1792 3343 pro

192 3360 311 3414 Tito
342 3359 439 3430 qui
470 3359 870 3414 commendavit
908 3360 1300 3415 correctionem
1350 3360 1519 3416 vestri
1548 3359 1643 3425 illi,
1677 3361 1794 3417 sive

184 3463 285 3518 pro
318 3447 411 3503 his
442 3448 544 3520 qui
571 3451 708 3503 sunt
740 3450 953 3518 fratres
977 3449 1181 3515 nostri,
1209 3448 1262 3503 id
1294 3456 1376 3504 est
1397 3456 1451 3503 et
1480 3465 1581 3520 pro
1602 3448 1720 3504 Tito
1743 3456 1798 3504 et

190 3551 290 3606 pro
310 3536 420 3591 his.
454 3536 561 3591 Pro
585 3535 705 3591 Tito
723 3536 864 3603 dico,
901 3539 997 3609 qui
1025 3542 1111 3593 est
1139 3538 1322 3593 socius
1350 3554 1509 3593 meus
1539 3537 1595 3591 in
1625 3537 1798 3593 omni-

185 3623 306 3690 bus,
340 3633 396 3680 et
424 3624 667 3679 maxime
697 3624 905 3693 adjutor
933 3625 988 3679 in
1018 3625 1195 3691 vobis,
1231 3634 1283 3681 et
1305 3642 1404 3697 pro
1435 3626 1519 3680 his
1549 3626 1641 3697 qui
1673 3634 1799 3682 sunt

186 3711 390 3768 fratres
420 3712 601 3768 nostri
631 3715 887 3785 apostoli,
911 3713 965 3768 id
987 3722 1069 3769 est
1090 3714 1255 3785 legati
1276 3716 1657 3772 Ecclesiarum
1680 3716 1801 3788 glo-

189 3801 285 3857 τίω
320 3802 564 3867 Christi,
599 3800 654 3856 id
685 3810 766 3856 est
795 3802 863 3856 ad
890 3802 1295 3874 praedicandum
1326 3803 1557 3876 gloriam
1578 3804 1797 3859 Christi.

192 3892 254 3945 Et
312 3891 443 3964 quia
496 3898 608 3945 tam
655 3890 909 3961 probatas
955 3908 1221 3963 personas
1270 3893 1339 3947 ad
1388 3909 1484 3948 vos
1531 3893 1799 3949 misimus.

191 3981 333 4052 Ergo
378 3978 656 4036 ostendite
704 3979 759 4033 in
800 3980 923 4036 illos
970 3981 1288 4037 charitatem
1338 3990 1593 4049 vestram,
1628 3991 1678 4038 et
1726 3983 1805 4052 (ut

191 4068 312 4139 plus
334 4068 547 4139 dicam)
575 4068 844 4124 ostendite
865 4069 920 4123 in
939 4069 1061 4124 illos
1077 4071 1455 4126 ostensionem
1477 4088 1598 4143 quw
1618 4078 1804 4126 osten-

192 4157 272 4212 sio
303 4162 389 4213 est
420 4158 734 4214 charitatis
764 4162 980 4213 vestras.
1016 4158 1072 4214 Si
1094 4158 1238 4214 enim
1259 4176 1357 4214 vos
1387 4159 1635 4233 ingratos
1657 4160 1809 4215 exhi-

193 4245 444 4316 bueritis,
480 4245 661 4317 palam
708 4246 811 4301 erit
841 4263 938 4303 vos
966 4263 1033 4303 ex
1082 4247 1274 4303 timore
1305 4248 1450 4320 quod
1481 4248 1538 4303 in
1566 4249 1808 4320 peccatis

191 4336 376 4401 cratis,
406 4343 462 4391 et
496 4350 608 4390 non
640 4352 707 4391 ex
738 4335 998 4392 charitate
1044 4336 1386 4393 ministrasse
1411 4337 1531 4393 Tito
1563 4346 1616 4393 et
1645 4338 1767 4393 aliis
1792 4357 1807 4403 ;

195 4424 291 4478 sed
330 4424 651 4497 benignitas
700 4433 880 4479 vestra
927 4440 1073 4481 nunc
1120 4426 1190 4480 ad
1240 4426 1374 4480 istos
1423 4425 1661 4482 exhibita
1708 4426 1812 4483 erit

197 4513 441 4568 ostensio
497 4520 697 4569 vestrae
741 4513 1041 4579 charitatis,
1075 4513 1199 4586 quia
1246 4515 1569 4585 approbabit
1616 4532 1714 4571 vos
1745 4532 1812 4571 ex

194 4601 456 4699 charitate
486 4600 688 4657 fecisse
717 4601 862 4699 quod
888 4602 1040 4699 prius
1056 4602 1284 4699 fecistis.
1321 4604 1614 4699 Ostendite
1644 4605 1807 4659 etiam
1833 4604 1885 4665 D
1919 4634 2075 4699 latio,

198 4691 580 4747 ostensionem
610 4694 817 4746 nostra:
836 4682 1036 4763 gloria:
1056 4692 1256 4747 habitae
1276 4693 1422 4764 apud
1444 4693 1565 4749 illos
1594 4710 1694 4766 pro
1725 4712 1816 4751 vo-

198 4778 317 4847 bis;
347 4779 589 4833 multum
638 4778 785 4833 enim
831 4779 1093 4851 gloriatus
1143 4797 1266 4835 sum
1295 4788 1348 4836 et
1392 4782 1621 4852 promisi
1668 4781 1815 4854 quod

199 4866 507 4925 honorifice
543 4883 639 4923 eos
670 4868 997 4939 suscipietis.
1053 4869 1341 4926 Ostendite
1389 4870 1512 4926 dico
1558 4871 1621 4926 in
1667 4873 1816 4943 facie

200 4966 519 5012 caeterarum
554 4957 958 5024 Ecclesiarum,
992 4966 1049 5013 ut
1077 4974 1176 5014 vos
1194 4958 1309 5013 sitis
1339 4958 1505 5014 facies
1537 4968 1589 5015 et
1618 4959 1813 5027 forma,

202 5061 436 5118 quorum
466 5045 813 5102 similitudini
843 5046 1223 5119 imprimantur
1252 5047 1373 5104 aliae
1396 5048 1680 5106 Ecclesiae.

842 5205 1066 5263 CAPUT
1096 5206 1194 5264 IX.

282 5362 305 5391 ι
339 5341 485 5396 Nam
516 5338 590 5395 de
620 5336 924 5395 ministerio
955 5356 1075 5411 qua;
1106 5340 1165 5395 fit
1191 5341 1247 5395 in
1276 5348 1517 5407 sanctos,
1552 5357 1620 5397 ex
1648 5341 1822 5397 abun-

215 5450 237 5476 «ι
278 5428 429 5485 danti
444 5436 534 5485 est
562 5426 702 5482 mihi
721 5428 959 5484 scribere
980 5429 1155 5485 vobis.
1190 5429 1315 5486 Scio
1336 5429 1482 5486 enim
1510 5438 1822 5501 promptum

214 5538 237 5568 ι
278 5519 525 5574 animum
556 5524 821 5583 vestrum,
853 5532 955 5588 pro
987 5534 1096 5589 quo
1135 5519 1204 5574 de
1233 5518 1393 5574 vobis
1443 5518 1649 5591 glorior
1677 5519 1824 5591 apud

216 5624 238 5656 ι
280 5607 616 5664 Macedones
641 5624 656 5672 ;
692 5605 948 5675 quoniam
967 5614 1020 5661 et
1050 5606 1248 5663 Achaia
1270 5615 1459 5678 parata
1488 5615 1571 5663 est
1590 5608 1658 5663 ab
1681 5623 1826 5665 anno

217 5718 237 5741 α
281 5696 589 5766 prmterito,
622 5700 680 5748 et
707 5700 889 5749 vestra
908 5695 1178 5752 aemulatio
1197 5695 1517 5767 provocavit
1537 5696 1824 5767 plurimos.

217 5805 240 5835 ι
284 5785 533 5842 Misimus
552 5789 745 5840 autem
764 5780 980 5855 fratres,
994 5791 1053 5841 ut
1067 5801 1135 5842 ne
1156 5785 1303 5858 quod
1314 5783 1617 5857 gloriamur
1637 5786 1707 5843 de
1726 5801 1828 5843 vo-

1879 1961 1900 1984 ‹‹
1947 1936 2208 2008 scriptum
2238 1945 2322 1991 est
2352 1954 2366 1990 :
2398 1936 2684 2007 Dispersit,
2713 1936 2864 1992 dedit
2898 1938 3253 2009 pauperibus,
3271 1938 3481 2008 justitia

1883 2048 1905 2077 ι
1950 2026 2070 2095 ejus
2096 2033 2280 2080 manet
2309 2025 2363 2079 in
2393 2024 2652 2081 saeculum
2683 2025 2866 2081 saeculi
2897 2027 3094 2096 (Psal.,
3117 2042 3231 2094 cxx,
3265 2030 3341 2097 9).
3373 2026 3482 2095 Qui

1885 2139 1905 2162 u
1951 2123 2129 2169 autem
2167 2113 2508 2169 administrat
2537 2130 2724 2169 semen
2771 2114 3076 2182 seminanti,
3109 2123 3163 2171 et
3189 2132 3386 2187 panem
3411 2116 3481 2172 ad

1886 2223 1908 2252 ι
1951 2203 2388 2259 manducandum
2427 2203 2725 2275 praestabit.
2758 2204 2829 2259 Et
2875 2204 3249 2276 multiplicabit
3294 2220 3482 2262 semen

1887 2314 1909 2342 α
1954 2301 2217 2356 vestrum,
2251 2300 2304 2348 et
2350 2293 2572 2365 augebit
2617 2292 2956 2349 incrementa
3002 2292 3219 2366 frugum
3260 2294 3485 2364 justitim

1887 2404 1908 2429 α
1956 2390 2183 2448 vestrae,
2235 2390 2293 2436 ut
2341 2382 2398 2435 in
2444 2381 2697 2437 omnibus
2746 2381 3063 2454 locupletati
3110 2383 3400 2439 abundetis
3428 2384 3486 2439 in

1889 2493 1911 2520 α
1955 2487 2176 2526 omnem
2207 2470 2627 2542 simplicitatem,
2658 2488 2781 2543 quae
2808 2479 3066 2542 operatur
3091 2488 3189 2543 per
3218 2488 3318 2528 nos
3348 2488 3468 2546 gra-

1890 2582 1912 2611 ι
1958 2560 2155 2615 tiarum
2185 2560 2454 2615 actionem
2484 2560 2620 2615 Deo.
2656 2558 2924 2628 Quoniam
2969 2560 3327 2616 ministerium
3375 2562 3484 2617 hu-

1891 2669 1914 2699 c
1952 2650 2040 2718 jus
2071 2647 2232 2703 officii
2263 2664 2369 2703 non
2388 2648 2561 2703 solum
2584 2648 2800 2719 supplet
2822 2665 2884 2704 ea
2900 2665 3020 2720 quae
3041 2650 3239 2704 desunt
3259 2651 3483 2722 sanctis,

1893 2759 1915 2788 ι
1960 2738 2058 2792 sed
2089 2737 2253 2792 etiam
2282 2737 2526 2792 abundat
2553 2753 2652 2807 per
2679 2736 2874 2792 multas
2918 2738 3214 2811 gratiarum
3243 2740 3488 2797 actiones

1894 2849 1916 2878 ‹
1951 2827 2005 2881 in
2035 2827 2269 2881 Domino
2298 2842 2396 2897 per
2423 2825 2806 2897 probationem
2834 2826 3121 2882 ministerii
3149 2829 3327 2899 hujus,
3359 2829 3489 2902 glo-

1895 2939 1916 2967 ι
1953 2915 2228 2971 rificantes
2257 2916 2431 2971 Deum
2462 2914 2517 2969 in
2547 2914 2861 2971 obedientia
2900 2916 3261 2972 confessionis
3290 2925 3488 2974 vestraa

1895 3027 1917 3056 α
1952 3005 2009 3059 in
2052 3004 2356 3077 Evangelio
2414 3004 2615 3059 Christi
2670 3013 2723 3060 et
2786 3004 3132 3075 simplicitate
3184 3007 3493 3063 communi-

1896 3119 1917 3142 «ι
1963 3094 2192 3151 cationis
2214 3101 2411 3149 vestrae
2429 3093 2484 3147 in
2503 3092 2627 3148 illos
2656 3101 2709 3149 et
2737 3094 2792 3147 in
2840 3109 3031 3149 omnes
3054 3114 3068 3162 ;
3093 3102 3146 3150 et
3174 3095 3231 3150 in
3250 3096 3493 3166 ipsorum

1897 3208 1918 3232 «ι
1963 3182 2344 3239 obsecratione
2372 3198 2474 3253 pro
2495 3181 2668 3249 vobis,
2701 3182 3127 3238 desiderantium
3148 3200 3248 3239 vos
3273 3192 3497 3256 pr0pter

1897 3293 1918 3323 ι
1964 3272 2295 3327 eminentem
2324 3271 2561 3342 gratiam
2588 3270 2688 3326 Dei
2717 3270 2772 3325 in
2794 3271 2969 3328 vobis.
3006 3271 3221 3328 Gratias
3241 3287 3350 3347 ago
3377 3274 3494 3330 Deo

1897 3385 1916 3409 ι·
1966 3377 2130 3433 super
2153 3360 2514 3416 inenarrabili
2542 3360 2689 3415 dono
2720 3360 2859 3431 ejus.
2899 3381 2922 3412 ι

2529 3536 2847 3579 EXPOSITIO.

1969 3657 2038 3712 Ut
2067 3654 2383 3711 charitatem
2422 3662 2664 3711 vestram
2693 3654 2750 3709 in
2776 3654 2900 3710 illos
2946 3655 3267 3722 ostendatis,
3300 3656 3498 3713 admo-

1899 3760 2025 3800 neo.
2050 3745 2191 3798 Nam
2211 3745 2452 3799 scribere
2481 3744 2628 3799 vobis
2659 3744 2725 3800 de
2754 3744 3097 3811 ministerio,
3120 3744 3176 3799 id
3196 3753 3280 3799 est
3298 3745 3368 3800 de
3389 3745 3503 3801 col-

1900 3833 2053 3889 lectis
2105 3833 2231 3898 illis,
2282 3833 2427 3904 quod
2476 3832 2840 3888 ministerium
2872 3833 2943 3888 sit
2968 3833 3410 3890 transferendum
3437 3836 3503 3891 in

1902 3927 2149 3987 sanctos,
2184 3923 2253 3977 de
2273 3923 2399 3988 hoc,
2423 3921 2663 3994 inquam,
2685 3922 2931 3978 scribere
2946 3927 3032 3979 est
3048 3923 3195 3979 mihi
3222 3940 3296 3980 ea:
3326 3925 3507 3981 abun-

1903 4012 2086 4077 danti,
2118 4010 2171 4065 id
2195 4019 2278 4065 est
2296 4010 2630 4082 superﬂuum
2645 4011 2905 4081 judicavi.
2931 4012 3225 4084 Propterea
3241 4029 3307 4068 ex
3335 4013 3504 4068 abun-

1903 4099 2076 4167 danti,
2110 4102 2242 4171 quia
2269 4100 2382 4156 scio
2403 4101 2664 4155 animum
2694 4105 2945 4157 vestrum
2962 4106 3290 4174 promptum
3310 4118 3424 4159 esse
3438 4101 3510 4158 ad

1905 4189 2370 4254 ministrandum;
2415 4204 2517 4260 pro
2565 4205 2669 4261 quo
2714 4189 2921 4245 scilicet
2970 4189 3095 4261 quia
3134 4191 3304 4262 parati
3352 4191 3507 4259 estis,

1906 4279 2117 4349 glorior
2144 4277 2213 4332 de
2244 4276 2400 4332 vobis
2428 4277 2500 4331 ita
2529 4276 2585 4331 in
2601 4278 2865 4333 charitate
2894 4277 3127 4346 diffusis,
3145 4279 3297 4350 apud
3326 4280 3510 4336 Mace-

1909 4367 2103 4432 donas,
2138 4365 2347 4421 dicens.
2401 4367 2677 4435 Quoniam
2706 4381 2817 4421 non
2846 4366 3024 4421 solum
3071 4367 3386 4431 Corinthus,
3412 4369 3513 4425 sed

1911 4457 2089 4511 etiam
2117 4461 2232 4510 tota
2259 4455 2473 4510 Achaia
2520 4454 2621 4508 sub
2662 4454 2943 4521 Corintho,
2985 4460 3193 4528 parata
3222 4461 3310 4511 est
3336 4458 3514 4513 mini-

1912 4548 2097 4600 strare
2128 4545 2343 4599 sanctis
2359 4543 2428 4598 ab
2454 4558 2607 4598 anno
2627 4544 2937 4615 praeterito,
2956 4548 3012 4599 et
3033 4543 3113 4600 sic
3129 4548 3318 4600 vestra
3337 4561 3517 4601 (emu-

2108 4632 2162 4686 id
2194 4640 2277 4688 est
2322 4631 2551 4686 imitatio
2595 4632 2917 4704 provocavit
2961 4633 3238 4705 plurimos
3269 4633 3340 4689 ad
3369 4633 3516 4689 idem

1915 4721 2245 4778 faciendum.
2298 4720 2601 4776 Videndum
2650 4729 2732 4775 est
2762 4728 2961 4792 quanta
2993 4721 3287 4777 subtilitate
3320 4721 3520 4778 Paulus

1916 4810 1972 4865 in
2000 4809 2213 4882 primis,
2244 4809 2496 4881 exemplo
2525 4809 2904 4876 Macedonum,
2930 4810 3153 4866 inducat
3180 4809 3513 4878 Corinthios,

1918 4915 2063 4955 nunc
2091 4915 2121 4954 e
2150 4914 2414 4955 converso
2444 4898 2772 4955 Macedonas
2812 4899 3062 4970 exemplo
3091 4899 3516 4957 Corinthiorum.

1917 4990 1986 5044 Et
2013 4988 2140 5044 licet
2171 4988 2387 5043 animus
2416 4996 2597 5044 vester
2622 4996 2909 5060 promptus
2937 4988 3025 5056 sit,
3051 4996 3233 5045 tamen
3257 4989 3521 5046 misimus

1918 5077 1991 5132 ad
2020 5093 2111 5133 vos
2130 5077 2232 5132 hos
2251 5080 2507 5148 fratres;
2538 5081 2604 5133 ut
2632 5077 2774 5149 quod
2799 5078 3116 5149 gloriamur
3134 5078 3280 5149 apud
3299 5078 3434 5134 alios
3453 5076 3522 5136 de

1920 5166 2088 5231 vobis,
2141 5182 2214 5222 ne
2264 5171 2589 5234 evacuetur,
2621 5165 2678 5221 id
2725 5174 2809 5221 est
2837 5183 2947 5223 non
2976 5166 3293 5223 destruatur
3320 5167 3385 5222 in
3416 5167 3522 5223 hac

1918 5258 2105 5328 parte,
2135 5254 2190 5309 id
2212 5263 2295 5310 est
2323 5255 2377 5310 in
2402 5262 2597 5327 parata
2625 5254 3119 5311 administratione.
3138 5255 3404 5323 Misimus,
3433 5254 3525 5311 in-

1924 5359 2109 5416 quam,
2141 5348 2227 5412 ut,
2261 5344 2730 5417 quemadmodum
2757 5344 2811 5398 in
2843 5344 2950 5399 alia
2995 5344 3226 5416 epistola
3271 5344 3398 5400 dixi
3421 5360 3525 5416 pa-

1923 5434 2044 5488 rati
2064 5434 2445 5499 sitis,ne,cum
2465 5432 2787 5489 Macedones
2806 5449 3031 5490 meeum
3045 5435 3307 5490 venerint
3319 5431 3391 5487 ad
3402 5447 3522 5500 vos,

1926 5525 1983 5577 et
2004 5522 2334 5578 invenerint
2352 5538 2444 5576 vos
2466 5522 3199 5593 imparatos,erubescamus
3214 5536 3317 5577 nos
3336 5522 3401 5576 in
3421 5521 3526 5577 hac

1925 5610 2271 5677 substantia,
2303 5609 2359 5665 id
2389 5617 2473 5665 est
2517 5609 2864 5680 eleemosyna
2904 5625 3017 5666 non
3061 5616 3385 5681 prazparata.
3419 5609 3527 5664 Nos

1928 5698 2052 5755 dico
2082 5700 2475 5756 erubescamus
2503 5704 2563 5751 ut
2589 5712 2699 5752 non
2729 5696 2979 5753 dicamus
3009 5697 3157 5769 quod
3194 5712 3294 5752 vos
3321 5695 3527 5750 erube-

1931 5786 2114 5857 scatis,
2149 5787 2242 5860 qui
2270 5787 2456 5858 utique
2487 5784 2534 5841 si
2552 5784 2808 5856 imparati
2836 5785 2991 5853 estis,
3013 5783 3208 5841 merito
3238 5782 3532 5840 erubesce-
