3948 6452
158 353 243 410 261

755 349 1135 408 EXPOSITIO
1174 350 1246 407 IN
1287 347 1668 407 EPISTOLAS
1714 345 1941 403 PAULI.
1975 375 2045 386 —-
2074 345 2148 401 IN
2180 344 2400 402 EPIST.
2453 345 2501 400 II
2539 344 2635 401 AD
2684 343 2846 402 COR.

3364 347 3473 404 262

174 495 191 527 ε
217 476 283 531 ita
340 483 394 531 et
451 492 574 532 nos.
625 476 761 532 Nam
793 484 844 532 et
893 477 940 532 si
982 476 1214 548 amplius
1260 475 1463 549 aliquid
1493 473 1831 547 gloriatusA
1859 471 2039 527 vendo
2095 470 2429 542 superbiam.
2490 472 2631 526 Dum
2660 469 3013 549 praesensfui
3043 469 3344 526 secundum
3371 486 3472 526 vos

170 587 189 616 α
218 564 366 620 fuero
414 565 487 621 de
532 574 799 637 potestate
830 574 1040 633 nostra,
1075 581 1239 639 quam
1279 565 1428 621 dedit
1458 565 1618 620 nobis
1646 565 1762 619 Do-

171 668 194 703 ι
216 650 390 705 minus
440 651 496 706 in
553 650 988 718 aediﬁcationem,
1023 659 1076 707 et
1114 667 1221 707 non
1251 652 1307 706 in
1338 650 1764 707 destructionem

172 760 192 790 ι
221 747 475 807 vestram,
534 755 644 797 non
700 741 1041 796 erubescam.
1098 742 1169 797 Ut
1221 748 1403 796 autem
1432 756 1541 795 non
1573 738 1764 795 existi-

170 849 191 879 ι
220 843 334 883 mer
387 837 645 901 tanquam
676 836 881 885 terrere
911 846 1011 885 vos
1037 845 1140 901 per
1170 829 1461 901 Epistolas,
1507 828 1764 901 quoniam

172 940 193 964 ι
220 916 436 989 quidem
480 917 762 989 Epistolas,
795 918 1065 991 inquiunt,
1116 934 1318 992 graves
1348 925 1473 973 sunt
1494 926 1547 973 et
1576 917 1760 984 fortes,

172 1030 191 1054 ιι
221 1007 506 1077 praesentia
551 1015 726 1063 autem
777 1008 1024 1079 corporis
1069 1006 1305 1076 inﬁma,
1339 1015 1389 1063 et
1419 1023 1598 1063 sermo
1628 1023 1766 1063 con-

166 1116 189 1146 ‹
219 1096 569 1166 temptibilis;
628 1098 733 1153 hoc
786 1097 990 1170 cogitet
1046 1097 1137 1170 qui
1183 1097 1451 1166 ejusmodi
1500 1104 1603 1165 est,
1645 1096 1768 1168 quia

167 1205 194 1240 α
220 1183 405 1257 quales
438 1202 625 1240 sumus
670 1186 838 1241 verbo
864 1202 962 1258 per
988 1186 1265 1257 Epistolas
1320 1186 1597 1252 absentes,
1631 1185 1767 1240 tales

170 1298 191 1322 α
223 1281 272 1329 et
300 1282 605 1345 praesentes
652 1274 704 1329 in
754 1274 917 1331 facto.
968 1275 1092 1330 Non
1124 1275 1271 1331 enim
1314 1276 1580 1330 audemus
1610 1275 1766 1330 inse-

171 1385 193 1414 ι
226 1378 346 1418 rere
368 1370 459 1417 aut
489 1378 809 1435 comparare
860 1380 961 1419 nos
991 1364 1336 1436 quibusdam,
1382 1364 1474 1436 qui
1508 1381 1569 1420 se
1616 1364 1767 1435 ipsos

173 1470 191 1505 ο
223 1452 646 1519 commendant;
708 1453 807 1508 sed
860 1452 965 1524 ipsi
1022 1453 1180 1509 nobis
1236 1453 1603 1524 nosmetipsos
1644 1469 1766 1508 me-

169 1562 190 1593 ι
221 1540 438 1607 tientes,
499 1552 554 1598 et
610 1549 988 1613 comparentes
1036 1543 1406 1613 nosmetipsos
1439 1543 1619 1598 nobis.
1652 1544 1768 1598 Nos

172 1651 193 1678 ι
228 1638 414 1685 autem
469 1645 581 1685 non
636 1630 692 1685 in
746 1631 1074 1686 immensum
1120 1632 1497 1705 gloriabimur,
1548 1632 1645 1687 sed
1672 1647 1767 1687 se-

170 1740 190 1769 ι
225 1718 465 1775 cundum
524 1735 835 1776 mensuram
900 1719 1111 1793 regula
1186 1736 1352 1793 quam
1407 1738 1632 1777 mensus
1686 1729 1769 1777 est

1864 560 2085 615 humilis
2115 577 2299 627 eram;
2334 560 2430 616 sed
2460 561 2624 616 modo
2655 562 2851 616 absens
2872 548 3108 630 conﬁdo,
3142 560 3198 614 id
3227 567 3307 615 est
3340 574 3473 615 con-

1866 649 2101 706 fidenter
2132 658 2185 705 et
2216 650 2511 721 imperiose
2541 664 2650 719 ago
2706 652 2769 705 in
2800 650 2965 713 vobis,
3000 649 3145 721 quod
3176 648 3333 721 quasi
3362 664 3472 705 non

1865 739 2130 795 auderem
2160 739 2215 793 in
2243 739 2363 794 aliis
2390 738 2675 794 Ecclesiis.
2728 740 2851 794 Non
2880 737 3055 793 solum
3089 738 3248 810 quasi
3276 746 3473 809 postu-

1864 828 1986 883 lans
2016 828 2271 894 obsecro,
2306 828 2405 884 sed
2446 826 2603 899 quasi
2647 842 2762 883 rem
2808 827 3043 882 debitam
3073 827 3301 900 exigens
3320 843 3472 900 rogo,

1865 933 1938 973 ne
1966 933 2216 988 premens
2244 917 2504 986 audeam,
2538 916 2597 971 id
2625 924 2709 972 est
2742 931 2755 970 ε
2807 915 2886 971 sic
2915 932 3014 972 vos
3042 915 3325 989 corrigere
3356 924 3476 972 stu-

1865 1005 2058 1075 deatis,
2089 1023 2177 1072 ne,
2211 1022 2336 1062 cum
2382 1022 2629 1077 praesens
2673 1004 2851 1073 fuero,
2904 1005 3153 1072 audeam,
3184 1005 3241 1060 id
3271 1014 3355 1060 est
3383 1021 3477 1062 se-

1866 1094 2101 1150 cundum
2134 1110 2232 1150 vos
2286 1095 2543 1150 audacter
2572 1110 2919 1165 prmsumam.
2952 1093 3204 1149 Audeam
3232 1094 3356 1150 dico
3386 1095 3472 1162 in,

1865 1183 1921 1238 id
1949 1191 2030 1239 est
2060 1192 2269 1251 contra,
2294 1184 2562 1256 quosdam
2592 1184 2770 1239 adhuc
2814 1182 3149 1239 incorrectos
3181 1198 3350 1255 agere
3377 1199 3480 1256 per

1866 1288 1992 1328 eam
2021 1273 2449 1342 conﬁdentiam,
2482 1273 2537 1328 id
2568 1281 2650 1328 est
2671 1279 2779 1326 tam
2801 1271 3143 1328 conﬁdenter
3163 1280 3217 1327 et
3239 1280 3477 1343 potesta-

1866 1361 1992 1430 tive,
2017 1364 2150 1434 quia
2176 1361 2509 1418 conﬁdentia
2537 1363 2841 1419 existimor
2868 1377 2899 1417 a
2930 1360 3260 1433 quibusdam
3278 1362 3479 1418 absens

1865 1468 1966 1523 per
1994 1450 2278 1521 epistolam
2309 1450 2538 1507 audere.

1945 1539 2007 1595 1
2024 1539 2182 1596 89
2208 1540 2417 1596 Contra
2437 1540 2706 1613 quosdam
2725 1539 2868 1609 dico,
2895 1539 2987 1612 qui
3005 1540 3335 1596 arbitrantur
3349 1545 3475 1597 tan-

1868 1645 2040 1702 quam
2060 1645 2162 1685 nos
2183 1629 2536 1685 ambulemus
2557 1630 2868 1687 secundum
2889 1646 3141 1686 carnem.
3162 1629 3481 1687 Ambularet

1866 1718 2067 1773 Paulus
2099 1719 2398 1774 secundum
2429 1734 2668 1787 carnem,
2696 1719 2742 1772 si
2759 1718 2847 1775 vel
2868 1734 3054 1774 amore
3074 1718 3480 1790 temporalium,

169 1830 189 1855 σι
223 1808 382 1864 nobis
430 1810 577 1864 Deus
622 1810 849 1882 (Ephes.
891 1825 969 1880 1v,
1019 1810 1132 1882 7t),
1192 1827 1506 1866 mensuram
1552 1810 1765 1882 pertin-
1786 1837 1839 1897 B
1871 1823 1993 1879 quae
2026 1806 2096 1862 ab
2127 1806 2207 1862 eis
2254 1806 2560 1877 acciperet,
2592 1815 2844 1897 parceret
2880 1807 3106 1897 eisdem.
3141 1808 3240 1864 Vel
3268 1808 3314 1862 si
3342 1809 3487 1866 male

165 1920 186 1944 ι
221 1896 389 1970 gendi
422 1914 595 1969 usque
625 1898 695 1953 ad
724 1914 842 1953 vos.
875 1899 1001 1955 Non
1047 1899 1192 1955 enim
1223 1900 1378 1972 quasi
1409 1916 1519 1955 non
1550 1900 1765 1971 pertin-

171 2003 190 2039 ι
226 1994 424 2057 gentes
454 1986 526 2042 ad
554 2002 674 2054 vos,
733 1988 1245 2058 superextendimus
1292 2005 1414 2045 nos.
1467 1990 1650 2061 Usque
1698 1990 1770 2045 ad

167 2095 189 2125 ι
222 2091 321 2131 vos
372 2075 523 2130 enim
569 2077 917 2147 pervenimus
965 2077 1019 2132 in
1064 2078 1366 2150 Evangelia
1407 2078 1625 2147 Christi,
1658 2094 1768 2134 non

169 2185 190 2213 ι
222 2163 276 2219 in
304 2165 638 2220 immensum
660 2166 961 2238 gloriantes
981 2166 1037 2221 in
1057 2166 1251 2222 alienis
1288 2167 1587 2235 laboribus,
1613 2184 1769 2239 spem

169 2274 191 2303 ι
224 2261 409 2308 autem
436 2254 708 2310 habentes
759 2255 1054 2311 crescentis
1100 2254 1227 2311 fidei
1270 2264 1485 2325 vestrae,
1519 2257 1573 2311 in
1613 2256 1768 2312 vobis

166 2364 189 2391 ι
221 2341 566 2415 magniﬁcari
598 2343 900 2399 secundum
928 2344 1173 2416 regulam
1204 2353 1479 2412 nostram;
1508 2345 1563 2399 in
1590 2346 1767 2401 abun-

165 2454 188 2479 α
222 2431 413 2488 dantia
442 2432 606 2488 etiam
636 2433 693 2487 in
720 2433 813 2488 illa
842 2450 964 2505 quae
993 2434 1135 2490 ultra
1163 2450 1261 2491 vos
1306 2442 1451 2505 sunt,
1482 2435 1767 2508 evangeli-

164 2542 185 2567 ιο
220 2536 371 2588 zare,
424 2537 537 2577 non
567 2522 623 2576 in
667 2522 843 2577 aliena
871 2522 1065 2596 regula
1091 2523 1147 2578 in
1194 2524 1278 2578 his
1308 2541 1430 2597 quae
1458 2533 1771 2596 prmparata

162 2632 184 2656 α
218 2618 344 2665 sunt
389 2610 641 2684 gloriari.
669 2632 693 2661 ι
745 2610 852 2680 Qui
898 2619 1079 2668 autem
1125 2612 1414 2686 gloriatur,
1448 2613 1504 2668 in
1535 2614 1769 2670 Domino

162 2720 184 2745 ε
217 2698 499 2771 glorietur
527 2699 591 2770 (Ι
618 2701 741 2756 Cor.
783 2716 823 2767 ι,
856 2704 958 2768 31;
991 2703 1103 2757 Jer.
1138 2717 1221 2769 rx,
1244 2701 1357 2772 23).
1395 2723 1418 2753 »
1451 2703 1576 2758 Non
1623 2703 1769 2759 enim

163 2808 184 2836 ι
218 2788 310 2860 qui
368 2788 621 2859 seipsum
676 2790 1037 2857 commendat,
1082 2790 1176 2846 ille
1220 2792 1484 2863 probatus
1515 2799 1636 2860 est;
1670 2792 1769 2848 sed

159 2899 180 2924 -
215 2893 386 2948 quem
411 2878 567 2934 Deus
596 2878 960 2935 commendat.
993 2900 1017 2930 ι

798 3090 1095 3132 ΕΧΡο51Τ10
1108 3117 1122 3131 .

224 3219 537 3290 Postquam
592 3216 663 3273 de
716 3217 888 3290 gratia
953 3218 1426 3290 eleemosynarum
1482 3220 1774 3291 multiplici
1802 3200 1849 3261 Ο

127 3306 645 3375 commendatione
719 3313 1000 3363 correctos
1073 3307 1402 3364 sufficienter
1472 3310 1772 3377 admonuit,

150 3396 345 3452 transit
374 3397 451 3451 ad
483 3395 882 3466 increpandum
909 3397 1264 3464 incorrectos,
1300 3398 1392 3469 qui
1419 3399 1596 3455 adhuc
1615 3416 1779 3470 pseu-

150 3484 219 3540 do
247 3485 634 3556 praaferebant
666 3484 804 3550 sibi;
838 3501 977 3556 quos
1004 3486 1215 3557 pseudo
1245 3486 1536 3557 plurimum
1567 3488 1654 3544 hic
1674 3490 1776 3545 de-

148 3574 360 3645 primit,
420 3572 815 3630 auctoritatem
863 3590 1020 3629 suam
1065 3575 1435 3647 multipliciter
1481 3586 1534 3633 et
1581 3578 1778 3635 idonee

148 3663 584 3719 commendans.
614 3662 740 3717 Non
768 3670 826 3722 ut
855 3680 953 3734 per
979 3665 1085 3720 hoc
1117 3673 1327 3736 quaerat
1344 3665 1577 3737 gloriam
1597 3683 1774 3735 suam,

148 3753 246 3808 sed
277 3753 391 3809 hoc
422 3751 615 3808 solum
642 3751 869 3807 intendit
889 3760 966 3819 ut,
993 3753 1266 3810 viliﬁcatis
1315 3756 1546 3826 pseudo,
1586 3757 1783 3812 Corin-

148 3842 247 3896 thii
275 3859 396 3897 non
431 3840 587 3896 ultra
609 3840 941 3908 adhaereant,
977 3842 1191 3915 sibique
1220 3852 1327 3899 tam
1354 3844 1592 3916 gloriose
1621 3862 1778 3903 com-

145 3931 410 3987 mendato
442 3930 652 3986 exinde
679 3931 952 4001 gaudeant
980 3932 1282 3989 adhaerere.
1315 3933 1515 3989 Littera
1544 3935 1625 3992 sic
1646 3936 1778 4005 jun-

147 4020 295 4091 gitur
328 4039 343 4075 :
382 4021 509 4076 Vos
540 4020 681 4074 bene
709 4028 987 4077 correctos
1018 4021 1086 4077 de
1105 4024 1281 4095 gratia
1306 4023 1777 4096 eleemosynarum

144 4109 419 4165 adhortor
443 4128 460 4175 ;
502 4124 609 4164 vos
635 4118 816 4164 autem
845 4109 1186 4167 incorrectos
1215 4112 1318 4167 hoc
1347 4128 1456 4169 non
1485 4114 1777 4184 admoneo,

144 4214 283 4269 quos
312 4199 525 4272 gratiae
558 4197 661 4253 Dei
688 4197 945 4270 indignos
974 4200 1128 4267 scio;
1180 4202 1278 4256 sed
1310 4202 1560 4270 obsecro,
1612 4203 1667 4259 id
1698 4212 1781 4259 est

145 4303 247 4358 per
277 4303 647 4360 quaecunque
676 4302 835 4344 sacra
864 4288 1057 4359 adjuro
1086 4305 1185 4345 vos
1205 4290 1324 4362 ipse
1351 4307 1458 4365 ego
1487 4292 1705 4348 Paulus.

212 4379 362 4433 Nota
393 4376 562 4449 quod
612 4376 687 4430 ait
733 4377 855 4449 ipse
885 4394 1000 4449 ego.
1033 4379 1301 4435 Dicebant
1344 4380 1486 4436 enim
1520 4381 1783 4437 Corinthii

147 4467 312 4537 quod,
367 4464 632 4539 quandiu
690 4466 890 4521 Paulus
934 4483 1178 4538 praesens
1206 4468 1323 4537 fuit,
1356 4470 1465 4525 illis
1508 4470 1784 4527 humiliter

1869 1896 1974 1950 sibi
2029 1895 2282 1951 conscius
2337 1896 2555 1951 timeret
2611 1896 2723 1966 pati
2777 1912 2876 1967 pro
2907 1896 3153 1953 Christo.
3199 1898 3345 1953 Bene
3372 1898 3484 1954 dixi

1869 1989 2143 2057 tanquam
2174 2006 2192 2052 ;
2233 2000 2334 2040 nos
2365 1984 2509 2040 enim
2538 2000 2671 2040 vere
2715 2000 2827 2041 non
2860 1985 3153 2041 militamus
3186 1987 3486 2044 secundum

1869 2089 2111 2130 carnem.
2143 2073 2388 2128 Militiam
2418 2081 2579 2129 vocat
2639 2089 2794 2129 suam
2824 2075 3297 2146 pradicationem.
3335 2076 3489 2133 Dice-

1869 2171 1954 2218 ret
1982 2163 2183 2235 aliquis
2208 2178 2220 2218 :
2254 2164 2332 2217 Tu
2361 2163 2583 2235 quidem
2615 2163 2823 2235 aliquid
2853 2164 3134 2235 singulare
3163 2165 3366 2221 donum
3384 2165 3486 2223 Dei

1868 2252 2078 2307 habes:
2114 2267 2222 2324 quo
2253 2252 2326 2307 ita
2372 2252 2555 2323 possis
2582 2252 2776 2325 egredi
2827 2268 3089 2309 carnem:
3118 2255 3265 2327 quod
3285 2255 3488 2311 donum
3573 2284 3577 2289 ν

1870 2342 1995 2413 quia
2022 2357 2134 2396 non
2163 2341 2446 2411 habemus,
2470 2357 2697 2397 necesse
2719 2349 2803 2397 est
2843 2357 3064 2398 carnem
3091 2343 3265 2415 sequi.
3290 2344 3492 2401 Contra

1869 2431 1975 2486 hoc
2003 2430 2108 2485 ait:
2141 2431 2265 2486 Non
2294 2430 2590 2485 militamus
2613 2431 2915 2487 secundum
2948 2447 3191 2487 carnem.
3237 2433 3353 2489 Nos
3383 2434 3489 2489 uti-

1872 2536 1977 2591 que
2033 2519 2395 2575 ambulantes
2436 2520 2501 2575 in
2549 2536 2764 2587 carne;
2815 2519 3066 2575 similiter
3112 2522 3257 2577 enim
3298 2529 3359 2577 ut
3388 2538 3489 2579 vos

1869 2623 2008 2663 onus
2036 2609 2217 2665 carnis
2245 2608 2518 2679 patimur;
2551 2616 2604 2663 et
2626 2616 2807 2664 tamen
2824 2624 2947 2664 eam
2969 2626 3311 2681 superamus.
3344 2612 3486 2669 Vere

1870 2714 1987 2754 non
2007 2698 2328 2752 militamus
2350 2698 2662 2753 secundum
2683 2714 2918 2754 carnem
2940 2718 2959 2753 :
2976 2716 3115 2754 nam
3135 2716 3300 2756 arma
3320 2703 3483 2758 mili-

1875 2788 2004 2854 tiae;
2034 2786 2086 2840 id
2120 2793 2203 2840 est
2232 2786 2657 2857 praedicationis,
2685 2794 2739 2841 et
2767 2787 2946 2842 omnis
2974 2787 3102 2844 vitae
3130 2797 3352 2857 nostrae,
3376 2806 3486 2847 non

1872 2883 1999 2931 sunt
2027 2874 2286 2931 carnalia.
2317 2877 2483 2929 Arma
2511 2875 2718 2930 militiae
2746 2883 2907 2932 vocat
2934 2876 3215 2944 miracula,
3234 2894 3335 2949 per
3363 2896 3487 2952 qua:

1870 2963 2318 3036 praedicationem
2348 2980 2503 3018 suam
2555 2962 2933 3020 confirmabat.
2966 2967 3134 3021 Arma
3162 2966 3292 3023 dicit
3321 2967 3487 3025 etiam

1871 3054 2121 3121 virtutes,
2168 3060 2222 3109 et
2280 3068 2619 3125 quaecunque
2680 3053 2828 3109 bona
2856 3070 3045 3125 opera.
3079 3057 3251 3112 Arma
3280 3057 3486 3115 militiae

1872 3147 2088 3199 nostra:
2118 3158 2235 3198 non
2257 3146 2397 3198 sunt
2416 3143 2678 3198 carnalia
2704 3160 2716 3196 :
2743 3143 2788 3197 si
2816 3143 2962 3198 enim
2984 3159 3203 3200 carnem
3224 3162 3488 3218 sequere-

1875 3248 2019 3298 mur,
2052 3229 2296 3302 profecto
2353 3246 2509 3286 arma
2539 3232 2634 3286 illa
2662 3231 2839 3286 statim
2876 3248 2979 3288 nos
2998 3232 3358 3303 desererent;
3392 3236 3490 3294 sed

1877 3337 2033 3377 arma
2060 3329 2245 3376 nostra
2278 3329 2403 3375 sunt
2432 3323 2691 3393 potentia
2719 3323 2847 3388 Deo,
2882 3322 2935 3377 id
2968 3330 3049 3378 est
3066 3340 3164 3395 per
3182 3325 3377 3395 Deum,
3397 3325 3487 3383 vel

1877 3411 1949 3465 ad
1978 3410 2207 3481 gloriam
2238 3409 2359 3465 Dei.
2397 3410 2645 3465 Potentia
2665 3417 2793 3465 sunt
2807 3410 2881 3466 ad
2897 3411 3348 3470 destructionem
3367 3431 3492 3472 mu-

1877 3500 2170 3554 nitionum
2192 3518 2211 3565 ;
2244 3506 2302 3552 ut
2323 3496 2479 3554 facile
2495 3515 2594 3569 per
2611 3500 2730 3555 haec
2757 3514 2912 3554 arma
2933 3499 3277 3557 destruamus
3295 3503 3494 3574 quasli-

1878 3588 1971 3643 bet
2016 3587 2412 3642 munitissimas
2456 3588 2719 3654 haereses,
2770 3589 2857 3643 vel
2887 3589 3292 3661 philosophicas
3312 3592 3489 3649 ratio-

1878 3693 1998 3733 nes.
2031 3678 2170 3732 Vere
2198 3691 2355 3731 arma
2382 3684 2569 3731 nostra
2598 3684 2721 3731 sunt
2741 3678 2986 3747 potentia
3003 3678 3311 3735 destruere.
3342 3681 3487 3737 Nam

1880 3765 2045 3821 etiam
2090 3764 2147 3820 in
2191 3773 2313 3821 actu
2360 3782 2551 3821 sumus
2606 3766 2992 3822 destruentes:
3038 3767 3131 3822 ubi
3180 3777 3333 3824 actus
3379 3779 3489 3842 est,

1878 3854 2122 3926 potentia
2151 3854 2348 3910 abesse
2402 3855 2608 3927 nequit.
2660 3854 2865 3911 Littera
2895 3863 3073 3912 tamen
3104 3856 3179 3911 ibi
3204 3858 3480 3932 jungitur.

1880 3945 2003 4000 Non
2044 3944 2340 3998 militamus
2387 3945 2693 4000 secundum
2743 3960 3008 4013 carnem;
3064 3962 3185 4015 nos,
3218 3947 3363 4015 dico,
3387 3950 3488 4005 de-

1880 4037 2173 4090 struentes
2203 4033 2464 4098 consilia,
2497 4033 2553 4088 id
2584 4041 2666 4089 est
2723 4034 3025 4106 exquisitas
3080 4035 3340 4093 rationes.
3382 4038 3493 4094 De-

1882 4129 2159 4177 struentes
2179 4122 2358 4177 etiam
2377 4137 2605 4178 omnem
2620 4124 2993 4180 altitudinem
3008 4124 3305 4196 physicalis
3321 4126 3497 4183 scien-

1884 4211 1991 4276 tiae,
2025 4211 2409 4267 extollentem
2432 4227 2489 4266 se
2509 4211 2779 4268 adversus
2799 4214 3106 4269 scientiam
3123 4215 3223 4271 Dei
3246 4235 3267 4283 ;
3286 4222 3345 4270 ut
3365 4215 3493 4272 illos

1885 4299 1978 4371 qui
2006 4315 2109 4370 per
2135 4308 2347 4355 naturae
2376 4299 2558 4370 legem
2584 4309 2868 4372 opponunt
2907 4316 3018 4357 non
3045 4302 3287 4373 potuisse
3315 4303 3494 4377 virgi-

1884 4404 2011 4444 nem
2058 4404 2277 4459 parere,
2320 4397 2598 4443 mortuum
2652 4406 2975 4462 resurgere;
3012 4406 3116 4447 nec
3164 4392 3341 4448 solum
3389 4394 3494 4450 de-

1887 4485 2184 4546 struentes,
2217 4476 2316 4532 sed
2338 4477 2504 4532 etiam
2534 4477 2860 4549 redigentes
2881 4494 3109 4535 omnem
3127 4481 3496 4541 intellectum

145 4555 297 4623 Salis.
333 4564 392 4613 ει
420 4571 548 4611 1100
579 4554 652 4609 ad
680 4553 961 4611 1395i009m
987 4556 1218 4627 alicujus
1246 4558 1540 4631 qumquam
1570 4559 1782 4616 Ῑοουῑιιε
1802 4564 1855 4625 D
1886 4567 2260 4637 cujuscunque
2303 4563 2637 4621 infidelitatis
2682 4566 2737 4621 in
2784 4567 3175 4638 captivitatem,
3223 4570 3349 4641 quia
3400 4587 3494 4627 su-

145 4643 259 4711 t'uit,
283 4646 513 4726 timens
548 4642 842 4712 fortassis;
900 4662 1047 4703 nunc
1092 4663 1226 4703 vero
1255 4648 1454 4703 absens
1485 4648 1780 4721 imperiose

142 4734 465 4790 minabatur
536 4732 645 4802 eis,
678 4749 742 4790 ac
771 4734 819 4788 si
839 4743 1163 4806 potestatem
1191 4736 1531 4809 imperialem
1552 4739 1781 4795 haberet

144 4822 199 4877 in
229 4840 349 4880 eos.
388 4825 717 4894 Propterea
745 4822 820 4878 ait
853 4838 866 4877 :
897 4824 1005 4896 Ego
1027 4825 1143 4898 ipse
1173 4827 1390 4883 Paulus
1425 4843 1571 4885 nunc
1600 4828 1780 4900 impe-

147 4912 287 4969 riose
316 4928 529 4987 agens,
571 4910 668 4983 qui
682 4909 811 4966 olim
830 4912 1129 4983 humiliter,
1149 4916 1369 4973 obsecro
1389 4932 1481 4973 vos
1497 4933 1781 4989 perman-

148 5004 531 5059 suetudinem
566 5004 631 5055 et
662 5000 998 5058 modestiam
1047 5002 1278 5060 Christi.
1311 5005 1782 5062 Mansuetudinem

150 5089 295 5160 dicit,
326 5090 428 5148 ubi
459 5088 659 5165 gratis
689 5088 806 5145 sine
829 5091 1036 5160 judicio
1084 5093 1270 5150 omnia
1307 5094 1529 5151 dimisit.
1588 5096 1781 5151 Mode-

148 5179 299 5235 stiam
327 5180 494 5247 dicit,
532 5177 670 5251 quia
698 5193 824 5234 cum
854 5189 1043 5252 ageret
1052 5181 1279 5252 judicio,
1302 5184 1551 5240 modeste
1572 5184 1782 5253 judica-

150 5266 255 5335 bat,
290 5270 581 5327 condiens
613 5266 926 5338 :equitatem
955 5269 1351 5328 misericordia.
1385 5274 1492 5329 Per
1519 5288 1783 5329 mansue-

148 5359 392 5414 tudinem
453 5357 667 5428 utique
695 5364 749 5411 et
804 5357 1132 5415 modestiam
1182 5360 1377 5417 Christi
1421 5362 1655 5419 obsecro
1685 5377 1785 5418 vos

150 5460 243 5518 ego
261 5449 513 5513 Paulus,
551 5446 661 5519 qui
700 5444 935 5502 humilis
974 5449 1218 5521 quidem,
1281 5458 1332 5506 et
1359 5451 1542 5507 omnia
1572 5452 1786 5523 patiens

152 5536 436 5594 existimor
456 5536 653 5592 fuisse
672 5534 735 5589 in
744 5538 830 5591 ter
850 5552 940 5593 vos
957 5556 977 5605 ;
1005 5555 1127 5610 quae
1146 5540 1422 5595 humilitas
1432 5541 1674 5613 quidem,
1700 5557 1787 5597 se-

150 5626 387 5683 cundum
419 5624 586 5701 quod
620 5622 941 5695 opinamini,
972 5627 1036 5683 in
1064 5629 1214 5700 facie
1242 5627 1358 5698 fuit,
1390 5637 1445 5686 et
1463 5646 1573 5687 non
1591 5630 1650 5685 in
1669 5645 1791 5687 cor-

158 5713 271 5771 de:
321 5714 680 5773 simulabam
734 5711 882 5769 enim
933 5722 1088 5773 extra
1141 5716 1502 5777 humilitatem
1529 5717 1675 5775 intus
1705 5716 1790 5775 fo-

1878 4655 2083 4729 peratis
2115 4654 2426 4709 inﬁdelibus
2463 4654 2745 4726 deponunt
2798 4658 2997 4729 jugum
3027 4656 3254 4725 diaboli,
3297 4665 3351 4714 et
3392 4674 3493 4717 ca-

1879 4746 2086 4818 ptivant
2103 4760 2162 4799 se
2184 4744 2287 4800 sub
2298 4744 2434 4817 jugo
2450 4744 2668 4799 Christi.
2693 4744 3030 4817 Redigentes
3049 4746 3237 4817 utique
3258 4746 3314 4803 in
3333 4750 3497 4821 capti-

1881 4834 2101 4891 vitatem
2131 4832 2379 4889 ducendo
2410 4848 2505 4888 eos
2545 4834 2610 4888 in
2664 4834 2992 4907 obsequium
3039 4833 3249 4892 Christi
3276 4856 3295 4892 :
3323 4844 3381 4892 ut
3402 4838 3498 4910 qui

1881 4923 2032 4996 prius
2087 4922 2230 4978 male
2282 4922 2730 4994 obsequebantur
2803 4922 3041 4993 diabolo,
3100 4925 3298 4981 amodo
3353 4925 3497 4985 bene

1882 5013 2259 5083 obsequantur
2288 5011 2524 5067 Christo.
2557 5011 2719 5081 Quod
2747 5012 2822 5068 ait
2851 5029 3077 5071 omnem
3108 5016 3491 5089 intellectum,

1883 5117 2110 5158 omnem
2131 5101 2523 5167 altitudinem,
2549 5117 2661 5158 non
2676 5102 2823 5174 quod
2839 5102 3086 5176 singulos
3105 5102 3354 5161 infideles
3370 5120 3499 5162 con-

1883 5189 2126 5255 verterit,
2177 5189 2275 5245 sed
2322 5189 2453 5262 quia
2496 5189 2566 5247 de
2613 5191 2764 5246 omni
2793 5207 3000 5264 genere
3031 5192 3367 5249 inﬁdelitatis
3388 5194 3496 5250 ali-

1886 5296 2027 5353 quos
2067 5278 2139 5334 ad
2194 5277 2357 5334 ﬁdem
2387 5279 2571 5334 traxit.
2618 5280 2951 5353 Redigentes
2998 5280 3219 5353 quidem
3242 5283 3308 5338 in
3336 5283 3497 5340 obse-

1887 5371 2084 5443 quium
2117 5367 2327 5425 Christi
2356 5388 2374 5425 :
2393 5367 2540 5440 quod
2571 5368 2618 5423 si
2673 5368 2841 5441 aliqui
2871 5378 2994 5425 sunt
3021 5369 3272 5427 nolentes
3296 5370 3493 5445 redigi,

1889 5473 2080 5512 sumus
2098 5456 2275 5513 haben
2282 5461 2364 5514 tes
2378 5458 2442 5512 in
2451 5462 2720 5531 promptu
2730 5459 2933 5515 ulcisci
2946 5475 3168 5516 omnem
3180 5460 3500 5517 inobedien-

1894 5548 2054 5616 tiam,
2088 5545 2143 5600 id
2171 5553 2257 5601 est
2309 5545 2610 5617 apostolica
2663 5547 2984 5603 auctoritate
3030 5563 3249 5604 omnem
3296 5547 3495 5606 inobe-

1891 5635 2132 5691 dientem
2161 5633 2444 5691 damnare.
2475 5635 2540 5690 In
2592 5643 2852 5707 promptu
2879 5636 2984 5693 hoc
3019 5636 3205 5704 habet,
3238 5636 3367 5708 quia
3393 5652 3499 5694 nec

1893 5721 2229 5780 conscientia
2275 5722 2419 5781 mala
2467 5738 2594 5781 eum
2622 5730 2863 5794 revocat,
2912 5739 3016 5783 nec
3042 5723 3331 5796 temporali
3364 5739 3494 5781 mu-
