3948 6438
453 321 558 379 263

1006 322 1063 377 S.
1104 319 1462 377 BRUNONIS
1501 316 2151 377 CARTHUSIANORUM
2188 316 2672 375 lNSTlTUTORIS
2710 315 2863 375 OPP.
2912 320 3085 377 PARS
3129 318 3202 375 II.

3656 318 3765 377 εει

454 462 590 501 nere
622 444 922 502 seducitur.
976 445 1194 501 Diceret
1231 445 1428 517 aliquis
1462 460 1474 499 :
1510 444 1965 517 Quandoquidem
2007 442 2062 496 in
2082 440 2134 504 A
2162 442 2311 498 modi
2340 447 2446 513 est,
2477 442 2532 498 id
2563 452 2644 499 est
2690 444 2782 517 qui
2809 461 2897 500 me
2923 444 3054 501 dicit
3102 443 3563 515 contemptibilem
3585 451 3637 499 et
3664 443 3757 498 in-

456 541 707 605 promptu
736 535 908 590 habes
939 534 1147 601 ulcisci,
1195 551 1362 606 quare
1409 550 1544 607 ergo
1574 550 1684 590 non
1713 534 1998 591 ulcisceris
2029 530 2059 591 ?

460 623 700 679 Ulciscar
726 622 927 695 utique,
961 639 1069 678 non
1100 631 1284 679 tamen
1312 622 1496 689 modo,
1526 624 1624 678 sed
1653 640 1783 679 cum
1821 626 2061 697 impleta

2160 529 2393 587 ﬁrmum.
2428 532 2658 604 Cogitet,
2693 534 2937 605 inquam,
2973 535 3100 606 quia
3115 534 3307 607 quales
3329 550 3523 591 sumus
3550 534 3758 590 absen-

2164 625 2268 689 tes,
2293 622 2355 677 in
2386 622 2545 679 verbo
2575 639 2678 694 per
2696 624 2963 695 epistolas
2989 625 3176 692 misso,
3202 625 3346 679 tales
3363 623 3567 679 erimus
3583 623 3761 678 etiam

456 713 639 782 fuerit
664 715 852 768 vestra
873 712 1218 779 obedientia,
1249 711 1305 767 id
1335 720 1437 780 est,
1472 728 1597 768 cum
1629 729 1958 784 separavero
1989 716 2059 771 de
2157 714 2482 783 prcesentes,
2514 726 2622 767 non
2653 711 2825 767 solum
2855 711 2911 766 in
2938 713 3127 781 verbo,
3161 712 3259 768 sed
3289 712 3452 768 etiam
3485 714 3547 767 in
3569 715 3761 783 facta;

457 799 638 855 medio
687 799 957 855 malorum
1013 817 1114 871 per
1160 800 1478 871 patientiam
1513 802 1935 872 exspectationis
1964 820 2061 859 eos

456 889 548 960 qui
576 889 645 944 de
675 888 829 944 vobis
858 889 1131 945 obedituri
1161 897 1284 944 sunt
1314 889 1441 944 ﬁdei
1471 905 1537 944 ex
1567 890 1857 946 voluntate.

529 976 832 1050 Diligenter
878 977 1139 1033 intuenda
1181 986 1265 1033 est
1312 977 1525 1032 subtilis
1572 979 1841 1034 modestia
1888 980 2058 1052 Pauli,

457 1066 549 1137 qui
579 1066 836 1122 ultionem
883 1066 1247 1137 reproborum
1292 1066 1491 1133 diﬂ‘ert,
1527 1066 1718 1122 videns
1747 1068 1803 1122 in
1828 1070 1932 1126 hac
1962 1085 2064 1126 sua

460 1154 864 1225 exspectatione
924 1155 1221 1212 electorum
1276 1155 1521 1210 salutem.
1574 1155 1631 1212 Si
1669 1156 1813 1211 enim
1862 1158 2062 1214 inultos

460 1251 737 1314 pateretur
794 1244 1078 1315 reprobos,
1137 1252 1303 1315 atque
1354 1245 1456 1300 hac
1512 1259 1676 1299 causa
1734 1262 1862 1300 reus
1893 1256 2059 1315 esset,

461 1331 564 1387 hos
594 1339 773 1387 tamen
807 1332 1044 1405 benigne
1101 1332 1355 1403 patiendo
1389 1332 1617 1403 judicat,
1666 1351 1735 1389 ne
1782 1350 1907 1390 cum
1935 1336 2064 1392 lolio

461 1419 793 1476 frumentum
851 1421 1115 1476 eradicet.
1171 1420 1312 1490 Quia
1354 1436 1462 1476 non
1511 1423 1811 1477 secundum
1844 1440 2062 1479 carnem

460 1508 771 1576 militemus,
808 1508 1037 1579 probavi
1067 1526 1164 1580 per
1191 1511 1295 1566 hoc
1342 1509 1489 1581 quod
1518 1510 1847 1566 destruimus
1876 1512 2063 1567 altitu-

462 1596 645 1653 dinem
698 1597 987 1653 mundana:
1043 1597 1304 1661 scientiae,
1361 1606 1413 1653 et
1470 1598 1704 1655 rebelles
1735 1600 2065 1670 captivamus

460 1684 522 1739 in
597 1686 922 1758 obsequium
977 1687 1212 1753 Christi;
1273 1703 1396 1758 quae
1467 1687 1708 1742 rationes
1767 1705 1875 1744 non
1929 1689 2065 1744 adeo

2164 801 2295 872 quia
2350 801 2496 873 quod
2551 817 2651 871 per
2696 800 2980 871 epistolam
3009 802 3301 868 minamur,
3330 802 3474 858 idem
3501 801 3672 858 verbo
3703 808 3760 856 et

2161 904 2324 959 opere
2378 898 2678 959 praesentes
2728 890 3131 946 exercebimus.
3172 892 3311 947 Vere
3350 890 3540 963 quales
3566 904 3756 944 sumus

2160 978 2415 1033 absentes
2472 979 2660 1045 verbo,
2719 979 2858 1034 tales
2914 988 3211 1049 praesentes
3259 980 3464 1035 erimus
3495 979 3550 1033 in
3578 978 3746 1034 facto.

2161 1068 2282 1121 Non
2311 1068 2466 1122 enim
2495 1083 2681 1121 sumus
2709 1067 2779 1123 de
2809 1068 3005 1123 vestris
3034 1068 3263 1139 pseudo,
3287 1069 3376 1140 qui
3394 1085 3453 1123 se
3474 1067 3761 1138 impuden-

2162 1163 2246 1209 ter
2274 1154 2538 1222 inserunt,
2572 1156 2627 1211 id
2656 1164 2739 1211 est
2770 1156 3042 1229 ingerunt,
3087 1173 3198 1212 non
3223 1156 3376 1211 missi
3424 1171 3458 1212 a
3487 1157 3622 1221 Deo,
3656 1171 3760 1211 nec

2163 1252 2309 1299 certe
2335 1245 2607 1300 audemus
2636 1262 2737 1300 nos
2757 1247 3024 1311 inserere,
3054 1254 3113 1299 ut
3137 1244 3306 1316 (quod
3325 1244 3482 1300 nobis
3501 1244 3755 1300 commis-

2163 1345 2285 1383 sum
2316 1345 2424 1383 non
2480 1336 2648 1398 esset)
2696 1345 3015 1400 usurpemus
3061 1330 3263 1386 illicite.
3301 1332 3414 1385 Aut
3443 1345 3552 1385 non
3582 1329 3755 1384 aude-

2162 1434 2285 1472 mus
2313 1418 2502 1473 inserti
2532 1433 2565 1473 a
2594 1420 2709 1473 Deo
2738 1434 2839 1473 nos
2868 1435 3195 1490 comparare
3223 1418 3575 1491 quibusdam,
3600 1418 3653 1472 id
3675 1425 3760 1473 est

2162 1507 2390 1577 pseudo,
2447 1508 2542 1580 qui
2588 1522 2696 1562 non
2724 1522 2757 1562 a
2796 1508 2913 1562 Deo
2959 1506 3324 1563 commendati
3357 1508 3562 1577 seipsos
3606 1522 3761 1563 eom-

2163 1596 2458 1661 mendant,
2508 1596 2976 1651 commendatitias
3016 1596 3276 1667 epistolas
3303 1596 3429 1651 hinc
3458 1595 3585 1650 inde
3601 1595 3760 1651 defe-

2163 1692 2347 1739 rentes
2382 1700 2394 1738 :
2427 1684 2513 1738 his
2541 1700 2649 1740 non
2690 1685 2955 1740 audemus
2998 1700 3098 1740 nos
3126 1700 3469 1755 comparare,
3517 1692 3574 1739 ut
3601 1699 3762 1739 men-

463 1773 716 1828 videntur
766 1774 997 1847 singulis
1029 1793 1045 1842 ;
1103 1775 1201 1830 sed
1248 1774 1411 1830 modo
1442 1774 1619 1830 videte
1668 1784 1721 1832 et
1754 1778 2064 1847 cognoscite
2095 1802 2146 1860 B
2167 1788 2349 1828 suram
2380 1772 2537 1828 oﬂicii
2568 1773 2738 1827 nostri
2767 1773 3091 1844 inexpletam
3124 1773 3485 1845 negligamus.
3531 1771 3765 1841 Quidam

467 1861 635 1929 idem,
696 1862 923 1932 scilicet,
974 1863 1121 1934 quod
1176 1880 1292 1919 non
1362 1863 1701 1919 ambulamus
1756 1866 2066 1921 secundum
2167 1862 2311 1917 enim
2340 1879 2407 1917 ex
2435 1862 2700 1918 electione
2722 1862 3042 1935 regulariter
3062 1862 3269 1931 inserti,
3294 1870 3481 1933 postea
3502 1876 3764 1932 perverse

471 1966 723 2006 carnem.
756 1951 961 2017 Videte,
982 1950 1225 2023 inquam,
1251 1968 1349 2022 per
1365 1967 1430 2006 ea
1460 1970 1581 2025 quae
1602 1957 1737 2008 sunt
1758 1952 2070 2009 secundum

468 2040 698 2109 faciem,
758 2037 813 2093 id
860 2046 943 2094 est
1001 2056 1121 2111 qua:
1180 2048 1305 2094 sunt
1371 2040 1667 2095 secundum
1723 2041 2066 2112 corporalem

470 2127 757 2193 visionem,
818 2134 871 2182 et
929 2127 1046 2183 sine
1093 2128 1239 2183 omni
1288 2128 1571 2184 obstaculo
1600 2129 1775 2184 videri
1807 2138 2060 2201 possunt.

468 2214 569 2270 Vel
597 2215 673 2271 ita
704 2233 718 2269 :
753 2216 881 2271 Illos
911 2216 1001 2287 qui
1029 2218 1328 2273 secundum
1377 2217 1570 2273 faciem
1601 2226 1746 2284 sunt,
1781 2218 1835 2273 id
1867 2227 1949 2273 est
1977 2218 2070 2291 qui

465 2302 521 2358 in
576 2303 716 2360 facie
763 2321 821 2360 se
853 2305 1027 2360 bonos
1059 2306 1312 2360 simulant
1346 2325 1359 2361 :
1390 2306 1721 2362 intrinsecus
1748 2316 1929 2363 autem
1958 2307 2071 2378 lupi

467 2400 607 2461 sunt,
667 2392 789 2448 illos
843 2394 1008 2449 modo
1062 2394 1261 2450 videte.
1314 2395 1370 2450 Si
1425 2395 1546 2466 quis
1591 2396 1817 2465 pseudo,
1850 2395 2072 2451 conlidit

468 2497 578 2537 non
599 2481 714 2536 Deo
745 2482 841 2537 seb
873 2482 975 2536 sibi
1001 2498 1013 2538 :
1040 2492 1403 2554 praesumptor
1430 2484 1575 2538 enim
1593 2492 1675 2538 est
1706 2500 1814 2539 non
1844 2485 2068 2550 electus;

469 2572 519 2625 si
546 2572 690 2642 quis,
724 2569 970 2642 inquam,
1028 2571 1263 2641 conﬁdit
1292 2572 1399 2627 sibi
1427 2589 1484 2628 se
1505 2589 1621 2628 esse
1654 2573 1884 2639 Christi,
1905 2574 1959 2627 id
1990 2582 2073 2629 est

467 2659 615 2730 quod
645 2658 762 2730 ipse
793 2659 862 2713 sit
891 2660 1171 2730 apostolus
1216 2661 1435 2727 Christi,
1472 2677 1581 2716 non
1615 2661 1713 2717 hoc
1744 2662 1941 2727 solum,
1974 2662 2072 2716 sed

472 2747 578 2803 hoc
609 2748 821 2803 iterum
844 2747 1095 2803 similiter
1126 2750 1372 2819 cogitet;
1402 2766 1503 2805 nec
1529 2750 1777 2816 inaniter,
1798 2751 1895 2805 sed
1923 2751 2073 2822 apud

465 2850 541 2902 se,
566 2834 830 2890 subtiliter
849 2835 1144 2891 discutiens
1169 2854 1182 2889 :
1209 2837 1339 2908 quia
1360 2839 1509 2893 sicut
1531 2842 1585 2893 et
1608 2840 1723 2909 ipse
1753 2839 1965 2894 Christi
1988 2841 2071 2893 est

467 2922 786 2994 discipulus,
844 2925 928 2979 ita
984 2928 1041 2980 et
1098 2941 1199 2981 nos
1228 2941 1433 2980 sumus.
1487 2926 1629 2981 Vere
1668 2925 1905 2982 190
1936 2926 2075 2981 sicut

468 3010 587 3081 ipse
616 3019 699 3066 est
726 3011 947 3078 Christi,
979 3012 1054 3067 ita
1086 3020 1140 3068 et
1168 3029 1288 3068 nos.
1334 3014 1473 3069 Nam
1502 3030 1603 3069 nos
1632 3031 1819 3068 sumus
1848 3014 1923 3069 ita
1951 3029 2073 3069 am-

473 3098 615 3169 plius
643 3115 729 3155 eo.
756 3098 915 3168 Quod
945 3101 1023 3156 sic
1043 3100 1118 3156 ait
1151 3119 1164 3156 :
1195 3102 1255 3157 Si
1272 3103 1489 3174 aliquid
1504 3103 1751 3167 amplius
1771 3106 1933 3173 fuero
1949 3105 2073 3174 glo—

470 3188 657 3243 riatus
687 3188 752 3243 de
776 3193 1058 3259 potestate
1088 3194 1305 3257 nostra,
1356 3208 1461 3262 qua
1490 3191 1828 3247 incorrectos
1856 3191 1926 3245 ab
1955 3191 2068 3248 Ec-

471 3275 641 3332 clesia
698 3292 952 3348 separare
1012 3294 1257 3349 possum,
1318 3287 1371 3334 et
1410 3280 1478 3333 de
1509 3280 1725 3335 caeteris
1754 3278 2069 3349 apostolica:

473 3366 759 3436 potestatis
793 3382 806 3421 :
839 3383 1007 3437 quam
1046 3374 1374 3438 potestatem
1405 3368 1557 3423 dedit
1594 3368 1737 3423 mihi
1776 3369 2065 3435 Dominus,

475 3454 573 3510 sed
628 3454 786 3511 vobis
829 3456 1038 3526 pseudo
1086 3472 1195 3511 non
1225 3456 1409 3512 dedit:
1444 3457 1627 3528 utique
1672 3456 1803 3511 mihi
1830 3456 1979 3511 dedit
2006 3457 2071 3510 in

477 3551 911 3621 aediﬁcationem
941 3557 1205 3619 vestram,
1238 3553 1292 3608 id
1321 3562 1405 3609 est
1430 3562 1488 3608 ut
1510 3569 1606 3609 vos
1633 3553 1689 3607 in
1710 3552 1815 3608 fide
1837 3561 1890 3608 et
1910 3552 2074 3609 virtu-

474 3640 617 3694 tibus
646 3639 997 3709 aedificarem,
1021 3650 1074 3697 et
1098 3659 1215 3697 non
1244 3642 1394 3697 dedit
1414 3643 1477 3697 in
1507 3642 1955 3699 destructionem
1976 3656 2072 3697 ve-

475 3736 661 3796 stram,
723 3729 861 3785 sicut
913 3730 1057 3786 male
1113 3730 1403 3801 opinantur
1446 3730 1688 3801 quidam,
1750 3730 1955 3786 scilicet
1984 3746 2072 3785 me

478 3817 873 3873 destructorem
921 3818 1230 3875 Ecclesiae:
1279 3819 1343 3887 si,
1379 3818 1616 3891 inquam,
1666 3819 1898 3889 amplius
1946 3819 2072 3890 glo-

473 3905 646 3961 riatus
675 3905 851 3972 fuero,
900 3924 1017 3964 non
1046 3907 1369 3965 erubescam
1400 3907 1559 3974 inde;
1591 3907 1715 3979 quia
1746 3906 1925 3981 gloria
1953 3922 2075 3962 mea

442 4058 447 4061 ,
478 4009 609 4049 vere
638 3995 814 4063 major
853 4002 953 4049 est.

546 4081 865 4154 Opponeret
892 4082 1092 4154 aliquis
1127 4099 1139 4137 :
1173 4083 1307 4138 Cum
1336 4084 1540 4139 debeas
1567 4082 1862 4151 aediﬁcare,
1887 4092 1941 4140 et
1963 4099 2075 4139 non

477 4170 779 4239 destruere,
831 4171 943 4227 noli
971 4171 1313 4243 impatienter
1341 4188 1442 4228 nos
1471 4186 1690 4245 cOgere.
1722 4190 1791 4228 ne
1823 4173 1959 4229 forte
1978 4188 2077 4244 po-

475 4258 581 4313 tius
628 4259 877 4315 destruas
923 4276 1089 4332 quam
1133 4258 1392 4316 aedifices.
1441 4260 1639 4315 Contra
1686 4262 1791 4317 hoc
1829 4260 2071 4316 Paulus:

477 4346 626 4402 Licet
655 4347 788 4402 mihi
820 4347 1107 4419 opponatis
1155 4347 1321 4419 quod,
1370 4363 1496 4404 cum
1524 4348 1753 4404 debeam
1780 4347 2071 4417 aediﬁcare,

473 4434 775 4503 destruam;
808 4444 989 4492 tamen
1018 4436 1207 4492 scitote
1235 4438 1367 4508 quia
1395 4437 1587 4509 quales
1608 4452 1804 4493 sumus
1832 4454 1934 4510 per
1953 4440 2075 4510 epi-

2165 1950 2400 2023 agendo,
2425 1951 2699 2021 perversis
2722 1967 2780 2006 se
2791 1958 3124 2022 comparant.
3148 1952 3272 2006 Non
3286 1950 3403 2005 ausi
3416 1966 3600 2006 sumus
3620 1948 3766 2005 inse—

2167 2055 2289 2095 rere
2305 2055 2405 2094 nos
2421 2058 2433 2105 ;
2448 2040 2541 2095 sed
2562 2041 2671 2112 ipsi
2683 2056 2869 2094 sumus
2885 2042 3184 2095 metientes
3213 2040 3580 2111 nosmetipsos
3592 2040 3653 2094 in
3666 2054 3767 2094 no-

2170 2128 2270 2193 bis,
2286 2136 2659 2183 utmensuram
2672 2144 2703 2183 a
2716 2128 2830 2183 Deo
2843 2128 2996 2183 vobis
3009 2128 3259 2183 traditam
3278 2144 3384 2183 non
3398 2127 3729 2183 excedamus
3749 2143 3764 2180 :

2170 2217 2315 2288 quod
2345 2217 2580 2272 alienum
2602 2225 2683 2272 est
2711 2216 3044 2287 usurpando,
3089 2224 3145 2272 ut
3171 2216 3248 2271 illi
3277 2216 3367 2289 qui
3397 2232 3456 2272 se
3485 2215 3757 2271 inserunt.

2172 2306 2370 2361 Sumus
2392 2305 2551 2359 etiam
2581 2305 2945 2376 nosmetipsos
2975 2310 3368 2377 comparantes
3406 2304 3562 2361 nobis
3584 2322 3602 2359 :
3631 2302 3768 2358 nihil

2171 2394 2395 2462 injuncti
2424 2393 2588 2449 officii
2644 2394 2949 2465 linquentes
2980 2394 3334 2464 inexpletum.
3371 2393 3764 2463 Comparantes

2172 2498 2272 2538 nos
2313 2482 2490 2549 nobis,
2538 2497 2648 2538 non
2697 2483 3055 2537 subsistentes
3092 2483 3235 2538 intra
3280 2482 3613 2553 propositam
3642 2496 3765 2535 me-

2172 2578 2302 2626 tam.
2322 2572 2389 2626 Et
2408 2571 2533 2626 licet
2553 2571 2837 2625 metiamur
2864 2579 2916 2626 et
2945 2586 3327 2642 comparemus
3355 2586 3457 2625 nos
3486 2569 3664 2638 nobis,
3688 2577 3768 2623 ta-

2172 2676 2297 2715 men
2318 2675 2419 2715 nos
2438 2676 2549 2716 non
2570 2661 2941 2731 gloriabimur
2968 2662 3033 2714 in
3073 2662 3440 2715 immensum.
3468 2658 3567 2713 Vel
3585 2663 3767 2728 potest

2173 2749 2455 2820 hucusque
2502 2748 2837 2804 constructio
2893 2748 3038 2815 duci,
3092 2765 3200 2804 non
3244 2747 3548 2819 supplendo
3577 2761 3768 2801 sumus

2173 2838 2268 2892 ita.
2326 2839 2441 2892 Nos
2497 2836 2783 2892 metientes
2830 2844 2883 2892 et
2929 2845 3311 2908 comparantes
3339 2852 3440 2892 nos
3469 2834 3628 2891 nobis
3657 2850 3767 2890 non

2175 2925 2548 2999 gloriabimur.
2581 2926 2694 2980 Nos
2724 2934 2901 2980 autem
2930 2926 3022 2996 qui
3048 2926 3232 2998 utique
3259 2926 3426 2998 digne
3455 2940 3764 2996 possemus,

2175 3031 2284 3071 non
2339 3013 2695 3085 gloriabimur
2748 3013 2802 3067 in
2861 3014 3207 3083 immensum,
3265 3014 3361 3070 sed
3413 3012 3774 3086 gloriabimur

2175 3102 2484 3159 secundum
2541 3118 2871 3157 mensuram
2917 3104 3141 3173 regulae,
3189 3118 3297 3174 qua
3325 3118 3412 3157 me
3441 3109 3495 3157 et
3524 3099 3774 3156 subditos

2170 3191 2363 3247 idonee
2393 3190 2664 3263 regulavi.
2702 3191 2850 3245 Tunc
2872 3189 3105 3246 fortasse
3133 3192 3341 3247 diceret
3357 3190 3553 3262 aliquis
3578 3208 3591 3243 :
3615 3190 3774 3244 Hanc

2170 3294 2481 3335 mensuram
2537 3278 2635 3332 tibi
2689 3279 2976 3350 usurpasti.
3055 3281 3259 3335 Contra
3315 3279 3462 3351 quod
3520 3276 3771 3332 Paulus:

2174 3369 2352 3436 Quam
2372 3382 2701 3422 mensuram
2728 3383 2957 3423 mensus
2978 3373 3062 3424 est
3090 3369 3246 3425 nobis
3274 3370 3433 3425 Deus.
3459 3368 3661 3421 Iterum
3678 3364 3772 3420 ille

2172 3456 2268 3512 sed
2298 3471 2407 3511 non
2428 3470 2598 3526 usque
2619 3455 2690 3510 ad
2710 3472 2830 3510 nos.
2855 3458 3177 3513 Mensuram
3192 3460 3387 3530 utique
3406 3456 3527 3511 dico
3543 3454 3777 3527 pertin-

2173 3546 2343 3616 gendi
2360 3560 2535 3617 usque
2551 3545 2622 3599 ad
2644 3560 2752 3598 vos.
2772 3546 2839 3599 Et
2859 3562 2986 3601 vere
3003 3546 3365 3619 pertingimus
3377 3563 3549 3619 usque
3561 3548 3629 3602 ad
3650 3558 3774 3604 Vos.

2174 3635 2292 3689 Non
2323 3634 2476 3688 enim
2496 3633 3032 3704 superextendimus
3053 3652 3153 3691 nos
3163 3637 3323 3708 quasi
3344 3636 3433 3707 qui
3452 3654 3567 3693 non
3588 3654 3781 3694 sumus

2173 3723 2562 3795 pertingentes
2590 3721 2661 3775 ad
2674 3738 2764 3777 vos
2786 3723 3085 3778 secundum
3104 3739 3415 3779 mensuram
3430 3725 3589 3781 nobis
3610 3727 3777 3783 aDeo

2172 3817 2568 3864 mensuratam.
2618 3810 2758 3864 Vere
2788 3826 2896 3865 non
2946 3812 3448 3882 superextendimus
3476 3829 3597 3869 nos.
3631 3815 3781 3870 Nam

2174 3915 2347 3970 usque
2377 3898 2449 3953 ad
2467 3914 2557 3953 vos
2570 3913 2644 3952 es:
2656 3913 2916 3954 mensura
2936 3900 3035 3954 Dei
3050 3903 3410 3971 pervenimus
3432 3903 3494 3957 in
3515 3904 3780 3975 Evange-

2177 3989 2249 4044 lio
2264 3987 2490 4050 Christi,
2515 3986 2882 4056 praedicando.
2908 3987 3221 4059 Opponeret
3241 3990 3435 4045 iterum
3456 4005 3468 4044 :
3488 3991 3786 4063 Ingressus

2176 4094 2234 4132 es
2254 4078 2310 4132 in
2328 4079 2565 4135 alienum
2584 4074 2849 4130 laborem.
2867 4076 3069 4132 Contra
3088 4078 3191 4133 hoc
3211 4078 3312 4132 ait:
3336 4078 3693 4134 Pervenimus
3713 4080 3789 4135 ad

2175 4183 2292 4238 vos,
2351 4184 2464 4225 non
2510 4171 2819 4241 gloriantes
2864 4169 2927 4222 in
2969 4167 3175 4223 alienis
3233 4167 3530 4233 laboribus,
3582 4167 3638 4223 id
3696 4176 3788 4224 est

2175 4272 2342 4327 super
2382 4257 2619 4312 alienum
2677 4256 3087 4311 fundamentum
3161 4271 3271 4313 non
3317 4254 3600 4322 aediﬁcavi,
3661 4273 3788 4313 non

2174 4344 2484 4414 gloriantes
2536 4346 2695 4411 dico;
2740 4352 2791 4399 et
2820 4358 2929 4399 non
2958 4344 3019 4398 in
3076 4345 3420 4400 immensum
3450 4344 3788 4414 duplicanda

2179 4440 2261 4487 est
2316 4432 2409 4487 illa
2462 4434 2683 4506 negatio
2717 4452 2732 4499 ;
2781 4448 2911 4490 vere
2955 4433 3318 4504 pervenimus
3346 4449 3519 4505 usque
3548 4433 3620 4488 ad
3648 4449 3774 4489 vos.

473 4525 650 4580 stolas
677 4524 958 4590 absentes,
995 4525 1137 4580 tales
1169 4525 1381 4580 erimus
1414 4529 1725 4597 praesentes
1741 4526 1805 4581 in
1824 4528 2079 4597 faeto;et
2107 4513 2159 4571 D
2181 4521 2320 4575 Nam
2380 4522 2546 4577 etiam
2600 4521 2739 4576 ultra
2784 4537 2903 4585 vos,
2937 4520 3083 4593 quod
3112 4521 3194 4576 sic
3224 4520 3299 4575 ait
3329 4538 3343 4574 :
3386 4519 3616 4577 191
3656 4521 3797 4577 Non

478 4611 581 4667 hoc
608 4612 734 4669 ideo
764 4617 830 4669 ut
851 4630 965 4671 non
1003 4613 1301 4669 existimer
1322 4616 1593 4685 tanquam
1629 4617 1841 4670 terrere
1871 4630 1963 4669 vos
1982 4614 2084 4689 ab-I

478 4715 605 4756 sens
620 4717 725 4773 per
744 4702 1029 4774 epistolas.
1060 4702 1343 4773 Tanquam
1370 4705 1583 4757 terrere
1604 4701 1743 4757 bene
1763 4702 1891 4758 dicit
1913 4720 1925 4758 :
1952 4702 2080 4774 quia

479 4784 526 4838 si
547 4784 845 4841 minaretur
862 4784 1063 4840 absens
1076 4785 1222 4856 quod
1238 4785 1465 4856 implere
1478 4784 1794 4841 formidaret
1806 4803 2072 4858 praesens,

477 4873 582 4929 hoc
609 4873 793 4945 utique
824 4888 934 4928 non
965 4882 1112 4928 esset
1142 4878 1376 4941 terrere,
1401 4874 1499 4929 sed
1523 4878 1797 4947 tanquam
1828 4879 2067 4932 terrere.

477 4961 775 5016 Existimer
802 4961 926 5017 ideo
954 4962 1095 5028 dico,
1130 4963 1395 5035 quoniam
1412 4963 1635 5035 quidem
1656 4964 1759 5034 ipsi
1778 4965 2075 5037 inquiunt.

477 5049 746 5120 Epistolas
767 5049 919 5104 Pauli
936 5067 1130 5122 graves
1148 5055 1303 5119 sunt,
1325 5052 1380 5106 id
1398 5060 1479 5106 est
1498 5052 1816 5122 ponderosa:
1833 5060 1885 5107 et
1900 5053 2079 5107 multae

476 5136 808 5205 severitatis;
832 5142 889 5193 et
918 5139 1184 5209 fortes,id
1213 5147 1296 5195 est
1325 5138 1696 5196 fortitudinem
1725 5153 1776 5196 et
1805 5141 2079 5213 quoddam

475 5223 765 5295 imperium
818 5226 1150 5295 minitantes,
1202 5229 1298 5284 sed
1332 5231 1641 5301 prementia
1684 5231 1934 5302 corporis
1963 5230 2079 5299 ejus

476 5313 713 5382 inﬁrma
753 5322 855 5370 est.
891 5315 1093 5372 Contra
1119 5317 1224 5373 hoc
1281 5316 1431 5388 quod
1456 5318 1551 5384 ait,
1582 5322 1779 5389 fortes,
1813 5322 1870 5373 et
1897 5334 2077 5375 sermo

478 5402 773 5471 praesentia
829 5404 947 5472 ejus
994 5404 1091 5459 fuit
1143 5407 1610 5477 contemptibilis,
1658 5406 1714 5461 id
1744 5414 1827 5461 est
1857 5406 2079 5462 humilis

472 5488 605 5543 satis
636 5498 689 5544 et
722 5491 903 5547 rudis:
940 5509 1083 5550 nunc
1111 5501 1295 5550 autem
1323 5494 1541 5566 gravis:
1575 5502 1653 5563 ut,
1687 5494 1930 5566 inquam,
1968 5511 2079 5551 non

477 5576 752 5636 existimer
763 5584 1037 5654 tanquam
1059 5587 1269 5641 terrere
1292 5599 1383 5641 vos
1399 5603 1416 5640 :
1440 5583 1540 5641 hoc
1558 5584 1766 5655 cogitet
1780 5585 1875 5655 qui
1891 5585 2082 5657 hujus.

2178 4609 2234 4664 in
2279 4609 2602 4666 immensum
2650 4610 2968 4682 gloriantes,
3016 4609 3109 4665 sed
3158 4609 3426 4666 habentes
3454 4625 3608 4682 spem
3628 4625 3796 4666 cres-

2178 4701 2360 4755 centis
2378 4700 2511 4768 ﬁdei
2563 4703 2781 4765 vestrae,
2828 4698 2883 4753 id
2927 4705 3027 4765 est,
3079 4714 3176 4769 per
3232 4706 3571 4754 crescentem
3614 4696 3794 4754 ﬁdem

2180 4795 2413 4842 vestram
2440 4788 2802 4859 magniﬁcari
2822 4788 2883 4842 in
2919 4787 3065 4843 vobis
3095 4806 3113 4842 :
3134 4786 3253 4842 viso
3283 4786 3428 4842 enim
3449 4785 3625 4842 fructu
3653 4785 3798 4842 ﬁdei

2179 4884 2373 4932 vestrae
2403 4876 2613 4932 dicetur
2647 4893 2658 4931 :
2690 4878 2919 4948 Magnus
2948 4883 3030 4931 est
3057 4875 3250 4931 doctor
3280 4882 3333 4930 et
3360 4874 3636 4930 institutor
3655 4873 3801 4931 ﬁdei

2177 4964 2357 5034 hujus.
2391 4966 2741 5036 Magniﬁeari
2765 4965 2888 5020 dico
2916 4965 2979 5019 in
3021 4965 3167 5021 vobis
3195 4964 3505 5020 secundum
3525 4965 3800 5036 regulam

2178 5059 2453 5122 nostram,
2514 5054 2571 5109 id
2618 5061 2717 5123 est,
2780 5052 3077 5109 secundum
3136 5053 3240 5108 hoc
3297 5052 3444 5124 quod
3513 5068 3578 5107 ex
3635 5054 3807 5109 omni

2178 5143 2431 5214 aequitate
2479 5141 2849 5213 regulavimus
2896 5141 3061 5197 vitam
3109 5148 3368 5210 vestram,
3401 5139 3804 5211 magniﬁcabi-

2179 5248 2301 5287 mur
2328 5231 2385 5286 in
2438 5232 2613 5287 vobis.
2671 5231 2837 5302 Spem
2866 5233 3044 5286 etiam
3082 5230 3349 5285 habentes
3405 5228 3805 5301 evangelizare

2178 5321 2244 5376 in
2261 5321 2367 5376 illa
2388 5319 2507 5376 loca
2524 5337 2645 5393 qua:
2665 5320 2823 5375 ultra
2843 5336 2958 5375 non
2975 5322 3133 5386 sunt;
3148 5326 3201 5373 et
3218 5319 3322 5374 hoc
3336 5319 3398 5372 in
3412 5317 3811 5376 abundantia.

2181 5410 2240 5463 In
2268 5408 2449 5463 multis
2479 5407 2624 5464 enim
2654 5408 2789 5464 locis
2820 5407 3229 5480 evangelizabo.
3265 5406 3364 5462 Vel
3398 5407 3811 5476 evangelimre

2180 5497 2235 5551 in
2265 5496 2597 5551 abundantia
2626 5496 2909 5570 signorum
2939 5504 2993 5551 et
3021 5494 3325 5551 sermonis:
3362 5501 3416 5549 et
3443 5510 3560 5550 non
3576 5494 3816 5553 haben-

2181 5594 2262 5640 tes
2287 5601 2442 5656 spem
2471 5584 2692 5657 gloriari
2732 5586 2797 5641 in
2828 5586 3022 5642 aliena
3055 5585 3273 5654 regula,
3305 5582 3362 5638 id
3397 5590 3499 5652 est,
3522 5581 3580 5639 in
3616 5583 3815 5643 alieno
