3948 6420
141 397 248 450 265

753 401 1134 460 EXPOSITIO
1172 403 1247 460 IN
1283 405 1661 462 EPISTOLAS
1699 407 1930 465 PAULI.
1977 441 2046 452 —
2088 414 2163 469 IN
2197 415 2414 471 EPIST.
2456 416 2502 470 ll
2541 416 2636 472 AD
2676 414 2836 474 COR.

3352 420 3459 474 266

149 519 456 614 regimine:
489 523 713 591 scilicet,
738 526 801 581 in
821 527 910 583 his
929 527 1066 584 locis
1088 547 1210 602 qua
1226 536 1578 604 praeparata,
1604 531 1658 586 id
1681 535 1836 594 estA
1873 557 1895 586 ι
1927 536 2195 608 plurimis,
2252 540 2308 594 in
2355 541 2669 597 carceribus
2717 541 3097 609 abundantius,
3167 540 3222 596 in
3277 540 3458 614 plagis

149 610 528 682 evangelizata
554 618 692 669 sunt
713 615 784 669 ab
805 616 924 670 aliis
947 618 1231 688 apostolis.
1258 621 1378 692 Ego
1399 621 1528 675 nolo
1549 622 1751 691 gloria-

148 698 201 751 ri
233 699 292 752 in
315 700 512 755 aliena
534 704 748 774 regula.
788 703 1047 761 Similiter
1074 716 1254 762 autem
1286 709 1603 781 quicunque
1631 710 1754 780 glo-

146 788 360 853 riatur,
396 788 576 844 videat
604 799 661 846 ut
686 794 963 864 glorietur
991 797 1056 850 in
1094 797 1354 864 Domino,
1401 806 1754 853 mensurante

150 875 253 930 sibi
289 891 303 931 :
335 893 440 934 nec
471 887 677 935 temere
711 881 813 935 sibi
840 891 1087 954 usurpet,
1124 886 1270 956 quod
1291 887 1439 941 Deus
1469 886 1561 941 alii
1591 903 1753 942 men-

149 971 370 1022 suravit.
405 966 638 1023 Omnem
659 970 846 1042 utique
869 971 1196 1044 gloriantem
1216 982 1429 1046 oportet
1449 975 1675 1047 gloriari
1697 975 1754 1030 in

143 1069 410 1110 mensura
439 1057 674 1114 Domini.
705 1059 826 1116 Non
866 1063 1023 1116 enim
1064 1062 1156 1117 ille
1197 1063 1292 1135 qui
1327 1065 1575 1135 :eipsum
1610 1079 1755 1120 com-

145 1143 404 1210 mendat,
447 1144 502 1199 id
534 1154 636 1213 est,
673 1147 767 1219 qui
796 1165 856 1204 se
885 1150 1003 1205 sine
1031 1151 1147 1206 Deo
1172 1151 1402 1206 alterius
1430 1152 1632 1223 ingerit
1663 1169 1752 1209 re-

144 1231 364 1304 gimini,
397 1241 454 1286 ut
486 1235 713 1304 pseudo,
749 1237 854 1294 ille
883 1239 1072 1310 utique
1121 1254 1234 1295 non
1285 1248 1367 1295 est
1411 1243 1753 1312 approbata:

138 1336 168 1374 a
189 1321 330 1391 Deo,
362 1322 459 1378 sed
489 1324 590 1379 ille
615 1341 778 1396 quem
826 1329 1206 1396 commendat,
1242 1336 1296 1385 et
1324 1329 1413 1386 cui
1469 1331 1750 1402 propriam

143 1426 460 1466 mensuram
491 1411 782 1470 distribuit.

773 1521 999 1578 CAPUT
1037 1523 1135 1578 XI.

216 1628 238 1657 ι
279 1607 496 1664 Utinam
546 1609 887 1665 sustineretis
930 1611 1209 1668 modicum
1257 1612 1388 1684 quid
1415 1612 1744 1684 insipientia

147 1717 167 1746 ι
202 1712 364 1762 mea,
418 1698 518 1753 sed
557 1705 610 1754 et
658 1707 978 1770 supportate
1027 1717 1140 1756 me.
1197 1701 1444 1757 Emulor
1474 1703 1618 1758 enim
1649 1719 1748 1759 vos

146 1807 167 1830 α
204 1785 304 1840 Dei
338 1786 704 1843 aemulatione.
749 1789 1030 1860 Despondi
1061 1789 1205 1845 enim
1236 1807 1335 1846 vos
1367 1791 1461 1846 uni
1489 1791 1608 1846 viro
1639 1792 1749 1848 vir-

1858 653 1886 684 α
1923 643 2084 700 supra
2113 630 2353 696 modum,
2386 630 2443 684 in
2489 630 2756 685 mortibus
2803 629 3142 702 frequenter.
3177 632 3222 684 A
3252 630 3456 685 Judais

1856 742 1879 769 ι
1917 719 2206 793 quinquies
2255 719 2638 792 quadragenas
2687 735 2793 773 una
2855 719 3037 773 minus
3094 719 3303 790 accepi.
3351 719 3460 774 Ter

1859 829 1882 860 ι
1916 809 2086 880 virgis
2116 825 2291 863 casus
2321 823 2459 862 sum.
2497 807 2676 863 Semel
2720 807 2984 879 lapidatus
3014 823 3155 863 sum.
3190 808 3296 862 Ter
3324 822 3458 862 nau-

1857 920 1878 949 ιι
1917 898 2148 970 fragium
2181 896 2304 952 feci.
2338 896 2510 952 Nocte
2541 904 2594 952 et
2637 896 2726 950 die
2756 895 2810 949 in
2858 895 3129 967 profundo
3157 895 3327 950 maris
3359 894 3456 961 fui,

1855 1010 1877 1038 «
1912 989 1968 1042 in
1998 985 2280 1040 itineribus
2311 1000 2478 1055 sape,
2530 983 2792 1054 periculis
2841 983 3140 1052 fluminum,
3195 983 3458 1055 periculis

1861 1097 1884 1128 ι
1923 1075 2219 1140 latronum,
2255 1073 2512 1144 periculis
2564 1089 2629 1128 ex
2661 1088 2887 1145 genere,
2934 1073 3192 1144 periculis
3219 1089 3284 1128 ex
3312 1089 3456 1145 gen-

1857 1188 1878 1214 ι
1908 1164 2074 1229 tibus,
2106 1162 2366 1233 periculis
2396 1161 2450 1216 in
2481 1161 2720 1229 civitate,
2770 1161 3026 1232 periculis
3054 1161 3109 1214 in
3139 1161 3453 1228 solitudine,

1855 1276 1877 1301 ιι
1912 1251 2173 1324 periculis
2201 1251 2256 1304 in
2287 1249 2445 1316 mari,
2471 1249 2729 1321 periculis
2759 1249 2818 1306 1
2836 1249 2995 1306 92
3018 1249 3071 1303 in
3095 1249 3251 1304 falsis
3275 1248 3457 1304 fratri-

1854 1365 1876 1389 α
1913 1342 2014 1396 bus
2048 1358 2062 1395 :
2094 1340 2150 1394 in
2203 1339 2393 1394 labore
2440 1347 2492 1394 et
2532 1355 2790 1407 arumna,
2852 1339 2906 1393 in
2933 1338 3135 1410 vigiliis
3162 1336 3368 1405 multis,
3402 1337 3458 1391 in

1855 1453 1877 1482 κ
1913 1429 2056 1486 fame
2095 1437 2147 1484 et
2178 1428 2281 1494 siti,
2315 1429 2371 1482 in
2395 1427 2616 1497 jejuniis
2645 1427 2848 1496 multis,
2901 1427 2957 1482 in
3005 1428 3214 1498 frigore
3245 1435 3299 1482 et
3347 1443 3454 1482 nu-

1854 1544 1875 1566 α
1913 1519 2080 1574 ditate
2115 1536 2127 1572 :
2161 1525 2363 1589 prater
2394 1517 2488 1571 illa
2527 1533 2648 1588 qua
2695 1516 3036 1572 extrinsecus
3059 1523 3204 1582 sunt,
3236 1516 3453 1572 instan-

1853 1630 1877 1660 ι
1912 1608 1984 1662 tia
2013 1623 2134 1662 mea
2165 1605 2497 1678 quotidiana,
2552 1605 2862 1661 sollicitudo
2899 1605 3140 1660 omnium
3187 1604 3454 1661 ecclesia-

1853 1721 1875 1745 α
1911 1713 2053 1751 rum.
2089 1694 2222 1764 Quis
2256 1693 2576 1759 infirmatur,
2617 1702 2670 1749 et
2720 1710 2826 1767 ego
2852 1709 2963 1750 non
2992 1694 3284 1750 intirmor?
3317 1692 3454 1762 Quis

1857 1809 1878 1834 u
1918 1784 2339 1850 scandalizatur,
2374 1792 2427 1838 et
2457 1799 2563 1856 ego
2592 1798 2703 1838 non
2730 1798 2863 1838 uror
2884 1783 2912 1838 ?
2943 1783 2999 1838 Si
3029 1781 3253 1855 gloriari
3282 1797 3454 1853 opor-

149 1891 168 1921 ι
199 1873 385 1944 ginem
417 1884 624 1932 casiam
662 1876 921 1933 exhibere
955 1878 1188 1934 Christo,
1223 1879 1414 1935 Timeo
1442 1888 1620 1935 autem
1651 1898 1738 1948 ne,
1763 1896 1816 1958 Β
1855 1897 1877 1926 «
1909 1882 2004 1940 tet,
2038 1890 2158 1946 qua
2188 1871 2514 1927 infirmitatis
2563 1888 2701 1927 mea
2731 1879 2874 1941 sunt,
2907 1871 3208 1942 gloriabor.
3234 1872 3382 1926 Deus
3401 1878 3456 1927 et

144 1980 172 2009 α
196 1962 335 2018 sicut
355 1980 584 2035 serpens
604 1966 772 2020 Evam
787 1966 1005 2021 seduxit
1028 1967 1226 2022 astutia
1251 1970 1526 2039 sua(Gen.
1549 1985 1630 2024 ιιι.
1665 1972 1740 2040 4),

143 2071 164 2099 ι
199 2050 269 2106 ita
327 2062 753 2124 corrumpantur
809 2071 1004 2110 sensus
1065 2056 1251 2126 vestri,
1316 2065 1369 2112 et
1416 2058 1668 2114 excidant
1715 2075 1745 2113 a

145 2161 165 2189 ε
199 2139 545 2212 simplicitate
595 2159 716 2215 qua
764 2151 846 2198 est
897 2143 952 2198 in
994 2145 1209 2200 Christo
1247 2145 1397 2200 Jesu.
1449 2148 1590 2201 Nam
1622 2147 1668 2201 si
1697 2147 1744 2202 is

154 2246 173 2278 σ
200 2229 292 2301 qui
323 2231 494 2297 venit,
558 2231 721 2286 alium
777 2232 1051 2288 Christum
1099 2233 1382 2304 pradicat,
1425 2251 1588 2306 quem
1633 2251 1744 2291 non

146 2338 166 2366 ι
198 2319 638 2389 pradicavimus,
679 2328 770 2376 aut
801 2321 968 2376 alium
1001 2323 1253 2393 spiritum
1281 2323 1546 2393 accipitis,
1579 2341 1742 2396 quem

145 2426 166 2456 ι
202 2423 309 2462 non
339 2409 654 2480 accepistis,
703 2418 796 2464 aut
845 2409 994 2466 aliud
1025 2412 1404 2484 Evangelium,
1456 2413 1604 2484 quod
1633 2429 1744 2469 non

144 2517 165 2541 α
199 2497 507 2569 recepistis,
541 2505 697 2554 recte
745 2499 1088 2569 pateremini.
1123 2501 1389 2556 Existimo
1431 2502 1577 2557 enim
1606 2501 1740 2557 nihil

149 2608 169 2632 «ι
203 2602 288 2642 me
335 2585 523 2640 minus
565 2586 765 2642 fecisse
797 2602 830 2641 a
859 2588 1075 2661 magnis
1121 2589 1401 2660 apostolis.
1451 2591 1592 2645 Nam
1640 2591 1742 2646 etsi

146 2698 167 2720 ι
199 2673 485 2746 imperitus
519 2691 794 2742 sermone,
828 2677 926 2732 sed
974 2693 1083 2733 non
1124 2677 1368 2745 scientia,
1403 2677 1458 2732 in
1487 2679 1742 2734 omnibus

148 2785 166 2808 α
202 2771 380 2820 autem
431 2763 754 2820 manifestus
800 2781 921 2820 sum
970 2766 1147 2822 vobis.
1197 2769 1304 2822 Aut
1331 2767 1578 2840 nunquid
1607 2785 1740 2840 pec-

149 2871 170 2901 ι
204 2861 382 2908 catum
415 2853 544 2920 feci,
598 2853 865 2926 meipsum
903 2855 1216 2922 humilians,
1249 2864 1304 2910 ut
1337 2873 1437 2912 vos
1466 2857 1741 2912 exaltemi-

148 2961 168 2990 ι
201 2941 254 2995 ni
275 2941 302 2995 Ἰ
332 2942 608 3010 Quoniam
642 2943 815 3014 gratis
845 2944 1208 3014 Evangelium
1238 2945 1336 3001 Dei
1367 2946 1740 3017 evangelizavi

142 3047 168 3079 α
195 3029 365 3086 vobis.
408 3031 565 3086 Alias
613 3031 890 3087 Ecclesias
941 3033 1262 3104 exspoliavi,
1327 3033 1607 3106 accipiens
1640 3035 1740 3090 sti-

144 3137 164 3168 ι
195 3119 452 3189 pendium
483 3119 554 3175 ad
601 3120 959 3176 ministerium
1004 3130 1268 3189 vestrum,
1321 3131 1374 3178 et
1405 3139 1530 3179 cum
1561 3139 1739 3180 essem

151 3223 168 3256 ι
195 3209 331 3278 apud
359 3224 462 3264 vos
493 3216 548 3263 et
577 3225 820 3281 egerem,
853 3209 985 3264 nulli
1015 3225 1284 3266 onerosus
1313 3211 1407 3267 fui.
1434 3212 1573 3266 Nam
1595 3213 1739 3284 quod

1773 3261 1820 3322 Ο

1849 1986 1872 2013 ιι
1909 1965 2066 2018 Pater
2094 1961 2310 2017 Domini
2342 1961 2512 2016 nostri
2557 1962 2688 2015 Jesu
2737 1959 2939 2014 Christi
2988 1959 3107 2028 scit,
3147 1968 3198 2014 et
3239 1959 3331 2032 qui
3369 1967 3456 2015 est

1847 2074 1871 2106 ι
1905 2051 2227 2107 benedictus
2259 2051 2314 2105 in
2347 2049 2574 2116 saecula,
2612 2048 2764 2120 quod
2795 2064 2903 2104 non
2924 2049 3177 2104 mentior.
3201 2047 3458 2104 Damasci

1848 2163 1869 2192 ι
1904 2140 2232 2213 prapositus
2263 2139 2443 2212 gentis
2500 2141 2683 2194 Areta
2736 2137 2887 2209 regis
2937 2137 3280 2193 custodiebat
3315 2137 3456 2192 civi-

1849 2249 1868 2282 ι
1907 2238 2074 2285 tatem
2152 2230 2642 2292 Damascenorum,
2710 2235 2769 2281 ut
2823 2243 2913 2281 me
2965 2225 3458 2297 comprehenderet

1849 2340 1872 2370 ι
1906 2319 2056 2389 (Act.
2098 2333 2179 2385 Ix,
2216 2318 2329 2387 24),
2363 2325 2414 2372 et
2445 2332 2545 2388 per
2573 2315 2872 2372 fenestram
2927 2314 2981 2368 in
3033 2322 3222 2386 sporta
3263 2313 3455 2369 dimis-

1849 2428 1872 2459 ι
1907 2423 2000 2464 sus
2029 2423 2150 2463 sum
2182 2422 2284 2479 per
2331 2421 2572 2472 murum,
2611 2411 2664 2460 et
2694 2404 2772 2460 sic
2818 2401 2986 2475 effugi
3015 2419 3208 2458 manus
3238 2402 3380 2472 ejus.
3425 2426 3448 2452 ι)

2526 2579 2843 2621 EXPOSITIO.

1919 2682 2055 2739 Dico
2086 2681 2179 2754 qui
2209 2680 2498 2753 gloriatur,
2533 2679 2801 2753 glorietur
2823 2679 2878 2734 in
2909 2678 3161 2746 Domino,
3195 2685 3249 2735 et
3269 2680 3450 2736 susti-

1841 2773 2059 2828 neretis
2089 2771 2374 2827 modicum
2403 2770 2546 2842 quod
2574 2769 2926 2842 insipientia:
2963 2785 3122 2837 mea,
3156 2767 3211 2823 id
3237 2777 3319 2824 est
3346 2785 3451 2841 pa-

1843 2860 2046 2916 tienter
2075 2859 2290 2915 ferretis
2323 2858 2716 2930 aliquantulum
2744 2874 2883 2913 mea
2931 2857 3292 2929 gloriationis,
3326 2873 3451 2928 qua

1842 2948 2145 3005 secundum
2175 2947 2448 3018 reprobos
2480 2946 2787 3017 insipientia
2834 2946 3046 3014 dicitur,
3080 2946 3225 3018 quod
3257 2945 3448 3018 utique

1841 3054 2028 3094 verum
2059 3037 2441 3102 concederem,
2475 3037 2518 3090 si
2550 3051 2650 3107 per
2681 3036 2783 3091 hoc
2813 3034 3048 3106 gloriam
3077 3050 3256 3090 meam
3288 3051 3445 3107 qua-

1842 3143 2043 3191 rerem,
2088 3127 2185 3182 sed
2233 3142 2334 3197 per
2382 3123 2911 3182 commendationem
2959 3124 3068 3179 mei
3115 3125 3220 3180 hoc
3269 3123 3447 3180 solum

1845 3215 2090 3281 intendo,
2133 3222 2190 3269 ut
2230 3231 2326 3270 vos
2376 3214 2444 3268 ab
2495 3229 2678 3269 errore
2721 3213 3218 3284 pseudodoctorum
3266 3220 3446 3268 retra-

147 3312 164 3344 σ
197 3297 324 3351 mihi
353 3297 568 3367 deerat,
601 3298 986 3369 suppleverunt
1035 3299 1236 3355 fratres
1281 3301 1373 3372 qui
1417 3309 1680 3356 venerunt
1711 3317 1744 3356 a
1773 3297 1820 3322 ν
1844 3305 1991 3359 ham.
2025 3304 2210 3372 Quare
2241 3303 2440 3358 dicitur
2467 3303 2690 3374 quidem
2737 3301 3066 3372 insipientia,
3101 3301 3198 3356 sed
3226 3317 3336 3357 non
3365 3308 3450 3356 est

148 3406 168 3428 ο
200 3387 536 3453 Macedonia,
595 3395 649 3442 et
696 3387 751 3442 in
801 3387 1055 3444 omnibus
1106 3389 1222 3444 sine
1268 3405 1436 3444 onere
1466 3407 1554 3445 me
1583 3391 1741 3446 vobis

145 3495 165 3519 α
200 3476 427 3542 servavi,
485 3484 539 3530 et
591 3477 848 3532 servabo.
898 3478 996 3532 Est
1044 3477 1250 3532 veritas
1301 3479 1498 3533 Christi
1546 3479 1598 3533 in
1631 3496 1738 3546 me,

150 3584 168 3611 ι
201 3564 449 3635 quoniam
503 3565 624 3621 hac
679 3565 858 3636 gloria
907 3582 1012 3621 non
1065 3566 1393 3640 infringetur
1440 3568 1495 3622 in
1541 3584 1648 3636 me,
1684 3569 1741 3623 in

149 3672 168 3701 ι
202 3654 518 3725 regionibus
549 3655 784 3710 Achaia.
827 3654 1012 3724 Quare
1034 3656 1062 3710 ?
1093 3655 1232 3724 Quia
1254 3673 1364 3711 non
1392 3657 1562 3728 diligo
1592 3673 1692 3713 vos
1712 3659 1740 3714 ?

147 3762 167 3792 ι
199 3741 338 3796 Deus
378 3743 503 3798 scit.
539 3741 700 3812 Quod
731 3751 915 3799 autem
945 3743 1086 3800 facio
1117 3752 1168 3801 et
1207 3743 1422 3812 faciam,
1458 3754 1513 3800 ut
1543 3761 1738 3816 ampu-

150 3853 168 3875 κ
199 3838 299 3886 tem
354 3831 705 3888 occasionem
753 3848 939 3887 eorum
998 3833 1089 3904 qui
1133 3834 1321 3888 volunt
1368 3835 1736 3904 occasionem,

152 3942 170 3966 -
199 3928 252 3974 ut
277 3920 330 3975 in
358 3937 467 3993 quo
497 3920 818 3994 gloriantur,
844 3922 1190 3977 inveniantur
1212 3923 1350 3978 sicut
1371 3931 1424 3979 et
1453 3939 1573 3979 nos.
1596 3925 1735 3979 Nam

150 4030 169 4054 ιι
200 4009 458 4078 ejusmodi
518 4011 967 4081 pseudoapostoli
1025 4019 1148 4066 sunt
1204 4011 1441 4084 Operarii
1497 4011 1734 4081 subdoli,

151 4119 168 4142 ι
200 4099 645 4170 transfigurantes
691 4115 750 4154 se
796 4099 851 4152 in
904 4099 1182 4170 apostolos
1229 4100 1446 4156 Christi.
1505 4102 1574 4155 Et
1627 4117 1737 4156 non

151 4205 170 4233 ι
202 4186 408 4242 mirum.
444 4190 572 4259 Ipse
602 4187 750 4243 enim
799 4187 1034 4243 Satanas
1083 4189 1436 4263 transfigurat
1466 4206 1524 4245 se
1553 4189 1610 4244 in
1639 4205 1736 4245 an-

153 4296 171 4319 -
202 4276 374 4346 gelum
423 4277 587 4334 lucis.
641 4277 764 4332 Non
808 4286 890 4332 est
944 4294 1076 4350 ergo
1123 4295 1387 4352 magnum
1426 4279 1472 4334 si
1501 4279 1736 4334 ministri

154 4385 172 4408 α
201 4364 308 4432 ejus
345 4365 812 4438 transfigurentur
844 4366 993 4423 velut
1020 4367 1253 4422 ministri
1293 4368 1518 4438 justitia
1552 4387 1566 4436 ;
1600 4383 1734 4441 quo-

154 4471 174 4500 ‹
204 4469 315 4508 rum
346 4453 469 4510 ﬁnis
515 4455 618 4510 erit
670 4457 972 4512 secundum
1019 4472 1186 4527 opera
1236 4457 1504 4528 ipsorum.
1536 4458 1732 4512 Iterum

159 4561 176 4582 ε
209 4540 322 4598 dico
354 4561 366 4600 :
400 4560 470 4600 ne
503 4543 628 4616 quis
677 4552 829 4616 putet
875 4561 944 4600 ne
993 4544 1338 4616 insipientem
1381 4561 1524 4601 esse.
1577 4546 1731 4601 Alio-

156 4649 172 4671 ι
204 4631 319 4702 quin
349 4632 495 4689 velut
524 4632 875 4704 insipientem
905 4633 1135 4704 accipite
1165 4650 1273 4701 me,
1306 4643 1364 4690 ut
1393 4643 1444 4690 et
1475 4650 1580 4707 ego
1610 4650 1732 4690 mo-
1755 4617 1806 4677 D

157 4740 175 4762 ι
205 4718 371 4774 dicum
402 4721 534 4793 quid
562 4721 787 4795 glorier.
826 4721 984 4790 Quod
1024 4721 1239 4794 loquor,
1272 4738 1383 4778 non
1413 4722 1608 4794 loquor
1639 4739 1732 4778 se-

157 4824 176 4854 ι
205 4809 423 4864 cundum
453 4811 649 4878 Deum,
697 4811 794 4866 sed
851 4811 1006 4883 quasi
1063 4811 1118 4866 in
1148 4811 1478 4882 insipientia,
1531 4812 1587 4867 in
1629 4813 1734 4868 hac

160 4915 178 4939 ι
209 4896 494 4953 substantia
543 4898 760 4970 gloria.
807 4899 1077 4969 Quoniam
1127 4900 1278 4954 multi
1309 4900 1610 4972 gloriantur
1640 4917 1733 4956 se-

160 5002 172 5026 ι
209 4985 420 5041 cundum
453 5003 698 5055 carnem,
732 4995 785 5043 et
815 5003 920 5062 ego
963 4987 1264 5062 gloriabor.
1309 4987 1562 5045 Libenter
1589 4989 1735 5045 enim

163 5089 182 5118 ι
211 5072 428 5131 suﬂ'ertis
457 5075 798 5147 insipientes,
833 5093 956 5132 cum
993 5076 1112 5132 sitis
1141 5076 1244 5148 ipsi
1274 5077 1570 5148 sapientes.
1603 5077 1736 5134 Sus-

164 5181 182 5204 ι
209 5159 372 5218 tinctis
429 5164 577 5220 enim
609 5164 656 5220 si
689 5165 811 5237 quis
863 5180 962 5222 vos
1005 5165 1059 5221 in
1091 5165 1408 5222 servitutem
1440 5166 1654 5238 redigit,
1689 5167 1734 5222 si

165 5268 181 5290 ι
212 5250 316 5320 quis
343 5251 584 5320 devorat,
619 5253 666 5308 si
698 5254 821 5326 quis
851 5253 1068 5326 accipit,
1119 5255 1164 5309 si
1192 5255 1312 5326 quis
1343 5255 1638 5326 extollitur,
1689 5255 1735 5311 si

166 5353 184 5382 ε
214 5338 318 5407 quis
347 5339 399 5394 in
429 5341 625 5398 faciem
653 5357 754 5398 vos
783 5343 964 5399 cadit.
997 5343 1310 5400 Secundum
1339 5343 1736 5416 ignobilitatem

167 5444 184 5466 α
216 5423 340 5497 dico,
369 5431 524 5501 quasi
550 5447 654 5486 nos
704 5430 904 5487 inﬁrmi
953 5431 1216 5487 fuerimus
1245 5433 1300 5487 in
1331 5433 1434 5489 hac
1464 5441 1636 5504 parte.
1669 5434 1730 5488 In

169 5529 187 5558 ι
216 5529 308 5584 quo
336 5519 448 5588 quis
477 5520 641 5575 audet
673 5520 750 5590 (in
779 5520 1090 5592 insipientia
1117 5521 1284 5591 dico),
1312 5521 1487 5578 audeo
1518 5531 1570 5577 et
1600 5538 1725 5594 ego.

170 5618 188 5649 ι
217 5600 408 5662 Hebraei
437 5617 578 5674 sunt,
613 5616 666 5664 et
687 5624 812 5681 ego.
837 5609 1097 5666 Israelita
1119 5618 1262 5678 sunt,
1297 5618 1352 5666 et
1381 5626 1506 5683 ego.
1529 5609 1728 5666 Semen

172 5707 190 5731 ε
218 5689 427 5752 Abrahae
455 5705 600 5764 sunt,
635 5706 688 5755 et
717 5714 841 5772 ego.
871 5698 1099 5755 Ministri
1127 5697 1330 5755 Christi
1351 5706 1496 5767 sunt,
1527 5706 1580 5755 et
1598 5715 1724 5773 ego.

174 5794 192 5824 ί
223 5776 283 5834 Ut
324 5783 490 5842 minus
534 5786 754 5859 sapiens
800 5787 943 5859 dico,
1000 5787 1124 5862 plus
1170 5803 1298 5862 ego.
1339 5788 1400 5845 In
1447 5787 1728 5846 laboribus

355 5881 587 5941 ΡΑτιιοι.
631 5883 812 5943 CLIII.

1844 3393 2172 3464 insipientia.
2198 3393 2334 3447 Dico
2353 3392 2509 3464 quasi
2540 3390 2842 3462 postulans,
2877 3391 3108 3446 utinam
3139 3389 3449 3446 sustinere-

1841 3482 1911 3537 tis
1943 3498 1954 3535 :
1988 3499 2098 3536 non
2128 3482 2231 3536 hoc
2259 3481 2422 3536 modo
2447 3499 2461 3547 ;
2497 3481 2591 3536 sed
2613 3481 2789 3535 etiam
2809 3479 3090 3551 pracipio,
3113 3483 3447 3552 supportate

1841 3588 1949 3637 me,
1985 3587 2095 3626 non
2126 3569 2566 3626 contradicentes
2597 3568 2824 3639 imperio
2852 3583 2998 3635 meo,
3021 3576 3078 3623 ut
3098 3567 3192 3622 filii
3212 3576 3441 3639 patrem,

1841 3660 2093 3731 discipuli
2143 3659 2447 3714 doctorem.
2497 3659 2580 3712 Me
2623 3658 2809 3728 utique
2859 3664 3179 3729 supportare
3209 3656 3442 3721 debetis,

1841 3765 1936 3820 ego
1967 3749 2120 3804 enim
2170 3749 2414 3803 αηηαὶον
2445 3764 2556 3812 vos,
2590 3746 2643 3800 id
2677 3755 2758 3801 est
2788 3745 3015 3801 ferventi
3071 3753 3220 3800 motu
3277 3745 3443 3799 animi

1839 3837 2010 3909 diligo
2044 3854 2057 3891 :
2090 3844 2143 3891 et
2173 3836 2275 3891 hoc
2315 3837 2702 3901 aemulatione,
2753 3835 2809 3889 id
2854 3843 2936 3889 est
2977 3833 3284 3903 dilectione,
3332 3849 3444 3890 non

1839 3925 1967 3990 mei,
2002 3933 2060 3980 ut
2092 3941 2194 3982 vos
2224 3925 2356 3979 mihi
2409 3925 2682 3980 ascribere
2731 3923 2914 3991 velim,
2966 3923 3063 3979 sed
3099 3921 3444 3979 amulatione

1839 4015 1939 4069 Dei
1969 4035 1987 4080 ;
2023 4014 2149 4086 quia
2181 4015 2281 4069 Dei
2313 4013 2481 4068 solius
2518 4029 2618 4068 vos
2661 4029 2784 4068 esse
2832 4012 2976 4069 volo.
3013 4013 3269 4068 Tractum
3297 4019 3382 4067 est
3411 4026 3446 4066 a

1839 4102 2192 4158 similitudine
2224 4103 2341 4171 ejus
2387 4102 2478 4174 qui
2527 4117 2786 4172 sponsam
2832 4101 3058 4156 alterius
3106 4101 3283 4174 diligit
3330 4116 3443 4156 non

1838 4191 1940 4246 sibi
1970 4191 2105 4262 ipsi,
2139 4191 2237 4247 sed
2270 4191 2338 4246 ad
2371 4190 2658 4245 utilitatem
2691 4197 2742 4246 et
2772 4191 3034 4246 honorem
3064 4189 3251 4261 sponsi
3275 4189 3446 4246 :sicut

1833 4281 2092 4347 Joannes,
2125 4279 2344 4352 quando
2374 4295 2609 4350 sponsus
2665 4279 2948 4346 Ecclesia,
2982 4279 3035 4333 id
3067 4287 3151 4333 est
3190 4278 3440 4334 Christus

1833 4377 1979 4425 esset
2005 4376 2222 4440 putatus
2253 4368 2440 4425 dilexit
2469 4367 2798 4433 Ecclesiam,
2834 4367 2890 4423 id
2919 4375 3000 4423 est
3031 4383 3290 4438 sponsam
3328 4383 3439 4423 non

1835 4458 1959 4528 sibi,
1976 4459 2073 4513 sed
2090 4472 2293 4528 sponso
2315 4456 2529 4511 Christo
2548 4455 2740 4512 dicens
2765 4471 2776 4510 :
2797 4478 2819 4507 ι
2845 4455 2951 4524 Qui
2974 4471 3232 4526 sponsam
3252 4455 3436 4525 habet,

1835 4563 2068 4619 sponsus
2096 4553 2180 4602 est
2212 4565 2227 4613 ;
2257 4546 2465 4601 amicus
2491 4552 2669 4600 autem
2704 4544 2891 4615 sponsi
2921 4553 3024 4598 stat
3054 4552 3106 4599 et
3134 4543 3283 4599 audit
3312 4561 3441 4600 eum

1837 4638 2022 4705 (Joan.
2056 4651 2137 4704 ιιι,
2172 4637 2286 4704 29).
2325 4657 2348 4684 η
2381 4632 2672 4689 Emulatio
2702 4633 2897 4688 dicitur
2922 4640 3102 4688 motus
3133 4633 3300 4688 animi
3322 4632 3440 4689 sive

1833 4725 1904 4779 ad
1930 4725 2084 4790 iram,
2147 4724 2262 4778 sive
2317 4722 2386 4778 ad
2441 4737 2708 4778 amorem.
2769 4723 2908 4778 Vere
2951 4721 3294 4776 amulatione
3335 4721 3438 4777 Dei

1833 4809 2062 4865 amulor
2090 4823 2189 4864 vos
2225 4823 2237 4862 :
2272 4823 2379 4880 ego
2410 4809 2563 4864 enim
2595 4807 2865 4879 despondi
2897 4824 3008 4863 vos.
3044 4807 3172 4862 Hac
3203 4806 3438 4877 despon-

1834 4899 1974 4953 satio
2001 4897 2268 4954 Ecclesia
2300 4896 2567 4968 incipiens
2595 4912 2626 4950 a
2655 4896 2927 4967 baptismo
2977 4895 3136 4950 durat
3165 4911 3339 4968 usque
3368 4895 3440 4951 ad

1834 4987 1977 5041 diem
2008 4985 2430 5042 resurrectionis
2481 4984 2725 5041 omnium
2760 5003 2773 5039 :
2805 4985 2861 5040 in
2893 5000 3001 5058 quo
3048 4984 3297 5041 Ecclesia
3326 5001 3438 5042 nu-

1834 5074 1950 5146 ptui
2007 5075 2248 5130 tradetur
2304 5090 2507 5146 sponso
2565 5090 2665 5130 suo
2713 5073 2948 5143 Christo,
2983 5073 3266 5145 recipienti
3309 5082 3439 5133 tunc

1835 5179 1957 5220 eam
1988 5163 2045 5218 in
2076 5163 2416 5235 amplexibus
2453 5181 2466 5216 :
2501 5179 2662 5234 quam
2713 5177 2746 5217 a
2786 5163 3053 5234 principio
3083 5161 3209 5218 fidei
3238 5163 3439 5219 subar-

1835 5253 2010 5308 rhavit
2031 5253 2234 5308 annulo
2265 5251 2498 5324 Spiritus
2536 5251 2732 5307 sancti.
2783 5251 3065 5323 Despondi
3105 5251 3291 5323 utique
3336 5269 3437 5309 vos

1835 5344 1940 5398 uni
1971 5362 1988 5408 ;
2019 5349 2071 5396 et
2092 5341 2138 5396 si
2167 5340 2279 5410 uni,
2303 5356 2440 5412 ergo
2465 5356 2574 5395 non
2605 5339 2756 5395 mihi.
2792 5342 2857 5396 Et
2877 5330 3136 5406 univira,
3161 5340 3215 5396 id
3239 5343 3437 5414 estqui

1837 5431 1921 5487 vir
1949 5430 2228 5501 legitimus
2260 5448 2275 5496 ;
2307 5445 2417 5485 non
2449 5428 2590 5485 sicut
2620 5429 2710 5484 ille
2739 5429 2807 5484 de
2827 5445 2935 5502 quo
2966 5429 3171 5485 dictum
3203 5438 3316 5484 est:
3339 5431 3439 5487 Hic

1841 5543 1862 5566 «ι
1900 5535 2063 5589 quem
2093 5533 2239 5574 nunc
2268 5518 2456 5584 habes,
2490 5533 2601 5572 non
2623 5525 2704 5572 est
2727 5525 2848 5572 tuus
2869 5517 2953 5572 vir
2973 5519 3154 5588 (Joan.
3181 5521 3386 5589 iv,18).
3413 5540 3436 5570 ι

1837 5607 2122 5678 Despondi
2152 5622 2251 5662 vos
2280 5606 2373 5662 uni
2404 5605 2520 5661 viro
2551 5607 2835 5673 exhibere,
2871 5605 2925 5662 id
2953 5616 3035 5662 est
3064 5616 3122 5662 ut
3151 5606 3440 5663 exhibeam

1836 5711 1936 5754 vos
1964 5695 2042 5751 illi
2073 5695 2167 5751 uni
2195 5695 2315 5752 viro
2341 5695 2560 5753 Christo
2581 5695 2879 5766 virginem,
2898 5694 2954 5750 id
2983 5701 3065 5751 est
3092 5695 3443 5766 incorruptos

1837 5793 1961 5845 actu
1989 5783 2224 5858 peccati.
2259 5783 2540 5857 Virginem
2560 5783 2686 5841 dico
2713 5787 2935 5841 castam
2961 5783 3018 5840 id
3048 5791 3132 5841 est
3159 5790 3438 5840 carentem

3193 5884 3226 5935 9
