3948 6426
471 378 577 433 267

1030 377 1086 433 S.
1128 376 1481 435 BRUNONIS
1518 376 2165 434 CARTHUSIANORUM
2203 375 2685 433 INSTITUTORIS
2723 375 2877 432 OPP.
2918 376 3095 434 PARS
3132 377 3199 433 II.

3656 379 3772 433 268

471 507 628 566 astu,
662 500 807 572 quod
836 517 934 557 nec
965 502 1234 558 voluntate
1279 503 1583 559 consentiat
1623 502 1909 574 iniquitati.
1942 503 2062 575 Ego
2092 504 2146 564 Α
2165 517 2352 566 onere,
2386 505 2440 556 et
2470 500 2716 556 similiter
2743 502 2964 558 servabo
2995 502 3063 557 de
3092 509 3308 557 caetero.
3328 502 3395 557 Et
3415 499 3470 556 in
3489 501 3595 557 hoc
3617 501 3775 573 quod

472 587 693 659 quidem
724 588 849 645 volo
878 605 973 644 vos
1005 590 1259 646 exhibere
1282 592 1497 646 Christo
1520 592 1645 657 ;sed
1662 593 1828 646 timeo
1852 608 1939 656 ne,
1966 593 2067 646 sic-

472 680 541 732 ut
566 694 796 749 serpens
820 680 1039 734 astutia
1068 697 1172 735 sua
1192 680 1424 736 seduxit
1463 682 1633 735 Evam
1671 680 1829 749 (Cen.
1874 695 1954 734 ιιι.
1986 682 2061 749 4),

472 767 557 821 ita
577 781 773 822 sensus
794 769 968 823 vestri
990 768 1195 823 seducti
1218 773 1666 840 corrumpantur
1684 768 1748 822 ab
1769 768 1887 822 istis
1910 784 2066 838 pseu-

473 853 563 921 do,
598 858 654 910 et
700 855 942 927 corrupti
985 856 1260 911 excidant
1294 874 1327 911 a
1360 858 1729 927 simplicitate
1763 854 1907 921 fidei,
1943 873 2064 928 qua:

472 942 789 1014 simplicitas
818 948 902 1000 est
933 946 994 999 in
1023 943 1242 1000 Christo
1271 946 1422 1001 Jesu.
1445 944 1603 999 Fides
1626 946 1767 999 enim
1790 944 1983 998 Christi
2008 944 2062 997 in

470 1030 815 1101 simplicitate
845 1032 1111 1102 consistit,
1144 1049 1253 1088 non
1281 1033 1336 1087 in
1380 1042 1600 1088 versuta
1631 1032 1941 1104 duplicitate
1971 1032 2061 1087 in-

466 1117 761 1189 fidelitatis,

540 1207 711 1263 Valde
756 1206 1063 1263 Corinthios
1114 1208 1388 1280 deprimit,
1446 1209 1576 1264 dum
1633 1225 1729 1265 eos
1786 1216 2061 1279 comparat

466 1295 619 1363 Evae,
652 1296 905 1352 doctores
936 1313 1063 1352 vero
1093 1313 1281 1353 eorum
1304 1307 1572 1353 venenato
1595 1299 1847 1369 serpenti.
1870 1299 2059 1353 Timeo

466 1399 536 1439 ne
567 1392 1001 1456 corrumpantur.
1034 1386 1115 1440 Ne
1146 1394 1327 1441 autem
1376 1386 1802 1457 corrumpamini
1842 1386 1912 1441 ab
1955 1387 2055 1453 eis,

465 1488 579 1527 non
608 1473 818 1528 debetis
848 1490 943 1528 eos
973 1474 1101 1545 pati.
1129 1476 1269 1529 Nam
1300 1476 1349 1530 si
1378 1477 1446 1541 is,
1481 1475 1536 1530 id
1584 1484 1666 1530 est
1704 1476 1930 1546 pseudo,
1964 1476 2059 1547 qui

466 1564 621 1618 venit
649 1577 682 1617 a
713 1579 791 1626 se,
822 1578 931 1617 non
963 1578 996 1618 a
1034 1563 1168 1617 Deo.
1194 1562 1292 1619 Vel
1321 1563 1414 1634 qui
1446 1564 1611 1629 venit,
1636 1563 1690 1618 id
1712 1573 1793 1618 est
1814 1563 1906 1635 qui
1927 1580 2057 1618 ven-

465 1650 625 1717 ditur,
660 1650 815 1706 vobis
844 1650 955 1719 (hic
987 1651 1132 1706 enim
1170 1652 1615 1721 praedicationem
1667 1668 1822 1706 suam
1852 1652 2055 1721 optime

464 1738 725 1809 venditat)
759 1758 775 1806 ;
803 1739 849 1793 si
879 1738 946 1805 is,
979 1739 1220 1810 inquam,
1245 1740 1519 1811 praedicat
1540 1740 1723 1795 alium
1746 1741 2052 1808 Christum,

2165 606 2253 643 me
2282 605 2477 644 revera
2520 590 2597 645 sic
2624 591 2870 658 servabo,
2923 592 3133 646 veritas
3181 590 3393 646 Christi
3441 594 3496 646 et
3536 591 3600 645 in
3632 605 3758 645 me.

2166 677 2338 744 Quasi
2365 678 2567 733 diceret
2601 696 2614 733 :
2648 680 2751 734 Per
2780 679 3055 734 veritatem
3113 679 3311 735 Christi
3342 678 3421 734 sic
3448 695 3537 733 me
3568 693 3770 734 serva-

2164 773 2342 820 turum
2380 782 2590 822 assero.
2644 768 2879 833 Veritas,
2924 768 3162 839 inquam,
3214 768 3416 823 Christi
3444 776 3527 823 est
3557 767 3615 821 in
3643 783 3763 833 me,

2164 854 2231 908 de
2262 856 2365 909 hoc
2396 856 2679 927 quoniam,
2714 857 2769 912 id
2814 864 2895 911 est
2936 856 3082 928 quod
3129 857 3244 911 hcce
3288 858 3488 927 gloria,
3522 856 3762 925 scilicet,

2164 943 2306 1013 quod
2340 943 2418 998 sic
2448 960 2535 999 me
2567 946 2821 1010 servabo,
2862 959 2977 1001 non
3024 946 3377 1016 infringetur
3425 946 3487 1000 in
3520 961 3610 1000 me
3639 945 3768 999 haec

2161 1029 2342 1101 gloria
2376 1047 2388 1084 :
2424 1047 2533 1086 non
2563 1040 2772 1087 tantum
2800 1032 2855 1087 in
2885 1033 3167 1102 Corintho,
3192 1033 3291 1087 sed
3307 1048 3410 1089 nec
3426 1033 3487 1088 in
3510 1034 3767 1103 regioni-

2161 1118 2261 1172 bus
2288 1120 2528 1174 Achaiae.
2564 1121 2763 1175 Iterum
2808 1121 2887 1176 sic
2914 1121 3051 1193 agis,
3087 1120 3213 1191 quia
3241 1120 3399 1175 nobis
3435 1120 3761 1176 inimicaris.

2161 1205 2357 1261 Contra
2413 1208 2517 1263 hoc
2565 1209 2759 1263 Paulus
2792 1227 2805 1263 :
2856 1210 2981 1264 Non
3023 1210 3207 1280 utique
3249 1208 3576 1282 infringetur
3608 1228 3625 1276 ;
3656 1208 3765 1264 sed

2159 1312 2330 1366 quare
2356 1300 2378 1351 ἵ
2408 1296 2612 1351 Dicetis
2642 1314 2729 1351 me
2759 1298 2881 1353 ideo
2911 1297 3109 1363 facere,
3142 1300 3275 1370 quia
3302 1315 3414 1353 non
3428 1298 3599 1369 diligo
3622 1314 3717 1354 vos
3736 1300 3762 1352 ἵ

2158 1384 2305 1439 Deus
2330 1387 2435 1439 scit
2468 1385 2595 1455 quia
2630 1402 2728 1440 vos
2757 1386 2953 1456 diligo:
2979 1387 3075 1441 sed
3107 1386 3251 1457 quod
3267 1388 3415 1457 facio
3436 1395 3487 1441 et
3515 1389 3761 1459 faciam,

2159 1471 2290 1524 nihil
2321 1472 2527 1527 scilicet
2572 1474 2905 1544 accipiendo,
2952 1475 3058 1529 hoc
3087 1474 3210 1529 ideo
3251 1473 3409 1540 facio,
3444 1480 3511 1529 ut
3542 1493 3761 1547 ampu-

2159 1563 2271 1614 tem
2304 1564 2653 1617 occasionem
2683 1579 2878 1618 eorum
2902 1562 3131 1632 pseudo,
3158 1564 3307 1633 quia
3324 1579 3411 1617 me
3435 1565 3632 1619 volunt
3653 1564 3761 1619 ha-

2156 1647 2288 1702 bere
2318 1652 2667 1705 occasionem
2689 1650 2994 1721 accipiendi
3019 1668 3032 1716 ;
3052 1650 3199 1722 quia,
3219 1651 3264 1704 si
3288 1667 3394 1723 ego
3414 1651 3753 1723 acciperem,

2157 1743 2282 1791 tunc
2312 1745 2365 1791 et
2394 1738 2489 1792 illi.
2522 1740 2811 1809 Amputem
2842 1740 2964 1795 dico
2994 1743 3059 1794 ut
3092 1739 3169 1793 illi
3196 1742 3572 1795 inveniantur
3599 1741 3758 1796 sicut

462 1844 625 1901 quem
642 1844 742 1882 nos
772 1843 885 1883 non
915 1829 1345 1900 praedicavimus
1375 1829 1529 1883 vobis
1558 1848 1572 1896 ;
1606 1834 1707 1884 aut
1732 1829 1777 1883 si
1796 1829 1864 1884 ab
1887 1846 1952 1883 eo
1970 1846 2055 1886 uc-
2072 1859 2125 1918 Β
2154 1829 2210 1880 et
2242 1842 2359 1891 nos,
2394 1827 2525 1881 nihil
2557 1828 2889 1898 accipientes
2922 1846 2935 1882 :
2969 1828 3024 1881 in
3054 1844 3162 1899 quo
3210 1836 3395 1883 tamen
3432 1828 3613 1884 facere
3642 1829 3756 1884 ali-

462 1917 1156 1988 cipitisaliumSpiritum,
1173 1933 1335 1987 quem
1358 1934 1470 1973 non
1502 1920 1796 1989 accepistis
1818 1918 2050 1986 anobis;

462 2008 565 2061 uut
587 2021 633 2058 Si
655 2004 722 2059 ab
739 2020 805 2060 eo
842 2004 1087 2075 accipitis
1107 2005 1266 2060 aliud
1289 2007 1673 2076 Evangelium,
1719 2007 1861 2078 quod
1884 2007 2055 2062 Evan-

461 2092 666 2165 gelium
695 2110 810 2148 non
838 2094 1130 2165 recepistis
1158 2109 1189 2146 ει
1217 2094 1395 2159 nobis,
1444 2094 1488 2147 si
1518 2096 1655 2158 hmc,
1687 2094 1922 2165 inquam,
1958 2111 2051 2149 es-

462 2188 601 2245 sent,
634 2188 764 2236 tunc
818 2186 969 2237 recte
996 2183 1341 2251 pateremini
1388 2198 1513 2236 eum
1546 2200 1561 2247 ;
1596 2182 1693 2237 sed
1721 2182 1848 2254 quia
1886 2183 2052 2238 alium

460 2268 729 2324 Christum
788 2285 897 2324 non
951 2270 1269 2340 praedicant,
1331 2270 1587 2341 Spiritum
1648 2279 1893 2327 sanctum
1943 2288 2051 2326 non

456 2358 697 2412 tribuunt
745 2374 907 2428 quem
953 2374 984 2411 a
1021 2358 1178 2413 nobis
1224 2358 1528 2429 accepistis,
1572 2367 1624 2414 et
1672 2359 1818 2414 aliud
1864 2361 2050 2414 Evan-

457 2445 661 2518 gelium
690 2462 799 2501 non
829 2446 1127 2517 praedicant
1160 2464 1174 2511 ;
1208 2446 1330 2501 ideo
1378 2463 1410 2501 a
1455 2447 1610 2502 vobis
1657 2447 1894 2518 patiendi
1942 2464 2050 2502 non

457 2542 600 2589 sunt.
636 2535 745 2589 Eos
774 2535 958 2605 utique
988 2534 1100 2604 pati
1129 2550 1239 2589 non
1269 2534 1497 2600 debetis,
1531 2537 1629 2590 sed
1658 2552 1745 2591 me
1776 2555 1790 2603 ;
1822 2536 1950 2607 quia
1970 2538 2053 2603 (ut

453 2622 523 2677 de
552 2622 659 2677 illis
690 2622 903 2693 sileam)
934 2624 1197 2678 existimo
1227 2640 1315 2678 me
1345 2624 1493 2678 nihil
1525 2627 1714 2680 minus
1738 2627 1937 2695 fecisse
1954 2640 2052 2695 per

453 2711 599 2782 quod
628 2710 806 2765 minus
836 2720 1120 2781 separatus
1150 2711 1251 2765 sim
1281 2730 1315 2766 α
1345 2714 1565 2782 magnis
1584 2714 1867 2784 apostolis,
1893 2712 1948 2767 id
1969 2722 2051 2767 est

455 2814 489 2854 a
517 2800 699 2866 Petro,
732 2807 785 2854 et
816 2799 887 2854 ab
916 2799 1023 2853 illis
1050 2800 1140 2870 qui
1167 2800 1490 2854 videbantur
1510 2818 1632 2855 esse
1654 2802 1954 2866 columnze;
1980 2800 2049 2856 de

466 2903 695 2960 quorum
727 2887 1048 2959 magisterio
1077 2887 1131 2940 hi
1161 2888 1370 2958 pseudo
1402 2888 1562 2955 (falso
1592 2889 1795 2957 tamen)
1828 2904 1887 2943 se
1917 2889 2049 2943 mihi

453 2975 769 3046 praeferunt,
820 2975 947 3045 quia
1013 2991 1116 3031 nec
1160 2975 1378 3030 illorum
1440 2976 1693 3047 discipuli
1755 2985 1902 3032 sunt.
1949 2977 2048 3033 Hic

454 3063 649 3120 callide
716 3063 1013 3132 respondet
1084 3063 1164 3117 eis
1220 3064 1311 3135 qui
1366 3064 1692 3133 objiciebant
1743 3065 1794 3120 ei
1850 3066 1996 3136 quod
2026 3110 2042 3132 ,

451 3150 581 3223 quia
637 3166 745 3205 non
806 3158 951 3204 esset
1018 3151 1299 3221 apostolus
1332 3193 1347 3222 ,
1409 3168 1518 3207 non
1542 3153 1817 3223 acciperet
1893 3170 2045 3207 sum-

452 3247 573 3310 ptus
638 3238 708 3294 de
754 3238 1157 3308 praedicatione,
1234 3247 1290 3292 ut
1357 3240 1545 3294 Petrus
1618 3249 1671 3295 et
1727 3241 1838 3296 alii.
1898 3241 2043 3295 Nihil

460 3326 694 3383 193
731 3326 915 3397 utique
944 3326 1123 3380 minus
1152 3326 1261 3380 illis
1290 3326 1393 3381 feci
1423 3344 1437 3381 :
1471 3346 1605 3383 nam
1623 3330 1729 3384 etsi
1759 3328 1909 3383 visus
1939 3330 2043 3383 sim

451 3414 608 3470 vobis
622 3416 922 3487 imperitus
938 3415 1344 3486 sermone,quia
1363 3416 1681 3487 simpliciter
1696 3416 1905 3473 locutus
1923 3435 2041 3472 sum

452 3503 818 3569 vobis,tamen
831 3503 1022 3559 scitote
1041 3504 1186 3574 quod
1200 3520 1312 3558 non
1327 3521 1452 3559 sum
1465 3506 1538 3559 im
1546 3506 1766 3577 peritus
1776 3508 2037 3562 scientia.

452 3591 560 3646 Sed
591 3591 721 3663 quid
750 3592 856 3646 hoc
883 3592 1007 3646 dico
1028 3593 1056 3646 ?
1085 3593 1231 3647 vobis
1278 3597 1471 3648 autem
1517 3594 1580 3648 in
1628 3596 1887 3650 omnibus
1930 3603 2042 3650 tam

450 3679 674 3736 scientia
704 3695 868 3751 quam
898 3695 1149 3735 sermone
1180 3696 1300 3734 sum
1352 3682 1752 3753 manifestatus
1799 3685 1859 3738 in
1892 3683 2041 3738 nullo

451 3784 575 3823 esse
604 3767 908 3838 imperitus.
953 3768 1091 3823 Vere
1136 3768 1268 3821 nihil
1316 3769 1497 3824 minus
1538 3770 1754 3843 magnis
1783 3771 2041 3841 apostolis

450 3855 574 3925 feci,
636 3856 764 3926 quia
818 3855 982 3910 etiam
1036 3856 1160 3926 plus
1215 3856 1339 3911 illis.
1398 3859 1465 3912 Et
1496 3859 1597 3913 hoc
1627 3859 1857 3913 latenter
1888 3859 2037 3928 dicit,

454 3943 608 4017 quasi
662 3944 765 3997 sub
816 3943 1045 4015 quadam
1103 3944 1409 4001 minoritate
1468 3946 1553 4000 sui
1600 3947 1877 4017 redigens,
1937 3948 2042 4003 hoc

449 4031 616 4087 modo
630 4031 817 4086 dicens
834 4048 846 4084 :
871 4032 906 4087 Α
918 4035 983 4087 ut
1000 4034 1256 4105 nunquid
1274 4038 1570 4105 peccatum
1589 4035 2040 4105 leci,humilians

450 4118 752 4186 meipsum,
774 4115 1123 4187 subripiendo
1146 4117 1278 4171 mihi
1298 4118 1351 4171 id
1371 4119 1513 4188 quod
1530 4118 1620 4186 jus
1642 4118 2041 4188 prmdicationis

448 4204 641 4276 exigit,
673 4208 740 4259 ut
771 4221 862 4260 vos
890 4220 990 4275 per
1008 4221 1191 4260 meam
1212 4204 1641 4261 humiliationem
1664 4208 2042 4262 exuite-mini?

445 4293 568 4348 Nisi
598 4293 741 4347 enim
771 4309 858 4347 me
888 4293 961 4347 ita
992 4294 1352 4359 humiliarem,
1385 4294 1518 4348 nihil
1548 4294 1885 4364 accipiendo,
1916 4309 2039 4348 ma-

446 4379 685 4435 luissetis
742 4380 971 4435 verbum
1027 4380 1127 4435 Dei
1184 4396 1460 4451 respuere,
1512 4396 1677 4452 quam
1705 4381 1838 4434 mihi
1874 4381 2040 4435 mini-

446 4476 644 4524 strare.
677 4470 780 4533 An,
812 4468 1051 4539 inquam,
1075 4469 1318 4539 peccavi,
1353 4471 1620 4541 quoniam
1649 4470 1849 4540 gratis,
1883 4469 1937 4524 id
1958 4478 2041 4525 est

2154 1912 2281 1984 quid
2311 1914 2447 1969 sicut
2477 1932 2576 1970 nos
2608 1916 2768 1970 valde
2790 1916 3114 1989 gloriantur,
3140 1916 3265 1971 licet
3284 1932 3384 1971 nos
3403 1933 3755 1989 persequan-

2152 2008 2260 2055 tur.
2296 2002 2393 2057 Vel
2424 2003 2495 2057 ita
2532 2022 2544 2057 :
2579 2005 2647 2060 Ut
2674 2012 2949 2074 amputem
2999 2005 3347 2059 occasionem
3391 2005 3620 2076 pseudo,
3654 2006 3756 2077 qui

2152 2086 2336 2140 volunt
2390 2088 2731 2142 occasionem
2756 2088 3088 2159 saccipieudi
3119 2088 3175 2143 in
3203 2104 3307 2160 quo
3338 2089 3664 2161 gloriantur,
3694 2091 3749 2145 id

2152 2182 2233 2227 est
2263 2175 2318 2228 in
2349 2175 2699 2245 accipiendo:
2725 2192 2833 2231 non
2867 2177 3009 2231 enim
3032 2186 3281 2248 quierunt
3300 2178 3458 2233 aliam
3489 2178 3750 2249 gloriam,

2150 2261 2255 2316 nisi
2303 2271 2358 2317 ut
2400 2263 2584 2335 aliqui,
2624 2265 2715 2335 qui
2771 2264 2989 2321 eliciant
3038 2266 3092 2319 in
3124 2280 3189 2320 eo
3217 2266 3559 2321 inveniantur
3606 2267 3753 2323 sicut

2149 2366 2250 2404 nos
2280 2349 2411 2404 nihil
2442 2352 2789 2423 accipientes.
2824 2353 3085 2408 lntuenda
3126 2362 3209 2409 est
3251 2354 3515 2409 subtilitas
3560 2356 3741 2410 Pauli.

2151 2438 2205 2492 Si
2236 2439 2379 2493 enim
2438 2439 2631 2494 Paulus
2680 2441 2969 2511 acciperet,
3031 2442 3287 2497 continuo
3334 2451 3387 2497 et
3432 2442 3510 2497 illi
3542 2462 3557 2511 ;
3587 2453 3750 2515 post-

2150 2542 2310 2598 quam
2349 2536 2530 2583 autem
2561 2529 2629 2583 de
2663 2529 2820 2585 bonis
2850 2546 3036 2585 eorum
3066 2531 3329 2598 viverent,
3373 2532 3749 2588 auctoritatem

2150 2615 2464 2671 viderentur
2494 2618 2697 2672 habere
2724 2618 3053 2688 praedicandi
3070 2620 3148 2674 eis
3174 2620 3349 2691 :quod
3378 2620 3423 2674 si
3452 2637 3517 2675 ex
3547 2629 3750 2678 aucto-

2149 2703 2300 2758 ritate
2329 2706 2709 2776 przediearent,
2743 2707 2932 2777 procul
2961 2708 3124 2762 dubio
3162 2708 3327 2762 fidem
3378 2724 3567 2764 eorum
3614 2725 3746 2766 cor-

2148 2802 2462 2862 rumperent
2497 2808 2509 2847 :
2542 2802 2594 2849 et
2622 2794 2678 2849 in
2708 2796 2853 2851 hunc
2898 2796 3064 2851 modo
3107 2796 3402 2852 similitudo
3450 2797 3603 2852 Pauli
3632 2815 3746 2853 nu-

2146 2879 2457 2935 trimentum
2498 2898 2619 2937 esse
2664 2884 3023 2954 corruptionis
3053 2884 3474 2940 Corinthiorum.
3521 2886 3748 2943 Diceret

2146 2966 2341 3039 aliquis
2377 2987 2389 3024 :
2423 2971 2503 3024 Tu
2530 2970 2668 3025 dicis
2698 2979 2755 3025 ut
2786 2971 3127 3027 inveniantur
3175 2974 3314 3027 sicut
3359 2982 3411 3027 et
3457 2990 3577 3041 nos,
3611 2990 3749 3046 pos-

2146 3064 2341 3111 suntne
2396 3058 2607 3128 pseudo
2664 3059 2895 3114 inveniri
2946 3061 3150 3115 similes
3191 3061 3395 3117 nobis?
3424 3062 3617 3135 Utique
3666 3063 3747 3119 ait

2146 3143 2342 3198 Paulus
2376 3163 2389 3199 :
2424 3148 2564 3201 Nam
2593 3146 2914 3218 hujusmodi
2961 3149 3409 3222 pseudoapostoli
3437 3155 3572 3206 sunt
3601 3152 3742 3207 sub—

2067 3212 2113 3272 Ο
2140 3231 2254 3286 doli
2283 3236 2544 3304 aperarii,
2574 3234 2630 3288 in
2659 3252 2724 3290 eo
2755 3238 2899 3307 quia,
2934 3238 3409 3308 transﬁgurantes
3427 3255 3483 3294 se
3503 3241 3566 3294 in
3596 3258 3741 3313 apo-

2141 3323 2311 3377 stolos
2344 3321 2568 3390 Christi,
2593 3323 2912 3394 accipiendo
2942 3325 2987 3379 si
3008 3325 3082 3379 illi
3103 3325 3387 3397 accipiant,
3413 3327 3741 3385 abstinendo

2142 3408 2188 3462 si
2218 3409 2294 3463 illi
2324 3410 2649 3478 abstineant,
2684 3420 2736 3467 et
2757 3412 2811 3467 in
2842 3413 3072 3469 ceteris.
3105 3416 3175 3469 Et
3203 3431 3320 3469 non
3348 3423 3430 3470 est
3452 3417 3667 3473 mirum
3688 3420 3742 3473 si

2141 3498 2195 3551 in
2225 3499 2504 3568 apostolos
2534 3500 2733 3555 Christi
2761 3518 2883 3556 sese
2915 3501 3315 3573 transfigurant,
3342 3506 3475 3577 quia
3496 3506 3611 3576 ipse
3635 3507 3741 3561 Sa-

2148 3590 2331 3653 tanas,
2369 3596 2529 3657 caput
2559 3604 2778 3658 eorum,
2837 3590 3157 3662 plerumque
3189 3593 3644 3662 transﬁguratur
3670 3598 3739 3651 in

2139 3676 2405 3746 angelum
2436 3677 2617 3744 lucis;
2647 3686 2699 3733 et
2730 3678 2856 3750 quia
2886 3679 3114 3733 Satanas
3155 3680 3342 3733 transit
3377 3680 3431 3735 in
3472 3682 3739 3752 angelum

2141 3761 2295 3829 lucis,
2331 3780 2465 3835 ergo
2494 3780 2608 3821 non
2630 3770 2712 3821 est
2730 3783 3004 3838 magnum
3020 3766 3392 3823 admirandum
3408 3771 3457 3825 si
3478 3772 3743 3827 ministri

2138 3851 2387 3921 Satanae,
2419 3853 2473 3907 id
2531 3862 2614 3907 est
2651 3855 2878 3925 pseudo,
2931 3854 3389 3928 transﬁgurantur
3415 3855 3543 3913 facti
3585 3860 3741 3917 velut

2138 3939 2370 3995 ministri
2392 3941 2613 4010 justitite
2646 3960 2661 4010 ;
2692 3943 2826 4012 finis
2853 3960 3090 4015 quorum
3135 3954 3188 3999 et
3230 3945 3599 4003 ministrorum
3630 3949 3739 4004 Sa-

2141 4036 2277 4083 tanas
2307 4036 2360 4083 et
2405 4028 2778 4087 ministrorum
2826 4031 3047 4101 justitiaa
3076 4034 3187 4089 erit
3225 4036 3535 4091 secundum
3563 4053 3740 4110 opera

2137 4118 2409 4188 ipsorum.

2212 4205 2485 4261 Gloriatus
2514 4215 2593 4261 est
2626 4207 2877 4279 superius
2926 4209 2995 4264 de
3043 4210 3349 4282 apostolatu
3377 4227 3497 4279 suo,
3530 4215 3735 4273 tradito

2140 4293 2244 4348 sibi
2273 4309 2307 4349 a
2333 4296 2450 4351 Deo
2482 4314 2496 4362 ;
2535 4295 2799 4369 gloriatus
2838 4306 2921 4352 est
2966 4299 3131 4353 etiam
3173 4299 3241 4355 de
3267 4301 3372 4357 hoc
3410 4301 3555 4373 quod
3602 4304 3735 4375 plus

2138 4382 2393 4437 omnibus
2435 4383 2721 4455 laboravit,
2764 4386 2939 4458 gratis
2987 4388 3416 4461 evangelizando
3462 4391 3735 4466 Evange-

2139 4470 2270 4525 lium
2301 4471 2420 4539 Dei,
2453 4480 2505 4527 et
2535 4472 2603 4527 de
2634 4474 2865 4541 cazteris,
2898 4474 2954 4528 in
2999 4475 3195 4547 quibus
3225 4476 3411 4549 utique
3457 4478 3604 4548 juste
3632 4496 3737 4552 po-

445 4557 579 4612 nihil
600 4556 918 4628 accipiendo
939 4572 967 4611 a
997 4557 1173 4623 vobis,
1205 4558 1590 4627 evangelizavi
1612 4558 1760 4613 vobis
1790 4560 2112 4630 Evange-D
2141 4566 2282 4615 terat
2310 4560 2534 4629 gloriari
2566 4579 2580 4627 ;
2611 4577 2756 4617 nunc
2782 4578 2916 4618 vero
2945 4564 3135 4618 transit
3162 4572 3222 4619 ut
3249 4564 3451 4621 referat
3480 4569 3737 4639 quaedam

450 4647 593 4702 lium
619 4647 720 4701 Dei
742 4650 766 4702 .9

522 4735 843 4803 Quaererem
867 4732 946 4787 illi
977 4750 990 4787 :
1020 4732 1175 4789 Unde
1206 4748 1340 4803 ergo
1361 4733 1587 4789 vixisti?
1614 4733 1703 4788 Ait
1732 4751 1745 4788 :
1777 4735 1898 4807 Ego
1928 4735 2041 4807 qui-

447 4824 572 4879 dem
604 4822 917 4893 exspoliavi
947 4822 1093 4876 alias
1115 4823 1401 4887 ecclesias,
1426 4824 1711 4894 accipiens
1725 4823 1795 4878 ab
1815 4823 1921 4878 illis
1941 4826 2040 4880 sti-

444 4910 717 4983 pendium
746 4910 818 4964 ad
834 4910 1242 4965 ministerium
1272 4911 1479 4979 vestri,
1512 4910 1567 4966 id
1598 4919 1679 4966 est
1709 4911 1778 4966 ad
1800 4912 2037 4967 admini-

448 4997 735 5053 strandum
770 4997 927 5051 vobis
972 4997 1353 5070 Evangelium.
1402 4999 1601 5054 Iterum
1630 4998 1707 5053 illi
1738 5017 1752 5053 :
1785 4999 2036 5056 Forsitan

445 5086 597 5141 nullo
624 5083 934 5157 indigebas.
949 5086 1017 5140 Et
1036 5085 1126 5141 ille
1151 5103 1164 5139 :
1192 5086 1327 5141 Cum
1350 5102 1523 5143 essem
1550 5086 1702 5159 apud
1722 5104 1831 5156 vos,
1852 5093 1908 5144 et
1934 5104 2036 5160 pro

443 5182 598 5232 certo
631 5172 885 5227 omnibus
915 5175 1318 5245 egerem,nulli
1338 5182 1520 5230 tamen
1540 5183 1781 5231 vestrum
1802 5178 1892 5247 fui
1912 5193 2039 5234 one-

444 5279 626 5320 rosus.
660 5260 764 5317 Ubi
792 5261 866 5315 ait
915 5279 1198 5329 onerosus,
1251 5262 1536 5333 plurimum
1584 5279 1680 5319 eos
1707 5264 1776 5319 de
1805 5264 2036 5320 avaritia

442 5351 642 5423 arguit.
677 5352 881 5405 Iterum
909 5349 985 5405 illi
1007 5367 1019 5406 :
1055 5353 1209 5407 Unde
1226 5367 1362 5424 ergo
1383 5352 1677 5423 supplebas
1698 5354 2035 5423 egestatem?

441 5440 586 5494 Bene
617 5438 692 5493 ait
722 5438 953 5493 Paulus:
988 5440 1127 5494 Nam
1149 5441 1290 5512 quod
1306 5440 1450 5495 mihi
1472 5442 1685 5508 deerat,
1705 5443 1919 5510 fratres
1938 5443 2034 5513 qui

441 5531 719 5583 venerunt
749 5544 785 5582 a
814 5528 1133 5583 Macedonia
1164 5529 1589 5601 suppleverunt,
1629 5535 1681 5582 et
1698 5527 1774 5581 ita
1786 5527 1841 5582 in
1861 5528 2033 5583 omni-

440 5616 541 5671 bus
573 5622 682 5671 tam
702 5615 1024 5673 vestimento
1044 5632 1203 5689 quam
1233 5616 1378 5673 victu
1393 5616 1614 5673 servavi
1632 5631 1723 5671 me
1742 5615 1889 5673 vobis
1905 5618 2032 5674 sine

2141 4649 2441 4704 secundum
2484 4665 2710 4705 carnem
2750 4650 2819 4706 de
2862 4650 3042 4724 gloria
3069 4652 3310 4725 generis,
3344 4655 3493 4725 quod
3547 4664 3735 4715 tamen

2140 4736 2300 4805 (sicut
2330 4746 2515 4808 aperte
2544 4737 2738 4808 innuit)
2793 4739 3001 4795 nullam
3028 4740 3280 4815 intelligit
3309 4743 3582 4816 gloriam;
3624 4748 3730 4804 sed

2137 4832 2325 4879 tamen
2348 4841 2576 4881 necesse
2607 4834 2723 4882 erat
2757 4834 2813 4881 ut
2844 4827 2913 4883 de
2942 4829 3255 4884 carnalitate
3283 4832 3505 4901 generis
3532 4833 3741 4906 gloria-

2138 4921 2303 4968 retur.
2336 4913 2469 4969 Cum
2500 4915 2646 4969 enim
2676 4916 2886 4986 pseudo
2914 4915 2983 4972 de
3003 4918 3312 4986 hujusmodi
3332 4935 3391 4974 se
3407 4920 3736 4980 extollerent

2136 5000 2243 5056 nisi
2271 5001 2474 5057 Paulus
2502 5002 2648 5058 idem
2676 5004 2925 5071 haberet,
2959 5005 3326 5078 gloriarentur
3356 5008 3459 5063 sibi
3480 5026 3603 5066 esse
3621 5012 3734 5083 pri-

2135 5089 2394 5161 vilegium
2424 5091 2571 5163 quod
2592 5091 2755 5148 Paulo
2769 5092 3003 5161 deesset,
3024 5102 3077 5149 et
3106 5094 3167 5151 1
3181 5094 3343 5152 94
3359 5096 3441 5153 sic
3459 5097 3733 5170 insipien-

2135 5176 2268 5232 tium
2340 5178 2738 5235 Corinthiorum
2811 5180 2973 5237 ﬁdem
3027 5180 3234 5239 facilius
3307 5185 3727 5258 subverterent,

2135 5281 2296 5337 quam
2342 5266 2576 5340 gloriam
2623 5268 2819 5336 Pauli;
2878 5270 3009 5325 dum
3061 5271 3118 5325 in
3169 5288 3229 5327 se
3287 5289 3409 5329 esse
3465 5278 3727 5345 ostendit,

2134 5354 2377 5426 nihilque
2428 5355 2532 5411 sibi
2580 5356 2850 5425 conferre,
2883 5358 3155 5429 vituperat
3183 5376 3279 5416 eos
3308 5361 3401 5434 qui
3430 5362 3500 5418 de
3526 5363 3635 5421 hac
3663 5383 3726 5424 re

2129 5441 2431 5513 gloriantur
2459 5444 2515 5498 in
2546 5460 2654 5516 qua
2682 5444 2887 5501 fructus
2935 5462 3044 5502 non
3073 5456 3176 5503 est.
3203 5448 3405 5505 Littera
3433 5450 3513 5507 sic
3537 5453 3732 5527 jungi-

2132 5537 2249 5585 tur:
2274 5530 2395 5585 Dixi
2413 5532 2694 5603 superius:
2722 5536 2951 5591 Utinam
2972 5539 3331 5593 sustineretis
3352 5538 3728 5610 insipientiam

2132 5634 2339 5687 meam;
2364 5636 2507 5677 nunc
2527 5623 2739 5680 iterum
2758 5622 2827 5680 de
2849 5624 3045 5707 eodem
3064 5625 3284 5694 dico,ne
3303 5628 3427 5701 quis
3444 5645 3536 5686 me
3551 5634 3727 5704 putet
