3948 6420
92 348 205 404 269

730 346 1114 405 EXPOSITIO
1159 348 1236 404 IN
1278 347 1663 405 EPISTOLAS
1708 347 1937 405 PAULI.
1976 377 2047 389 —
2087 347 2161 403 IN
2196 347 2415 404 EPIST.
2452 348 2502 404 II
2537 348 2633 404 AD
2672 347 2832 405 COR.

3335 353 3443 407 270

100 472 493 544 insipientem
512 490 653 541 esse,
673 473 741 529 de
761 473 1048 545 praemissa
1065 472 1413 545 gloriatione.
1441 474 1729 547 Alioquin,
1751 472 1805 532 A
1836 471 2002 527 alium
2043 471 2376 543 deprimere.
2410 472 2556 527 Vere
2585 472 2639 526 in
2671 488 2780 544 quo
2808 472 2972 528 audet
3002 471 3144 545 quis,
3175 472 3351 529 audeo
3390 480 3444 528 et

108 560 164 616 id
182 569 268 617 est
295 562 343 617 si
375 570 609 634 propter
645 562 983 634 praemissam
1012 562 1241 634 gloriam
1289 562 1614 634 insipientia:
1644 577 1731 617 me

119 650 371 723 arguitis,
407 668 558 709 nunc
590 653 833 724 accipite
867 669 953 707 me
985 653 1141 707 velut
1172 653 1563 724 insipientem,
1602 651 1733 706 dum

122 739 192 796 de
222 740 544 796 carnalitate
589 740 815 813 glorior,
856 757 980 812 qua:
1016 740 1183 813 longe
1227 740 1515 811 praemissa
1559 740 1735 812 gloria

126 837 210 884 est
228 828 476 884 inferior.
510 829 651 885 Dicit
680 830 836 885 velut
876 829 1246 901 insipientem
1277 849 1294 884 :
1326 844 1437 884 non
1476 828 1622 883 enim
1647 829 1735 897 ju-

127 917 394 974 dicandus
427 926 511 972 est
540 933 667 973 vere
696 916 980 988 insipiens,
1030 917 1158 988 quia
1185 916 1475 990 gloriando
1504 917 1573 972 de
1605 932 1735 972 car-

125 1008 355 1063 nalitate
378 1021 491 1063 non
521 1006 710 1079 quaerit
739 1006 794 1060 in
825 1006 930 1063 hoc
959 1005 1192 1079 gloriam
1223 1021 1400 1075 suam,
1434 1006 1531 1060 sed
1564 1005 1737 1061 solam

124 1095 532 1152 Corinthiorum
572 1094 1008 1161 aediﬁcationem,
1054 1095 1199 1166 quod
1231 1094 1410 1166 palam
1459 1102 1543 1149 est
1584 1094 1638 1148 in
1672 1110 1738 1150 eo

122 1186 259 1239 dum
272 1184 418 1240 idem
433 1183 694 1255 reprobat
715 1183 896 1239 carnis
917 1182 1168 1255 gloriam.
1199 1184 1448 1256 Accipite
1470 1199 1559 1240 me
1582 1185 1740 1238 velut

119 1274 522 1347 insipientem,
557 1277 622 1329 ut
652 1272 789 1329 sicut
810 1273 1021 1344 pseudo
1039 1272 1115 1328 sic
1132 1277 1187 1328 et
1220 1290 1313 1344 ego
1330 1275 1561 1345 glorier,
1587 1272 1644 1327 id
1658 1280 1741 1327 est

124 1362 370 1418 referam
401 1362 470 1417 de
500 1361 677 1434 gloria
705 1361 922 1417 carnis:
958 1361 1124 1433 quod,
1156 1361 1381 1428 scilicet,
1425 1362 1531 1417 hoc
1576 1362 1741 1417 modo

126 1450 384 1522 gloriari,
407 1451 690 1508 modicum
719 1449 847 1522 quid
877 1456 979 1517 est,
1014 1466 1117 1505 nec
1155 1466 1281 1505 vere
1320 1450 1511 1523 gloriae
1540 1450 1740 1505 immo-

128 1540 393 1595 randum.
425 1540 571 1595 Bene
600 1538 724 1595 dico
762 1539 1172 1611 insipientem;
1213 1540 1346 1612 quia
1377 1540 1520 1611 quod
1552 1540 1744 1612 loquor

126 1629 200 1684 de
224 1628 406 1700 gloria
437 1628 641 1695 carnis,
676 1644 791 1683 non
831 1628 1023 1700 loquor
1048 1629 1360 1684 secundum
1380 1629 1575 1696 Deum,
1602 1628 1743 1699 apud

129 1733 303 1789 quem
331 1716 607 1772 humilitas
636 1715 1049 1772 commendatur
1082 1733 1095 1770 :
1127 1715 1308 1772 carnis
1345 1715 1524 1787 gloria
1565 1714 1745 1786 depri-

1835 577 1959 633 ego.
1993 562 2134 616 Nam
2166 569 2219 617 et
2248 561 2325 615 illi
2352 566 2489 617 sunt
2512 562 2744 628 Hebraai,
2778 561 2833 616 id
2855 569 2937 618 est
2958 561 3227 618 Hebraica
3255 561 3447 635 lingua

1833 650 2041 716 diserti,
2074 655 2131 706 et
2160 666 2254 723 ego
2295 648 2561 706 similiter.
2609 650 2826 706 Hebraei
2858 650 3117 707 dicuntur
3143 652 3211 705 ab
3255 651 3444 717 heber,

1833 738 2142 810 prudentia,
2188 739 2344 809 cujus
2401 739 2518 795 haec
2566 738 2752 810 lingua
2803 747 3087 795 reservata
3118 747 3220 795 est.
3271 738 3328 795 Si
3371 738 3449 794 illi

1834 829 2030 884 iterum
2060 827 2367 898 gloriantur
2397 826 2541 899 quod
2567 832 2708 883 sunt
2733 829 3031 897 Israelita,
3068 833 3123 884 et
3155 845 3254 900 ego
3295 827 3448 883 simi-

1835 915 1960 971 liter
1981 915 2228 971 Israelita
2257 932 2398 971 sum.
2428 915 2645 971 Hebraei
2675 924 2728 971 et
2760 916 3020 972 lsraelitte
3050 924 3276 987 possent
3301 932 3444 984 esse,

1837 1020 1939 1061 nec
1962 1012 2143 1060 tamen
2165 1004 2234 1059 de
2263 1005 2564 1071 Abraham,
2597 1012 2655 1059 ut
2683 1004 2950 1075 proseliti,
2985 1004 3075 1077 qui
3097 1005 3449 1077 agentilitate

1836 1092 1893 1147 in
1923 1092 2398 1149 circumcisionem
2431 1092 2751 1147 transibant.
2808 1093 2936 1149 Ideo
2976 1092 3187 1148 addidit
3219 1111 3232 1148 :
3267 1094 3323 1150 Si
3371 1094 3449 1149 illi

1838 1187 1978 1238 sunt
1999 1198 2191 1239 semen
2213 1183 2449 1239 Abrahae
2485 1181 2785 1238 secundum
2812 1198 3054 1250 carnem,
3088 1181 3338 1239 similiter
3392 1186 3450 1240 et

1842 1287 1956 1344 ego.

1915 1361 2207 1432 Postquam
2239 1359 2294 1414 in
2340 1360 2514 1432 gloria
2545 1359 2764 1434 generis
2796 1377 2855 1416 se
2877 1360 3105 1417 contulit
3132 1360 3260 1427 illis,
3291 1369 3448 1418 tran-

1844 1448 1913 1504 sit
1945 1448 2015 1503 ad
2044 1448 2281 1522 gloriam
2307 1448 2625 1516 ministerii;
2660 1465 2773 1504 non
2802 1448 2946 1505 enim
3004 1448 3239 1506 195
3292 1449 3446 1505 sufﬁ-

1843 1544 1990 1593 ceret
2036 1536 2145 1591 illis
2182 1537 2395 1609 pseudo
2425 1537 2480 1591 in
2510 1537 2789 1594 veteribus
2834 1536 3079 1609 gloriari,
3136 1537 3240 1593 nisi
3284 1538 3448 1594 etiam

1844 1625 2211 1699 gloriarentur
2250 1625 2307 1680 in
2327 1624 2656 1697 discipulatu
2686 1626 2905 1681 Christi.
2938 1626 3096 1682 Unde
3127 1626 3205 1683 sic
3225 1626 3299 1682 ait
3330 1643 3342 1682 :
3392 1627 3450 1683 Si

1846 1713 2151 1787 gioriantur
2179 1714 2324 1786 quod
2352 1719 2491 1770 sunt
2517 1715 2777 1770 ministri
2821 1714 3052 1781 Christi,
3085 1715 3449 1786 praedicantes

124 1806 321 1872 mitur,
356 1805 451 1861 sed
498 1805 659 1878 quasi
696 1805 760 1893 in
802 1805 1139 1876 insipientia
1173 1804 1275 1860 hoc
1323 1804 1535 1876 loquor.
1576 1804 1817 1895 QuasiB
1847 1802 2139 1873 Christum,
2174 1806 2230 1858 et
2258 1819 2354 1874 ego
2385 1802 2635 1858 similiter
2664 1802 2985 1858 administro
3003 1802 3295 1860 Christum.
3318 1804 3450 1861 Dico

125 1894 287 1960 dicit,
318 1893 443 1966 quia
470 1910 581 1948 non
613 1886 743 1948 ver'e
776 1891 1062 1964 insipiens,
1104 1893 1235 1947 dum
1262 1908 1372 1948 non
1400 1909 1587 1949 veram
1620 1909 1744 1949 esse
1763 1886 1814 1895 ’⁷
1846 1900 1899 1947 et
1924 1908 2058 1963 ego;
2086 1892 2218 1964 plus
2266 1890 2429 1946 etiam
2461 1907 2565 1962 ego
2596 1907 2715 1946 sum
2745 1890 2995 1946 minister
3041 1890 3240 1947 Christi
3284 1908 3451 1965 quam

129 1978 312 2035 credit
338 1977 806 2057 carnis‘gloriam.
842 1978 1062 2049 Loquor
1091 1977 1310 2048 quidem
1348 1977 1403 2031 in
1432 1977 1745 2048 insipientia

123 2066 483 2123 immorando
528 2068 593 2122 in
642 2065 764 2136 hac,
811 2065 868 2121 id
910 2074 995 2122 est
1040 2066 1244 2123 carnali
1285 2065 1483 2137 gloria,
1524 2066 1615 2121 ubi
1664 2074 1746 2121 est

128 2158 481 2223 substantia,
514 2156 570 2210 id
599 2164 683 2210 est
710 2155 765 2210 in
794 2171 898 2227 qua
928 2155 1232 2210 subsistere
1261 2164 1317 2210 et
1345 2156 1544 2227 pedem
1574 2154 1744 2229 ﬁgere

126 2246 422 2302 debemus.
457 2245 528 2299 Et
556 2245 664 2299 hoc
692 2243 898 2299 ironice
933 2259 945 2298 :
979 2243 1108 2315 quia
1124 2243 1177 2298 in
1199 2243 1372 2317 gloria
1394 2244 1575 2299 carnis
1593 2244 1745 2300 nullo

128 2334 304 2390 modo
335 2332 744 2389 subsistendum
786 2349 909 2388 esse
950 2332 1225 2405 intelligit.
1266 2334 1482 2395 Diceret
1510 2333 1742 2405 aliquis:

127 2426 273 2479 Cum
320 2422 502 2495 gloria
533 2421 715 2479 carnis
752 2437 861 2477 non
890 2422 959 2477 sit
992 2422 1292 2478 secundum
1330 2423 1523 2489 Deum,
1577 2438 1746 2495 quare

126 2513 186 2567 in
210 2513 318 2568 hac
333 2510 646 2566 immoraris
664 2510 693 2564 ?
712 2509 841 2566 Ideo
869 2510 1054 2582 utique
1073 2512 1342 2584 quoniam
1371 2512 1564 2578 multi,
1587 2511 1642 2565 id
1665 2518 1749 2565 est

126 2601 369 2673 pseudo,
399 2601 726 2672 gloriantur
754 2599 1068 2656 secundum
1113 2616 1364 2665 carnem,
1398 2600 1523 2655 ideo
1565 2603 1622 2655 et
1651 2615 1746 2671 ego

124 2690 437 2761 gloriabor,
482 2688 537 2744 id
586 2694 668 2744 est
703 2704 873 2760 pauca
920 2687 1155 2743 referam
1202 2688 1270 2744 de
1309 2688 1502 2744 eadem
1549 2688 1743 2759 gloria.

130 2777 456 2844 Gloriabor,
504 2786 618 2832 tum
657 2776 787 2849 quia
835 2775 989 2831 multi
1041 2776 1118 2831 sic
1149 2775 1470 2849 gloriantur,
1511 2784 1749 2848 praetera

125 2869 269 2939 quia
290 2882 390 2922 vos
417 2866 690 2937 suffertis,
714 2865 770 2920 id
802 2872 883 2921 est
904 2880 1073 2938 grave
1102 2880 1241 2920 onus
1271 2881 1463 2921 eorum
1492 2864 1743 2936 portatis.

129 2954 412 3023 Suﬁ‘ertis,
462 2955 604 3021 dico,
654 2956 1015 3027 insipientes,
1057 2954 1112 3009 id
1144 2962 1224 3009 est
1262 2954 1384 3010 illos
1414 2954 1643 3025 pseudo,
1672 2953 1748 3032 in

125 3043 453 3115 insipientia
482 3042 799 3114 gloriantes.
826 3041 1097 3111 Suﬂ‘ertis,
1131 3042 1274 3110 dico,
1302 3043 1562 3111 libenter,
1593 3042 1647 3097 id
1669 3049 1750 3097 est

127 3149 159 3187 a
192 3132 351 3188 nullo
381 3131 575 3199 coacti,
618 3131 742 3203 quia
777 3131 856 3187 sic
900 3130 1032 3185 libet
1074 3131 1249 3200 vobis,
1303 3148 1435 3187 cum
1473 3132 1601 3187 sitis
1640 3131 1751 3202 ipsi

1843 1979 1943 2035 illi.
1976 1981 2044 2035 Et
2065 1981 2172 2036 hoc
2202 1981 2325 2036 dico
2355 1983 2423 2035 ut
2451 1980 2644 2036 minus
2666 1982 2911 2053 sapiens,
2932 1979 3061 2034 dum
3081 1996 3169 2035 me
3188 1980 3446 2051 praefero,

1845 2068 1969 2123 illos
1999 2067 2245 2124 humilio.
2284 2066 2444 2136 Quod
2473 2068 2549 2123 ait
2575 2070 2707 2141 plus
2748 2084 2865 2139 ego,
2905 2068 3222 2140 exsequitur
3248 2068 3321 2123 ita
3349 2084 3452 2140 per

1847 2165 2031 2229 partes
2066 2173 2079 2213 :
2114 2156 2383 2213 Ostensus
2413 2173 2534 2212 sum
2554 2157 2679 2228 plus
2709 2173 2832 2212 esse
2862 2157 3111 2212 minister
3138 2157 3361 2225 Christi,
3385 2158 3450 2213 in

1848 2247 2124 2303 laboribus
2150 2246 2431 2319 pluribus,
2462 2261 2600 2318 quos
2626 2288 2639 2313 ,
2672 2253 2723 2302 et
2750 2246 3007 2301 manibus
3043 2246 3364 2315 laborando,
3397 2254 3452 2301 et

1845 2335 2128 2390 immensis
2156 2334 2411 2406 periculis
2433 2334 2772 2402 sustinendo,
2819 2336 3021 2406 saepius
3071 2334 3178 2390 illis
3223 2334 3444 2406 pertuli.

1845 2424 2243 2480 Abundantius
2275 2423 2436 2479 etiam
2465 2431 2722 2479 ostensus
2742 2423 2990 2479 minister
3019 2423 3219 2478 Christi
3240 2425 3303 2479 in
3324 2441 3451 2480 car-

1847 2514 2086 2582 ceribus,
2120 2529 2283 2585 quam
2321 2512 2417 2579 illi,
2452 2512 2564 2585 qui,
2598 2520 2657 2567 ut
2685 2512 3000 2568 viderentur
3028 2512 3258 2585 apostoli
3285 2511 3450 2569 Chri-

1848 2601 1936 2668 sti,
1969 2601 2300 2673 quandoque
2331 2617 2390 2656 se
2420 2601 2765 2672 patiebantur
2791 2601 3138 2657 incarcerari.
3179 2600 3452 2657 Ostensus

1848 2690 2012 2746 etiam
2043 2690 2288 2745 minister
2333 2688 2534 2745 Christi
2565 2692 2627 2745 in
2654 2691 2841 2762 plagis
2871 2706 3049 2763 supra
3077 2690 3306 2746 modum
3341 2690 3451 2746 hu-

1847 2795 2022 2833 mana:
2044 2778 2256 2833 virtutis
2287 2778 2545 2834 toleratis.
2580 2779 2649 2833 Et
2681 2782 3015 2852 frequenter
3042 2786 3295 2834 ostensus
3341 2778 3452 2834 Ini-

1848 2868 2025 2923 nister
2053 2866 2251 2922 Christi
2282 2869 2345 2922 in
2374 2868 2672 2932 mortibus,
2696 2866 2749 2921 id
2781 2875 2864 2922 est
2884 2867 2938 2921 in
2967 2867 3145 2939 poenis
3165 2883 3285 2940 quae
3303 2883 3450 2923 mor-

1848 2964 1958 3012 tem
1990 2956 2298 3029 cuicunque
2316 2955 2519 3011 inferre
2548 2954 2877 3025 sufﬁcerent,
2912 2964 2964 3011 et
2992 2956 3123 3010 mihi
3153 2956 3456 3012 secundum

1850 3045 2146 3111 hominem,
2182 3044 2289 3099 nisi
2319 3045 2448 3116 quia
2481 3044 2712 3115 Spiritus
2740 3053 2960 3101 sanctus
2990 3045 3314 3101 reservabat
3341 3060 3452 3101 me.

1850 3134 2045 3205 Plagas
2074 3141 2361 3190 enumerat
2392 3133 2582 3189 dicens
2616 3150 2629 3186 :
2663 3134 2723 3187 In
2752 3133 2928 3207 plagis
2954 3133 3094 3189 bene
3110 3134 3234 3189 dico
3258 3152 3272 3201 ;
3305 3151 3340 3189 a
3360 3135 3459 3190 Ju-

128 3223 449 3295 sapientes,
483 3220 711 3286 ironice,
756 3219 813 3275 id
858 3228 941 3275 est
971 3235 1096 3276 cum
1142 3220 1298 3275 vobis
1344 3219 1615 3291 arrogetis
1654 3235 1749 3274 sa-
1775 3197 1821 3258 Ο
1852 3223 1987 3278 daais
2008 3221 2152 3277 enim
2182 3224 2374 3294 accepi
2404 3221 2811 3295 quadragenas,
2865 3222 2920 3277 id
2961 3230 3045 3278 est
3089 3222 3460 3295 quadraginta

128 3311 416 3382 pientiam,
449 3308 593 3365 male
643 3317 903 3365 consonat
944 3308 1050 3365 hoc
1093 3309 1238 3380 quod
1283 3307 1524 3364 suﬁ‘ertis
1554 3324 1746 3364 eorum

122 3399 525 3471 insipientiam.
575 3399 636 3452 In
682 3398 878 3469 quibus
918 3397 1042 3453 illos
1090 3396 1356 3453 sufferant
1408 3397 1744 3469 exsequitur,

126 3488 329 3545 dicens
368 3487 614 3558 :Utique
657 3485 917 3555 suﬂ‘ertis,
978 3487 1278 3543 sustinetis
1335 3489 1491 3544 enim
1528 3488 1579 3542 si
1625 3488 1749 3560 quis

130 3578 364 3633 illorum
391 3576 602 3648 pseudo
631 3576 837 3647 redigit
868 3590 962 3631 vos
991 3576 1054 3630 in
1079 3577 1435 3642 servitutem,
1468 3575 1523 3630 id
1545 3583 1629 3630 est
1658 3590 1749 3631 co-

127 3666 213 3739 git
246 3665 531 3721 deservire
579 3663 684 3719 sibi
726 3671 784 3719 ut
830 3678 1060 3721 servos:
1091 3664 1151 3719 Si
1182 3666 1306 3736 quis
1355 3664 1514 3719 etiam
1562 3680 1748 3720 eorum

128 3756 370 3811 devorat
398 3753 542 3809 bona
568 3760 779 3809 vestra.
819 3751 903 3807 Illi
943 3752 1087 3808 enim
1118 3753 1327 3823 pseudo
1358 3752 1632 3809 voraciter
1661 3770 1750 3808 res

130 3859 334 3899 eorum
366 3841 775 3898 consumebant.
810 3841 1097 3897 Sustinetis
1137 3841 1298 3897 etiam
1328 3842 1379 3897 si
1407 3844 1531 3915 quis
1559 3857 1749 3897 eorum

130 3934 371 4005 accipit,
406 3932 462 3986 id
492 3938 574 3985 est
604 3930 748 4001 capit
777 3945 876 3986 vos
904 3929 975 3984 ad
1021 3945 1083 3985 se
1114 3930 1263 3996 dolo,
1306 3930 1359 3985 id
1410 3938 1493 3985 est
1542 3930 1587 3984 si
1626 3930 1749 4002 quis

128 4037 236 4077 vos
268 4020 493 4091 decipit.
524 4020 585 4076 Si
606 4021 730 4091 quis
759 4018 920 4074 etiam
941 4034 1131 4074 eorum
1162 4020 1489 4085 extollitur,
1515 4017 1749 4075 dicendo

134 4126 197 4165 se
228 4110 301 4165 de
328 4124 534 4181 genere
563 4108 796 4163 Abrahae
814 4147 831 4176 ,
864 4122 964 4163 vos
995 4115 1178 4163 autem
1216 4122 1422 4174 canes;
1454 4108 1572 4164 haec
1617 4108 1744 4175 duo,

134 4199 398 4271 decipere
427 4201 483 4253 et
506 4197 733 4264 extolli,
766 4204 1074 4268 opportuna
1094 4204 1253 4251 erant
1271 4196 1341 4251 ad
1370 4195 1750 4252 devorandum

133 4286 289 4343 bona
344 4301 537 4342 eorum
590 4292 646 4341 et
697 4284 767 4340 ad
824 4284 1188 4358 redigendum
1245 4300 1341 4342 eos
1396 4284 1453 4340 in
1507 4284 1748 4341 servitu-

138 4382 276 4431 tem.

213 4463 505 4521 Sustinetis
549 4463 597 4519 si
646 4464 767 4538 quis
816 4462 1109 4533 extollitur,
1142 4470 1196 4518 et
1224 4464 1277 4519 si
1309 4464 1433 4536 quis
1464 4478 1523 4519 se
1570 4462 1747 4518 extol-

1852 3311 2238 3383 percussiones
2269 3312 2461 3367 minus
2492 3328 2610 3367 una
2659 3312 2850 3381 (Deut.
2906 3327 3047 3378 xxv,
3081 3311 3157 3383 3).
3206 3311 3324 3368 Nec
3352 3312 3460 3367 hoc

1853 3400 2042 3466 semel,
2076 3399 2175 3455 sed
2204 3401 2519 3472 quinquies,
2544 3399 2600 3454 id
2633 3408 2716 3455 est
2748 3400 2989 3472 quinque
3008 3399 3241 3457 vicibus.

1923 3488 2168 3544 Traditio
2198 3488 2513 3543 Iudaeorum
2538 3487 2616 3543 sic
2647 3488 2905 3551 habebat,
2937 3496 2996 3543 ut
3035 3488 3233 3561 aliquis
3266 3496 3461 3545 contra

1852 3577 2205 3650 Synagogam
2236 3592 2411 3649 agens
2441 3576 2799 3649 quadraginta
2830 3576 3028 3631 ictibus
3055 3576 3360 3648 puniretur,
3413 3579 3459 3634 si

1852 3664 2357 3721 immisericorditer
2385 3673 2579 3721 contra
2607 3682 2734 3721 eum
2767 3673 3030 3737 agerent;
3062 3665 3160 3721 sed
3190 3666 3236 3721 si
3283 3666 3459 3724 mise-

1851 3754 2100 3810 ricordes
2127 3761 2331 3821 essent,
2363 3754 2431 3809 de
2464 3754 2829 3827 quadraginta
2878 3762 3009 3826 quot
3054 3754 3285 3823 vellent,
3318 3754 3460 3812 ictus

1851 3842 2128 3898 dimittere
2158 3851 2402 3915 possent.
2435 3843 2597 3898 Modo
2629 3843 2751 3915 quia
2784 3842 3028 3898 'Paulum
3056 3858 3088 3898 a
3116 3842 3288 3900 verbo
3317 3860 3460 3916 prae-

1852 3931 2139 3987 dicationis
2188 3947 2543 4003 compescere
2587 3932 2905 4004 nequibant,
2957 3932 3254 3988 secundum
3298 3932 3457 3990 ritum

1851 4037 2012 4076 suum
2034 4020 2308 4076 ducebant
2336 4019 2393 4075 in
2424 4020 2775 4094 Synagogam
2810 4039 2823 4075 :
2857 4029 2911 4076 et
2940 4036 3010 4076 ne
3040 4021 3258 4093 penitus
3286 4020 3461 4077 immi-

1850 4109 2159 4165 sericordes
2197 4117 2579 4181 arguerentur,
2611 4126 2779 4165 unum
2808 4109 2977 4167 ictum
3007 4110 3218 4167 crudeli
3256 4111 3460 4168 astutia

1848 4198 2171 4253 relaxabant
2200 4198 2381 4254 adhuc
2409 4198 2477 4253 de
2504 4197 2700 4271 plagis.
2738 4200 2838 4255 Ter
2857 4198 3019 4254 etiam
3048 4198 3193 4271 apud
3221 4199 3457 4271 gentiles

1848 4286 1903 4341 in
1933 4286 2246 4342 Macedonia
2278 4302 2457 4342 ccesus
2474 4302 2601 4342 sum
2618 4288 2788 4360 virgis
2818 4288 2963 4357 (Act.
2996 4303 3109 4357 xvr,
3133 4289 3247 4359 22).
3271 4289 3457 4346 Semel

1847 4375 1918 4429 ab
1949 4374 2203 4445 Ephesiis
2235 4375 2522 4447 lapidatus
2560 4392 2689 4431 sum
2719 4376 2867 4446 (Act.
2918 4390 3036 4443 xw,
3071 4379 3183 4446 18),
3236 4376 3454 4447 quando

1846 4462 2088 4536 puellam
2118 4478 2152 4519 a
2178 4463 2478 4535 Pythonico
2509 4463 2699 4535 Spiritu
2744 4463 2976 4520 liberavi
3021 4463 3201 4535 (ibid.,
3236 4466 3312 4535 9).
3353 4466 3455 4521 Ter

135 4553 305 4609 lendo
336 4553 503 4609 caedit
534 4569 648 4621 vos,
673 4554 729 4609 id
759 4562 843 4610 est
870 4553 1207 4624 improperat
1226 4551 1381 4607 vobis
1402 4551 1551 4623 quod
1576 4550 1748 4608 incir-
1768 4557 1821 4619 D
1851 4552 2011 4609 etiam
2040 4553 2154 4623 feci
2183 4554 2575 4623 naufragium,
2607 4551 2662 4606 id
2693 4559 2776 4607 est
2819 4559 2904 4607 ter
2922 4551 2978 4606 iu
3008 4552 3149 4607 mari
3168 4551 3455 4626 naufraga-

149 4641 377 4699 cumcisi
425 4640 578 4709 estis,
623 4649 677 4699 et
729 4641 1060 4712 hujusmodi.
1111 4640 1298 4709 Caedit,
1346 4640 1490 4709 dico,
1537 4655 1646 4696 non
1691 4639 1748 4694 in

143 4732 430 4798 absconso,
457 4731 557 4787 sed
587 4731 652 4787 in
670 4733 901 4804 faciem,
919 4730 977 4787 id
1005 4737 1088 4786 est
1116 4728 1172 4785 in
1191 4727 1368 4786 oculis
1396 4728 1594 4785 vestris
1610 4744 1749 4800 prae-

144 4822 305 4877 sumit
324 4821 701 4893 improperare
722 4820 900 4876 vobis.
934 4818 1105 4875 Caedit
1125 4834 1242 4887 vos,
1269 4818 1413 4885 dico,
1432 4818 1747 4875 secundum

145 4911 553 4983 ignobilitatem
582 4908 826 4982 generis,
852 4923 1017 4981 quam
1046 4907 1381 4978 improperat
1412 4906 1588 4963 vobis.
1620 4905 1748 4962 Illos

144 5000 319 5073 utique
338 4999 656 5066 sustinetis;
678 5013 781 5054 nos
810 5006 991 5055 autem
1020 4995 1243 5052 minime
1273 4996 1438 5068 quasi
1464 4998 1749 5069 fuerimus

146 5091 356 5161 inﬁmi
382 5092 449 5147 in
479 5087 588 5145 hac
610 5091 799 5161 parte,
848 5086 905 5142 id
935 5093 1017 5141 est
1045 5085 1372 5157 impotentes
1400 5083 1621 5157 gloriari
1653 5100 1748 5141 se-

149 5180 371 5237 cundum
417 5191 675 5237 carnem.
733 5174 844 5231 Sed
886 5189 997 5230 non
1035 5189 1222 5230 sumus
1266 5172 1323 5227 in
1360 5172 1465 5228 hoc
1505 5171 1746 5240 inﬁrmi;

150 5269 256 5342 quia
282 5272 344 5326 in
373 5280 719 5344 quocunque
739 5264 947 5335 aliquis
977 5278 1169 5319 eorum
1189 5261 1361 5318 audet
1378 5259 1624 5333 gloriari,
1648 5277 1751 5316 au-

152 5359 236 5417 deo
262 5360 547 5417 similiter
576 5369 701 5427 ego.
728 5351 834 5407 Ubi
863 5351 937 5406 ait
966 5351 1138 5408 audet
1160 5358 1213 5406 et
1241 5349 1441 5417 audeo,
1474 5356 1625 5404 notat
1652 5364 1753 5420 po-

147 5449 234 5505 tius
259 5443 761 5523 prmsumptionem
803 5456 926 5496 esse
971 5456 1129 5513 quam
1171 5453 1357 5496 veram
1401 5436 1651 5511 gloriam.
1685 5438 1753 5492 Et

143 5539 273 5611 quod
301 5539 449 5606 dico,
483 5551 590 5606 ego
628 5530 832 5596 audeo,
882 5530 989 5586 hoc
1018 5529 1140 5586 dico
1160 5530 1225 5585 in
1254 5527 1611 5600 insipientia,
1656 5540 1751 5581 sa-

135 5628 321 5702 pientia
370 5626 527 5686 enim
576 5620 868 5690 admonet,
915 5633 1096 5691 neque
1135 5632 1197 5675 se
1243 5614 1524 5690 praaferre,
1569 5628 1751 5687 neque

1849 4649 1936 4695 tus
1966 4657 2108 4697 sum.
2132 4641 2301 4698 Nocte
2335 4640 2498 4696 etiam
2527 4645 2583 4696 et
2612 4641 2701 4697 die
2726 4642 2787 4696 in
2808 4642 3094 4714 profundo
3131 4642 3309 4697 maris
3336 4644 3450 4714 fui.

1848 4730 1929 4785 De
1960 4730 2065 4786 hoc
2111 4744 2220 4785 non
2249 4728 2469 4803 legitur,
2504 4729 2640 4798 sive,
2674 4729 3136 4801 quemadmodum
3171 4730 3357 4799 Jonas,
3396 4731 3452 4786 in

1848 4834 2001 4874 mare
2031 4819 2316 4874 demersus
2348 4818 2416 4873 sit
2462 4817 2647 4890 ibique
2676 4834 2707 4873 a
2735 4819 2851 4874 Deo
2881 4826 3217 4887 reservatus,
3251 4818 3368 4874 sive
3394 4818 3453 4875 in

1847 4906 2142 4979 profundo,
2181 4906 2236 4962 id
2266 4914 2349 4963 est
2377 4907 2435 4961 in
2460 4907 2644 4963 medio
2672 4906 2766 4962 alti
2807 4906 2975 4963 maris
3022 4906 3131 4963 diei
3172 4914 3225 4964 et
3271 4907 3450 4963 noctis

1850 4996 2168 5052 continuum
2226 5011 2424 5067 passus
2473 4995 2543 5050 sit
2596 4995 2957 5067 naufragium.
2999 4996 3128 5052 Haec
3162 4994 3453 5068 naufragia

1849 5084 2174 5156 patiebatur,
2217 5084 2345 5140 dum
2368 5083 2439 5139 ad
2467 5083 2875 5156 praedicandum
2905 5084 3162 5140 transiret
3205 5084 3449 5159 navigio.

1851 5172 2122 5229 Ostensus
2170 5172 2333 5228 etiam
2362 5172 2488 5244 plus
2518 5172 2769 5228 minister
2815 5172 3014 5229 Christi
3054 5174 3118 5229 in
3151 5174 3453 5230 itineribus

1850 5277 2015 5334 saepe.
2039 5261 2320 5317 Periculis
2345 5303 2361 5328 ,
2385 5260 2441 5316 id
2470 5268 2553 5316 est
2572 5276 2673 5333 per
2697 5260 2937 5333 pericula
2963 5262 3293 5330 ﬂuminum,
3327 5276 3459 5334 quo-

1851 5365 1972 5404 rum
2004 5348 2238 5420 impetus
2266 5363 2466 5419 passus
2496 5364 2637 5414 sum,
2672 5354 2725 5403 et
2750 5364 2854 5422 per
2869 5350 3130 5421 pericula
3161 5349 3455 5405 latronum

1851 5436 2259 5493 verberantium
2287 5444 2341 5492 et
2370 5435 2719 5508 spoliantium
2748 5452 2857 5492 me.
2889 5437 3067 5507 Etper
3092 5437 3352 5510 pericula
3379 5454 3455 5494 ea:

1851 5541 2056 5599 genere
2073 5541 2214 5593 meo,
2247 5525 2303 5580 id
2334 5532 2417 5580 est
2448 5541 2569 5596 quae
2596 5524 2845 5581 aludaeis
2866 5524 3125 5596 patiebar.
3157 5525 3226 5580 Et
3249 5541 3349 5596 per
3359 5541 3458 5599 pe-

1853 5615 2043 5672 ricula
2069 5630 2145 5672 ea:
2170 5614 2451 5687 gentibus,
2486 5612 2541 5669 id
2562 5620 2646 5670 est
2665 5629 2786 5686 qum
2803 5611 3053 5686 patiebar
3079 5629 3112 5670 a
3136 5613 3456 5687 gentilibus.
