3948 6486
382 427 389 433 -
491 393 588 449 271

1055 393 1112 447 S.
1154 392 1509 449 BRUNONIS
1548 391 2199 450 CARTHUSIANORUM
2236 391 2718 450 INSTITUTORIS
2757 394 2909 451 OPP.
2951 395 3147 452 PARS.
3190 396 3256 452 II.

3707 401 3808 455 272

494 515 564 570 Et
593 532 693 587 per
718 517 972 589 pericula
1001 518 1063 572 in
1093 519 1324 573 civitate
1356 535 1500 589 smpe
1531 519 1660 573 mihi
1691 519 1872 586 illata;
1906 525 1959 573 et
1988 535 2089 591 per
2109 520 2163 579 Α
2204 516 2368 571 tionis
2392 526 2473 572 est
2502 518 2634 573 mihi
2664 519 2787 585 iste,
2821 528 2878 575 ut
2924 527 3104 592 portet
3133 536 3334 577 nomen
3375 537 3563 577 meum
3612 536 3800 578 coram

490 606 749 677 pericula
780 607 1066 661 latronum
1099 606 1184 661 vel
1218 606 1513 661 bestiarum
1546 606 1601 660 in
1625 608 1913 662 solitudine
1948 608 2087 662 tole-

494 700 631 760 rata,
662 693 791 748 dum
813 709 978 750 causa
998 695 1399 766 praedicationis
1421 712 1639 751 nemora
1662 696 2090 766 pertransirem;

492 798 594 853 per
619 782 855 853 pericula
886 782 1047 838 etiam
1075 784 1437 855 prmtermissa
1479 784 1533 838 in
1582 785 1721 839 mari
1752 801 1896 856 smpe
1944 785 2087 839 tole-

492 878 629 937 rata,
660 887 763 942 per
788 871 1033 943 pericula
1063 873 1219 926 etiam
1240 889 1362 944 qua:
1382 874 1441 927 in
1458 874 1624 943 falsis
1640 875 1919 944 fratribus
1942 889 2085 944 smpe
2178 867 2193 877 Χ

490 959 718 1031 pertuli;
740 976 841 1031 per
866 961 983 1015 hazc
1014 961 1193 1016 omnia
1214 963 1495 1032 praemissa
1526 969 1779 1016 ostensus
1810 978 1930 1016 sum
1961 962 2085 1033 plus

489 1064 611 1103 esse
641 1048 893 1104 minister
922 1050 1120 1104 Christi
1159 1065 1321 1121 quam
1352 1050 1447 1104 illi.
1482 1050 1747 1105 Ostensus
1776 1067 1893 1104 sum
1925 1050 2084 1105 etiam

486 1137 735 1192 minister
782 1138 983 1193 Christi
1021 1140 1084 1194 in
1140 1140 1323 1194 labore
1369 1143 1425 1195 et
1480 1156 1756 1205 (erumna,
1813 1139 1869 1193 id
1901 1148 1983 1193 est
2030 1139 2086 1193 in

488 1243 799 1282 azrumnoso
828 1227 1030 1293 labore,
1053 1228 1269 1299 quando
1301 1228 1481 1282 febres
1511 1227 1597 1283 vel
1625 1228 1835 1299 aliquos
1865 1228 2083 1282 morbos

488 1316 757 1387 patiebar,
789 1324 842 1371 et
887 1332 975 1371 me
1021 1324 1202 1371 tamen
1246 1316 1498 1371 laborare
1548 1317 1851 1386 oportebat.
1894 1317 1953 1370 In
1997 1317 2082 1371 la-

488 1404 642 1470 bore,
693 1405 837 1470 dico,
876 1404 1034 1459 etiam
1066 1405 1249 1460 habito
1297 1406 1359 1459 in
1402 1405 1602 1460 multis
1644 1408 1886 1477 vigiliis;
1932 1405 2077 1477 quia,

488 1508 610 1549 cum
646 1500 753 1548 tota
781 1494 868 1547 die
898 1493 1268 1564 praedicasset,
1304 1502 1463 1549 nocte
1508 1493 1792 1548 laborabat
1823 1495 1969 1549 unde
1998 1494 2083 1549 vi-

489 1588 663 1637 veret.
698 1581 797 1637 Vel
833 1581 1067 1637 orationi
1095 1583 1412 1654 plerumque
1441 1582 1779 1653 invigilabat.
1815 1582 2081 1637 Ostensus

489 1686 609 1724 sum
640 1669 803 1725 etiam
834 1669 1082 1725 minister
1110 1670 1330 1736 Christi,
1372 1671 1436 1725 in
1477 1673 1632 1741 fame
1676 1675 1731 1726 et
1765 1672 1887 1736 siti,
1934 1679 1986 1725 et
2016 1672 2079 1725 in

474 1760 717 1830 jejuniis
747 1761 963 1825 multis,
997 1760 1159 1814 modo
1189 1767 1402 1829 sponte,
1436 1760 1598 1814 modo
1626 1759 1855 1829 penuria
1883 1758 2080 1814 tolera-

2192 607 2417 676 regibus
2439 615 2492 661 et
2520 606 2645 662 filiis
2677 609 2844 663 Israel
2884 611 3028 679 (Act.
3056 625 3137 677 lx,
3164 611 3273 681 l5).
3312 631 3335 661 ι
3360 611 3482 683 Ego
3514 610 3665 666 enim
3708 627 3796 667 os-

2190 696 2407 751 tendam
2427 696 2504 751 illi
2521 705 2721 769 quanta
2740 706 2986 770 Oporteat
3005 714 3127 755 eum
3150 714 3254 772 pro
3273 700 3494 756 nomine
3515 716 3642 757 meo
3661 700 3795 773 pati.

2799 894 3024 951 CAPUT
3051 895 3177 951 Xll.

2260 1074 2282 1099 α
2320 1052 2377 1107 Si
2405 1052 2632 1125 gloriari
2670 1061 2883 1125 oportet
2929 1055 3061 1126 (non
3107 1055 3326 1127 expedit
3375 1055 3644 1128 quidem),
3695 1073 3794 1113 ve-

2188 1163 2210 1187 «ι
2247 1141 2390 1195 niam
2437 1150 2618 1197 autem
2647 1142 2714 1197 ad
2754 1143 2992 1199 visiones
3020 1151 3073 1199 et
3125 1144 3494 1200 revelationes
3538 1144 3789 1201 Domini.

2186 1249 2209 1279 ι
2243 1229 2367 1285 Scio
2397 1230 2673 1286 hominem
2721 1231 2774 1285 in
2824 1232 3036 1287 Christo
3081 1241 3209 1288 ante
3252 1248 3425 1289 annos
3447 1234 3791 1306 quatuorde-

2187 1338 2209 1368 ι
2244 1318 2371 1385 cim,
2405 1319 2520 1374 sive
2551 1319 2603 1373 in
2647 1335 2897 1391 corpore,
2944 1320 3061 1375 sive
3102 1329 3255 1376 extra
3296 1337 3512 1393 corpus,
3564 1323 3787 1391 nescio,

2185 1426 2208 1457 ι
2246 1407 2393 1461 Deus
2442 1408 2561 1477 scit,
2608 1416 2818 1479 raptum
2869 1409 3180 1477 hujusmodi
3228 1427 3401 1482 usque
3448 1410 3519 1465 ad
3567 1412 3792 1467 tertium

2181 1518 2203 1541 κ
2240 1495 2456 1551 coelum.
2491 1496 2561 1550 Et
2589 1497 2702 1552 scio
2732 1498 3043 1567 hujusmodi
3074 1498 3368 1567 hominem,
3403 1499 3519 1554 sive
3562 1499 3622 1553 in
3654 1514 3791 1556 oor-

2184 1601 2205 1625 α
2239 1594 2391 1648 pore,
2425 1579 2540 1634 sive
2571 1588 2725 1635 extra
2772 1596 2993 1652 corpus,
3043 1582 3251 1649 nescio,
3286 1582 3432 1637 Deus
3478 1583 3601 1649 scit,
3636 1599 3790 1655 quo-

2185 1688 2205 1715 ι
2239 1670 2386 1721 niam
2415 1676 2607 1739 raptus
2635 1676 2718 1723 est
2759 1669 2813 1722 in
2860 1670 3192 1740 paradisum,
3244 1678 3300 1727 et
3344 1670 3545 1726 audivit
3573 1686 3790 1728 arcana

2183 1774 2207 1805 α
2240 1755 2406 1810 verba
2436 1773 2555 1827 quae
2583 1772 2690 1812 non
2721 1756 2850 1813 licet
2894 1758 3099 1812 homini
3129 1759 3297 1830 loqui.
3328 1760 3436 1814 Pro
3463 1759 3790 1829 hujusmodi

486 1846 575 1902 tis.
610 1847 877 1902 Ostensus
924 1864 1042 1902 sum
1093 1847 1254 1902 etiam
1287 1847 1532 1902 minister
1575 1847 1773 1902 Christi
1803 1848 2149 1937 infrigoreB
2182 1864 2205 1893 ι
2240 1842 2522 1916 gloriabor
2554 1861 2568 1900 :
2601 1861 2702 1916 pro
2732 1862 2820 1901 me
2849 1854 3029 1902 autem
3056 1847 3210 1914 nihil,
3244 1847 3349 1902 nisi
3378 1848 3434 1902 in
3486 1846 3789 1904 inﬁrmita-

486 1938 543 1991 et
574 1937 834 1991 nuditate
857 1957 875 2003 ;
897 1936 1043 2008 quia,
1077 1936 1120 1990 si
1152 1935 1323 2006 frigus
1344 1952 1429 1991 me
1459 1936 1710 2006 cogehat,
1729 1935 1941 1989 nuditas
1963 1943 2076 1991 erat

489 2041 612 2096 qua
639 2023 815 2096 frigus
843 2024 1079 2080 fovebat.
1116 2026 1242 2080 Ha‘c
1274 2026 1342 2079 de
1386 2024 1581 2096 quibus
1611 2024 1774 2079 modo
1812 2023 2079 2097 gloriatus

489 2128 629 2182 sum,
664 2112 717 2167 in
748 2129 977 2184 corpore
1007 2113 1239 2183 pertuli;
1290 2112 1388 2167 sed
1421 2118 1632 2185 praster
1676 2114 1780 2167 illa
1819 2130 1941 2185 qua:
1969 2130 2076 2168 ex-

487 2204 784 2268 trinsecus,
811 2202 866 2256 id
897 2211 976 2257 est
1003 2202 1057 2255 in
1088 2218 1320 2272 corpore
1352 2209 1476 2255 sunt
1493 2201 1736 2261 tolerata.
1762 2209 1843 2255 est
1873 2201 2077 2273 aliquid

487 2291 634 2362 quod
663 2307 751 2346 me
779 2299 936 2345 vexat
966 2290 1209 2357 interius,
1236 2290 1463 2356 scilicet,
1496 2291 1829 2361 quotidiana
1857 2292 2075 2346 sollici-

484 2380 613 2435 tudo
635 2381 891 2435 omnium
940 2380 1341 2444 Ecclesiarum,
1391 2378 1443 2432 id
1476 2386 1559 2433 est
1606 2378 1751 2449 quod
1793 2378 1939 2432 omni
1988 2378 2075 2434 die

484 2467 748 2524 sollicitus
778 2484 897 2522 sum
929 2467 996 2522 de
1027 2475 1164 2521 statu
1194 2467 1356 2523 totius
1385 2466 1665 2522 Ecclesia.
1708 2468 1834 2522 Hmc
1865 2467 2073 2523 sollici-

482 2556 613 2611 tudo
644 2564 726 2611 est
755 2572 875 2611 mea
906 2557 1209 2625 instantia,
1242 2556 1296 2610 id
1322 2563 1405 2610 est
1453 2556 1669 2610 assidue
1712 2556 1843 2609 mihi
1886 2555 2067 2622 instat,

482 2652 535 2699 et
565 2645 776 2717 pungit,
820 2653 873 2699 et
901 2644 1143 2717 graviter
1173 2661 1258 2698 me
1290 2644 1544 2700 stimulat.
1591 2644 1717 2698 Plus
1748 2652 1831 2699 est
1867 2643 2071 2698 instan-

478 2732 552 2787 tia
593 2749 756 2805 quam
801 2733 1128 2789 sollicitudo.
1163 2734 1426 2787 lnstantia
1460 2733 1604 2788 enim
1634 2733 1844 2788 vexatio
1874 2732 2072 2788 dicitur

479 2822 720 2892 corporis
751 2829 798 2877 et
828 2821 991 2875 animi
1019 2840 1034 2889 ;
1067 2822 1373 2876 sollicitudo
1404 2821 1574 2876 solius
1602 2821 1788 2875 animi.

549 2910 691 2965 Vere
721 2926 822 2981 pro
862 2910 1115 2965 omnibus
1146 2909 1410 2965 sollicitus
1455 2926 1593 2976 sum,
1641 2909 1767 2981 quia
1801 2909 1923 2981 quis
1951 2909 2067 2963 fra-

474 3006 616 3054 trum
646 2999 996 3068 inﬁrmatur,
1030 2998 1233 3053 cadens
1265 2998 1319 3051 in
1335 3005 1638 3068 peccatum,
1670 2996 1758 3053 vel
1786 2997 1946 3052 etiam
1966 3012 2067 3067 per

465 3085 720 3142 -196
751 3086 999 3140 morbum
1032 3085 1295 3156 corporis,
1328 3090 1384 3141 et
1414 3102 1510 3155 ego
1539 3085 1720 3140 statim
1759 3101 1873 3142 non
1902 3086 2067 3154 inﬁr-

472 3190 615 3241 mor,
640 3173 693 3228 id
724 3181 806 3228 est
826 3190 934 3229 non
949 3173 1136 3243 judico
1176 3172 1539 3228 infirmitatem
1573 3174 1687 3242 ejus
1715 3189 1891 3228 meam
1939 3188 2062 3228 esse

2183 1953 2206 1983 ι
2240 1932 2384 1987 tibus
2413 1934 2569 1988 meis.
2602 1935 2740 1988 Nam
2787 1942 2841 1989 et
2889 1935 2934 1989 si
2973 1936 3201 1991 voluero
3246 1936 3491 2008 gloriari,
3528 1953 3638 1993 non
3685 1953 3787 1994 ero

2179 2043 2200 2067 α
2238 2020 2519 2091 insipiens.
2572 2023 2870 2078 Veritatem
2920 2024 3063 2078 enim
3106 2025 3308 2080 dicam.
3358 2026 3525 2081 Pareo
3566 2034 3779 2097 autem,

2180 2128 2202 2159 ι
2236 2125 2304 2163 ne
2334 2110 2456 2181 quis
2485 2126 2571 2165 me
2601 2111 2869 2166 existimet
2900 2127 3066 2183 supra
3114 2112 3168 2166 id
3197 2112 3343 2184 quod
3388 2114 3536 2169 videt
3565 2113 3623 2168 in
3654 2131 3775 2184 me,

2178 2220 2200 2245 ε
2236 2206 2325 2252 aut
2344 2198 2494 2253 audit
2528 2200 2733 2271 aliquid
2765 2216 2828 2255 ex
2860 2217 2974 2256 me.
3014 2202 3081 2256 Et
3111 2218 3179 2256 ne
3207 2202 3524 2275 magnitudo
3556 2204 3784 2260 revela-

2178 2307 2201 2337 ι
2236 2286 2438 2341 tionum
2471 2287 2688 2343 extollat
2726 2305 2833 2357 me,
2866 2289 3028 2344 datus
3077 2298 3160 2345 est
3189 2290 3320 2344 mihi
3351 2290 3603 2347 stimulus
3645 2308 3781 2348 car-

2176 2396 2198 2426 «
2236 2375 2321 2429 nis
2376 2391 2530 2444 meae,
2591 2377 2821 2449 angelus
2869 2378 3099 2445 Satanas,
3160 2378 3252 2450 qui
3298 2395 3388 2435 me
3444 2379 3778 2451 colaphizet.

2180 2486 2200 2512 α
2236 2464 2467 2535 Propter
2497 2466 2641 2536 quod
2670 2474 2754 2522 ter
2782 2466 3072 2522 Dominum
3103 2467 3292 2540 rogavi
3320 2476 3380 2523 ut
3400 2467 3717 2526 discederet
3746 2485 3782 2526 a

2177 2572 2198 2602 ι
2235 2569 2340 2619 me,
2374 2561 2429 2608 et
2456 2553 2588 2608 dixit
2623 2554 2755 2609 mihi
2788 2571 2802 2611 :
2836 2554 3040 2611 Suﬂicit
3085 2556 3183 2610 tibi
3231 2556 3405 2629 gratia
3440 2573 3591 2625 mea;
3640 2574 3779 2615 nam

2177 2658 2198 2692 ι
2243 2641 2413 2696 virtus
2468 2642 2524 2696 in
2580 2641 2889 2699 inﬁrmitate
2949 2642 3245 2715 perficitur.
3306 2636 3563 2701 Libenter
3600 2646 3777 2719 igitur

2178 2750 2196 2777 ι
2231 2729 2510 2802 gloriabor
2559 2730 2613 2785 in
2642 2730 3043 2786 infirmitatibus
3091 2733 3248 2799 meis,
3295 2740 3354 2787 ut
3395 2733 3659 2791 inhabitet
3715 2737 3775 2792 in

2174 2837 2197 2868 ι
2231 2834 2319 2873 me
2369 2818 2538 2873 virtus
2577 2819 2796 2874 Christi.
2848 2820 3076 2892 Pr0pter
3117 2821 3263 2892 quod
3301 2820 3491 2892 placeo
3536 2823 3672 2878 mihi
3716 2825 3776 2880 in

2170 2924 2193 2955 ι
2224 2905 2618 2962 inﬁrmitatibus
2672 2908 2829 2976 meis,
2889 2908 2946 2962 in
3001 2909 3364 2977 contumeliis,
3415 2910 3469 2965 in
3514 2913 3766 2969 necessi-

2169 3015 2191 3040 α
2218 2994 2434 3065 tatibus,
2466 2996 2521 3050 in
2541 2997 3031 3067 persecutionibus,
3086 2998 3142 3052 in
3178 2998 3447 3071 angustiis
3475 3015 3576 3070 pro
3607 3002 3769 3057 Chri-

2170 3104 2193 3129 α
2230 3090 2331 3138 sto.
2365 3084 2500 3139 Cum
2543 3085 2688 3140 enim
2735 3084 3000 3153 inﬁrmor,
3046 3093 3174 3142 tunc
3211 3094 3406 3157 potens
3464 3104 3612 3143 sum.
3651 3090 3769 3146 Fa-

2169 3191 2191 3220 «
2227 3181 2343 3226 ctus
2372 3189 2492 3227 sum
2522 3173 2819 3244 insipiens;
2861 3191 2958 3230 vos
2987 3191 3076 3230 me
3104 3175 3381 3248 coegistis.
3404 3178 3525 3248 Ego
3553 3178 3707 3233 enim
3735 3195 3769 3235 a

469 3233 832 3319 condolendo.
864 3233 1092 3335 Et'quis
1137 3261 1364 3317 fratrum
1393 3233 1818 3318 scandalizatur
1866 3262 1952 3317 vel
1998 3262 2061 3317 in
2086 3233 2133 3294 θ
2163 3282 2186 3307 ιι
2222 3260 2377 3315 vobis
2405 3261 2568 3317 debui
2605 3233 2996 3318 commendari.
3045 3262 3194 3318 Nihil
3208 3233 3387 3319 “enim
3432 3233 3615 3320 minus
3653 3233 3764 3324 feci

465 3350 609 3418 cibo,
641 3351 729 3407 vel
775 3351 829 3405 in
858 3350 1041 3422 aliquo
1082 3350 1208 3414 alio,
1240 3355 1297 3406 et
1334 3367 1426 3422 ego
1456 3350 1634 3405 statim
1682 3366 1797 3405 non
1818 3366 1971 3418 uror,
2005 3349 2059 3405 id

468 3447 549 3494 est
590 3448 817 3511 propter
860 3439 1280 3495 scandalizatum
1326 3438 1546 3494 fratrem
1579 3440 1846 3494 anxietate
1893 3438 2056 3493 animi

466 3544 576 3583 non
604 3528 939 3585 comburor?
969 3527 1243 3585 Gloriatus
1275 3545 1393 3583 sum
1434 3528 1489 3582 in
1517 3527 1818 3600 prthiSSiS
1856 3527 1923 3582 de
1969 3527 2055 3583 his

461 3634 581 3689 quae
610 3626 735 3672 sunt
764 3634 899 3673 meae
929 3615 1249 3672 inﬁrmitatis
1280 3635 1293 3671 :
1328 3625 1378 3673 et
1410 3616 1585 3672 adhuc
1606 3617 1675 3671 de
1703 3615 1910 3670 eisdem
1938 3618 2053 3687 glo-

459 3707 664 3773 riabor,
696 3708 748 3762 si
777 3722 863 3760 me
891 3707 1126 3778 gloriari
1150 3709 1390 3778 oportet,
1426 3706 1565 3760 sicut
1595 3720 1790 3760 revera
1821 3720 2050 3760 necesse

458 3802 540 3848 est
565 3802 623 3849 ut
675 3794 1049 3864 deprimantur
1092 3794 1322 3864 pseudo,
1355 3800 1408 3848 et
1453 3791 1750 3848 aediﬁcetur
1777 3792 2046 3849 Ecclesia.

458 3881 527 3935 Et
555 3882 609 3935 in
638 3882 723 3935 his
749 3881 816 3936 de
849 3881 1043 3952 quibus
1071 3882 1331 3954 gloriatus
1360 3898 1479 3935 sum
1498 3888 1550 3935 et
1577 3880 1874 3952 gloriabor,
1901 3881 2049 3937 Deus

455 3970 725 4042 scitquod
744 3969 800 4023 in
828 3969 977 4024 nullo
1007 3970 1203 4024 horum
1235 3970 1480 4025 mentior
1506 3990 1524 4025 :
1555 3969 1648 4041 qui
1697 3977 1779 4024 est
1811 3971 1955 4025 Deus
1990 3973 2046 4026 et

455 4061 627 4113 Pater
646 4058 869 4113 Domini
894 4059 1006 4114 mei
1046 4060 1178 4114 Jesu
1210 4058 1417 4115 Christi
1438 4078 1455 4112 :
1473 4065 1525 4113 et
1552 4074 1653 4128 per
1679 4059 1863 4112 Jesum
1899 4059 2050 4114 Chri-

456 4154 599 4201 stum
643 4145 924 4201 familiaris
967 4146 1098 4201 mihi
1131 4165 1144 4201 :
1176 4148 1272 4219 qui
1316 4147 1464 4201 Deus
1486 4150 1569 4202 est
1610 4146 1934 4202 benedictus
1981 4149 2045 4203 in

452 4236 662 4291 saecula
684 4252 783 4306 per
815 4235 1087 4290 Christum
1115 4234 1343 4301 Jesum;
1378 4243 1429 4289 et
1450 4251 1550 4305 per
1564 4249 1741 4289 meam
1772 4234 2044 4305 praedica-

451 4324 676 4380 tionem.
696 4325 776 4379 De
794 4325 916 4394 hoc,
942 4324 1185 4396 inquam,
1204 4339 1312 4378 non
1329 4322 1577 4388 mentior,
1600 4322 1743 4394 quod
1759 4324 2040 4390 Damasci,

446 4412 501 4467 id
533 4420 616 4468 est
645 4413 789 4484 apud
811 4414 1137 4468 Damascum
1155 4413 1489 4484 prwpositus
1518 4410 1641 4465 illus
1669 4411 1873 4482 gentis,
1895 4427 2041 4482 prae-

446 4502 658 4573 positus
688 4501 811 4557 dico
841 4502 1024 4557 Areta:
1052 4504 1218 4573 regis,
1244 4499 1297 4554 id
1328 4508 1411 4554 est
1440 4499 1539 4554 sub
1570 4502 1732 4554 Areta
1763 4516 1913 4571 rege,
1949 4500 2041 4571 qui

2161 3370 2184 3395 α
2218 3348 2287 3402 ab
2316 3349 2399 3403 his
2429 3350 2521 3422 qui
2577 3358 2699 3405 sunt
2756 3367 2923 3421 supra
2959 3352 3179 3407 modum
3220 3353 3468 3423 apostoli.
3517 3355 3766 3413 Tametsi

2160 3457 2183 3487 «
2218 3436 2349 3490 nihil
2372 3454 2511 3504 sum,
2545 3438 2704 3511 signa
2730 3446 2910 3494 tamen
2938 3440 3272 3510 apostolatus
3302 3441 3409 3496 mei
3447 3441 3588 3498 facta
3626 3452 3760 3500 sunt

2160 3546 2181 3574 α
2216 3542 2381 3596 super
2410 3543 2508 3582 vos
2536 3527 2591 3581 in
2620 3528 2768 3583 omni
2812 3528 3090 3598 patientia,
3124 3528 3182 3582 in
3229 3528 3404 3601 signis
3455 3538 3510 3585 et
3552 3532 3757 3601 prodi-

2157 3634 2180 3659 α
2214 3612 2339 3683 giis,
2371 3621 2424 3669 et
2451 3614 2761 3670 virtutibus.
2792 3614 2934 3683 Quid
2962 3623 3044 3670 est
3073 3616 3219 3671 enim
3248 3616 3396 3688 quod
3424 3617 3607 3673 minus
3642 3620 3757 3676 ha-

2156 3720 2178 3750 «
2212 3701 2406 3757 buistis
2449 3719 2565 3774 prae
2591 3704 2805 3760 cateris
2832 3704 3116 3771 Ecclesiis,
3151 3704 3257 3759 nisi
3298 3705 3445 3776 quod
3474 3721 3582 3778 ego
3627 3707 3752 3779 ipse

2154 3811 2176 3836 α
2210 3805 2319 3844 non
2376 3792 2597 3863 gravavi
2644 3792 2794 3847 vos?
2842 3792 3059 3848 Donate
3106 3791 3237 3846 mihi
3281 3792 3422 3849 hanc
3471 3793 3749 3863 injuriam.

2152 3899 2175 3925 ιι
2208 3878 2354 3934 Ecce
2384 3880 2542 3936 tertio
2572 3881 2677 3937 hoc
2704 3888 2924 3952 paratus
2956 3897 3075 3935 sum
3091 3880 3280 3937 venire
3301 3881 3373 3937 ad
3390 3897 3487 3938 vos
3511 3898 3524 3938 :
3549 3889 3605 3938 et
3632 3899 3748 3940 non

2150 3988 2172 4013 α
2208 3982 2300 4021 ero
2329 3968 2512 4040 gravis
2545 3968 2723 4024 vobis.
2772 3969 2897 4024 Non
2953 3968 3098 4025 enim
3153 3985 3337 4041 quaero
3388 3986 3510 4041 quae
3557 3978 3747 4027 vestra

2150 4075 2172 4103 α
2209 4062 2349 4121 sunt,
2383 4058 2480 4111 sed
2510 4073 2628 4113 vos.
2677 4058 2793 4113 Nec
2841 4056 2986 4112 enim
3041 4057 3241 4112 debent
3281 4056 3378 4111 ﬁlii
3421 4059 3747 4129 parentibus

2147 4164 2170 4190 α
2206 4144 2590 4212 thesaurizare,
2624 4146 2721 4201 sed
2750 4153 3000 4217 parentes
3032 4144 3178 4201 ﬁliis.
3210 4146 3332 4218 Ego
3357 4154 3539 4202 autem
3570 4147 3745 4204 liben-

2149 4253 2172 4278 α
2207 4231 2415 4288 tissime
2461 4233 2800 4305 impendam,
2853 4242 2907 4289 et
2950 4234 3407 4305 superimpendar
3451 4250 3558 4308 ego
3619 4236 3746 4308 ipse

2147 4340 2169 4369 α
2202 4336 2303 4390 pro
2331 4321 2619 4378 animabus
2646 4321 2846 4377 vestris
2870 4341 2885 4389 ;
2908 4321 3053 4389 licet,
3086 4321 3210 4393 plus
3232 4338 3330 4379 vos
3360 4322 3613 4395 diligens,
3638 4326 3748 4381 mi-

2146 4428 2169 4458 ι
2202 4424 2303 4463 nus
2332 4408 2557 4483 diligar.
2596 4411 2704 4466 Sed
2733 4418 2868 4467 esto.
2920 4412 3041 4483 Ego
3071 4427 3169 4467 vos
3200 4426 3312 4467 non
3350 4411 3594 4484 gravavi,
3635 4415 3742 4471 sed

2143 4518 2165 4542 α
2202 4511 2324 4551 cum
2354 4513 2535 4553 essem
2576 4498 2808 4555 19⁸7
2848 4506 3078 4568 astutus,
3111 4499 3239 4554 dolo
3266 4515 3365 4556 vos
3410 4500 3552 4571 coepi
3579 4501 3747 4558 Nun-

443 4590 520 4645 ibi
557 4590 859 4662 imperavit,
909 4589 998 4646 hic
1044 4588 1388 4660 praepositus,
1440 4588 1738 4643 conductus
1784 4604 1948 4659 prece
1988 4592 2114 4653 etD
2148 4606 2169 4631 α
2207 4584 2356 4655 quid,
2388 4602 2489 4657 per
2516 4586 2752 4658 aliquem
2782 4602 2973 4643 eorum
3003 4602 3141 4659 quos
3175 4587 3299 4642 misi
3336 4588 3405 4643 ad
3434 4604 3551 4654 vos,
3604 4605 3741 4646 cur-

444 4678 618 4750 pretio
645 4678 977 4744 Judaeorum,
998 4678 1347 4734 custodiebat
1375 4677 1664 4733 civitatem
1679 4677 2042 4733 Damasceno-

449 4783 588 4835 rum,
620 4771 686 4823 ut
713 4783 802 4822 me
832 4766 1346 4837 comprehenderet.
1381 4765 1579 4819 Paulus
1613 4765 1758 4819 enim
1789 4764 2038 4835 baptiza-

448 4864 535 4910 tus
562 4856 630 4910 ab
659 4855 889 4920 Anania,
921 4854 1235 4925 aliquandiu
1266 4861 1572 4909 remoratus
1602 4853 1870 4921 Damasci,
1898 4852 2040 4907 affir-

448 4943 630 4998 mabat
658 4943 733 4997 ibi
762 4942 818 4997 in
867 4942 1185 5014 Synagoga,
1229 4942 1487 5014 quoniam
1533 4941 1620 4997 hic
1666 4950 1748 4997 est
1792 4941 2037 4997 Christus

445 5032 591 5103 (Act.
625 5045 705 5101 ix,
738 5032 955 5101 22-24),
991 5039 1093 5086 etc.
1128 5029 1247 5099 Quo
1277 5031 1393 5086 zelo
1422 5030 1678 5087 commoti
1703 5029 1874 5085 Judaei
1896 5044 2035 5086 con-

441 5127 708 5175 venerunt
737 5135 859 5175 cum
895 5119 1079 5189 judice
1126 5119 1298 5186 urbis,
1337 5126 1394 5174 ut
1438 5120 1638 5174 Paulus
1668 5118 2033 5190 comprehen-

442 5208 698 5273 deretur,
749 5207 839 5278 qui
889 5224 1015 5263 reus
1060 5216 1225 5264 esset.
1283 5208 1608 5279 Prazpositus
1654 5206 1873 5263 volebat
1943 5220 2033 5262 me

443 5296 929 5367 comprehendere,
971 5301 1027 5353 et
1072 5313 1177 5368 ego
1222 5314 1323 5370 per
1374 5300 1691 5368 fenestram
1729 5297 1791 5350 in
1837 5298 2030 5367 sporta

444 5385 722 5442 demissus
741 5402 867 5443 sum
890 5404 923 5441 a
943 5387 1220 5457 fratribus
1255 5402 1356 5457 per
1379 5401 1611 5441 murum
1637 5383 1854 5455 (domus
1885 5382 2030 5438 enim

436 5473 492 5527 in
524 5489 631 5544 qua
678 5474 1069 5545 hOSpitabatur,
1119 5474 1363 5530 haerebat
1406 5478 1604 5543 muro),
1655 5476 1711 5526 et
1750 5473 1829 5527 sic
1860 5472 2031 5542 eﬂ’ugi

437 5579 645 5619 manus
673 5564 794 5634 ejus
840 5562 1113 5634 praepositi
1144 5563 1289 5632 (Act.
1323 5577 1402 5629 1x,
1438 5562 1550 5629 25).
1583 5561 1705 5615 Νοη
1735 5559 1923 5631 effugit
1969 5566 2030 5615 ut

431 5650 808 5707 reformidaret
847 5652 956 5724 pati
1000 5666 1099 5723 pro
1147 5649 1367 5704 nomine
1411 5648 1644 5715 Christi;
1696 5648 1795 5704 sed
1837 5656 1896 5704 ut
1924 5648 2027 5704 im-

427 5739 668 5811 pleretur
697 5740 846 5814 quod
875 5756 980 5797 vox
1008 5737 1193 5797 divina
1218 5736 1427 5793 dixerat
1462 5735 1531 5793 de
1552 5750 1617 5794 eo
1642 5752 1655 5795 :
1691 5757 1714 5791 ι
1748 5736 1860 5795 Vas
1880 5736 2025 5797 elec-

2142 4691 2166 4722 «
2204 4675 2454 4730 cumveni
2483 4690 2581 4732 vos
2600 4676 2629 4729 Ἰ
2647 4676 2859 4749 Rogavi
2886 4676 3084 4742 Titum,
3116 4684 3170 4731 et
3197 4676 3321 4732 misi
3351 4692 3474 4733 cum
3504 4677 3597 4733 illo
3613 4677 3740 4736 fra-

2144 4783 2167 4808 »
2198 4768 2354 4817 trem.
2411 4763 2666 4836 Nunquid
2716 4765 2866 4819 Titus
2922 4780 3023 4820 vos
3078 4764 3483 4821 circumvenit?
3536 4767 3739 4826 Nonne

2141 4868 2165 4899 ι
2200 4849 2394 4905 eodem
2424 4851 2613 4923 spiritu
2642 4852 3058 4917 ambulavimus,
3092 4867 3275 4909 nonne
3311 4853 3520 4909 eisdem
3564 4856 3740 4912 vesti-

2141 4956 2165 4987 ε
2196 4937 2305 5010 giis
2320 4938 2348 4992 ?
2382 4939 2525 4996 Olim
2552 4941 2750 5011 putatis
2779 4941 2928 5013 quod
2957 4957 3281 4997 excusemus
3300 4957 3401 4997 nos
3421 4942 3568 5013 apud
3584 4958 3687 5000 vos
3707 4945 3737 5000 ?

2140 5049 2162 5079 α
2188 5029 2383 5085 Coram
2405 5029 2521 5084 Deo
2542 5028 2598 5084 in
2617 5029 2835 5085 Christo
2854 5029 3145 5102 loquimur.
3170 5028 3364 5085 Omnia
3386 5039 3587 5099 autem,
3606 5032 3741 5090 cha-

2139 5140 2163 5170 α
2196 5117 2427 5184 rissimi,
2476 5125 2702 5188 propter
2755 5117 3169 5175 aediﬁcationem
3223 5126 3481 5174 vestram.
3537 5119 3734 5179 Timeo

2137 5228 2161 5258 ι
2195 5207 2338 5263 enim
2366 5221 2435 5262 ne
2464 5204 2620 5274 forte,
2653 5222 2777 5264 cum
2803 5223 3024 5275 venero,
3059 5223 3167 5262 non
3191 5207 3378 5278 quales
3409 5208 3535 5264 volo
3565 5208 3733 5268 inve-

2133 5319 2153 5343 ι.
2178 5296 2323 5351 niam
2342 5311 2461 5363 vos,
2484 5303 2537 5350 et
2554 5311 2657 5366 ego
2676 5294 2919 5351 inveniar
2936 5311 2971 5350 a
2988 5295 3164 5362 vobis,
3181 5296 3398 5368 qualem
3418 5312 3527 5352 non
3540 5297 3731 5368 vultis,

2133 5404 2156 5435 α
2190 5400 2260 5440 ne
2298 5383 2434 5440 forte
2461 5383 2854 5454 contentiones,
2886 5384 3278 5451 aemulationes,
3325 5384 3727 5460 animositates,

2130 5496 2152 5520 «ι
2190 5472 2582 5539 dissensiones,
2614 5472 3010 5542 detractiones,
3045 5473 3464 5538 susurrationes,
3492 5473 3731 5533 inﬂatio-

2130 5584 2152 5609 α
2186 5577 2306 5631 nes,
2339 5561 2654 5628 seditiones,
2687 5560 2793 5615 sint
2822 5560 2962 5616 inter
2988 5577 3107 5628 vos,
3127 5578 3197 5617 ne
3226 5561 3443 5632 iterum,
3473 5578 3598 5618 cum
3622 5581 3728 5622 ve-

2129 5670 2153 5701 ι
2184 5665 2339 5718 nero,
2363 5649 2611 5705 humiliet
2628 5665 2717 5705 me
2738 5650 2887 5706 Deus
2906 5650 3051 5721 apud
3069 5666 3187 5716 vos,
3213 5657 3266 5705 et
3286 5650 3505 5724 lugeam
3521 5653 3731 5712 multos

2128 5759 2151 5790 ι
2186 5754 2253 5796 ex
2278 5737 2366 5795 his
2394 5736 2484 5809 qui
2510 5745 2635 5796 ante
2654 5746 3040 5813 peccaverunt,
3072 5746 3126 5799 et
3154 5753 3265 5799 non
3284 5748 3520 5814 egerunt
3536 5742 3729 5817 pani-
