3948 6420
122 299 224 357 273

781 294 1166 354 EXPOSITIO
1204 297 1280 354 IN
1314 294 1700 355 EPISTOLAS
1736 296 1962 357 PAULI.
1994 330 2064 342 —
2094 301 2170 357 IN
2196 301 2414 358 EPIST.
2448 303 2498 357 II
2534 303 2629 359 AD
2676 301 2839 359 COR.

3369 306 3475 363 27L

133 445 157 475 ι
187 419 440 480 tentiam
470 437 636 495 super
652 421 992 480 immunditia
1019 430 1074 480 et
1127 422 1499 491 fornicatione,
1560 429 1612 479 et
1646 421 1754 476 im-
1774 424 1831 485 A
1862 423 2155 481 Cherubim
2183 434 2238 482 et
2259 427 2563 500 Seraphim,
2599 428 2787 485 dicens
2818 427 3063 485 ordinem
3095 427 3345 485 certium.
3403 428 3473 484 Et

148 533 171 566 ι
202 510 479 588 pudicitia
509 528 673 586 quam
704 521 1014 587 gesserunt.
1055 536 1078 562 υ

800 731 1120 776 EXPOSI’I‘IO.

225 877 510 935 Gloriatus
540 893 660 933 sum
691 876 946 949 superius
976 876 1046 932 de
1074 875 1211 933 meis
1240 874 1667 932 inﬁrmitatibus.
1703 877 1766 934 Si

155 967 354 1024 iterum
381 967 620 1040 gloriari
647 970 867 1040 oportet
898 965 1059 1036 (sicut
1086 964 1272 1037 utique
1301 972 1527 1037 propter
1555 964 1765 1037 pseudo

156 1063 529 1128 Opportunum
558 1062 660 1111 est.
690 1054 1080 1126 Interpositio),
1103 1053 1151 1109 si
1180 1061 1416 1125 oportet,
1448 1070 1565 1110 non
1595 1070 1766 1126 expe-

155 1146 241 1201 dit
270 1144 519 1218 quidem,
552 1143 607 1198 id
636 1152 719 1200 est
747 1159 836 1198 me
864 1142 922 1197 in
950 1142 1101 1198 nullo
1131 1141 1259 1198 facit
1287 1142 1601 1213 expeditum
1648 1142 1767 1199 haec

153 1233 354 1307 gloria.
374 1233 452 1303 Si,
472 1233 716 1305 inquam,
736 1233 1214 1304 oportet,veniam
1245 1231 1317 1287 ad
1339 1232 1604 1296 visiones,
1630 1238 1760 1298 etc.;

156 1329 250 1378 aut
273 1321 530 1393 jungitur
560 1321 635 1375 ibi
670 1336 683 1375 :
717 1321 841 1377 Lice
872 1327 1133 1393 quantum
1182 1319 1253 1375 ad
1302 1335 1391 1375 me
1438 1335 1546 1375 non
1594 1335 1765 1392 expe-

157 1410 290 1480 diat,
323 1418 512 1466 tamen
540 1410 753 1465 veniam
782 1409 852 1465 ad
908 1409 1151 1465 visiones
1181 1415 1232 1464 et
1261 1408 1626 1464 revelationes
1656 1410 1766 1465 Do-

154 1500 321 1566 mini,
361 1508 415 1555 et
442 1499 499 1555 in
528 1498 640 1554 illis
669 1498 971 1572 gloriabor.
1007 1496 1259 1553 Visiones
1288 1496 1417 1554 dicit
1447 1504 1500 1564 et
1545 1496 1766 1553 revela-

156 1588 355 1658 tiones,
392 1587 518 1660 quia
549 1588 694 1660 quod
722 1587 856 1643 vidit
903 1584 1204 1642 revelatum
1258 1592 1342 1641 est
1398 1586 1515 1656 ejus
1569 1585 1766 1659 cogni-

155 1676 324 1743 tioni;
366 1677 464 1731 sed
517 1676 734 1748 quidam
794 1675 1100 1731 habuerunt
1142 1674 1403 1745 visiones,
1456 1682 1513 1730 ut
1560 1675 1767 1730 Pharao

1867 512 1922 568 in
1978 522 2179 586 quanta
2236 516 2570 587 perfectione
2627 518 2714 573 hic
2766 517 2958 573 tertius
3028 518 3164 573 ordo
3236 517 3475 573 intuetur

1868 602 2074 668 Deum,-
2092 610 2200 658 tam
2229 604 2468 675 perfecte
2497 606 2695 660 Paulus
2724 606 2859 662 vidit
2887 615 2941 662 et
2970 606 3226 680 cognovit
3272 621 3476 663 arcana

1868 691 1990 747 Dei.
2012 691 2110 747 Vel
2139 693 2298 749 aliter
2332 710 2343 748 :
2379 695 2448 750 Ut
2478 694 2725 750 dicamus
2741 695 2977 767 primum
3007 695 3244 752 198
3274 695 3474 752 coelum

1868 794 2166 852 corporeas
2222 782 2347 838 coeli
2394 790 2695 851 creaturas,
2728 783 2923 851 solem,
2973 784 3180 852 lunam,
3215 792 3343 852 etc.;
3377 800 3473 841 se-

1868 868 2109 925 cundum
2139 870 2357 939 coelum,
2391 870 2769 943 incorporeas,
2802 881 2861 928 ut
2918 873 3144 945 angelos
3178 892 3194 941 ;
3254 873 3476 929 tertium

1868 958 2090 1027 coelum,
2132 959 2372 1017 divinam
2419 961 2735 1029 essentiam,
2788 962 2858 1017 ad
2904 962 3059 1031 cujus
3107 962 3475 1035 cognitionem

1868 1056 2056 1119 raptus
2086 1057 2169 1104 est
2200 1049 2420 1105 Paulus.
2456 1050 2581 1107 Scio
2610 1051 2770 1106 etiam
2818 1050 3095 1107 hominem
3141 1051 3473 1121 hujusmodi,

1867 1137 1980 1192 sive
2009 1139 2071 1193 in
2102 1155 2331 1211 corpore
2351 1141 2466 1196 sive
2488 1144 2657 1195 extra
2675 1156 2895 1213 corpus,
2918 1143 3127 1206 nescio,
3160 1141 3305 1197 Deus
3325 1142 3474 1209 scit;

1864 1226 1968 1281 hoc
2000 1226 2115 1282 scio
2148 1229 2435 1301 quoniam,
2469 1228 2525 1283 id
2555 1236 2637 1284 est
2668 1229 2833 1300 quod,
2856 1233 3057 1302 raptus
3078 1230 3237 1285 estin
3251 1229 3478 1303 paradi-

1863 1331 2011 1381 sum,
2044 1315 2099 1369 id
2130 1323 2213 1370 est
2246 1316 2301 1370 in
2334 1324 2444 1371 tam
2492 1316 2813 1372 deliciosam
2872 1317 3108 1389 quietem
3168 1317 3366 1373 mentis
3421 1325 3479 1373 ut

1867 1403 2002 1457 nihil
2029 1404 2257 1459 sentiret
2284 1421 2500 1460 carnem
2529 1405 2709 1461 molis.
2744 1405 3041 1461 Paradisus
3088 1406 3233 1462 enim
3281 1406 3480 1463 dicitur

1867 1492 2059 1548 hortus
2090 1493 2436 1549 deliciarum.
2469 1495 2540 1550 Et
2569 1494 2656 1551 hic
2686 1495 2869 1561 homo,
2896 1495 2970 1550 ita
2998 1503 3209 1567 raptus,
3256 1496 3477 1552 audivit

1867 1597 2082 1637 arcana
2104 1583 2269 1638 verba
2289 1600 2409 1656 qua:
2431 1600 2545 1640 non
2570 1585 2702 1640 licet
2725 1583 2942 1640 homini
2967 1585 3134 1657 loqui,
3155 1584 3210 1639 id
3226 1592 3308 1640 est
3329 1600 3471 1656 quae,

1861 1671 2016 1740 juxta
2047 1671 2192 1742 quod
2223 1672 2387 1727 homo
2417 1679 2517 1741 est,
2554 1688 2717 1728 nemo
2746 1672 3057 1746 intelligere
3088 1672 3303 1730 sufﬁcit.
3335 1672 3478 1729 Dicit

154 1774 207 1823 et
233 1765 775 1833 Nabuchodonosor,
810 1780 910 1820 nec
942 1763 1423 1821 tamen.visionum
1470 1763 1764 1820 revelatio-
1788 1784 1839 1845 B
1868 1759 2058 1815 beatus
2086 1761 2423 1833 Augustinus
2456 1762 2573 1818 haec
2602 1776 2802 1817 arcana
2832 1777 2955 1817 esse
2988 1763 3135 1834 quod
3175 1762 3307 1818 vidit
3335 1776 3471 1835 quo-

154 1871 272 1911 nes.
301 1855 465 1911 Nunc
492 1853 561 1910 de
594 1870 653 1910 se
696 1852 973 1925 loquendo
1027 1869 1126 1925 per
1181 1852 1398 1908 tertiam
1454 1868 1763 1924 personam,

155 1942 397 2001 visiones
430 1950 671 2009 enarrat,
705 1942 894 1998 dicens
929 1960 942 1997 :
976 1942 1098 1999 Scio
1126 1941 1412 1998 hominem
1462 1942 1572 2011 (me
1614 1941 1766 1999 scili-

155 2033 259 2104 cet)
286 2032 530 2104 positum
544 2034 607 2088 in
639 2032 881 2097 Christo,
913 2035 1166 2103 raptum,
1202 2038 1332 2099 etc.;
1357 2038 1409 2086 et
1438 2030 1543 2086 hoc
1565 2029 1767 2087 factum

156 2130 237 2177 est
255 2126 396 2177 ante
416 2137 601 2177 annos
623 2120 1068 2194 quatuordecim,
1092 2136 1236 2176 nunc
1256 2126 1587 2176 transactos.
1605 2118 1764 2189 Quod

151 2218 229 2265 tot
255 2210 416 2265 annis
444 2209 680 2278 reticuit,
712 2209 954 2265 nondum
977 2208 1236 2280 aperiret,
1284 2208 1389 2263 nisi
1419 2215 1765 2280 contemptus

154 2298 235 2356 sui
259 2298 549 2354 ministerii
608 2313 733 2355 eum
783 2298 1139 2353 vehementer
1189 2304 1431 2368 urgeret.
1492 2300 1758 2369 Raptum,

152 2390 263 2444 sive
291 2389 357 2444 in
387 2402 621 2460 corpore
650 2388 858 2452 nescio,
886 2387 1001 2443 sive
1029 2390 1203 2442 extra
1259 2402 1461 2459 corpus
1519 2393 1757 2457 raptum,

149 2478 355 2543 nescio,
391 2478 541 2533 Deus
569 2478 698 2533 scit.
733 2476 791 2532 Si
821 2475 1020 2531 Paulus
1049 2474 1104 2529 in
1126 2490 1352 2547 corpore
1372 2483 1561 2547 raptus
1590 2475 1759 2531 estad

151 2566 288 2622 hanc
316 2565 610 2632 visionem,
643 2579 845 2636 corpus
884 2563 1106 2636 quidem
1135 2563 1383 2620 localiter
1411 2572 1620 2619 motum
1648 2580 1760 2621 non

154 2663 233 2710 est
258 2674 274 2723 ;
305 2655 410 2711 sed
442 2653 644 2721 anima,
678 2668 799 2726 quae
827 2652 882 2707 in
909 2668 1078 2709 carne
1109 2652 1390 2724 premitur,
1421 2653 1759 2710 incarcerata

150 2743 291 2800 mole
320 2743 526 2810 carnis,
581 2743 657 2798 ita
684 2749 744 2797 ut
771 2741 904 2797 nihil
949 2741 1162 2808 sentiat,
1215 2741 1321 2797 nisi
1372 2742 1524 2813 prius
1570 2741 1756 2815 aliquo

149 2848 311 2888 sensu
356 2846 633 2904 corporeo
680 2830 932 2898 excitata,
983 2830 1164 2886 anima
1210 2830 1431 2903 quidem
1476 2830 1636 2900 hujus
1683 2831 1756 2886 ita

148 2921 394 2993 expedita
421 2919 528 2976 fuit
554 2920 610 2975 in
636 2927 907 2999 tempore.
931 2919 1047 2988 ejus
1103 2918 1455 2995 revelationis
1508 2926 1567 2975 ut
1620 2918 1754 2975 nihil

152 3010 373 3066 sentiret
405 3025 624 3066 carnem
652 3008 812 3064 molis
836 3027 851 3076 ;
882 3008 1061 3080 ipsum
1089 3015 1269 3064 autem
1294 3024 1496 3080 corpus
1524 3008 1600 3063 ita
1628 3024 1751 3065 cre-

147 3097 287 3155 ditur
341 3105 714 3170 temperatum
774 3104 833 3152 ut
887 3096 1035 3152 nullo
1064 3097 1310 3169 pondere
1339 3096 1425 3152 sui
1454 3097 1750 3170 agilitatem

146 3187 335 3243 animae
390 3186 758 3260 perturbaret.
821 3185 877 3241 Si
924 3200 1057 3242 vero
1111 3192 1263 3241 extra
1317 3201 1514 3258 corpus
1570 3186 1752 3242 anima

153 3276 388 3348 quidem,
449 3275 627 3331 libera
654 3273 896 3346 pondere
953 3273 1152 3339 carnis,
1214 3290 1323 3347 quo
1379 3275 1527 3330 Deus
1556 3274 1746 3343 voluit,

146 3365 314 3438 potuit
363 3364 514 3431 duci,
574 3363 671 3419 sed
728 3363 843 3419 sive
897 3362 1002 3420 alio
1059 3363 1224 3419 ducta
1280 3363 1370 3431 sit,
1402 3362 1516 3420 sive
1544 3363 1749 3420 ibidem

147 3454 468 3520 subsisterit,
504 3451 639 3507 nihil
669 3451 914 3523 impedit,
948 3451 1073 3524 quia
1103 3459 1398 3525 postquam
1441 3467 1552 3508 non
1579 3452 1749 3508 sensit

146 3543 342 3600 molem
372 3541 560 3600 carnis
589 3557 654 3600 ex
683 3540 958 3596 voluntate
1006 3540 1128 3611 Dei,
1186 3540 1373 3597 videre
1418 3540 1593 3612 potuit
1621 3557 1747 3598 eum

149 3649 304 3705 quem
333 3633 390 3688 in
423 3631 608 3687 futuro
639 3629 843 3686 videbit
872 3628 1029 3685 sicuti
1060 3636 1162 3685 est.
1222 3630 1513 3687 Hominem
1543 3630 1747 3702 hujus-

148 3722 292 3779 modi
320 3721 438 3779 scio
467 3723 704 3793 raptum
733 3734 908 3791 usque
939 3719 1012 3774 ad
1042 3720 1281 3775 tertium
1311 3720 1533 3788 caelum,
1578 3718 1633 3774 id
1663 3727 1746 3774 est

148 3826 313 3883 usque
342 3810 412 3866 ad
441 3808 585 3865 tertii
614 3807 823 3864 ordinis
851 3807 1139 3864 visionem.
1174 3806 1324 3863 Visio
1364 3807 1563 3863 caelum
1610 3806 1747 3864 dici-

149 3907 247 3965 tur,
281 3899 410 3973 quia
438 3897 687 3971 pluribus
717 3895 941 3964 celatur,
982 3896 1171 3968 paucis
1202 3896 1466 3968 aperitur.
1504 3896 1747 3952 Primum

149 3988 357 4056 omlum,
392 3989 448 4043 in
478 3994 566 4043 est
593 3985 772 4058 prima
797 3985 936 4041 visio
967 3985 1178 4053 dicitur,
1214 4002 1319 4058 qua
1346 3987 1496 4041 Deus
1549 4001 1745 4058 corpo-

147 4077 320 4134 raliter
347 4075 592 4134 ostendit
619 4074 804 4147 aliqua
833 4083 1049 4130 secreta
1080 4094 1094 4141 ;
1128 4082 1186 4130 ut
1216 4074 1464 4130 Gedeoni
1511 4074 1567 4129 in
1596 4074 1745 4132 sicco

146 4166 340 4224 vellere
369 4175 425 4222 et
453 4164 679 4222 madida
717 4179 843 4220 area
874 4164 1023 4234 (Iud.
1057 4179 1134 4232 vr,
1167 4164 1279 4235 38),
1313 4171 1367 4219 et
1420 4164 1745 4220 Machabaeis

146 4254 231 4326 qui
259 4255 515 4311 viderunt
563 4252 765 4325 ignitas
812 4252 959 4308 acies
1013 4252 1071 4306 in
1126 4268 1271 4318 aere,
1328 4251 1746 4325 prmfigurantes

146 4342 333 4399 bellum
365 4344 439 4413 (ΙΙ
465 4341 668 4408 Mach.,
710 4358 767 4408 v,
826 4344 905 4413 2).
969 4340 1279 4397 Secundum
1327 4341 1547 4408 coelum,
1577 4341 1629 4396 id
1663 4349 1745 4397 est

148 4431 373 4489 secunda
401 4431 549 4488 visio
571 4438 655 4486 est
686 4431 926 4502 quando,
958 4445 1068 4485 non
1105 4446 1204 4501 per
1232 4446 1348 4486 rem
1398 4445 1740 4502 corpoream,

1868 1849 2032 1904 modo
2060 1849 2294 1904 Trinitas
2322 1850 2377 1905 in
2407 1850 2645 1921 Unitate,
2680 1850 2870 1907 Unitas
2902 1858 3049 1907 esset
3091 1850 3146 1905 in
3193 1850 3471 1908 Trinitate.

1868 1938 1935 1993 Et
1960 1954 2062 2011 pro
2096 1939 2375 2010 ejusmodi
2404 1939 2624 1995 homine
2655 1939 2746 2012 qui
2772 1940 2851 1996 sic
2880 1947 3068 2012 raptus
3124 1939 3316 1996 audire
3356 1956 3472 1996 me-

1867 2027 1975 2082 ruit
2004 2029 2307 2099 gloriabor,
2340 2029 2435 2084 sed
2459 2045 2565 2100 pro
2604 2045 2714 2097 me,
2748 2029 2803 2084 id
2858 2036 2941 2085 est
2972 2029 3274 2085 secundum
3328 2029 3477 2086 vires

1868 2131 2024 2171 meas
2055 2116 2206 2173 nihil
2236 2133 2475 2188 unquam
2497 2117 2794 2189 gloriabor,
2827 2119 2943 2174 nisi
2972 2119 3035 2173 in
3062 2121 3203 2173 meis
3232 2118 3479 2189 inﬁrmi-

1870 2206 2103 2262 tatibus.
2138 2206 2268 2261 Ideo
2300 2206 2424 2262 dico
2454 2207 2756 2279 gloriabor.
2793 2208 2936 2264 Nam
2967 2208 3086 2279 etsi
3107 2209 3330 2264 voluero
3359 2208 3475 2279 glo-

1868 2294 2031 2366 riari,
2065 2295 2180 2351 sive
2209 2295 2262 2350 in
2295 2294 2714 2351 revelationibus
2743 2295 2886 2364 allis,
2921 2297 3035 2353 sive
3074 2296 3129 2351 in
3186 2294 3475 2351 inﬁrmita-

1866 2384 2012 2440 tibus
2038 2383 2196 2451 meis,
2231 2402 2348 2441 non
2380 2401 2475 2441 ero
2504 2386 2805 2459 insipiens.
2837 2386 2966 2441 Ideo
3014 2387 3145 2459 quia
3174 2386 3475 2442 veritatem

1864 2472 1919 2528 in
1951 2473 2202 2529 omnibus
2230 2474 2457 2541 dicam,-
2487 2474 2587 2530 sed
2614 2490 2791 2547 neque
2820 2475 2925 2530 hoc
2955 2474 3134 2531 adhuc
3163 2473 3383 2543 sufficit,
3414 2482 3474 2531 ut

1864 2563 1933 2618 de
1961 2562 2106 2618 omni
2135 2562 2361 2618 veritate
2392 2562 2553 2619 liceat
2583 2563 2829 2636 gloriari,
2863 2563 3175 2618 addendum
3207 2570 3289 2618 est
3340 2563 3471 2636 quia

1866 2659 1919 2708 et
1949 2651 2230 2708 veritatem
2265 2650 2466 2719 dicam,
2510 2659 2564 2707 et
2619 2652 2689 2707 ad
2746 2650 3156 2708 aediﬁcationem
3209 2652 3475 2710 Ecclesiae

1863 2757 1965 2813 per
1992 2741 2096 2797 hoc
2116 2738 2420 2812 proﬁciam.
2456 2738 2615 2809 Quod
2644 2740 2789 2795 idem
2816 2740 2873 2795 in
2905 2740 3257 2812 sequentibus
3286 2741 3470 2813 ponit:

1863 2830 1935 2885 Et
1963 2829 2089 2885 licet
2104 2830 2173 2884 ita
2193 2828 2401 2900 possim
2417 2828 2659 2903 gloriari,
2686 2832 2880 2885 tamen
2899 2845 3090 2902 parco,
3115 2829 3167 2884 id
3199 2839 3282 2885 est
3300 2844 3468 2901 parce

1863 2918 1932 2974 de
1964 2917 2137 2990 gloria
2166 2916 2371 2986 refero,
2403 2935 2475 2974 ne
2502 2921 2651 2991 forte
2682 2920 2806 2991 quis
2850 2919 3147 2975 existimet
3198 2935 3288 2974 me
3344 2935 3471 2975 esse

1862 3024 2035 3080 supra
2064 3007 2123 3063 id
2151 3007 2294 3080 quod
2319 3006 2471 3063 videt
2495 3008 2560 3062 in
2579 2998 2691 3063 me:
2713 3006 2873 3063 Videt
2903 3007 3048 3063 enim
3077 3023 3163 3063 me
3192 3008 3467 3063 hominem

1863 3096 2099 3152 miseriis
2127 3112 2420 3168 pressum;
2471 3095 2569 3152 sed
2613 3096 2737 3168 quia
2783 3112 2850 3151 ex
2898 3096 3069 3152 altera
3117 3103 3272 3168 parte
3319 3095 3471 3153 videt

1854 3202 1956 3257 per
1985 3201 2073 3241 me
2104 3183 2222 3240 ﬁeri
2251 3184 2531 3252 miracula,
2566 3193 2715 3257 putat
2737 3186 2805 3241 de
2836 3202 2924 3241 me
2955 3202 3121 3257 supra
3149 3185 3463 3241 humanita-

1859 3282 1969 3330 tem
2006 3290 2166 3347 quam
2197 3273 2345 3330 videt
2374 3273 2430 3328 in
2486 3290 2595 3343 me,
2657 3281 2715 3330 ut
2769 3274 2849 3329 illi
2894 3274 2987 3346 qui
3045 3274 3332 3330 voluerunt
3385 3274 3467 3331 illi

1857 3372 2184 3420 construere
2216 3378 2341 3419 aras
2371 3363 2517 3434 (Act.
2550 3378 2669 3431 xxv,
2708 3366 2818 3435 12).
2864 3364 2951 3421 Vel
2981 3362 3251 3419 existimet
3280 3363 3348 3419 de
3377 3380 3465 3420 me

1856 3467 2020 3524 supra
2049 3452 2104 3507 id
2134 3452 2277 3525 quod
2305 3452 2471 3507 audit
2499 3468 2573 3508 ex
2591 3468 2697 3519 me,
2717 3468 2877 3523 quem
2895 3451 3044 3506 audit
3059 3451 3230 3519 sitire,
3250 3452 3459 3525 algere,

1853 3540 2066 3597 caeteris
2116 3540 2351 3596 miseriis
2398 3540 2788 3610 subjacentem.
2840 3541 3011 3596 Pareo
3060 3539 3279 3612 quidem
3328 3540 3458 3612 glo-

1853 3629 2003 3695 riari,
2039 3636 2091 3685 et
2109 3629 2249 3685 bene
2267 3628 2429 3697 facio,
2455 3629 2582 3701 quia
2601 3646 2673 3686 ne
2693 3630 3026 3700 magnitudo
3048 3630 3461 3685 revelationum

1852 3720 2100 3775 extollat
2128 3736 2217 3775 me
2246 3718 2301 3773 in
2331 3718 2666 3789 superbiam,
2700 3719 2869 3775 datus
2899 3722 2984 3775 est
3012 3719 3158 3774 mihi
3185 3719 3459 3775 stimulus

1850 3810 2043 3865 carnis
2072 3824 2230 3874 mex,
2266 3807 2472 3864 scilicet
2500 3808 2757 3879 angelus,
2784 3807 2837 3862 id
2860 3814 2940 3863 est
2959 3807 3173 3879 legatus
3205 3808 3456 3875 Saturus,

1847 3897 2107 3969 principis
2135 3896 2530 3953 daemoniorum
2562 3914 2577 3964 ;
2611 3912 2775 3968 quem
2807 3896 3032 3952 immisit
3062 3900 3126 3953 ut
3157 3912 3247 3952 me
3304 3897 3459 3953 cola-

1844 3986 2059 4059 phizet,
2091 3986 2147 4041 id
2176 3995 2256 4042 est
2287 3994 2364 4053 ut,
2399 3985 2450 4041 si
2508 4002 2575 4041 ex
2630 3986 3003 4058 magnitudine
3061 3984 3456 4042 revelationum

1842 4076 2059 4148 erigere
2088 4075 2366 4132 cervicem
2398 4075 2548 4143 volo,
2582 4076 2874 4147 colaphum
2918 4075 3143 4131 incutiat
3188 4075 3454 4144 tentatio;

1842 4172 1895 4219 et
1924 4165 2004 4220 sic
2056 4164 2204 4236 quod
2265 4164 2505 4220 Satanas
2549 4164 2802 4237 intelligit
2831 4164 2901 4220 ad
2939 4180 3180 4237 pcnnam,
3215 4164 3458 4236 disponit

1844 4252 1977 4308 mihi
2006 4254 2151 4308 Deus
2182 4253 2251 4309 ad
2279 4252 2694 4324 perfectionem.

1917 4341 2149 4410 Quidam
2176 4341 2364 4397 dicunt
2393 4358 2494 4413 per
2524 4341 2797 4397 stimulum
2844 4341 3047 4411 carnis,
3096 4356 3457 4413 quascunque

1845 4430 2173 4485 tentationes
2220 4428 2486 4501 intelligi;
2536 4429 2627 4484 alii
2683 4429 2857 4485 solum
2919 4429 3271 4485 tentationem
3322 4428 3454 4485 libi-

148 4520 236 4575 sed
262 4537 361 4592 per
387 4520 689 4592 imaginem
716 4518 919 4591 aliquid
948 4518 1271 4584 ostenditur,
1305 4525 1362 4573 ut
1394 4518 1554 4574 beato
1583 4520 1745 4575 Petro
1764 4517 1818 4577 D
1848 4519 2017 4574 dinis.
2058 4521 2299 4592 Pr0pter
2328 4518 2493 4591 quod,
2525 4517 2580 4573 id
2611 4525 2693 4573 est
2726 4517 2852 4589 quia
2882 4518 3113 4573 Satanas
3149 4517 3456 4589 colaphizat

147 4606 401 4681 imagines
431 4608 679 4667 omnium
710 4606 977 4678 reptilium
1024 4614 1286 4663 ostensae
1320 4615 1463 4677 sunt,
1525 4606 1743 4680 quando

147 4695 332 4753 dictum
363 4706 449 4754 est
481 4699 533 4753 ei
569 4712 582 4751 :
620 4719 643 4745 ιι
692 4697 867 4752 Macta
896 4703 950 4752 et
979 4696 1248 4753 manduca
1276 4695 1425 4768 (Act.
1458 4712 1518 4762 x,
1552 4698 1679 4768 ll);
1716 4718 1738 4747 ι

150 4801 363 4857 quarum
423 4786 729 4860 imaginum
779 4801 871 4840 res
928 4784 1002 4839 ibi
1074 4800 1186 4840 non
1255 4791 1438 4841 erant.
1502 4785 1743 4841 Tertium

150 4874 351 4943 malum,
391 4875 450 4932 id
481 4883 569 4932 est
625 4874 783 4930 tertia
837 4873 975 4930 visio
1030 4873 1225 4930 dicitur
1281 4873 1393 4941 illa,
1454 4889 1486 4928 a
1536 4874 1742 4930 duabus

150 4964 401 5032 pradicas
436 4964 682 5030 diversa,
742 4963 961 5035 quando
1008 4979 1187 5035 neque
1238 4979 1338 5034 per
1381 4979 1518 5031 rem,
1562 4979 1741 5035 neque

149 5066 236 5121 per
260 5053 555 5126 imaginem
583 5052 664 5108 rei
694 5052 1000 5108 ostenditur
1030 5071 1045 5119 ;
1085 5052 1186 5107 sed
1224 5052 1383 5107 sicuti
1430 5052 1740 5124 proprietas

151 5140 222 5196 rei
245 5151 341 5213 est,
374 5141 614 5214 simplici
643 5140 871 5197 veritate
897 5140 1160 5213 aperitur.
1193 5141 1263 5196 Et
1292 5140 1397 5197 hoc
1425 5141 1587 5197 tertio
1615 5156 1739 5198 mo-

153 5222 214 5278 do
238 5226 517 5283 manifesta
549 5233 676 5281 sunt
704 5225 872 5281 Paulo
902 5241 1109 5282 arcana
1136 5225 1259 5293 Dei,
1309 5240 1418 5281 non
1446 5242 1543 5297 per
1601 5242 1734 5296 rem,

152 5326 306 5385 neque
333 5332 432 5386 per
462 5315 783 5387 imaginem.

213 5402 303 5458 Vel
327 5404 481 5460 aliter
516 5420 529 5458 :
566 5403 719 5461 Sicut
745 5402 1043 5475 Dionysius
1066 5402 1403 5475 AreOpagita
1430 5418 1629 5459 novem
1658 5418 1739 5459 or-

153 5488 289 5546 dines
317 5494 642 5565 angelorum
674 5491 729 5546 in
760 5500 872 5547 tres
903 5491 1127 5565 redigit,
1162 5492 1412 5565 angelos,
1446 5494 1741 5565 archange-

152 5576 241 5646 los,
268 5581 485 5638 virtutes
515 5582 710 5639 dicens
741 5581 977 5653 primum
1006 5597 1130 5637 esse
1185 5580 1469 5649 ordinem;
1528 5581 1736 5653 princi-

152 5674 307 5741 patus,
334 5679 649 5743 potestates,
680 5670 1085 5729 dominationes
1111 5670 1448 5740 secundum;
1478 5671 1729 5739 thronos,

1843 4625 1950 4677 me,
1984 4608 2174 4679 rogavi
2196 4608 2504 4663 Dominum
2537 4611 2624 4663 ter
2647 4605 2878 4677 (finitum
2909 4622 3011 4678 pro
3040 4604 3272 4676 inﬁnito)
3292 4606 3345 4660 id
3369 4614 3456 4662 est

1840 4696 2230 4768 multipliciter,
2268 4700 2333 4751 ut
2366 4696 2456 4751 hic
2486 4695 2716 4767 angelus
2734 4696 3043 4751 discederet
3064 4713 3099 4750 a
3121 4711 3242 4762 me;
3263 4699 3321 4751 et
3338 4696 3452 4751 Do-

1839 4786 2021 4840 minus
2052 4786 2205 4842 dixit
2236 4784 2379 4841 mihi
2406 4784 2657 4857 roganti:
2683 4783 2824 4852 Quia
2866 4784 2941 4839 ila
2983 4784 3226 4850 tentaris,
3259 4784 3447 4855 Paule,

1841 4875 1945 4931 hoc
1973 4882 2056 4930 est
2082 4874 2262 4947 gratia
2288 4890 2450 4942 mea;
2469 4882 2522 4929 et
2544 4875 2663 4930 haec
2682 4874 2872 4947 gratia
2895 4873 3117 4945 sufﬁcit
3143 4874 3264 4943 tibi,
3288 4872 3343 4927 id
3365 4882 3453 4930 est

1841 4973 1924 5021 est
1955 4964 2049 5019 tibi
2099 4963 2372 5020 sufﬁciens
2416 4964 2488 5019 ad
2535 4963 2793 5030 salutem;
2845 4963 2891 5017 si
2921 4962 3063 5019 enim
3097 4963 3216 5019 haec
3244 4962 3448 5035 gratia,

1842 5053 2047 5109 scilicet
2104 5052 2351 5109 custodia
2402 5052 2757 5120 humilitatis,
2811 5051 2909 5107 tibi
2956 5052 3210 5119 deesset,
3270 5051 3451 5108 omnis

1839 5142 2017 5215 gratia
2047 5142 2142 5196 tibi
2174 5141 2374 5197 collata
2415 5141 2564 5196 irrita
2593 5139 2747 5197 foret.
2796 5141 2946 5208 Hinc,
2980 5141 3224 5213 inquam,
3276 5141 3455 5214 gratia

1840 5230 2055 5287 sufﬁcit.
2084 5232 2226 5287 Nam
2254 5230 2434 5286 omnis
2464 5233 2647 5286 virtus
2669 5230 2968 5302 perﬁcitur
2989 5232 3051 5286 in
3072 5231 3440 5300 inﬁrmitate,

1839 5320 1979 5375 bene
2027 5320 2278 5376 tolerata.
2342 5320 2527 5375 Virtus
2558 5319 2702 5375 enim
2734 5335 2856 5391 qua:
2886 5319 3052 5374 habet
3082 5318 3455 5375 infirmitatem

1839 5409 2182 5475 contrariam,
2208 5424 2333 5464 cum
2369 5425 2475 5481 qua
2508 5408 2751 5481 legitime
2791 5416 2964 5464 certet
2984 5416 3040 5463 ut
3060 5417 3252 5479 postea
3282 5424 3449 5465 coro-

1838 5506 2022 5563 netur,
2070 5498 2315 5569 perfecta
2344 5507 2446 5553 est.
2482 5498 2774 5568 Hucusque
2805 5497 2977 5553 verba
3010 5496 3248 5567 Domini,
3301 5514 3448 5554 nunc

1840 5586 1992 5642 Pauli
2024 5604 2038 5641 :
2074 5586 2213 5655 Quia
2245 5587 2416 5642 virtus
2459 5586 2741 5658 perficitur
2786 5586 2843 5639 in
2888 5584 3233 5652 infirmitate,
3266 5587 3449 5658 igitur

1842 5677 2085 5735 libenter
2110 5675 2311 5733 amodo
2338 5676 2621 5751 gloriabor
2648 5677 2711 5731 in
2729 5674 3166 5745 inﬁrmitatibus
3194 5676 3354 5742 meis,
3380 5678 3446 5731 ut
