3948 6412
511 340 619 395 275

1075 340 1130 395 S.
1166 337 1519 395 BRUNONIS
1557 335 2206 395 CARTHUSIANORUM
2242 334 2722 393 INSTITUTORIS
2761 336 2913 393 OPP.
2957 336 3131 393 PARS
3168 337 3237 392 Il.

3724 338 3816 389 276

513 461 710 517 merito
737 461 875 516 bene
908 461 1150 517 toleratae
1193 459 1540 525 inﬁrmitatis,
1599 460 1882 516 inhabitet
1910 461 1973 515 in
2023 461 2182 521 meA
2209 457 2327 528 pria
2354 474 2636 529 persona;
2700 459 2797 514 sed
2852 459 3046 515 dicetis
3077 460 3181 514 hoc
3229 458 3395 531 quod,
3454 474 3597 513 cum
3649 473 3817 513 essem

516 549 697 605 virtus
729 549 960 616 Christi,
994 564 1159 621 quam
1204 557 1417 621 oportet
1462 549 1519 602 in
1555 546 1867 603 inﬁrmitate
1906 547 2111 620 perﬁci.

516 638 752 709 Propter
770 639 932 710 quod,
961 638 1090 709 quia
1118 654 1216 709 per
1245 639 1347 693 hoc
1376 635 1691 691 inhabitabit
1721 636 1777 690 in
1813 653 1901 691 me
1944 637 2115 691 virtus

514 724 730 790 Christi,
765 725 961 781 amodo
984 726 1122 781 bene
1149 728 1343 797 placeo
1373 725 1515 780 mihi
1562 726 1625 779 in
1682 725 2115 792 inﬁrmitatibus

514 814 670 879 meis,
704 812 931 880 scilicet,
966 815 1029 869 in
1059 815 1443 879 contumeliis,
1475 829 1610 884 quas
1640 814 1808 869 verbo
1852 821 1904 866 et
1946 827 2113 882 opere

511 916 609 972 pro
641 900 857 956 Christo
887 901 1104 975 gaudeo
1133 902 1260 973 pati,
1295 909 1346 957 et
1377 905 1439 958 in
1479 901 1911 958 necessitatibus
1939 900 2112 955 victus

511 996 565 1044 et
594 989 921 1056 vestimenti,
946 998 999 1045 et
1020 993 1081 1045 in
1104 991 1589 1063 persecutionibus
1608 991 1675 1045 de
1698 990 1818 1045 loco
1841 989 1908 1043 ad
1930 988 2111 1044 locum

511 1076 752 1149 fugatus,
812 1086 865 1132 et
920 1080 984 1133 in
1039 1081 1319 1147 angustiis
1373 1079 1562 1143 animi,
1620 1078 1703 1132 his
1731 1077 1981 1133 omnibus
2012 1092 2110 1146 pro

511 1165 724 1220 Christo
753 1166 1014 1220 toleratis.
1046 1166 1174 1221 Ideo
1203 1166 1258 1220 in
1288 1165 1686 1220 infirmitatibus
1716 1166 1909 1236 placeo
1956 1164 2105 1229 mihi,

510 1255 664 1324 quia,
696 1269 828 1309 cum
856 1254 1118 1323 inﬁrmor
1143 1253 1197 1307 in
1228 1270 1475 1325 corpore,
1512 1260 1649 1309 tunc
1699 1254 1921 1320 merito,
1952 1251 2109 1306 inﬁr-

508 1340 693 1395 mitate
714 1341 915 1406 carnis,
936 1346 1136 1413 potens
1165 1358 1289 1397 sum
1306 1342 1517 1413 spiritu.
1541 1343 1697 1397 Nunc
1719 1342 1902 1396 multis
1931 1340 2108 1395 modis

506 1428 773 1499 gloriatus
804 1446 920 1484 sum
952 1448 966 1495 ;
1000 1438 1053 1484 et
1082 1429 1155 1485 ita
1172 1446 1258 1485 me
1289 1430 1722 1485 commendando
1752 1432 1945 1501 factus
1980 1445 2107 1484 sum

508 1518 807 1589 insipiens,
871 1518 1009 1573 sicut
1060 1533 1205 1588 saepe
1264 1518 1466 1573 dictum
1512 1526 1613 1587 est,
1674 1535 1762 1573 me
1816 1517 2103 1582 extollens,

507 1604 675 1659 alium
705 1605 1020 1676 deprimens
1052 1623 1067 1671 ;
1101 1606 1197 1660 sed
1227 1623 1320 1661 vos
1349 1609 1608 1679 coegistis
1634 1623 1719 1662 me
1757 1606 1824 1660 ad
1854 1607 1994 1661 hanc
2025 1604 2109 1659 in-

509 1692 835 1763 sipientiam.
868 1696 979 1749 Vos
1009 1694 1193 1765 utique
1223 1711 1310 1749 me
1338 1695 1596 1767 coegistis
1627 1703 1680 1749 ut
1711 1711 1796 1748 me
1827 1710 2105 1749 commen-

503 1780 710 1872 darem.
743 1783 894 1872 Nam
914 1798 1009 1872 ego
1030 1783 1193 1838 debui
1213 1783 1598 1872 commendari
1628 1799 1662 1837 a
1692 1784 1854 1872 vobis
1935 1782 2102 1852 quod,
2126 1810 2178 1872 Β

503 1869 629 1940 quia
658 1884 767 1924 non
798 1868 1019 1934 fecistis,
1052 1871 1287 1940 Oportuit
1302 1887 1387 1926 me
1412 1870 1810 1942 facere.Utique
1828 1886 2104 1926 commen-

505 1956 627 2012 dari
656 1957 971 2013 debuissem
1007 1957 1244 2015 199
1276 1974 1309 2014 a
1339 1959 1511 2023 vobis,
1546 1961 1677 2031 quia
1710 1958 1857 2014 nihil
1912 1960 2105 2013 minus

506 2045 649 2116 fecit
679 2062 779 2116 per
808 2046 953 2117 quod
1011 2054 1291 2117 separatus
1341 2047 1443 2101 sim
1472 2048 1539 2103 ab
1569 2048 1654 2102 his
1685 2046 1775 2118 qui
1808 2046 2105 2101 secundum

508 2148 608 2188 vos
638 2137 777 2189 sunt
804 2136 1050 2206 apostoli
1077 2151 1247 2205 supra
1278 2134 1507 2191 modum
1536 2151 1738 2189 meum.
1773 2134 1856 2189 llli
1902 2150 2104 2189 secun-

498 2221 629 2276 dum
658 2238 755 2278 vos
778 2239 938 2294 supra
965 2239 1052 2278 me
1074 2231 1237 2289 sunt;
1267 2224 1364 2279 sed
1393 2224 1517 2279 licet
1555 2223 1688 2277 nihil
1720 2223 1820 2277 sim
1880 2230 2103 2293 reputa-

499 2309 645 2365 tione
676 2319 881 2377 vestra,
917 2315 1107 2367 tamen
1155 2313 1321 2381 signa
1375 2313 1725 2384 apostolatus
1776 2312 1889 2366 mei
1945 2314 2104 2382 facta

497 2401 635 2454 sunt
664 2413 835 2472 super
861 2416 972 2468 vos,
1006 2416 1105 2470 per
1134 2416 1255 2471 quae
1279 2415 1470 2455 revera
1491 2400 1771 2471 apostolus
1801 2415 1922 2455 esse
1953 2415 2102 2455 com-

496 2487 722 2559 probor.

569 2576 738 2631 Facta
758 2575 882 2632 dico
911 2578 975 2632 in
1003 2578 1161 2633 omni
1186 2579 1475 2650 patientia
1505 2578 1647 2649 apud
1681 2592 1778 2633 vos
1808 2576 2013 2643 habita,
2045 2584 2103 2633 et

495 2663 559 2718 in
579 2664 774 2735 signis,
809 2664 1053 2720 curando
1084 2665 1327 2731 claudos,
1361 2665 1715 2721 illuminando
1777 2681 1992 2729 czecos;
2052 2673 2104 2720 et

496 2751 553 2806 in
580 2753 873 2825 prodigiis,
895 2754 1205 2809 suscitando
1232 2763 1481 2809 mortuos
1506 2774 1520 2821 ;
1555 2763 1607 2809 et
1635 2754 1688 2808 in
1722 2756 2026 2809 virtutibus
2046 2762 2105 2808 ut

495 2840 551 2894 in
582 2841 950 2896 curationibus
979 2842 1208 2897 febrium
1240 2851 1294 2897 et
1353 2842 1688 2911 hujusmodi.
1747 2841 1865 2906 Vel,
1901 2842 1956 2895 in
1985 2842 2101 2895 vir-

498 2927 718 2995 tutibus,
751 2929 1069 2995 humilitate,
1107 2930 1397 2985 sobrietate
1430 2939 1481 2984 et
1503 2929 1738 2986 caeteris.
1790 2930 1933 2984 Vere
1969 2929 2103 2983 nihil

496 3014 677 3070 minus
715 3016 823 3070 illis
853 3016 977 3083 feci,
1012 3019 1143 3090 quia
1164 3019 1297 3090 quid
1319 3022 1407 3073 est
1462 3018 1566 3073 hoc
1623 3017 1766 3089 quod
1826 3018 2103 3072 habuistis

497 3103 692 3159 minus
713 3106 931 3161 caeteris
955 3106 1239 3168 Ecclesiis.
1261 3122 1359 3177 per
1376 3106 1521 3176 quod
1543 3104 1647 3159 illa:
1665 3104 1772 3158 sint
1788 3121 1901 3175 prae
1923 3104 2095 3172 vobis,

495 3191 611 3247 nisi
640 3190 746 3246 hoc
774 3192 917 3265 quod
951 3209 1043 3264 ego
1064 3194 1180 3265 ipse
1210 3192 1301 3265 qui
1332 3193 1664 3262 debuissem,
1713 3209 1827 3247 non
1874 3195 2100 3263 gravavi

499 3296 611 3348 vos,
646 3279 848 3351 aliquid
874 3297 908 3336 a
941 3281 1095 3336 vobis
1139 3281 1456 3353 accipiendo
1486 3282 1514 3337 ?
1569 3281 1777 3337 Ironice
1812 3296 1823 3334 :
1885 3282 2101 3336 Donate

498 3370 644 3425 mihi
689 3370 836 3427 hanc
888 3371 1185 3441 injuriam,
1222 3370 1346 3441 quia
1401 3369 1632 3439 injurius
1689 3369 1762 3424 fui
1790 3369 1916 3423 dum
1947 3368 2101 3423 vobis

498 3459 722 3527 indulsi,
754 3460 811 3515 in
840 3474 948 3531 quo
979 3474 1142 3513 nemo
1172 3457 1310 3513 alius
1340 3459 1453 3513 suis
1509 3458 1730 3513 indulsit
1786 3457 2095 3513 Eccclesiis.

501 3551 568 3606 Et
599 3550 740 3607 sicut
769 3549 824 3603 in
854 3546 1130 3620 praeterito
1160 3562 1270 3602 non
1298 3547 1527 3619 gravavi
1555 3563 1653 3602 vos
1686 3566 1699 3613 ;
1733 3546 1808 3601 ita
1838 3547 1905 3601 de
1936 3554 2100 3601 caete-

502 3655 563 3695 ro
592 3655 703 3695 non
733 3653 826 3693 ero
858 3635 1041 3710 gravis
1073 3634 1254 3701 vobis,
1305 3651 1411 3708 ego
1442 3636 1535 3706 qui
1575 3639 1813 3707 paratus
1842 3652 1969 3691 sum
2000 3651 2092 3689 νεα

497 3728 623 3783 nire
651 3727 724 3782 ad
744 3741 863 3782 vos.
894 3725 1032 3782 Ecce
1054 3725 1153 3781 hoc
1186 3726 1357 3779 tertio
1382 3731 1636 3795 apparatu
1660 3742 1675 3791 ;
1706 3724 1830 3779 ideo
1860 3740 1975 3778 non
2007 3740 2099 3779 ero

499 3817 685 3887 gravis
714 3815 880 3879 vobis,
917 3812 1038 3885 quia
1067 3828 1183 3869 non
1211 3829 1396 3884 quwro
1426 3828 1548 3885 quae
1578 3816 1775 3868 vestra:
1812 3815 1971 3878 sunt,
2003 3812 2099 3867 sed

499 3920 592 3961 vos
620 3903 791 3973 ipsos.
824 3903 890 3956 Et
914 3901 1058 3970 juste
1088 3908 1274 3956 vestra
1301 3916 1410 3956 non
1430 3900 1667 3972 requiro,
1693 3901 1822 3971 quia
1843 3901 1951 3969 ﬁlii
1979 3915 2100 3955 car-

500 3992 657 4048 nales
676 4007 792 4046 non
808 3991 1007 4046 debent
1026 3990 1413 4045 thesaurizare
1422 3991 1756 4061 parentibus
1775 3988 2097 4055 carnalibus,

502 4081 599 4137 sed
613 4083 884 4151 parentes
908 4078 1064 4147 ﬁliis.
1097 4078 1245 4133 Licet
1275 4076 1370 4131 filii
1400 4077 1703 4148 spirituales
1734 4078 1838 4133 hoc
1868 4077 2101 4131 debeant

498 4167 814 4240 parentibus
870 4164 1264 4237 spiritualibus,
1316 4165 1415 4220 sed
1474 4182 1579 4238 ego
1635 4181 1745 4220 non
1777 4164 1951 4219 solum
1980 4181 2100 4236 qua:

501 4255 796 4328 spiritualis
824 4262 980 4325 pater
1008 4255 1170 4309 debet
1200 4253 1324 4308 filiis
1348 4273 1363 4321 ;
1397 4254 1494 4308 sed
1524 4253 1685 4309 etiam
1714 4269 1929 4308 omnem
1980 4252 2100 4308 dul-

500 4345 750 4401 cedinem
779 4342 1015 4399 carnalis
1062 4342 1234 4413 patris
1257 4342 1489 4397 exhibeo
1531 4342 1711 4397 vobis.
1752 4342 1875 4397 Non
1914 4355 2100 4412 quaero

502 4449 624 4505 quae
649 4440 830 4488 vestra
858 4438 1001 4495 sunt,
1030 4432 1126 4485 sed
1155 4445 1259 4501 ego
1281 4431 1648 4485 libentissime
1678 4430 1999 4502 impendam
2020 4445 2102 4484 vo-

2214 550 2443 601 astutus
2473 555 2525 601 et
2555 564 2619 602 ex
2649 548 2847 603 astutia
2876 547 2991 618 ipse
3023 547 3223 603 nollem
3254 546 3505 617 accipere
3525 586 3541 614 ,
3582 546 3713 601 dolo
3740 560 3818 599 vos

2214 636 2357 705 cepi,
2391 634 2446 689 id
2475 645 2557 689 est
2588 636 2775 691 dolose
2806 637 2996 707 decepi
3026 652 3144 703 vos,
3178 635 3322 707 quod
3352 651 3454 706 per
3500 650 3599 689 me
3656 633 3817 698 nolui,

2213 739 2311 793 per
2341 722 2477 776 alios
2508 739 2541 777 a
2570 725 2725 779 vobis
2756 725 3149 795 extorquendo.

2286 809 2383 868 Vel
2414 810 2572 865 aliter
2603 820 2660 866 ut
2688 820 2796 867 tota
2824 812 2997 866 littera
3029 812 3175 869 dicat
3203 813 3308 869 hoc
3337 811 3514 867 solum
3548 810 3630 865 ita
3663 826 3677 864 :
3709 809 3822 879 Ego

2213 903 2432 975 quidem
2464 902 2623 971 (sicut
2652 909 2932 956 ostensum
2963 902 3066 970 est)
3098 917 3204 957 non
3253 900 3480 974 gravavi
3538 914 3687 965 vos,-
3727 898 3817 951 sed

2212 1001 2348 1057 esto,
2383 991 2437 1046 id
2466 997 2550 1045 est
2580 989 2723 1043 istud
2753 988 3063 1044 concedetis
3103 990 3249 1062 quod
3297 1003 3503 1060 negare
3549 985 3817 1057 nequitis,

2213 1080 2419 1135 scilicet
2442 1078 2587 1150 quod
2617 1093 2720 1147 ego
2750 1093 2857 1131 non
2916 1077 3137 1147 gravari
3190 1093 3288 1132 vos
3318 1078 3375 1132 in
3430 1074 3658 1147 propria
3689 1089 3818 1144 per-

2212 1184 2367 1222 sona.
2400 1168 2508 1222 Sed
2537 1174 2719 1220 tamen
2749 1165 3020 1233 objicietis
3077 1166 3218 1221 istud
3249 1165 3414 1237 quod,
3464 1180 3597 1220 cum
3641 1177 3818 1216 essem

2210 1264 2436 1321 astutus,
2469 1255 2597 1309 dolo
2656 1269 2753 1308 vos
2793 1254 2932 1324 cepi.
2966 1254 3055 1310 Sic
3084 1254 3283 1309 dictum
3315 1261 3399 1309 est
3427 1272 3440 1308 :
3472 1254 3604 1307 Non
3632 1250 3819 1321 utique

2210 1344 2399 1415 decepi
2430 1359 2547 1407 vos,
2582 1343 2729 1413 quia,
2762 1342 2807 1395 si
2838 1342 2941 1397 hoc
2973 1341 3228 1409 facerem,
3261 1359 3362 1413 per
3416 1342 3662 1413 aliquem
3722 1354 3818 1393 eo-

2212 1449 2329 1487 rum
2364 1448 2500 1504 quos
2530 1430 2673 1498 misi,
2705 1446 2803 1486 vos
2835 1430 3162 1501 deciperem,
3222 1431 3319 1485 sed
3375 1447 3474 1502 per
3532 1433 3818 1488 neminem

2210 1536 2397 1576 eorum
2428 1518 2619 1590 decepi
2649 1534 2766 1573 vos.
2802 1517 2961 1585 Quod
3007 1519 3085 1575 sic
3114 1519 3189 1573 ait
3224 1537 3238 1573 :
3273 1520 3536 1592 Nunquid
3561 1538 3676 1593 per
3706 1522 3818 1575 ali-

2208 1625 2372 1681 quem
2404 1625 2596 1664 eorum
2626 1624 2756 1679 quos
2776 1609 2905 1662 misi
2926 1608 2997 1662 ad
3018 1624 3126 1673 vos,
3160 1608 3509 1664 circumveni
3539 1625 3639 1665 vos
3665 1614 3690 1665 3
3714 1610 3816 1663 Mi-

2209 1698 2373 1752 nime.
2408 1695 2854 1760 Circumveniret,
2910 1695 2956 1749 si
3010 1695 3291 1766 discipulis
3331 1696 3444 1750 suis
3498 1696 3818 1770 injungeret

2209 1794 2265 1839 ut
2295 1784 2729 1840 commendando
2760 1797 2838 1849 se,
2872 1799 3207 1855 quwcunque
3227 1792 3454 1855 possent
3480 1785 3586 1838 sibi
3619 1785 3816 1841 callide

2208 1880 2631 1945 congregarent.
2667 1872 2804 1927 Vere
2835 1888 2934 1942 per
2963 1872 3237 1926 neminem
3267 1888 3457 1927 eorum
3490 1890 3637 1945 quos
3670 1874 3814 1937 misi,

2207 1961 2539 2019 circumvehi
2570 1975 2688 2014 vos.
2722 1961 2859 2015 Nam
2887 1976 3065 2031 neque
3096 1977 3196 2030 per
3225 1960 3425 2028 Titum,
3479 1978 3670 2033 neque
3719 1978 3815 2033 per

2206 2051 2388 2105 alium.
2426 2049 2530 2117 Qui
2560 2048 2638 2103 sic
2668 2047 2775 2102 ait:
2820 2048 2938 2117 Ego
2991 2048 3210 2120 quidem
3240 2051 3429 2119 rogavi
3492 2051 3707 2117 Titum,
3761 2058 3815 2103 ut

2205 2139 2308 2194 iret
2338 2138 2405 2193 ad
2436 2154 2553 2203 vos,
2587 2140 2792 2192 etcum
2815 2138 2912 2209 illo
2936 2139 3069 2193 misi
3093 2140 3353 2208 fratrem.
3378 2138 3475 2193 Hic
3497 2136 3675 2193 frater
3696 2154 3813 2193 cre-

2206 2228 2350 2282 ditur
2380 2227 2547 2281 fuisse
2578 2225 2875 2291 Barnabas,
2910 2225 3001 2296 qui
3055 2223 3222 2279 frater
3276 2233 3328 2280 et
3376 2226 3669 2294 coadjutor
3698 2233 3813 2281 erat

2205 2313 2633 2388 praedicationis.
2672 2314 2837 2367 Paulo
2870 2313 3012 2367 enim
3026 2321 3077 2368 et
3094 2313 3361 2367 Barnabas
3389 2313 3649 2384 leguntur
3679 2329 3812 2384 apo-

2206 2394 2329 2458 stoli
2385 2404 2605 2458 dedisse
2666 2404 2886 2457 dextras
2944 2401 3215 2456 societatis
3271 2402 3416 2469 (Gal.
3466 2417 3526 2471 tt,
3584 2406 3666 2471 9).
3720 2401 3810 2456 Ti-

2202 2500 2315 2547 tum
2347 2492 2529 2564 utique
2561 2493 2684 2547 misi
2716 2508 2727 2546 :
2764 2491 2880 2557 sed,
2938 2490 3197 2562 nunquid
3244 2491 3398 2545 Titus
3429 2491 3810 2546 circumvenit

2204 2597 2295 2636 vos
2330 2585 2353 2637 ἵ
2383 2580 2621 2636 Minime.
2655 2582 2850 2637 Nonne
2881 2594 2987 2650 ego
3032 2586 3086 2633 et
3113 2578 3265 2632 Titus
3293 2578 3714 2634 ambulavimus
3758 2578 3810 2631 in

2202 2670 2372 2725 verbo
2403 2669 2619 2724 Domini
2649 2670 2838 2725 eodem
2858 2665 3149 2738 spiritu,id
3172 2674 3254 2721 est
3283 2666 3474 2721 eadem
3503 2667 3804 2730 voluntate,

2202 2757 2288 2813 vel
2310 2757 2502 2811 eodem
2535 2757 2734 2827 Spiritu
2757 2762 2947 2811 sancto
2969 2753 3163 2824 repleti
3192 2754 3220 2807 ?
3247 2755 3319 2808 Et
3342 2771 3533 2811 nonne
3563 2754 3806 2809 ambula-

2202 2846 2378 2900 vimus
2406 2845 2604 2901 iisdem
2634 2846 2898 2916 vestigiis,
2932 2843 2985 2897 id
3003 2851 3083 2897 est
3113 2842 3308 2896 iisdem
3338 2843 3632 2913 operibus;
3658 2842 3803 2915 quod

2203 2935 2257 2989 id
2285 2942 2337 2988 et
2368 2950 2477 2989 non
2507 2934 2655 2989 aliud
2686 2949 2849 3005 quam
2882 2947 2987 3003 ego
3016 2931 3165 2986 Titus
3188 2938 3447 3001 operatus
3487 2940 3567 2986 est
3599 2933 3628 2986 ?
3659 2932 3802 2987 Sicut

2202 3023 2344 3077 enim
2394 3024 2625 3094 vestigia
2674 3021 2870 3076 indicia
2901 3028 3025 3073 sunt
3065 3018 3466 3084 ambulationis,
3503 3020 3584 3075 sic
3631 3034 3801 3090 opera

2202 3110 2513 3165 voluntatis.
2548 3110 2709 3179 Quod
2736 3110 2860 3165 dico
2889 3123 2976 3163 me
3006 3106 3139 3161 nihil
3185 3107 3465 3178 accepisse
3494 3123 3527 3162 a
3569 3108 3730 3163 vobis
3755 3114 3804 3161 et

2200 3208 2396 3255 cetera
2453 3199 2737 3270 praemissa
2782 3200 2937 3266 olim,
2995 3195 3050 3250 id
3105 3203 3187 3250 est
3235 3212 3301 3251 ex
3331 3212 3439 3267 quo
3486 3196 3690 3267 incaepi
3720 3212 3801 3250 me

2201 3288 2605 3355 commendare,
2636 3289 2855 3360 putatis
2886 3285 3031 3357 quod
3061 3300 3158 3355 per
3186 3284 3326 3340 hanc
3366 3285 3799 3341 commendatio-

2200 3393 2326 3432 nem
2356 3377 2513 3448 quasi
2543 3376 2617 3431 rei
2646 3376 2701 3430 in
2730 3375 2913 3446 aliquo
2935 3389 3200 3429 excusem
3228 3390 3327 3428 nos
3356 3373 3482 3428 inde
3513 3375 3669 3446 apud
3690 3389 3794 3435 vos,

2199 3464 2254 3519 id
2284 3472 2366 3519 est
2398 3465 2545 3535 quod
2572 3466 2689 3519 haec
2720 3479 2829 3518 non
2859 3462 3144 3533 loquamur
3164 3461 3464 3516 secundum
3492 3462 3796 3525 veritatem,

2201 3553 2286 3609 vel
2334 3552 2406 3607 ad
2451 3552 2863 3608 instructionem
2912 3550 3119 3615 vestri;
3172 3549 3269 3603 sed
3317 3557 3373 3603 ut
3422 3550 3500 3604 sic
3547 3558 3797 3622 legamus

2198 3641 2412 3711 culpam
2440 3649 2704 3695 nostram.
2741 3638 2983 3695 200
3015 3638 3215 3693 Scitote
3246 3646 3435 3710 autem~
3456 3639 3602 3709 quod
3637 3638 3796 3714 quid-

2200 3729 2329 3801 quid
2350 3728 2641 3800 loquimur,
2675 3744 2865 3785 coram
2896 3726 3098 3794 Dec,id
3122 3734 3205 3781 est
3234 3725 3389 3797 quasi
3421 3726 3477 3780 in
3508 3726 3797 3797 praesentia

2199 3817 2301 3873 Dei
2330 3818 2614 3890 loquimur
2643 3817 2729 3882 ;si
2761 3815 2906 3871 enim
2936 3815 3053 3885 ipse
3091 3816 3239 3869 Deus
3269 3815 3505 3881 adesset,
3537 3815 3676 3869 nihil
3704 3829 3797 3870 eo-

2199 3922 2320 3961 rum
2376 3921 2497 3977 quae
2555 3906 2678 3961 dico
2734 3904 2927 3960 timore
2979 3903 3230 3958 falsitatis
3260 3912 3467 3958 mutare
3498 3910 3795 3974 oporteret.

2198 3995 2491 4066 Loquimur
2519 4009 2702 4049 coram
2732 3994 2847 4047 Deo
2877 4008 2976 4047 nos
3006 3992 3170 4062 positi
3223 3993 3286 4047 in
3334 3992 3523 4049 Chisto
3550 4012 3568 4058 ;
3614 3991 3798 4064 loqui-

2197 4095 2321 4133 mur
2372 4080 2490 4133 haac
2540 4094 2650 4133 non
2710 4078 2886 4132 solum
2944 4077 3071 4147 quia
3122 4091 3248 4131 vera
3304 4084 3426 4131 sunt
3459 4095 3473 4142 ;
3506 4076 3605 4130 sed
3635 4077 3798 4131 etiam

2196 4171 2436 4240 propter
2452 4171 2699 4221 vestram
2722 4166 3247 4233 cediﬁcationem,ut
3276 4180 3375 4220 vos
3406 4181 3507 4235 per
3532 4165 3650 4219 hac
3666 4163 3799 4221 aedi-

2198 4254 2340 4310 ficati
2370 4271 2401 4310 a
2423 4255 2633 4326 pseudo
2662 4270 2770 4308 non
2805 4253 3161 4308 seducamini.
3196 4252 3242 4307 Ο
3295 4254 3640 4321 charissimi,
3675 4254 3798 4308 ideo

2198 4344 2314 4399 haec
2368 4342 2546 4398 omnia
2602 4342 2895 4414 loquimur.
2957 4341 3057 4396 llic
3086 4341 3226 4396 bene
3267 4339 3536 4410 supplevit
3564 4340 3799 4396 dicendo

2197 4436 2427 4504 propter
2469 4435 2716 4486 vestram
2749 4430 3200 4498 wdiﬁcationem,
3252 4429 3399 4500 quod
3451 4444 3616 4499 supra
3660 4430 3797 4484 dee-

506 4522 588 4577 bis
618 4528 672 4576 et
700 4518 1003 4592 spiritualia
1036 4537 1049 4574 :
1084 4527 1135 4574 et
1165 4519 1211 4573 si
1240 4535 1345 4590 qua
1383 4519 1625 4573 habuero
1683 4517 1919 4573 carnalia
1975 4533 2096 4588 quae
2116 4515 2168 4574 D
2199 4528 2299 4586 rat,
2332 4520 2425 4574 ubi
2454 4519 2525 4573 ait
2557 4537 2570 4573 :
2602 4519 2749 4575 Licet
2787 4518 3025 4588 gloriari,
3077 4517 3357 4573 veritatem
3405 4516 3549 4571 enim
3592 4516 3795 4591 dicam.

501 4609 680 4665 velitis
700 4627 713 4675 ;
734 4612 968 4680 etsuper
983 4608 1088 4663 hoc
1107 4609 1283 4663 etiam
1300 4606 1445 4678 quod
1466 4607 1813 4678 impendam,
1847 4605 1965 4675 ipse
1991 4620 2096 4675 ego

502 4696 790 4769 impendar
817 4712 915 4769 pro
943 4696 1241 4751 animabus
1280 4697 1503 4761 vestris,
1535 4694 1589 4748 id
1621 4703 1703 4748 est
1733 4700 1947 4765 paratus
1978 4708 2097 4747 sum

499 4786 641 4842 mori
668 4801 769 4857 pro
798 4784 954 4841 vobis
984 4783 1277 4849 salvandis,
1330 4784 1462 4839 licet
1519 4797 1623 4853 ego
1669 4783 1799 4854 plus
1854 4782 2096 4851 diligens

502 4889 620 4934 vos.
654 4873 780 4945 quia
810 4872 1071 4944 spirituali
1100 4879 1154 4928 et
1207 4871 1406 4927 carnali
1434 4870 1558 4940 lege
1602 4871 1795 4925 minus
1825 4870 2033 4940 diligar
2062 4885 2097 4923 a

507 4961 825 5018 vobis.Licet
850 4960 973 5031 plus
1003 4960 1238 5034 diligens
1268 4976 1386 5024 vos,
1420 4958 1599 5013 minus
1631 4957 1831 5030 diligar
1858 4974 1889 5012 a
1915 4957 2091 5023 vobis,

506 5055 701 5106 tamen
729 5054 867 5115 esto,
925 5049 980 5103 id
1028 5056 1111 5104 est
1159 5048 1488 5105 concedatur
1543 5046 1725 5112 istud;
1785 5061 1895 5101 non
1951 5045 2097 5101 enim

500 5153 631 5195 curo
659 5145 883 5210 propter
911 5137 1016 5192 hoc
1042 5136 1255 5208 insequi
1285 5151 1386 5191 vos
1413 5134 1597 5190 modo.

576 5225 856 5296 Objicielis
908 5224 1103 5280 iterum
1156 5224 1308 5291 mihi,
1370 5222 1517 5294 quod
1562 5221 1755 5278 callide
1784 5238 1853 5278 ne
1882 5221 2013 5294 quid
2040 5221 2095 5276 in

505 5314 724 5387 propria
752 5328 991 5386 persona
1020 5329 1052 5367 a
1093 5311 1251 5367 vobis
1281 5311 1588 5382 acciperem
1618 5326 1706 5365 me
1735 5310 1995 5376 continui,
2037 5318 2096 5364 ut

503 5420 604 5468 per
633 5403 873 5476 legatos‘
892 5416 1046 5455 meos
1097 5399 1347 5455 callidius
1376 5406 1429 5454 et
1482 5398 1715 5469 amplius
1764 5399 2087 5469 acciperem.

508 5491 669 5562 Quod
724 5490 802 5545 sic
857 5489 929 5543 ait
961 5506 974 5543 :
1009 5490 1116 5559 Ego
1146 5487 1368 5560 quidem
1414 5502 1531 5542 non
1558 5490 1784 5559 gravavi
1814 5504 1904 5543 vos
1934 5488 2095 5557 (sicut

501 5579 794 5652 probatum
832 5576 935 5646 est)
961 5574 1276 5647 accipiendo
1306 5575 1598 5650 quidquam
1627 5590 1660 5631 a
1688 5575 1844 5633 vobis
1874 5576 1927 5631 in
1957 5591 2093 5648 pro-

2197 4608 2327 4663 Ideo
2370 4616 2548 4663 autem
2605 4605 2947 4662 aadificationi
3002 4613 3199 4661 vestrae
3255 4613 3366 4659 tam
3418 4604 3657 4659 studiose
3712 4606 3797 4662 in-

2194 4697 2408 4761 cumbo,
2442 4698 2574 4769 quia
2634 4698 2805 4751 timeo
2826 4711 2897 4751 ne
2927 4698 3076 4766 forte
3094 4694 3260 4766 (quod
3291 4693 3452 4749 facile
3474 4693 3795 4765 contingere

2196 4793 2395 4855 potest)
2411 4784 2701 4839 inveniam
2714 4800 2803 4841 vos
2838 4800 2954 4838 non
2980 4784 3171 4855 quales
3195 4784 3333 4847 volo,
3367 4780 3422 4836 id
3453 4789 3534 4836 est
3554 4781 3795 4837 incorre-

2197 4881 2333 4938 ctos,
2353 4890 2484 4929 cum
2509 4888 2735 4939 venero;
2774 4876 2830 4927 et
2861 4879 2986 4927 tunc
3014 4887 3116 4941 ego
3142 4871 3406 4927 inveniar
3435 4886 3470 4925 a
3500 4869 3798 4942 vobisqua-

2200 4961 2309 5017 lem
2337 4977 2426 5017 me
2458 4960 2699 5016 invenire
2726 4977 2840 5016 non
2870 4959 3064 5025 vultis,
3115 4958 3171 5013 id
3218 4967 3301 5014 est
3347 4975 3413 5013 ex
3459 4957 3796 5014 districtione

2189 5049 2412 5119 justitia:
2440 5048 2626 5119 culpas
2658 5055 2866 5104 vestras
2911 5048 3246 5119 punientem.
3300 5047 3428 5102 Hac
3474 5045 3583 5100 duo
3641 5048 3793 5102 scili-

2197 5146 2301 5203 cet,
2331 5154 2398 5193 ne
2427 5136 2701 5193 inveniam
2730 5152 2829 5193 vos
2858 5152 2969 5192 non
2994 5136 3184 5209 quales
3215 5135 3360 5200 volo,
3410 5133 3647 5205 primum
3693 5153 3791 5191 ex-

2197 5226 2482 5297 sequitur;
2513 5225 2710 5281 deinde
2739 5225 2890 5293 illud,
2923 5241 2991 5279 ne
3020 5224 3265 5279 inveniar
3293 5238 3326 5277 a
3372 5222 3527 5277 vobis
3570 5224 3803 5294 qualem.

2195 5330 2303 5369 non
2335 5313 2515 5383 vultis,
2548 5314 2735 5369 dicens
2770 5328 2782 5367 :
2818 5312 3009 5368 Videte
3036 5328 3105 5367 ne
3132 5310 3407 5367 inveniam
3449 5325 3549 5365 vos
3602 5313 3789 5383 quales

2196 5419 2304 5458 non
2335 5403 2480 5467 volo,
2514 5402 2719 5457 scilicet
2748 5418 2820 5457 ne
2849 5404 2995 5471 forte
3028 5399 3118 5469 (ad
3152 5416 3288 5471 quas
3319 5399 3514 5454 leviter
3540 5399 3788 5457 declina-

2195 5487 2285 5555 tis)
2307 5488 2424 5542 sint
2453 5488 2609 5541 inter
2636 5502 2727 5541 vos
2755 5486 3170 5552 contentiones,
3204 5483 3347 5554 quod
3370 5483 3439 5537 de
3461 5482 3788 5556 benignitate

2193 5574 2572 5648 baptizantium
2602 5573 2887 5647 litigabant
2914 5572 3175 5630 vicissim.
3199 5573 3281 5627 Ne
3294 5570 3452 5627 etiam
3477 5570 3585 5626 sint
3615 5590 3790 5630 temu-
