3948 6420
176 295 285 352 2⁵7⁵7

718 292 1102 353 EXPOSITIO
1157 293 1233 350 IN
1288 292 1672 352 EPISTOLAS
1726 291 1952 351 PAULI.
2003 323 2073 335 -
2121 293 2196 351 IN
2248 294 2471 352 EPIST.
2537 296 2586 352 II
2622 295 2717 352 AD
2770 294 2937 354 (ΞΟΠ.

3385 298 3491 354 2'78

182 421 448 486 lationes,
481 419 539 475 id
569 428 652 477 est
697 419 915 476 invidiae
947 418 1118 492 (quod
1152 418 1293 476 alter
1346 419 1505 475 alteri
1533 418 1784 489 invidet),
1805 420 1863 480 Α
1896 440 1917 469 α
1954 419 2030 486 ni,
2065 419 2305 491 idipsum
2334 421 2529 492 sapite.
2565 422 2766 478 Pacem
2807 422 3020 491 habete,
3056 430 3109 477 et
3135 423 3283 479 Deus
3339 420 3493 493 pacis

182 508 252 565 de
280 509 478 565 merito
509 508 893 581 baptizatoris;
925 524 1065 564 neve
1096 508 1204 563 sint
1236 508 1378 564 inter
1395 524 1495 565 vos
1523 510 1791 565 animosi-

186 600 365 667 tates,
398 597 546 670 quod
575 598 715 653 alter
761 597 997 653 alterum
1054 597 1289 670 cogebat
1345 613 1516 672 agere
1567 612 1792 653 causam

186 700 372 741 coram
400 685 709 743 inﬁdelibus
732 686 1009 756 judicibus
1034 705 1048 753 ;
1089 702 1228 743 neve
1259 686 1384 741 ideo
1414 686 1522 741 sint
1564 686 1790 742 dissen-

186 776 414 843 siones;
446 783 742 848 propterea
771 775 917 830 enim
961 774 1236 831 discordia
1291 781 1411 831 erat
1439 774 1579 830 inter
1608 790 1706 830 eos
1737 782 1791 830 et

185 862 408 931 odium;
440 879 579 919 neve
612 863 719 918 sint
764 863 1177 930 detractiones,
1211 862 1358 935 quod
1387 862 1529 918 bona
1555 861 1791 934 proximi

186 967 307 1023 qua;
337 960 464 1007 sunt
491 951 849 1022 detrahendo,
880 951 1031 1007 mala
1059 967 1181 1025 quae
1211 967 1322 1007 non
1377 958 1505 1006 sunt
1538 951 1789 1023 impona-

190 1040 259 1095 tis
284 1060 298 1108 ;
327 1056 467 1096 neve
485 1040 592 1096 sint
610 1042 1061 1105 susurrationes,
1084 1040 1140 1095 id
1160 1047 1245 1096 est
1265 1039 1491 1096 occultae
1512 1039 1791 1110 proximo-

185 1145 308 1185 rum
336 1122 759 1201 depravationes
783 1149 798 1196 ;
832 1145 971 1185 neve
1010 1128 1119 1184 sint
1148 1129 1499 1199 inﬂationes,
1532 1127 1589 1183 id
1610 1134 1691 1184 est
1721 1143 1790 1183 ne

185 1216 277 1274 hic
307 1218 400 1290 qui
429 1218 621 1274 oculus
650 1225 734 1274 est
761 1218 817 1272 in
846 1217 1094 1273 Ecclesia
1114 1262 1128 1285 ,
1163 1224 1385 1289 spernat
1414 1233 1537 1273 eum
1569 1217 1661 1289 qui
1692 1233 1791 1288 pes

188 1312 291 1372 est,
326 1322 395 1362 ne
426 1306 563 1363 forte
599 1321 703 1378 pro
729 1307 835 1362 hac
879 1305 1153 1362 inﬂatione
1187 1306 1295 1361 sint
1320 1305 1462 1361 inter
1517 1321 1618 1363 vos
1646 1306 1792 1361 sedi-

188 1395 394 1460 tiones,
427 1402 486 1449 ut
515 1394 654 1451 alter
681 1394 913 1450 alterum
942 1394 1269 1451 verberibus
1324 1401 1621 1463 praesumat
1651 1393 1791 1448 atili-

189 1497 347 1551 gere.
380 1482 582 1538 Cavete
606 1483 724 1539 haec
777 1498 888 1537 non
946 1481 1054 1536 sint
1101 1481 1241 1538 inter
1295 1496 1430 1549 vos;
1475 1498 1548 1537 ne
1578 1484 1793 1537 iterum

189 1585 322 1625 cum
353 1586 572 1636 venero,
601 1570 801 1625 iterum
816 1570 1174 1637 humiliet,id
1196 1577 1279 1625 est
1300 1569 1505 1642 aﬁligat
1526 1586 1615 1625 me
1647 1572 1791 1625 Deus

189 1658 344 1730 apud
371 1675 484 1725 vos,
518 1658 565 1714 si
619 1659 963 1716 incorrectos
1016 1658 1294 1715 invenero.
1356 1657 1589 1727 Quando
1615 1658 1795 1729 prima

190 1747 311 1803 vice
370 1746 519 1803 venit
551 1763 563 1802 :
593 1763 893 1821 omnesque
949 1745 1198 1802 inﬁdeles
1249 1747 1492 1818 reperit;
1535 1746 1864 1836 humilia-B

188 1843 276 1890 tus
304 1835 525 1907 quidem
562 1844 645 1891 est
664 1836 808 1908 apud
838 1852 935 1892 eos
953 1879 967 1902 ,
994 1844 1045 1891 et
1078 1834 1302 1891 aﬁlictus
1352 1835 1587 1891 diversis
1616 1851 1791 1892 vexa-

190 1924 473 1985 tionibus:
504 1925 603 1981 sed
647 1940 794 1981 nunc
840 1924 1079 1980 deterius
1124 1923 1521 1993 humiliabitur,
1549 1924 1595 1978 si
1654 1940 1794 1995 quos

193 2010 389 2067 ﬁdeles
443 2011 589 2081 fecit,
624 2021 995 2084 apostatantes
1043 2013 1222 2068 adhuc
1278 2012 1563 2084 repererit.
1596 2012 1792 2067 Humi-

190 2099 283 2155 liet
330 2117 419 2156 me
451 2102 617 2170 Deus,
649 2107 706 2158 et
729 2104 951 2173 lugeam
980 2102 1233 2170 multos;
1263 2101 1309 2156 si
1339 2101 1484 2156 enim
1508 2108 1620 2156 tres
1644 2108 1790 2167 sunt,

192 2190 348 2244 multi
380 2190 651 2246 videntur.
701 2191 897 2247 Multos
927 2190 1071 2258 dico,
1103 2208 1178 2246 ex
1209 2190 1294 2249 his
1324 2191 1421 2263 qui
1477 2194 1614 2246 ante
1644 2190 1794 2260 prius

194 2280 422 2334 missam
471 2278 775 2350 Epistolam
803 2323 816 2346 ,
898 2282 1325 2352 peccaverunt';
1403 2283 1460 2335 et
1532 2279 1795 2334 admoniti

198 2384 299 2438 per
356 2368 661 2439 Epistolam
700 2410 713 2437 ,
791 2385 907 2424 non
967 2372 1205 2439 egerunt
1269 2369 1669 2441 pamitentiam
1727 2367 1795 2422 de

192 2457 471 2528 prardictis
502 2457 683 2512 malis.
707 2457 884 2512 Etiam
909 2473 1092 2528 super,
1114 2457 1167 2511 id
1197 2464 1279 2511 est
1304 2457 1371 2512 de
1398 2457 1789 2523 immunditia,

194 2561 318 2602 cum
347 2561 511 2601 omne
541 2546 725 2602 carnis
755 2553 1043 2617 peccatum
1076 2544 1421 2599 immunditia
1449 2544 1557 2601 dici
1585 2544 1792 2615 possit;

127 2638 133 2644 ’
194 2634 330 2689 illud
360 2634 624 2701 libidinis,
661 2635 808 2707 quod
838 2642 921 2689 est
956 2642 1145 2690 contra
1165 2642 1433 2701 naturam,
1469 2641 1795 2688 antonoma-

197 2723 329 2779 stice
385 2731 544 2779 vocat
570 2722 986 2778 immunditiam.
1017 2723 1132 2778 Nec
1162 2722 1229 2777 de
1259 2723 1659 2795 fornicatione,
1693 2737 1796 2778 nec

197 2812 580 2885 impudicitia,
604 2828 773 2884 quam
802 2816 1121 2883 gesserunt,
1147 2810 1199 2865 id
1233 2818 1315 2867 est
1336 2826 1496 2883 quam
1527 2810 1582 2865 in
1611 2818 1792 2882 gestu,

198 2907 251 2956 et
276 2899 501 2956 assiduo
522 2917 622 2955 usu
643 2900 971 2966 habuerunt,
996 2900 1369 2971 paenitentiam
1394 2906 1642 2972 egerunt.
1664 2899 1795 2955 For-

197 2989 522 3046 nicationem
552 2996 714 3045 vocat
743 3005 852 3045 non
880 2989 1003 3062 lege
1033 2988 1308 3060 coniugali
1354 2995 1577 3060 tangere
1612 2986 1799 3042 mulie-

200 3094 335 3135 rem.
368 3078 769 3149 Impudicitiam
814 3085 971 3135 vocat
1010 3077 1341 3149 impudicum
1363 3076 1627 3132 habitum.
1662 3076 1795 3131 Cum

202 3183 369 3223 uxore
402 3167 549 3222 enim
578 3167 671 3239 qui
701 3183 760 3223 se
790 3166 1219 3238 intemperanter
1271 3165 1455 3233 habet,
1489 3165 1795 3238 impudicus
1820 3136 1866 3197 Ο

204 3264 302 3312 εει.

772 3326 998 3382 CAPUT
1048 3325 1199 3381 XIII.

276 3456 297 3487 ι
334 3435 482 3491 Ecce
514 3432 675 3489 tertio
701 3433 808 3489 hoc
837 3436 997 3488 venio
1027 3432 1094 3487 ad
1125 3447 1243 3502 vos,
1278 3438 1332 3487 et
1364 3453 1385 3479 «ι
1425 3430 1481 3486 ἱῑι
1508 3443 1606 3486 ore
1654 3430 1796 3486 duo-

214 3546 235 3571 «
268 3539 386 3579 rum
420 3522 509 3579 vel
538 3521 697 3577 trium
726 3520 945 3577 testium
969 3520 1129 3575 stabit
1157 3535 1319 3576 omne
1348 3520 1577 3576 verbum
1608 3519 1792 3590 (Deut.

216 3629 237 3663 ι
263 3627 386 3678 xrx,
421 3610 540 3683 15).
584 3631 607 3661 ι
641 3610 866 3666 Praedixi
895 3609 1040 3665 enim
1065 3618 1118 3666 et
1145 3609 1405 3681 praedico,
1436 3616 1496 3664 ut
1552 3624 1798 3679 praesens

213 3723 233 3748 ιι
268 3701 445 3769 vobis,
480 3707 535 3756 et
561 3715 707 3755 nunc
735 3699 956 3764 absens,
987 3698 1073 3753 his
1094 3698 1185 3770 qui
1206 3705 1333 3753 ante
1359 3705 1724 3769 peccaverunt
1746 3704 1799 3752 et

214 3811 235 3837 ι
270 3789 484 3846 caeteris
525 3788 798 3855 omnibus,
831 3787 1085 3859 quoniam
1116 3786 1161 3842 si
1207 3802 1411 3842 venero
1440 3784 1657 3855 iterum,
1689 3800 1799 3840 non

215 3899 235 3929 ι
268 3894 515 3949 parcam.
565 3879 651 3932 An
701 3876 1134 3947 experimentum
1176 3874 1414 3948 quaeritis
1454 3875 1592 3943 ejus,
1626 3873 1801 3945 quiin

216 3988 236 4013 ι
270 3983 357 4022 ωε
386 3964 633 4038 loquitur
661 3965 950 4021 Christus?
983 3962 1087 4033 Qui
1124 3962 1180 4017 in
1218 3962 1374 4019 vobis
1402 3977 1514 4019 non
1560 3960 1802 4016 inﬁrma-

214 4078 235 4103 α
272 4063 375 4123 tur,
408 4055 513 4112 sed
540 4062 735 4126 potens
764 4061 848 4109 est
876 4053 929 4108 in
974 4052 1148 4109 vobis.
1181 4052 1323 4107 Nam
1351 4051 1454 4108 etsi
1508 4049 1801 4106 cruciﬁxus

216 4167 236 4190 α
273 4153 353 4199 est
406 4161 476 4200 ex
534 4141 868 4210 inﬁrmitate,
920 4142 1017 4197 sed
1072 4140 1203 4197 vivit
1257 4157 1324 4196 ex
1409 4139 1609 4195 virtute
1665 4138 1791 4193 Dei.

217 4252 238 4283 ι
271 4234 410 4288 Nam
441 4239 498 4288 et
526 4246 628 4288 nos
654 4229 854 4286 inﬁrmi
901 4246 1089 4285 sumus
1141 4229 1197 4284 in
1255 4229 1369 4297 illo,
1411 4228 1510 4284 sed
1560 4228 1803 4283 vivemus

219 4344 239 4369 ι
274 4337 397 4377 cum
426 4337 496 4378 eo
544 4336 613 4376 ex
640 4320 837 4375 virtute
867 4320 966 4374 Dei
996 4319 1052 4373 in
1082 4318 1257 4374 vobis.
1287 4317 1663 4389 Vosmetipsos
1693 4324 1806 4371 ten-

220 4430 242 4460 ι
274 4417 378 4466 tate
401 4409 449 4465 si
484 4408 619 4465 estis
649 4409 705 4463 in
735 4407 877 4475 ﬁde;
909 4407 1012 4479 ipsi
1042 4422 1140 4462 vos
1169 4406 1417 4477 probate.
1463 4408 1547 4460 An
1578 4420 1687 4461 non
1712 4420 1804 4460 co-

1896 531 1917 555 ιι
1956 516 2007 563 ει
2038 508 2347 565 dilectionis
2386 510 2489 565 erit
2517 510 2822 567 vobiscum.
2882 511 3123 566 Salutate
3169 510 3404 567 invicem
3435 508 3493 564 in

1896 618 1919 644 ιι
1955 597 2141 653 osculo
2171 606 2383 654 sancto.
2418 598 2663 654 Salutant
2701 615 2799 654 vos
2853 616 3045 656 omnes
3075 598 3249 656 sancti
3304 599 3492 654 Gratia

1900 708 1922 733 «ι
1957 685 2177 741 Domini
2239 686 2411 741 nostri
2467 688 2599 743 Jesu
2650 686 2871 755 Christi,
2905 697 2958 745 et
3000 687 3238 744 charitas
3284 686 3404 753 Dei,
3439 694 3494 742 et

1896 796 1918 823 α
1957 774 2377 831 communicatio
2418 776 2591 832 sancti
2641 776 2875 848 Spiritus
2930 777 2998 832 sit
3054 793 3179 834 cum
3236 776 3492 832 omnibus

1899 887 1920 912 α
1956 864 2113 920 vobis
2144 867 2337 921 Amen.
2364 888 2385 913 ι»

2480 1072 2801 1113 EXPOSITIO.

1965 1215 2217 1273 Ostendit
2232 1217 2358 1289 quid
2372 1217 2721 1289 intelligeret,
2743 1217 2933 1273 dicens
2960 1232 2971 1272 :
2996 1234 3112 1274 non
3133 1219 3324 1293 quales
3346 1220 3487 1275 volo.

1890 1304 2050 1361 Nunc
2081 1306 2320 1361 ostendit
2349 1306 2495 1378 quod
2524 1306 2739 1362 dicebat
2770 1324 2782 1361 :
2817 1307 3082 1363 Inveniar
3110 1324 3144 1362 α
3173 1308 3321 1363 vobis
3348 1325 3491 1381 qua-

1896 1393 2006 1449 lem
2036 1410 2151 1450 non
2182 1395 2379 1450 vultis.
2412 1394 2614 1450 Littera
2642 1402 2827 1450 tamen
2854 1395 2931 1449 ibi
2954 1395 3221 1468 jungitur.
3253 1396 3330 1453 Ne
3360 1413 3491 1452 cum

1892 1498 2112 1548 venero,
2150 1491 2253 1537 etc.
2278 1483 2535 1538 Dicerent
2556 1482 2632 1538 illi
2668 1498 2679 1537 :
2714 1484 2793 1538 Tu
2814 1500 2881 1538 ne
2903 1491 3163 1540 venturus
3193 1499 3253 1539 es
3274 1485 3304 1539 ?
3331 1485 3490 1552 Ecce,

1893 1571 1968 1625 ait
2000 1571 2214 1637 Paulus,
2250 1573 2443 1637 tertio,
2476 1572 2583 1627 hoc
2611 1579 2879 1643 apparatu
2928 1588 3040 1628 non
3087 1572 3211 1629 dico
3238 1572 3448 1629 veniam
3475 1591 3491 1641 ;

1896 1660 1993 1714 sed
2019 1659 2134 1729 jam
2167 1663 2332 1716 venio
2363 1661 2435 1716 ad
2464 1676 2576 1716 vos.
2608 1661 2725 1716 Nec
2753 1677 2877 1716 cum
2909 1677 3131 1730 venero,
3161 1662 3334 1733 patiar
3361 1677 3490 1729 vos;

1894 1749 1992 1803 sed
2022 1749 2219 1814 stabit,
2243 1748 2298 1803 id
2327 1757 2411 1804 est
2442 1756 2587 1803 stare
2611 1749 2905 1820 oportebit,
2931 1765 3094 1805 omne
3122 1750 3371 1820 verbum,
3396 1767 3494 1806 seu

1894 1852 2080 1891 eorum
2115 1836 2207 1908 qui
2254 1844 2532 1903 accusant,
2568 1853 2666 1892 seu
2696 1838 2786 1909 qui
2818 1837 3137 1893 defendunt.
3184 1838 3340 1894 Stare
3367 1856 3495 1894 ver-

1894 1925 2022 1980 bum
2053 1925 2268 1995 dicitur,
2303 1941 2428 1982 cum
2458 1942 2648 1981 verum
2681 1942 2804 1981 esse
2833 1926 3121 1997 probatur.
3153 1925 3329 1983 Stabit
3347 1925 3490 1997 dico,

1894 2014 1957 2069 in
1985 2029 2080 2069 ore
2110 2030 2347 2086 quorum
2377 2015 2463 2070 vel
2495 2015 2694 2085 trium,
2717 2030 2819 2070 nec
2842 2014 3207 2087 quarumlibet
3232 2030 3497 2087 persona-

1894 2118 2032 2169 rum,
2066 2102 2164 2156 sed
2199 2105 2452 2169 testium,
2492 2102 2548 2157 id
2578 2110 2661 2159 est
2691 2118 2883 2158 eorum
2926 2102 3018 2175 qui
3063 2103 3247 2159 idonei
3277 2111 3399 2158 sunt
3428 2104 3497 2159 ad

1896 2189 2315 2245 testiﬁcandum.
2362 2192 2619 2247 Dicerent
2650 2191 2727 2246 illi
2760 2209 2773 2246 :
2809 2191 3076 2247 Minitaris
3105 2199 3155 2247 te
3183 2199 3493 2260 venturum,

1896 2280 1991 2334 sed
2024 2294 2147 2336 cum
2178 2280 2413 2346 veneris,
2450 2280 2581 2352 quid
2637 2279 2853 2336 facies?
2884 2281 3086 2337 Contra
3112 2281 3217 2336 hoc
3248 2280 3445 2337 Paulus
3480 2300 3494 2337 :

1894 2368 2122 2423 Veniam
2150 2368 2339 2441 utique
2373 2378 2426 2423 et
2457 2384 2566 2425 non
2600 2385 2842 2440 parcam,
2876 2372 3009 2442 quia
3048 2370 3297 2442 praediti
3324 2371 3493 2437 vobis,

1896 2472 2019 2512 cum
2050 2473 2229 2512 essem
2264 2474 2538 2530 praesens,
2575 2475 2664 2513 me
2694 2473 2803 2513 non
2862 2458 3197 2529 parciturum
3242 2457 3492 2525 ulterius,

1895 2553 1948 2600 et
1978 2545 2122 2600 idem
2181 2561 2326 2603 nunc
2371 2547 2575 2603 absens
2617 2546 2863 2620 praedico
2909 2563 3011 2618 per
3056 2546 3376 2618 Epistolam,
3429 2551 3497 2603 ut

1895 2650 2164 2707 praesens,
2198 2634 2255 2690 id
2285 2643 2369 2690 est
2397 2642 2546 2690 tanta
2574 2635 2769 2690 virtute
2791 2642 2990 2706 quanta
3010 2650 3255 2706 praesens
3304 2635 3495 2691 vobis-

1896 2737 2019 2777 cum
2048 2723 2302 2795 agebam.
2338 2722 2602 2790 Przedico,
2645 2722 2891 2796 inquam,
2927 2725 3016 2780 his
3044 2724 3140 2797 qui
3173 2727 3310 2779 ante
3343 2723 3496 2794 prius

1895 2811 2123 2866 missam
2153 2810 2456 2882 Epistolam
2494 2814 2905 2884 peccaverunt,
2930 2827 3032 2868 nec
3060 2811 3236 2867 adhuc
3263 2812 3498 2869 correcti

1898 2907 2040 2968 sunt,
2076 2907 2128 2955 et
2159 2900 2370 2956 caeteris
2402 2900 2657 2955 omnibus
2689 2900 2995 2972 quicunque
3025 2900 3081 2954 in
3108 2907 3391 2971 peccatum
3418 2899 3499 2956 la-

1895 2988 2118 3053 buntur,
2150 2988 2256 3044 hoc
2288 2988 2476 3060 utique
2524 2988 2764 3060 prmdico
2794 2989 3096 3061 quoniam,
3130 2989 3185 3043 id
3241 2996 3323 3044 est
3351 2988 3498 3061 quod

1895 3078 1944 3132 si
1974 3093 2176 3133 venero
2193 3078 2406 3133 iterum
2428 3077 2593 3146 (sicut
2611 3076 2864 3148 dispono)
2878 3093 2992 3133 non
3008 3093 3248 3149 parcam
3275 3077 3493 3145 iterum,

1897 3165 2035 3222 sicut
2062 3165 2213 3236 prius
2242 3165 2482 3237 peperci,
2515 3181 2639 3221 cum
2668 3180 2736 3220 ex
2783 3164 3091 3237 ignorantia
3146 3165 3498 3237 peccavisse-

1896 3254 1984 3308 tis.
2032 3253 2288 3309 Dicerent
2319 3257 2512 3309 iterum
2568 3253 2645 3308 illi
2679 3252 2996 3325 :Quidquid
3044 3253 3207 3309 modo
3235 3254 3494 3324 minetur,

1897 3350 2097 3408 tamen,
2133 3358 2258 3399 cum
2290 3342 2537 3412 venerit,
2566 3341 2759 3397 leviter
2784 3341 2979 3413 poterit
3006 3341 3231 3412 placari.
3281 3342 3365 3397 Ad
3393 3343 3499 3399 hoc

1896 3430 2099 3486 Paulus
2132 3449 2146 3485 :
2179 3429 2339 3499 Quod
2370 3446 2479 3486 non
2516 3444 2768 3502 parcam,
2806 3429 2938 3485 satis
2965 3445 3074 3486 non
3104 3429 3366 3497 creditis;
3398 3431 3499 3486 sed

1898 3536 1975 3575 an
2005 3519 2263 3592 quwritis
2293 3534 2390 3575 vos
2418 3520 2883 3591 experimentum
2912 3519 3034 3588 ejus
3067 3518 3296 3584 Christi,
3330 3518 3385 3573 id
3416 3527 3501 3575 est

1899 3616 1956 3663 ut
1985 3608 2110 3663 ideo
2150 3608 2419 3663 maneatis
2468 3607 2789 3676 incorrecti,
2824 3615 2882 3661 ut
2936 3607 3234 3677 potentiam
3279 3606 3500 3663 ultionis

1900 3697 2097 3753 Christi
2128 3696 2518 3768 experiamini,
2553 3698 2649 3770 qui
2677 3695 2925 3752 Christus
2960 3697 3212 3769 loquitur
3255 3696 3319 3751 in
3369 3701 3499 3753 me?

1899 3786 2022 3841 Non
2047 3786 2194 3841 enim
2223 3786 2341 3842 haec
2362 3800 2482 3857 qua
2504 3785 2700 3855 loquor
2729 3799 2763 3840 a
2792 3800 2879 3840 me
2911 3790 3056 3851 sunt,
3088 3784 3187 3839 sed
3209 3798 3243 3838 a
3262 3783 3496 3840 Christo.

1901 3873 2188 3929 Salubrius
2218 3882 2319 3943 est,
2354 3882 2413 3929 ut
2443 3890 2543 3930 vos
2571 3872 2860 3946 corrigatis
2904 3887 3087 3945 quam,
3135 3871 3501 3946 dedignantes

1904 3961 2142 4035 corrigi,
2184 3962 2417 4019 validam
2449 3978 2671 4018 manum
2720 3960 2938 4017 Domini
2991 3960 3362 4033 experiamini.
3399 3960 3506 4028 Qui

1904 4050 2152 4106 Christus
2182 4068 2299 4109 non
2332 4051 2669 4121 inﬁrmatur
2695 4052 2853 4106 inter
2880 4066 2990 4115 vos,
3025 4049 3078 4104 id
3107 4057 3191 4105 est
3217 4064 3328 4105 non
3357 4047 3505 4104 infir-

1901 4154 2026 4193 mus
2054 4139 2301 4211 apparuit
2356 4139 2531 4206 vobis,
2586 4154 2696 4195 non
2726 4138 3009 4209 operando
3066 4136 3358 4204 miracula;
3408 4137 3504 4193 sed

1901 4231 2106 4300 potens
2134 4231 2219 4284 est
2249 4229 2313 4283 in
2342 4227 2493 4282 vobis
2512 4271 2525 4293 ,
2560 4227 2615 4283 id
2646 4235 2729 4283 est
2747 4226 2989 4299 potentia
3019 4226 3134 4295 ejus
3162 4224 3506 4281 manifestata

1905 4323 1989 4371 est
2030 4316 2188 4371 vobis
2230 4332 2328 4387 per
2374 4315 2635 4371 miracula
2684 4330 2805 4387 quae
2841 4314 3086 4370 Christus
3134 4321 3393 4385 operatus
3421 4320 3508 4369 est

1906 4420 2007 4474 per
2036 4419 2138 4459 nos
2170 4404 2226 4458 in
2254 4403 2437 4460 medio
2469 4403 2657 4459 vestri.
2692 4405 2831 4459 Vere
2879 4402 3128 4459 Christus
3176 4408 3369 4473 potens
3398 4408 3502 4457 est.

222 4518 238 4549 ι
276 4498 540 4571 gnoscitis
578 4496 943 4568 vosmetipsos
984 4495 1112 4568 quia
1137 4494 1384 4550 Christus
1429 4494 1589 4550 Iesus
1619 4494 1672 4548 in
1702 4509 1804 4549 vo-
1825 4498 1878 4558 D
1908 4494 2050 4550 Nam
2091 4497 2148 4548 et
2179 4493 2229 4547 si
2258 4492 2494 4562 objicitis
2524 4492 2657 4548 mihi
2687 4508 2810 4547 eum
2840 4490 2895 4545 in
2944 4505 3111 4548 cruce
3166 4490 3502 4557 damnatum,

220 4606 241 4635 ι
275 4586 358 4642 bis
387 4586 519 4643 est?
538 4585 660 4642 Nisi
683 4584 824 4641 forte
847 4584 1066 4656 reprobi
1100 4583 1253 4639 estis.
1274 4583 1447 4654 Spero
1462 4590 1644 4637 autem
1661 4580 1806 4654 quod

219 4694 241 4725 ι
273 4673 608 4748 cognoscitis
637 4673 766 4747 quia
793 4689 895 4729 nos
924 4688 1035 4729 non
1070 4688 1259 4727 sumus
1298 4671 1536 4742 reprobi.
1572 4669 1808 4726 Oramus

226 4784 248 4814 ι
278 4772 460 4819 autem
504 4764 683 4820 Deum
722 4770 777 4817 ut
804 4761 939 4816 nihil
1005 4760 1139 4816 mali
1193 4759 1446 4827 faciatis;
1479 4775 1589 4814 non
1616 4766 1675 4814 ut
1706 4774 1810 4814 nos

228 4872 248 4902 ι
279 4853 491 4925 probati
521 4867 834 4923 parcamus,
869 4851 969 4906 sed
996 4858 1055 4905 ut
1074 4865 1175 4905 vos
1204 4849 1349 4921 quod
1369 4848 1574 4903 bonum
1604 4856 1706 4915 est,
1730 4846 1811 4903 fa-

226 4962 246 4987 ι
279 4940 445 4997 ciatis.
494 4942 613 4996 Nos
659 4948 839 4995 autem
896 4947 954 4994 ut
996 4937 1215 5009 reprobi
1281 4937 1470 4991 simus.
1520 4937 1636 4992 Nos
1667 4936 1811 4992 enim

232 5052 251 5076 ι
286 5046 576 5100 possumus
606 5027 813 5100 aliquid
834 5028 1103 5083 adversus
1131 5026 1436 5092 veritatem,
1471 5025 1569 5080 sed
1589 5041 1691 5096 pro
1720 5041 1814 5082 ve-

235 5137 256 5167 ι
285 5118 459 5175 ritate.
492 5117 814 5175 Gaudemus
859 5116 1005 5171 enim
1055 5115 1311 5188 quoniam
1338 5130 1440 5171 nos
1481 5113 1684 5169 inﬁrmi
1714 5130 1813 5169 su-

237 5225 258 5254 ι
288 5221 423 5272 mus,
454 5222 558 5262 vos
593 5212 777 5261 autem
831 5212 1082 5277 potentes
1110 5203 1262 5259 estis.
1324 5203 1442 5259 Hoc
1491 5209 1544 5258 et
1597 5217 1817 5257 oramus

236 5313 258 5344 ι
290 5303 523 5351 vestram
554 5293 1103 5351 consummationem.
1136 5292 1267 5348 Ideo
1297 5291 1441 5347 enim
1468 5292 1586 5347 haec
1616 5291 1817 5346 absens

232 5401 252 5431 ι
289 5383 460 5440 scribo
481 5392 540 5439 ut
563 5398 673 5439 non
690 5398 931 5453 praesens
952 5382 1142 5437 durius
1164 5380 1323 5437 20
1338 5379 1398 5437 1
1429 5395 1593 5451 agam
1623 5394 1818 5434 secun-

1905 4582 2264 4652 impotentem
2284 4581 2626 4652 apparuisse,
2652 4580 2826 4636 fateor
2838 4578 3057 4651 quidem
3070 4579 3385 4648 cruciﬁxus
3399 4582 3505 4647 est,

1908 4670 2009 4725 sed
2039 4686 2115 4726 ea:
2170 4671 2538 4740 inﬁrmitate,
2572 4669 2627 4724 id
2657 4675 2739 4724 est
2783 4667 3085 4724 secundum
3139 4664 3509 4722 inﬁrmitatem

1910 4758 2258 4815 mortalitatis
2317 4767 2369 4815 et
2416 4757 2789 4830 passibilitatis
2831 4772 2991 4829 quam
3017 4755 3075 4810 in
3129 4770 3298 4811 carne
3325 4761 3511 4811 nostra

1910 4848 2213 4919 assumpsit
2238 4867 2252 4915 ;
2284 4848 2383 4904 sed
2414 4848 2537 4904 licet
2567 4847 2641 4902 ita
2671 4843 2956 4903 cruciﬁxus
3001 4843 3090 4914 sit,
3127 4848 3322 4900 tamen
3347 4843 3508 4912 vivit,

1911 4935 1968 4990 id
1999 4944 2082 4991 est
2110 4936 2476 5007 potentialiter
2506 4936 2619 5007 agit
2648 4952 2723 4991 ex
2753 4936 2966 4991 virtute
2986 4934 3102 5001 Dei,
3127 4933 3183 4989 id
3203 4939 3291 4989 est
3307 4947 3512 4989 secun-

1912 5023 2044 5079 dum
2090 5025 2369 5092 deitatem,
2402 5025 2554 5095 cujus
2599 5024 2772 5080 virtus
2814 5023 2881 5077 ab
2913 5037 2979 5078 eo
3038 5037 3147 5077 non
3177 5020 3424 5087 recessit,
3456 5027 3513 5076 et

1913 5112 1970 5168 in
1999 5129 2108 5185 quo
2149 5114 2326 5171 omnis
2356 5114 2617 5170 divinitas
2646 5110 2998 5184 corporaliter
3018 5110 3297 5166 habitavit.

1996 5203 2139 5259 Vere
2163 5204 2412 5260 Christus
2440 5202 2573 5259 vivit
2602 5218 2669 5256 ex
2688 5200 2883 5257 virtute
2906 5200 3004 5255 Dei
3030 5218 3044 5265 ;
3068 5216 3207 5256 nam
3227 5215 3328 5256 nos
3347 5198 3517 5270 longe

1916 5294 2209 5353 inferiores
2238 5292 2332 5348 illo
2362 5291 2612 5347 vivemus
2641 5306 2708 5345 ex
2736 5289 2930 5345 virtute
2956 5288 3076 5344 Dei.
3112 5288 3273 5358 Quod
3300 5287 3381 5344 sic
3418 5286 3514 5343 ait.

1918 5386 2034 5441 Nos
2063 5381 2281 5454 quidem
2309 5380 2530 5449 inﬁrmi
2558 5393 2755 5435 sumus
2800 5378 2865 5433 in
2893 5378 3012 5442 illo,
3035 5376 3092 5431 id
3120 5383 3202 5432 est
3236 5375 3292 5430 in
3335 5373 3524 5431 simili.

238 5489 258 5518 ι
290 5470 414 5526 dum
467 5477 830 5543 potestatem,
882 5486 1049 5542 quam
1105 5468 1370 5525 Dominus
1415 5468 1565 5523 dedit
1621 5466 1735 5521 nihi
1765 5465 1821 5520 in
1922 5471 2109 5528 tudine
2139 5469 2314 5535 illius,
2345 5476 2404 5523 ut
2451 5465 2917 5540 quemadmodum
2958 5464 3051 5521 ille
3097 5480 3197 5536 pro
3226 5464 3407 5531 nobis,
3440 5463 3523 5522 sic

245 5582 264 5605 ι
294 5559 699 5618 aediﬁcationem
722 5602 735 5627 ,
768 5568 820 5615 et
848 5576 958 5616 non
989 5560 1046 5615 in
1073 5557 1518 5616 destructionem.
1553 5557 1635 5612 De
1654 5562 1821 5612 caate-
1924 5568 1978 5616 et
2006 5575 2109 5615 nos
2138 5574 2240 5631 pro
2260 5573 2328 5613 eo
2355 5557 2640 5629 patiamur.
2682 5555 2773 5611 Sic
2801 5553 3023 5627 quidem
3051 5551 3254 5609 inﬁrmi
3283 5568 3474 5608 sumus
3501 5571 3519 5620 ;

240 5666 262 5697 ι
291 5663 370 5718 τοι
400 5648 621 5717 fratres,
671 5649 929 5723 gaudete.
964 5646 1199 5707 Perfecti
1228 5653 1424 5707 estote.
1481 5643 1826 5702 Exhortami—
1925 5648 2023 5709 sed
2044 5648 2313 5719 vivemus,
2330 5645 2388 5702 id
2433 5652 2518 5702 est
2536 5641 2904 5718 potentialiter
2921 5656 3155 5717 agemus
3183 5641 3239 5699 in
3267 5641 3425 5699 vobis
3444 5656 3520 5699 ea:
