3948 6438
444 270 550 325 279

1000 265 1055 321 5.
1097 263 1452 322 BRUNONIS
1489 261 2140 322 CARTHUSIANORUM
2177 265 2662 324 INSTITUTORIS
2701 267 2856 326 OPP.
2896 268 3075 327 PARS
3113 271 3182 326 ll.

3651 273 3770 327 280

452 392 690 459 virtute,
715 389 770 445 id
800 397 877 446 est
906 406 1006 461 per
1043 393 1294 445 virtutem
1322 391 1440 455 Dei,
1475 407 1634 462 quam
1665 391 1929 446 habemus
1958 389 2043 444 fa-
2064 389 2122 450 Δ
2153 394 2352 457 tentes,
2386 407 2577 462 puram
2607 393 2866 449 habentes
2915 394 3323 462 conscientiam,
3358 401 3411 450 et
3441 393 3569 450 ideo
3595 394 3773 464 judi-

449 479 721 533 miliarem
754 481 816 533 in
848 495 925 542 eo,
961 478 1170 533 scilicet
1203 478 1435 533 Christo.
1470 479 1552 533 Ne
1599 487 1775 534 autem
1815 495 1915 533 nos
1963 478 2047 532 vi-

453 575 644 622 ventes
675 583 739 621 ex
774 568 973 621 virtute
1003 567 1101 621 Dei
1152 567 1454 622 districtius
1483 583 1712 638 agamus
1759 567 1813 621 in
1869 567 2045 633 vobis,

455 659 673 710 tentate
706 656 1079 725 vosmetipsos,
1115 655 1168 708 id
1201 663 1282 709 est
1302 655 1487 708 subtili
1507 656 2047 711 considerationem-

455 743 722 815 vestigate
752 759 870 797 vos.
905 744 1128 798 Tentate
1172 742 1316 809 dico,
1353 746 1400 798 si
1449 745 1632 800 adhuc
1681 747 1817 799 estis
1849 746 1911 799 in
1941 745 2048 812 ﬁde

453 847 613 902 quam
643 831 930 901 accepistis
953 847 1050 901 per
1077 847 1184 885 me.
1209 831 1265 884 Si
1295 831 1437 885 enim
1456 831 1509 884 in
1534 831 1738 886 meritis
1763 833 2047 902 baptizan-

453 920 582 973 tium
613 917 911 984 conﬁdunt,
946 919 992 972 si
1023 927 1209 974 vetera
1233 919 1523 986 reducunt,
1551 919 1605 973 in
1624 918 1729 974 ﬁde
1759 936 1867 974 non
1901 929 2042 987 sunt,

451 1007 574 1079 quia
603 1007 795 1078 gratia:
827 1007 927 1061 Dei
957 1007 1265 1062 detrahunt.
1300 1008 1522 1062 Tentate
1553 1008 1598 1062 si
1631 1008 1762 1062 estis
1816 1008 1870 1062 in
1906 1008 2044 1073 ﬁde;

449 1103 500 1150 et
533 1111 632 1151 vos
657 1096 711 1150 in
743 1094 849 1149 ﬁde
881 1094 1084 1150 inventi
1120 1094 1224 1165 ipsi
1255 1095 1484 1165 probate
1512 1112 1608 1149 vos
1635 1137 1649 1163 ,
1683 1096 1736 1150 id
1769 1104 1850 1151 est
1890 1096 2048 1150 bonis

449 1183 704 1254 operibus
731 1183 1044 1254 probabiles
1075 1182 1222 1248 facti,
1258 1181 1421 1238 ﬁdem
1479 1193 1717 1238 vestram
1771 1185 2046 1240 decorate.

449 1269 611 1338 Quod
641 1271 685 1324 si
716 1271 770 1324 in
800 1269 906 1325 ﬁde
939 1286 1046 1325 non
1077 1271 1228 1336 estis,
1263 1287 1360 1324 vos
1390 1271 1492 1325 soli
1515 1272 1865 1327 damnamini.
1900 1271 2048 1326 Nihil

451 1374 485 1414 a
514 1375 601 1414 me
631 1359 942 1430 requiritur,
977 1358 1104 1430 quia
1132 1376 1207 1413 an
1231 1376 1344 1413 non
1377 1362 1712 1429 cognoscitis
1737 1365 1942 1416 vosmet
1963 1362 2051 1433 ip-

454 1463 542 1502 sos
569 1446 626 1501 in
657 1463 722 1501 eo
751 1446 895 1518 quod
928 1447 1186 1502 Christus
1221 1447 1398 1511 Jesus,
1433 1447 1486 1501 id
1542 1457 1623 1502 est
1657 1447 1793 1504 ﬁdes
1847 1449 2048 1503 Christi

449 1535 598 1600 Jesu,
635 1536 698 1590 in
733 1536 880 1590 vobis
912 1535 1085 1604 posita
1144 1543 1228 1588 est
1280 1551 1379 1604 per
1436 1535 1796 1592 ministerium
1842 1553 2043 1604 meum,

449 1623 563 1677 nisi
592 1626 762 1694 forte,
793 1623 938 1694 quod
958 1623 1150 1678 leviter
1180 1638 1302 1677 esse
1332 1631 1528 1692 potest,
1553 1640 1650 1678 vos
1673 1627 1778 1679 esti
1809 1626 2044 1697 reprobi,

445 1710 501 1764 id
523 1719 604 1765 est
623 1726 654 1765 a
672 1711 787 1766 Deo
807 1711 1100 1781 reprobati,
1139 1711 1269 1764 dum
1300 1727 1398 1766 vos
1439 1712 1692 1782 indignos
1731 1713 2047 1767 exhibuistis
2066 1739 2118 1799 B

445 1807 912 1854 sacramentorum
939 1797 1084 1852 ﬁdei.
1112 1797 1366 1853 Dicerent
1388 1799 1493 1852 illi:
1516 1800 1631 1855 Nec
1657 1800 1854 1854 mirum
1882 1800 1926 1854 si
1950 1817 2046 1855 vos

447 1886 817 1956 reprobi,cum
833 1886 949 1956 ipse
963 1886 1225 1956 reprobus
1245 1887 1338 1940 sis.
1357 1887 1439 1941 Ad
1453 1889 1555 1943 hoc
1573 1887 1812 1944 202
1828 1888 2042 1943 Paulus.

447 1973 723 2044 Quidquid
753 1989 851 2028 vos
872 1973 1196 2044 opponatis;
1224 1982 1402 2030 tamen
1432 1992 1592 2046 spero
1626 1977 1770 2047 quod
1794 1977 1932 2031 bene
1965 1993 2047 2032 co-

443 2062 714 2132 gnoscitis
735 2061 838 2116 hoc
861 2061 929 2115 de
949 2061 1105 2115 nobis
1143 2063 1285 2134 quod
1309 2079 1408 2120 nos
1442 2065 1503 2118 in
1547 2065 1706 2119 nullo
1734 2081 1928 2119 sumus
1952 2080 2045 2120 re-

442 2150 636 2221 probi;
660 2157 709 2204 et
741 2149 862 2204 licet
885 2149 937 2203 in
967 2149 1115 2204 nullo
1144 2151 1382 2222 reprobi,
1419 2151 1513 2206 sed
1537 2151 1594 2206 in
1615 2153 1868 2206 omnibus
1889 2152 2044 2207 inve-

446 2237 661 2292 niamur
707 2238 937 2308 probati,
973 2245 1156 2293 tamen
1212 2239 1462 2294 nolumus
1518 2256 1617 2294 vos
1675 2256 1799 2295 esse
1848 2241 2041 2310 malos,

444 2334 500 2380 ut
523 2325 740 2398 quidam
761 2325 990 2396 praelati,
1039 2326 1130 2396 qui
1162 2334 1218 2380 ut
1261 2327 1509 2382 videatur
1566 2328 1810 2398 probitas
1855 2345 2044 2384 eorum

445 2414 752 2470 exercendo
764 2413 1136 2485 praelationem
1151 2429 1325 2480 suam,
1349 2415 1590 2487 gaudent
1603 2416 1776 2487 culpis
1800 2417 2045 2473 subdito-

449 2520 593 2558 rum.
642 2505 756 2558 Nos
786 2511 968 2558 autem
1001 2519 1110 2558 non
1154 2503 1252 2570 sic,
1277 2505 1370 2559 sed
1403 2521 1630 2561 oramus
1666 2507 1842 2561 Deum
1862 2511 1928 2562 ut
1947 2521 2044 2561 vos

445 2593 595 2646 nihil
615 2593 756 2647 mali
777 2592 1040 2662 faciatis;
1059 2599 1110 2646 et
1126 2608 1240 2648 non
1272 2607 1496 2647 oramus
1527 2594 1632 2649 hoc
1656 2598 1720 2649 ut
1743 2609 1841 2649 nos
1862 2610 2043 2667 appa-

445 2695 673 2735 reamus
707 2680 947 2752 probati.
973 2679 1030 2735 Si
1060 2695 1125 2734 ex
1173 2680 1489 2736 auctoritate
1547 2681 1880 2752 praelatiouis
1917 2683 2042 2736 vin-

447 2767 652 2824 dicaret
717 2766 932 2838 culpam
989 2767 1229 2834 subditi,
1282 2776 1409 2824 tunc
1442 2769 1705 2840 probatus
1736 2779 2038 2841 appareret.

445 2856 563 2911 Hoc
584 2871 691 2911 non
721 2871 963 2921 oramus,
1003 2856 1097 2911 sed
1124 2860 1188 2912 ut
1246 2872 1338 2912 vos
1377 2859 1610 2927 faciatis
1647 2858 1790 2930 quod
1837 2859 2043 2913 bonum

444 2949 561 3012 est;
591 2960 693 3000 nos
722 2959 853 2999 vero
885 2943 1018 2998 nihil
1047 2944 1275 3015 dignum
1295 2945 1852 3000 ultioneinvenientes
1874 2946 1929 3000 in
1947 2961 2042 3000 vo-

442 3032 530 3086 bis
558 3036 623 3087 ut
651 3033 847 3097 simus,
873 3032 926 3086 id
949 3039 1030 3086 est
1058 3048 1438 3102 appareamus,
1468 3034 1706 3105 reprobi.
1724 3033 1874 3088 Tunc
1904 3049 2040 3103 pra:-

445 3119 585 3176 latus
614 3135 722 3175 non
752 3128 837 3174 est
865 3120 1106 3192 quidem,
1132 3121 1227 3175 sed
1261 3129 1484 3190 apparet
1504 3121 1792 3190 reprobus,
1821 3121 2040 3192 quando

446 3225 558 3265 non
589 3208 794 3263 invenit
822 3208 876 3262 in
907 3224 1014 3279 quo
1041 3216 1294 3264 exerceat
1312 3216 1634 3278 potestatem
1651 3208 1930 3264 commissi
1954 3209 2040 3276 ju-

451 3295 597 3353 dicii.
636 3297 838 3351 Iterum
861 3303 985 3350 sunt
1037 3296 1255 3366 quidam
1289 3295 1516 3366 praelati,
1561 3295 1651 3367 qui
1689 3297 1811 3354 licet
1838 3296 2041 3351 subditi

449 3401 638 3442 eorum
668 3383 797 3439 boni
828 3383 951 3450 sint,
985 3391 1182 3439 vexant
1211 3393 1394 3438 tamen
1434 3398 1529 3438 eos
1566 3400 1632 3439 ex
1662 3385 1887 3455 imperio
1913 3401 2038 3439 sus-

448 3481 620 3544 ceptas
649 3473 951 3544 potestatis.
984 3473 1184 3527 Contra
1229 3473 1329 3527 hos
1362 3472 1562 3526 Paulus
1596 3490 1609 3526 :
1643 3473 1772 3528 Ideo
1821 3489 2038 3528 oramus

441 3570 500 3618 ut
528 3577 638 3617 non
662 3561 832 3616 simus
871 3560 1110 3632 reprobi,
1136 3560 1289 3615 vobis
1329 3560 1649 3616 facientibus
1673 3561 1818 3633 quod
1839 3561 2038 3616 bonum

441 3658 546 3716 est,
576 3651 709 3722 quia
738 3665 840 3705 nos
864 3666 980 3706 non
1007 3665 1300 3720 possumus
1331 3649 1548 3720 aliquid
1593 3650 1858 3705 adversus
1890 3653 2037 3706 veri-

444 3743 640 3803 tatem,
673 3738 726 3791 id
756 3746 856 3802 est,
890 3737 981 3791 ubi
1013 3751 1140 3792 vera
1160 3736 1370 3805 justitia
1416 3746 1519 3803 est,
1555 3753 1680 3792 eam
1712 3738 2036 3809 impugnare

442 3841 554 3880 non
572 3826 698 3880 licet
721 3843 736 3891 ;
768 3826 863 3880 sed
893 3840 1182 3894 possumus
1212 3842 1313 3897 pro
1331 3826 1575 3881 veritate
1603 3826 1822 3895 tuenda,
1846 3827 1889 3880 si
1914 3827 2034 3897 quis

442 3929 560 3969 eam
583 3912 724 3967 male
745 3912 832 3967 vel
855 3913 1071 3982 agendo
1089 3912 1177 3967 vel
1200 3912 1433 3968 dicendo
1456 3913 1753 3985 impugnat.
1771 3914 1899 3969 Ideo
1919 3931 2039 3970 ora-

443 4017 566 4056 mus
587 4008 642 4054 ut
660 4015 757 4055 vos
777 4000 988 4056 faciatis
1012 4001 1155 4071 quod
1173 4001 1375 4056 bonum
1420 4010 1522 4069 est,
1560 4005 1694 4075 quia
1731 4003 2039 4074 gaudemus

443 4089 670 4163 quando
697 4105 799 4146 nos
814 4089 1033 4158 inﬁrmi
1051 4106 1265 4156 sumus,
1291 4097 1344 4144 et
1369 4098 1615 4161 potestas
1637 4098 1824 4146 nostra
1852 4091 2033 4147 locum

443 4193 554 4233 non
583 4177 748 4233 habet
775 4177 1033 4249 perfectis
1063 4177 1333 4234 omnibus.
1378 4180 1472 4235 Vos
1529 4183 1722 4235 autem
1752 4181 1887 4236 estis
1933 4196 2037 4253 po-

2147 479 2289 533 cium
2316 488 2558 534 nostrum
2600 497 2706 535 non
2740 481 3113 537 formidantes.
3143 484 3265 538 Non
3315 483 3491 538 solum
3525 483 3766 554 gaude-

2147 583 2286 632 mus,
2318 569 2413 622 sed
2443 571 2617 624 etiam
2648 586 2874 626 oramus
2917 571 3040 635 hoc,
3072 579 3129 625 ut
3172 587 3271 626 vos
3314 580 3567 641 potentes
3600 571 3761 635 sitis,

2146 650 2354 706 scilicet
2389 656 2635 708 vestram
2664 657 3233 720 consummationem,
3267 655 3321 708 id
3371 663 3455 709 est
3512 655 3761 724 justitiae

2147 747 2344 793 vestra:
2376 739 2790 810 perfectionem.
2825 743 2891 796 Et
2919 744 3040 799 ideo
3073 743 3198 814 quia
3221 743 3525 812 gaudemus
3547 751 3598 798 et
3622 759 3774 798 ora-

2147 843 2265 881 mus
2297 828 2420 893 hoc,
2453 844 2557 900 ego
2615 831 2812 884 absens
2869 833 3046 887 scribo
3097 830 3213 885 haec
3242 832 3425 899 vobis;
3454 840 3774 902 prOpterea

2147 920 2211 972 ut
2241 931 2364 971 cum
2396 917 2548 972 fuero
2580 935 2828 989 presens
2854 936 2968 974 non
2992 937 3157 990 agam
3187 920 3406 989 durius,
3430 921 3769 977 secundum

2141 1009 2481 1076 potestatem
2511 1007 2844 1076 apostolatus
2874 1008 3002 1062 mei.
3035 1009 3149 1063 Nec
3182 1008 3368 1080 utique
3401 1009 3447 1062 si
3469 1025 3534 1063 ex
3554 1017 3767 1080 potes-

2146 1097 2253 1142 tate
2283 1105 2523 1158 agerem,
2559 1107 2728 1162 grave
2758 1091 2912 1146 vobis
2945 1108 3066 1147 esse
3114 1093 3372 1158 deberet,
3414 1093 3544 1164 quia
3591 1095 3765 1148 hanc

2146 1184 2469 1246 potestatem
2503 1178 2654 1233 dedit
2686 1180 2828 1234 mihi
2868 1181 3138 1235 Dominus
3179 1182 3242 1235 in
3301 1181 3765 1250 wdiﬁcationem

2147 1272 2400 1329 vestram,
2440 1273 2494 1320 et
2533 1268 2731 1321 nonin
2761 1267 3222 1324 destructionem.

2219 1353 2511 1424 Postquam
2542 1353 2609 1407 de
2640 1354 2723 1408 his
2752 1372 2874 1425 quae
2902 1355 3137 1410 fecerant
3169 1356 3298 1410 satis
3329 1371 3424 1412 eos
3445 1356 3753 1428 cOrripuit,
3805 1361 3818 1373 '

2147 1440 2337 1493 transit
2369 1449 2423 1494 ut
2451 1441 2505 1494 in
2537 1442 2620 1495 his
2652 1460 2771 1513 quae
2801 1443 2868 1497 de
2913 1443 3094 1498 futuro
3154 1445 3432 1500 restabant
3481 1446 3764 1516 corripiat

2146 1527 2286 1592 illos,
2320 1528 2508 1583 dicens
2544 1546 2556 1582 :
2591 1529 2651 1583 In
2683 1531 2767 1584 his
2796 1531 3094 1600 praemissis
3116 1532 3193 1587 sic
3223 1549 3320 1587 vos
3341 1533 3537 1588 habete
3560 1541 3616 1587 ut
3641 1534 3766 1589 do-

2148 1631 2245 1670 ceo
2275 1624 2326 1670 et
2350 1617 2416 1670 de
2445 1621 2667 1683 caatero,
2703 1619 2757 1672 id
2790 1628 2870 1673 est
2899 1619 2951 1672 in
2986 1619 3186 1685 futuro,
3220 1623 3455 1692 fratres,
3479 1622 3762 1693 gaudete,

2147 1703 2201 1757 id
2223 1711 2303 1758 est
2326 1704 2404 1759 sic
2435 1706 2580 1776 agite
2613 1714 2668 1760 ut
2699 1707 2766 1760 de
2797 1723 2964 1778 Opere
2994 1716 3178 1763 vestro
3209 1709 3466 1781 gaudium
3515 1725 3759 1780 semper

2146 1792 2490 1862 exspectetis,
2525 1801 2575 1847 et
2609 1803 2662 1847 ut
2713 1811 2842 1849 vere
2889 1796 3212 1865 gaudeatis;
3244 1798 3488 1868 perfecti
3539 1803 3759 1863 estote,

2146 1888 2197 1934 et
2221 1897 2317 1935 vos
2339 1879 2563 1950 perfecti
2596 1883 2987 1938 exhortamini
3043 1883 3392 1954 imperfectos
3423 1885 3492 1938 ad
3521 1886 3761 1956 perfec-

2147 1967 2372 2022 tionem.
2399 1968 2508 2023 Yos
2533 1970 2972 2040 veroimperfecti
2994 1972 3140 2027 idem
3162 1975 3343 2043 sapite
3365 1989 3495 2028 cum
3514 1974 3753 2043 perfec-

2143 2055 2211 2109 tis
2233 2057 2642 2110 exhortantibus
2660 2074 2775 2123 vos,
2796 2067 2847 2112 et
2869 2060 3063 2114 habete
3076 2076 3274 2132 pacem
3295 2075 3419 2116 cum
3436 2060 3563 2126 illis,
3585 2061 3641 2116 id
3666 2072 3763 2117 est

2145 2160 2213 2198 ne
2245 2144 2540 2198 abutamini
2563 2147 2902 2202 correctione
2921 2163 3109 2202 eorum
3134 2167 3148 2214 ;
3182 2149 3278 2202 sed
3301 2163 3423 2204 cum
3444 2150 3592 2203 omni
3613 2166 3758 2205 mo-

2146 2232 2317 2286 destia
2338 2233 2890 2303 amplectiminijussa
2921 2251 3133 2304 eorum,
3160 2237 3288 2307 quia
3331 2237 3375 2291 si
3413 2237 3561 2292 idem
3590 2238 3758 2309 sapi-

2145 2321 2213 2375 tis
2244 2329 2295 2375 et
2326 2337 2516 2391 pacem
2547 2323 2780 2388 habetis,
2819 2324 2896 2378 sic
2931 2326 3041 2379 erit
3067 2325 3343 2382 vobiscum
3380 2327 3524 2382 Deus
3561 2329 3756 2399 pacis,

2143 2409 2234 2480 qui
2265 2409 2543 2465 discordes
2573 2411 3097 2480 abjicit,concordes
3127 2413 3301 2485 eligit.
3326 2414 3394 2467 Et
3425 2414 3570 2469 idem
3591 2415 3757 2470 Deus

2144 2497 2446 2553 dilectionis
2476 2498 2579 2552 erit
2637 2499 2936 2568 vobiscum,
2970 2501 3092 2571 quia
3145 2517 3255 2556 non
3307 2501 3503 2558 sufficit
3549 2519 3756 2573 pacem

2144 2586 2367 2653 habere,
2403 2587 2506 2640 nisi
2537 2588 2840 2643 secundum
2869 2590 3045 2645 Deum
3090 2598 3352 2660 sequatur
3379 2591 3634 2664 diligere.
3671 2594 3751 2648 Et

2142 2683 2200 2729 ut
2229 2691 2330 2745 pax
2362 2682 2413 2730 et
2441 2675 2662 2731 dilectio
2720 2677 2820 2732 Dei
2879 2677 2949 2732 sit
3002 2678 3303 2747 vobiscum,
3335 2681 3586 2736 salutate
3636 2697 3750 2738 vos

2142 2765 2384 2818 invicem
2406 2765 2468 2818 in
2498 2765 2706 2833 osculo,
2757 2765 2810 2818 id
2849 2773 2932 2820 est
2963 2766 3104 2822 alter
3152 2767 3430 2824 osculetur
3489 2768 3748 2839 alterum,

2141 2851 2466 2907 mortificata
2507 2853 2658 2906 omni
2711 2854 3058 2910 contentione
3088 2855 3228 2910 inter
3287 2871 3407 2911 vos.
3442 2858 3501 2910 ln
3551 2859 3756 2914 osculo

2141 2940 2264 2995 dico
2289 2956 2396 2995 non
2429 2941 2574 3012 quod
2604 2956 2700 2996 ore
2733 2950 2939 2996 tantum
2962 2941 3068 3011 ﬁat,
3105 2952 3155 2998 et
3187 2959 3295 2998 non
3330 2945 3518 3011 corde,
3554 2947 3654 3001 sed
3689 2948 3749 3001 in

2141 3027 2328 3082 osculo
2375 3034 2592 3092 sancto,
2630 3029 2775 3100 quod
2831 3031 2974 3086 nulla
3021 3030 3116 3086 irae
3174 3031 3405 3087 scintilla
3433 3033 3488 3087 in
3518 3035 3746 3090 occulto

2141 3117 2320 3172 cordis
2348 3117 2530 3172 lateat.
2564 3119 2631 3172 Et
2661 3118 2738 3173 sic
2769 3119 2981 3174 debetis
3039 3135 3135 3175 vos
3183 3121 3417 3176 invicem
3473 3121 3742 3188 salutare,

2142 3206 2268 3276 quia
2288 3207 2550 3260 salutant
2583 3222 2674 3262 vos
2705 3223 2898 3262 omnes
2917 3209 3125 3272 sancti,
3160 3210 3608 3266 commendantes
3643 3228 3752 3267 vo-

2143 3293 2226 3347 bis
2253 3293 2603 3349 dilectionem
2628 3296 2880 3365 exemplo
2897 3297 2999 3351 sui.
3028 3296 3285 3352 Salutatio
3323 3299 3545 3368 propria
3587 3301 3752 3356 Pauli

2142 3382 2398 3453 sequitur.
2432 3383 2628 3438 Gratia
2647 3384 2873 3439 Domini
2906 3386 3087 3439 nostri
3127 3386 3260 3441 Iesu
3294 3385 3524 3452 Christi,
3563 3387 3618 3442 id
3660 3398 3752 3444 est

2141 3470 2403 3525 Dominus
2420 3478 2607 3526 noster
2619 3473 2646 3525 J
2653 3487 2749 3526 esu
2770 3471 3015 3526 Christus
3037 3472 3172 3527 dans
3192 3473 3442 3544 gratiam,
3470 3491 3576 3546 qua
3601 3492 3749 3546 pec-

2140 3567 2261 3614 cata
2281 3559 2518 3612 dimittit.
2543 3561 2614 3614 Et
2631 3561 2884 3615 charitas
2906 3562 3024 3625 Dei,
3051 3561 3106 3615 id
3130 3570 3210 3615 est
3229 3563 3375 3616 Deus
3399 3563 3555 3618 Pater
3575 3565 3744 3632 cujus

2141 3647 2375 3703 Charitas
2396 3663 2493 3718 pro
2511 3647 2679 3702 salute
2701 3648 2998 3717 hominum,
3023 3649 3217 3703 Filium
3241 3650 3407 3705 voluit
3437 3650 3743 3708 incarnari.

2141 3737 2208 3790 Et
2254 3736 2695 3791 communicatio
2739 3738 2928 3792 sancti
2976 3737 3243 3807 Spiritus,
3274 3737 3329 3791 id
3360 3746 3439 3793 est
3496 3738 3747 3809 Spiritus

2143 3823 2504 3880 communiter
2531 3823 2836 3893 procedens
2865 3839 2898 3878 a
2928 3823 3088 3879 Patre
3110 3833 3162 3879 et
3183 3824 3336 3880 Filio.
3365 3825 3462 3881 Vel
3485 3841 3748 3883 commu-

2138 3911 2340 3968 nicatio
2371 3911 2540 3966 sancti
2573 3911 2822 3981 Spiritus,
2856 3911 2911 3965 id
2941 3921 3024 3966 est
3067 3912 3300 3983 Spiritus
3330 3923 3550 3970 sanctus
3575 3931 3744 3972 com-

2138 4000 2418 4055 municans
2447 4000 2601 4054 vobis
2623 4000 2828 4070 gratias
2858 4015 3006 4066 suas,
3029 4001 3104 4055 sit
3129 4017 3257 4057 cum
3279 4003 3542 4058 omnibus
3566 4004 3746 4071 vobis,

2137 4106 2326 4155 amen,
2353 4096 2406 4143 et
2436 4096 2491 4143 ut
2520 4088 2596 4142 ita
2628 4085 2718 4142 ﬁat
2750 4103 2848 4144 vos
2875 4088 3136 4159 laborata,
3170 4097 3220 4144 et
3259 4091 3406 4146 Deus
3435 4092 3727 4148 concedat.

1170 4514 1409 4573 203
1452 4514 1946 4571 ARGUMENTUM
1984 4515 2057 4570 IN
2093 4511 2489 4569 EPISTOTAM
2526 4511 2621 4567 AD
2661 4511 3002 4567 GALATAS.

507 4665 720 4739 Galatae
746 4673 872 4739 sunt
902 4665 1097 4739 Graeci.
1130 4667 1196 4721 Hi
1223 4667 1452 4723 verbum
1481 4669 1717 4724 veritatis
1747 4669 1984 4739 primum
2012 4666 2079 4720 ab
2110 4665 2354 4736 apostolo
2386 4672 2749 4739 acceperunt;
2787 4663 2884 4739 sed
2922 4671 3046 4734 post
3074 4663 3380 4739 discessum
3409 4666 3525 4734 ejus
3545 4671 3746 4726 tentati

433 4744 560 4811 sunt
588 4753 618 4791 a
653 4737 803 4811 falsis
833 4738 1112 4811 apostolis,
1141 4746 1198 4792 ut
1230 4739 1284 4794 in
1315 4739 1494 4810 legem
1523 4749 1576 4795 et
1605 4735 2075 4796 circumcisionem
2106 4735 2462 4792 verterentur.
2501 4737 2613 4791 Hos
2633 4735 2924 4806 Apostolus
2948 4745 3169 4792 revocat
3189 4737 3258 4791 ad
3279 4738 3440 4794 ﬁdem
3464 4739 3740 4811 veritatis,

437 4808 683 4864 scribens
711 4809 792 4865 eis
820 4809 889 4862 ab
917 4810 1158 4880 Epheso.

1339 5128 1711 5186 PROLOGUS
1750 5131 1953 5185 ΒΕΑΤί
1997 5127 2350 5187 BRUNONIS
2389 5128 2462 5181 IN
2498 5126 2819 5182 EAMDEM.

515 5282 729 5338 Galatia
748 5281 902 5338 locus
930 5280 1152 5352 quidem
1181 5287 1264 5334 est
1292 5280 1346 5334 in
1378 5280 1605 5347 Graecia,
1639 5288 1692 5336 et
1720 5280 1773 5335 in
1804 5296 1867 5335 ea
1898 5280 2106 5341 Pau-D
2131 5293 2373 5344 reverso,
2417 5277 2884 5348 pseudodoctores
2915 5278 3170 5348 (quorum
3209 5276 3362 5332 labor
3389 5287 3502 5332 erat
3533 5296 3736 5350 perge-

438 5370 524 5426 lus
551 5387 650 5441 per
677 5369 900 5440 aliquod
931 5377 1144 5439 tempus
1184 5377 1539 5423 conversatus
1597 5369 1792 5434 fuerat,
1831 5369 2035 5439 praedi-

436 5475 568 5514 cans
599 5458 810 5513 Galatis
831 5457 1059 5511 verbum
1101 5457 1218 5520 Dei,
1246 5473 1381 5527 quos
1411 5457 1574 5511 etiam
1606 5458 1659 5512 in
1693 5457 1799 5513 ﬁde
1837 5458 2034 5512 funda-

438 5553 610 5601 verat.
645 5547 711 5598 Et
756 5544 997 5614 quandiu
1028 5543 1226 5597 Paulus
1269 5546 1413 5614 apud
1442 5560 1536 5599 eos
1593 5553 1901 5602 remoratus
1930 5556 2032 5615 est,

439 5633 574 5688 satis
607 5633 836 5687 honeste
866 5647 925 5686 se
955 5631 1256 5687 habuerunt
1297 5633 1351 5687 in
1398 5631 1504 5689 ﬁde
1531 5652 1546 5701 ;
1580 5635 1676 5690 sed
1701 5635 1866 5691 Paulo
1909 5634 2036 5689 inde

2137 5368 2229 5439 qui
2286 5365 2589 5422 Ecclesiam
2645 5365 2865 5435 Christi)
2914 5364 3237 5420 introierunt
3284 5365 3355 5419 ad
3414 5382 3510 5421 eos
3566 5368 3739 5440 impie

2137 5456 2465 5511 destruendo
2496 5455 2639 5526 quod
2673 5454 2866 5507 Paulus
2905 5453 3164 5526 religiose
3220 5453 3606 5524 aediﬁcaverat,
3643 5459 3739 5512 di-

2137 5552 2322 5600 centes
2355 5543 2522 5597 Paulo
2551 5558 2660 5597 non
2690 5558 2812 5597 esse
2843 5541 3202 5607 credendum,
3228 5557 3404 5613 neque
3426 5543 3741 5603 doctrinam

2137 5634 2253 5702 ejus
2307 5631 2618 5701 tenendam,
2675 5630 2802 5702 quia
2843 5645 2946 5687 nec
2987 5645 3110 5685 cum
3159 5630 3372 5686 Christo
3403 5645 3738 5693 conversatu
