3948 6432
159 317 258 373 281

813 311 1194 370 EXPOSITIO
1233 311 1308 369 IN
1341 309 1723 368 EPISTOLAS
1769 307 1996 366 PAULI.
2033 339 2101 352 —
2130 311 2205 366 IN
2248 310 2468 368 EPIST.
2520 313 2616 370 AD
2671 313 2830 370 GAL.

3377 313 3484 370 282

164 439 362 510 fuerat,
397 439 454 495 in
483 439 660 506 terris,
710 455 812 495 nec
842 439 908 494 ab
935 454 1002 495 eo
1034 438 1258 495 edoctus
1287 437 1375 494 vel
1405 433 1632 503 electus,
1665 450 1769 492 nec
1795 437 1852 497 Α
1871 434 2059 492 docuit
2079 437 2381 493 secundum
2428 438 2796 496 inﬁrmitatem
2845 439 3081 496 carnalis
3127 437 3438 495 intellectus
3462 455 3477 505 ;

162 529 354 585 saltem
387 545 421 584 a
451 531 630 595 Petro,
665 528 752 584 vel
783 529 848 582 ab
878 527 965 582 his
996 527 1088 600 qui
1119 543 1245 584 cum
1279 527 1496 582 Christo
1527 541 1766 582 conver—

161 618 266 674 sati
295 617 507 674 fuerant
537 624 655 673 erat
682 617 1000 672 instructus.
1034 616 1099 670 Hi
1133 616 1293 671 etiam
1323 615 1535 687 pseudo
1576 613 1766 687 gratiae

162 707 265 763 Dei
294 706 588 778 plurimum
631 706 985 778 derogabant,
1035 705 1280 761 dicentes
1323 720 1442 760 eam
1473 719 1584 759 non
1614 701 1766 757 suffi-

165 811 290 852 cere
318 795 388 852 ad
420 795 650 850 salutem
695 795 799 849 nisi
847 794 1212 863 circumcisio,
1255 801 1306 848 et
1337 800 1539 849 caetera
1568 791 1767 847 veteris

163 883 303 956 legis
332 892 665 940 tenerentur.
700 885 761 938 In
806 899 914 956 quo
959 883 1184 938 Paulum
1215 881 1357 937 male
1387 881 1642 938 docuisse
1671 897 1766 935 ar-

162 973 425 1044 guebant,
459 989 582 1029 cum
613 973 793 1046 legem
843 973 1150 1028 destrueret
1200 987 1361 1044 quam
1393 971 1556 1039 (sicut
1584 969 1765 1025 omni-

162 1063 267 1118 bus
288 1071 473 1118 notum
495 1063 599 1132 est)
621 1064 770 1118 Deus
791 1078 892 1134 per
913 1064 1141 1133 Moysen
1163 1061 1390 1116 dederat
1414 1080 1428 1127 ;
1462 1075 1627 1132 quam
1649 1059 1766 1130 ipse

161 1151 429 1218 Christus,
463 1152 592 1206 dum
621 1152 764 1206 inter
794 1151 1044 1207 homines
1076 1150 1527 1215 conversabatur,
1565 1148 1760 1203 obser—

158 1247 404 1308 vaverat,
437 1248 490 1295 et
510 1241 614 1296 hoc
634 1240 878 1296 dicentes
895 1239 1040 1310 apud
1062 1255 1157 1294 eos
1179 1239 1270 1311 qui
1292 1238 1567 1310 simplices
1589 1243 1762 1302 erant,

160 1329 484 1385 videbantur
509 1329 770 1385 inducere
802 1343 1076 1402 congruas
1106 1327 1365 1383 rationes.
1419 1327 1629 1396 Quibus
1659 1325 1766 1380 fal-

157 1417 311 1473 laciis
332 1418 446 1487 jam
477 1418 616 1474 adeo
645 1417 856 1473 fuerant
888 1416 1099 1473 seducti
1130 1416 1298 1488 quod,
1331 1415 1437 1470 nisi
1459 1415 1765 1470 sollicitudo

158 1506 312 1561 Pauli
339 1506 448 1562 cito
476 1523 576 1578 per
597 1507 742 1563 hanc
763 1506 1062 1578 Epistolam
1087 1512 1417 1571 occurreret,
1436 1506 1550 1574 jam
1574 1520 1633 1560 se
1654 1504 1765 1558 dis-

154 1595 432 1666 ponebant
465 1595 536 1650 ad
587 1595 1087 1652 circumcidendum
1137 1602 1189 1650 et
1219 1594 1285 1649 ad
1317 1601 1514 1650 caetera
1541 1593 1761 1667 legalia.

155 1685 214 1739 In
243 1685 350 1739 hac
378 1692 559 1739 autem
585 1684 829 1756 Epistola
848 1685 1046 1739 Paulus
1069 1683 1182 1756 agit
1203 1684 1271 1739 de
1292 1682 1764 1740 commendatione

153 1788 410 1844 personae
439 1789 572 1841 suae,
614 1789 776 1845 quam
798 1773 1008 1844 pseudo
1028 1773 1428 1845 deprimebant.
1449 1771 1575 1844 Agit
1596 1771 1761 1827 etiam
1779 1800 1832 1861 B

155 1861 222 1916 de
269 1861 643 1918 destructione
689 1863 888 1918 veteris
937 1863 1096 1935 legis,
1145 1878 1254 1918 non
1301 1861 1446 1934 quod
1485 1861 1756 1933 improbet

155 1965 299 2020 eam,
338 1965 403 2006 eo
433 1951 579 2023 quod
609 1952 841 2007 tenenda
875 1951 990 2007 fuit.
1025 1951 1151 2023 Agit
1183 1951 1342 2006 etiam
1373 1951 1442 2006 de
1471 1965 1757 2007 commen-

155 2038 372 2094 datione
401 2039 597 2112 gratiae
647 2040 864 2095 Christi.
908 2041 1036 2096 Haec
1068 2039 1173 2094 tria
1205 2047 1328 2094 sunt
1357 2038 1448 2095 hic
1477 2039 1708 2093 materia
1741 2057 1754 2093 :

157 2127 226 2184 Se
255 2128 311 2182 in
339 2129 486 2185 hunc
515 2129 740 2184 modum
775 2129 1121 2185 commendat
1153 2130 1318 2201 quod,
1350 2145 1476 2184 cum
1507 2128 1583 2182 illi
1614 2129 1756 2196 obji-

156 2217 300 2272 ciant
328 2216 378 2273 ei
409 2233 471 2273 se
500 2233 610 2273 non
640 2218 842 2273 vidisse
874 2218 1170 2282 Christum,
1195 2234 1296 2273 nec
1327 2217 1398 2272 ab
1427 2233 1493 2272 eo
1525 2216 1758 2272 electum

154 2305 243 2360 vel
273 2305 598 2362 instructum
627 2307 823 2376 probat
853 2307 1001 2378 quod
1031 2306 1196 2379 longe
1227 2305 1447 2378 dignius
1477 2305 1598 2359 aliis
1629 2321 1761 2376 apo-

157 2393 320 2448 stolis
353 2395 566 2451 electus
595 2394 664 2448 sit
691 2410 723 2449 a
771 2395 988 2450 Christo
1027 2403 1080 2450 et
1127 2395 1391 2459 edoctus;
1426 2394 1548 2450 illos
1589 2394 1754 2459 enim,

153 2482 282 2538 dum
308 2483 562 2540 mortalis
591 2484 733 2540 inter
760 2484 1018 2540 mortales
1049 2491 1493 2550 conversaretur,
1520 2483 1684 2557 elegit
1705 2491 1758 2537 et

1866 524 2046 580 adhuc
2075 525 2220 580 enim
2251 528 2497 582 carnales
2529 536 2704 594 erant,
2739 543 2842 584 nec
2891 527 3152 600 mysteria
3181 526 3481 583 divinitatis

1867 628 2064 684 capere
2109 622 2378 686 poterant,
2445 616 2574 689 quia
2619 617 2746 674 licet
2812 617 3154 689 accepissent
3197 616 3476 688 Spiritum;

1865 703 2109 757 nondum
2141 711 2320 760 tamen
2351 705 2512 760 datus
2543 715 2672 774 erat,
2720 706 2824 761 nisi
2859 713 3065 762 tantum
3096 707 3165 761 ad
3195 705 3478 761 remissio-

1866 806 2013 846 nem.
2048 791 2206 860 Quod
2234 792 2379 848 idem
2401 795 2558 849 Jesus
2581 795 2741 866 plane
2762 795 2955 863 innuit,
2976 795 3069 850 ubi
3099 795 3173 849 ait
3204 812 3217 849 :
3256 817 3277 842 α
3311 794 3481 849 Multa

1867 879 2042 936 habeo
2071 881 2227 936 vobis
2258 882 2462 949 dicere,
2497 883 2596 938 sed
2627 899 2737 938 non
2783 884 3010 955 potestis
3039 891 3256 956 portare
3286 883 3472 938 modo.

1866 969 2000 1023 Cum
2029 977 2210 1025 autem
2241 972 2451 1026 venerit
2480 972 2714 1043 Spiritus
2746 973 2931 1044 (Joan.
2975 989 3094 1040 xw,
3130 974 3238 1043 t2),
3279 997 3300 1022 η
3335 980 3467 1039 etc.,

1865 1057 2008 1122 illos,
2040 1058 2280 1131 inquam,
2312 1061 2489 1116 adhuc
2519 1061 2768 1116 mortalis
2800 1061 2954 1133 quasi
2983 1061 3233 1117 carnales
3262 1061 3466 1127 docuit,

1866 1146 1965 1202 sed
1995 1147 2191 1203 Paulus
2242 1149 2357 1217 jam
2415 1148 2587 1206 factus
2636 1151 2971 1218 immortalis,
3015 1151 3128 1220 jam
3173 1151 3372 1206 sedens
3423 1149 3478 1205 in

1866 1236 2089 1290 dextera
2121 1237 2313 1304 Patris,
2344 1237 2454 1307 jam
2504 1239 2633 1294 dato
2683 1239 2883 1310 Spiritu
2915 1247 3124 1308 sancto,
3152 1239 3334 1312 elegit,
3379 1254 3476 1294 vo-

1865 1324 2009 1380 cavit
2040 1332 2093 1380 et
2121 1325 2328 1395 docuit,
2363 1335 2416 1382 et
2446 1327 2527 1383 sic
2557 1335 2784 1399 apparet
2830 1329 2995 1401 quod,
3027 1327 3082 1382 in
3130 1344 3238 1400 quo
3279 1327 3475 1382 Paulus

1864 1413 2153 1469 videbatur
2183 1415 2426 1483 inferior,
2473 1416 2638 1490 longe
2684 1417 2898 1474 caeteris
2927 1425 3010 1473 est
3035 1416 3346 1489 gloriosior.
3379 1416 3477 1472 Ve-

1864 1509 2045 1558 terem
2074 1503 2257 1574 legem
2285 1505 2364 1560 sic
2395 1505 2691 1577 improbat,
2735 1507 3030 1562 ostendens
3061 1522 3183 1562 eam
3211 1506 3392 1561 datam
3421 1513 3479 1560 ut

1863 1600 2009 1648 esset
2036 1592 2092 1646 in
2113 1601 2378 1664 tempore,
2414 1603 2467 1650 et
2493 1595 2743 1651 veniente
2773 1596 2946 1667 gratia
2980 1596 3159 1651 statim
3189 1594 3352 1650 finem
3382 1595 3475 1649 ha-

1864 1681 2034 1745 beret,
2055 1681 2428 1750 velutumbra,
2451 1684 2702 1740 veniente
2722 1701 2955 1756 corpore
2977 1704 2990 1752 ;
3026 1701 3146 1758 qua:
3166 1684 3274 1757 lex,
3301 1699 3475 1756 quan-

1863 1769 1956 1824 diu
1978 1771 2216 1841 duravit,
2249 1771 2383 1826 nihil
2415 1772 2560 1827 aliud
2611 1789 2774 1845 quam
2824 1790 2991 1845 grave
3032 1774 3225 1845 jugum
3257 1781 3310 1828 et
3337 1788 3475 1828 onus

1861 1859 2207 1931 importabile
2247 1869 2299 1915 et
2345 1861 2532 1917 inutile
2564 1862 2680 1928 fuit,
2716 1862 2844 1934 quia
2873 1862 3147 1918 neminem
3173 1860 3475 1931 justificare

1860 1949 2050 2020 potuit.
2085 1950 2370 2004 Destructa
2410 1950 2532 2023 lege
2578 1951 2807 2024 gratiam
2855 1951 3056 2006 Christi
3105 1951 3467 2016 commendat,

1860 2045 1918 2092 ut
1948 2053 2070 2093 eam
2100 2054 2218 2109 quae
2251 2039 2365 2093 sola
2397 2038 2592 2096 sufficit
2623 2040 2690 2094 ad
2713 2040 2962 2111 salutem,
2997 2048 3047 2095 et
3082 2039 3200 2095 sine
3237 2055 3340 2111 qua
3371 2054 3475 2096 nec

1860 2136 1986 2182 ante
2013 2127 2193 2182 datam
2223 2128 2459 2199 gratiam
2491 2145 2591 2185 nec
2622 2137 2765 2200 post,
2820 2129 3018 2201 aliquis
3048 2129 3221 2200 potuit
3251 2129 3468 2184 salvari.

1859 2218 1941 2271 De
1972 2216 2058 2270 his
2087 2217 2340 2272 omnibus
2388 2217 2467 2274 sic
2508 2218 2642 2290 agit,
2685 2235 2748 2274 ea
2792 2219 3089 2275 intentione
3136 2225 3195 2273 ut
3242 2217 3470 2274 Galatas

1860 2305 2105 2361 volentes
2159 2305 2438 2374 judaizare
2507 2307 2753 2362 retrahat
2800 2324 2869 2363 ne
2912 2307 3136 2376 faciant,
3184 2323 3288 2363 nec
3327 2307 3469 2362 ultra

1860 2394 2367 2468 pseudomagistros
2398 2395 2640 2451 audiant.

1111 2843 1672 2929 EPISTOLA
1737 2843 1886 2927 AD
1957 2841 2495 2939 GALATAS.

538 3064 782 3123 204
820 3065 1045 3124 CAPUT
1081 3067 1372 3124 PRIMUM.

232 3234 253 3256 ι
286 3208 492 3264 Paulus
540 3209 820 3280 apostolus
849 3225 958 3264 non
988 3209 1055 3263 ab
1085 3209 1422 3276 hominibus,
1457 3227 1633 3284 neque
1659 3228 1758 3282 per

152 3317 174 3348 ι
207 3297 513 3366 hominem,
549 3297 646 3352 sed
675 3314 774 3368 per
801 3299 988 3353 Jesum
1019 3299 1289 3354 Christum
1311 3343 1323 3366 ,
1359 3307 1410 3356 et
1438 3301 1612 3355 Deum
1644 3301 1754 3356 Pa-

151 3407 172 3436 «
204 3394 360 3454 trem,
394 3386 493 3459 qui
542 3386 822 3442 suscitavit
853 3404 978 3442 eum
1007 3404 1037 3442 a
1066 3389 1316 3455 mortuis,
1341 3397 1394 3444 et
1420 3390 1512 3462 qui
1537 3407 1752 3447 mecum

152 3497 174 3526 ‹
210 3484 336 3531 sunt
368 3491 569 3530 omnes
615 3475 827 3541 fratres,
863 3477 1127 3532 Ecclesiis
1159 3477 1411 3545 Galatiae,
1441 3480 1619 3552 gratia
1648 3497 1751 3536 vo-

150 3585 170 3614 ¢
205 3565 289 3620 bis
318 3573 370 3620 et
411 3579 526 3636 pax
557 3579 590 3617 a
617 3565 733 3620 Deo
780 3565 940 3620 Patre
988 3575 1196 3633 nostro,
1241 3575 1293 3622 et
1340 3568 1573 3624 Domino
1620 3570 1749 3625 Jesu

147 3676 169 3700 κ
203 3654 443 3718 Christo,
501 3653 591 3725 qui
633 3653 779 3708 dedit
822 3655 1176 3726 semetipsum
1220 3672 1320 3727 pro
1368 3658 1606 3728 peccatis
1645 3675 1748 3716 no-

148 3764 168 3792 «
206 3743 357 3813 stris,
381 3751 439 3798 ut
477 3742 710 3813 eriperet
741 3758 840 3799 nos
869 3745 938 3799 de
967 3746 1221 3815 priesenti
1253 3747 1455 3802 saeculo
1486 3764 1744 3820 nequam,

144 3853 164 3880 ι
199 3833 506 3889 secundum
540 3831 872 3888 voluntatem
907 3834 1007 3889 Dei
1039 3843 1093 3889 et
1126 3836 1295 3890 Patris
1325 3836 1518 3904 nostri,
1551 3838 1634 3892 cui
1665 3847 1748 3894 est

144 3943 164 3971 ι
197 3921 374 3993 gloria
401 3922 457 3976 in
489 3921 694 3976 saecula
715 3922 1058 3979 szeculorum.
1084 3927 1277 3980 Amen.
1308 3927 1476 3982 Miror
1497 3927 1643 3999 quod
1664 3928 1746 3985 sic

146 4031 167 4061 «
200 4019 309 4066 tam
339 4013 451 4066 cito
502 4010 894 4066 transferimini
941 4019 1010 4067 ab
1050 4029 1116 4069 eo
1164 4015 1257 4086 qui
1303 4031 1402 4070 vos
1447 4018 1660 4073 vocavit
1690 4018 1743 4073 in

141 4122 161 4146 ε
195 4100 428 4172 gratiam
461 4099 665 4154 Christi
693 4099 748 4153 in
779 4099 927 4156 aliud
948 4102 1330 4173 Evangelium,
1357 4106 1503 4177 quod
1527 4122 1635 4162 non
1662 4116 1742 4163 est

141 4211 160 4234 κ
194 4189 361 4256 aliud,
395 4189 504 4243 nisi
539 4195 667 4242 sunt
711 4188 876 4261 aliqui
907 4190 1000 4262 qui
1048 4207 1146 4246 vos
1176 4194 1522 4263 conturbant,
1557 4205 1611 4251 et
1640 4212 1742 4253 vo-

135 4297 157 4328 ι
189 4277 304 4333 lunt
333 4285 668 4335 convertere
699 4278 1054 4350 Evangelium
1087 4281 1303 4337 Christi.
1329 4283 1436 4339 Sed
1459 4284 1583 4341 licet
1615 4303 1736 4354 nos,

1782 3030 1829 3091 Ο
1863 3052 1885 3076 ‹‹
1920 3043 2114 3083 narum
2144 3044 2394 3084 mearum
2439 3028 2812 3085 traditionum.
2861 3029 2998 3085 Cum
3036 3035 3216 3085 autem
3261 3029 3465 3101 placuit

1861 3137 1884 3168 α
1921 3117 1970 3172 ei
2002 3117 2094 3188 qui
2121 3134 2210 3173 me
2229 3119 2541 3191 segregavit
2575 3135 2641 3174 ex
2682 3125 2839 3174 utero
2865 3117 3054 3173 matris
3083 3135 3241 3185 meae,
3277 3127 3331 3173 et
3360 3134 3462 3174 vo-

1859 3229 1881 3253 α
1917 3207 2058 3262 cavit
2086 3224 2187 3278 per
2216 3207 2449 3280 gratiam
2481 3224 2655 3272 suam,
2687 3216 2746 3262 ut
2785 3207 3053 3263 revelaret
3081 3207 3273 3263 Filium
3305 3225 3464 3263 suum

1858 3318 1879 3343 «
1916 3295 1970 3349 in
2001 3312 2108 3362 me,
2143 3303 2201 3350 ut
2229 3296 2672 3367 evangelizarem
2703 3296 2856 3351 illum
2896 3297 2952 3351 in
2981 3297 3256 3370 gentibus,
3289 3298 3463 3353 conti-

1857 3407 1876 3432 α
1916 3400 2025 3440 nuo
2045 3400 2157 3440 non
2186 3384 2436 3456 acquievi
2475 3385 2628 3441 carni
2671 3393 2724 3440 et
2769 3385 3040 3458 sanguini.
3094 3386 3287 3458 Neque
3337 3386 3465 3442 veni

1856 3495 1877 3519 «
1914 3473 2351 3545 Hierosolymam
2371 3475 2439 3529 ad
2460 3483 2844 3530 antecessores
2858 3490 3012 3531 meos
3033 3474 3334 3546 apostolos,
3361 3475 3460 3530 sed

1855 3584 1877 3609 α
1912 3561 2020 3617 abii
2051 3563 2104 3617 in
2136 3563 2412 3628 Arabiam,
2447 3572 2499 3618 et
2530 3563 2725 3619 iterum
2773 3579 3030 3620 reversus
3078 3579 3200 3617 sum
3250 3564 3460 3618 Dama-

1854 3674 1875 3697 «ι
1913 3667 2083 3706 scum.
2131 3651 2342 3707 Deinde
2391 3660 2515 3722 post
2576 3667 2751 3707 annos
2801 3661 2913 3707 tres
2961 3653 3086 3707 veni
3135 3651 3460 3724 Hierosoly-

1852 3763 1874 3788 «
1909 3755 2053 3796 mam
2085 3741 2269 3796 videre
2301 3742 2539 3807 Petrum,
2586 3749 2640 3796 et
2684 3741 2860 3795 mansi
2906 3741 3050 3812 apud
3095 3757 3220 3797 eum
3262 3741 3458 3796 diebus

1851 3853 1872 3876 α
1910 3829 2239 3902 quindecim.
2298 3829 2480 3885 Alium
2511 3839 2692 3886 autem
2738 3831 3112 3902 apostolorum
3135 3830 3247 3886 vidi
3277 3830 3459 3886 nemi-

1849 3941 1870 3966 «
1906 3935 2054 3984 nem,
2087 3919 2191 3974 nisi
2218 3919 2483 3976 Jacobum
2528 3919 2746 3975 fratrem
2803 3919 3041 3978 Domini.
3094 3919 3230 3989 Quae
3273 3927 3457 3976 autem

1849 4031 1870 4054 «
1908 4007 2086 4064 scribo
2116 4008 2292 4075 vobis,
2318 4025 2444 4064 ecce
2483 4025 2670 4064 coram
2719 4009 2852 4077 Deo,
2889 4009 3011 4080 quia
3045 4025 3155 4064 non
3196 4009 3452 4066 mentior.

1849 4119 1869 4142 α
1904 4096 2115 4152 Deinde
2144 4097 2267 4152 veni
2298 4097 2351 4152 in
2385 4106 2564 4168 partes
2613 4097 2784 4169 Syria:
2815 4106 2867 4153 et
2897 4097 3120 4154 Cilicia.
3156 4099 3320 4154 Eram
3351 4114 3456 4154 au-

1847 4207 1868 4232 ιι
1905 4193 2014 4240 tem
2046 4185 2266 4256 ignotus
2297 4185 2435 4242 facie
2476 4186 2746 4242 Ecclesiis
2803 4186 3024 4252 Iudaeae,
3061 4203 3184 4259 quae
3215 4195 3370 4242 erant
3400 4187 3457 4243 in

1846 4274 2139 4330 «Christo.
2173 4276 2404 4330 Tantum
2452 4283 2633 4330 autem
2681 4275 2919 4330 auditum
2965 4276 3261 4340 habebant,
3313 4291 3455 4347 quo-

137 4387 158 4416 ι
191 4375 278 4422 aut
324 4366 571 4439 angelus
616 4365 684 4420 de
743 4366 884 4422 coelo
932 4369 1270 4440 evangelizet
1318 4373 1473 4428 vobis
1513 4384 1740 4446 praeter-

1856 4383 1872 4414 ι
1908 4363 2054 4418 niam
2087 4363 2178 4436 qui
2207 4365 2636 4436 persequebatur
2657 4379 2758 4419 nos
2774 4364 3082 4436 aliquando,
3118 4380 3264 4420 nunc
3292 4380 3460 4420 evan-

134 4479 152 4503 α
185 4473 344 4528 quam
377 4455 534 4528 quod
570 4455 1065 4526 evangelizavimus
1114 4459 1290 4528 vobis,
1324 4464 1620 4521 anathema
1651 4467 1739 4524 sit.

135 4568 154 4590 α
189 4546 339 4602 Sicut
383 4543 770 4617 praediximus,
823 4553 875 4600 et
904 4561 1050 4603 nunc
1094 4547 1288 4604 iterum
1329 4551 1452 4608 dico
1487 4571 1500 4606 :
1535 4555 1590 4610 Si
1623 4559 1746 4628 quis

132 4655 153 4685 ‹
188 4635 340 4690 vobis
371 4632 845 4705 evangelizaverit
893 4644 1090 4706 praeter
1135 4637 1188 4692 id
1236 4640 1380 4711 quod
1429 4645 1742 4716 accepistis,

136 4741 156 4768 ι
189 4722 479 4776 anathema
513 4719 605 4773 sit.
661 4719 822 4774 Modo
869 4720 1014 4775 enim
1046 4722 1358 4779 hominibus
1405 4730 1631 4797 suadeo,
1675 4748 1746 4787 an

137 4830 155 4855 ι
191 4809 304 4865 Deo
325 4810 354 4865 ?
385 4825 457 4865 an
474 4822 672 4880 quaero
688 4808 997 4865 hominibus
1016 4810 1233 4882 placere
1247 4813 1276 4867 ?
1299 4815 1354 4869 Si
1377 4816 1556 4873 adhuc
1577 4819 1747 4876 homi-

137 4920 156 4941 «ι
188 4898 346 4954 nibus
375 4899 689 4970 placerem,
725 4897 920 4952 Christi
951 4915 1146 4955 servus
1175 4917 1284 4958 non
1311 4919 1510 4962 essem.
1544 4910 1745 4965 Notum

138 5008 157 5029 «
190 4987 327 5042 enim
359 4987 522 5045 vobis
553 4985 718 5051 facio,
745 4985 959 5055 fratres,
990 4989 1374 5063 Evangelium,
1402 4997 1548 5066 quod
1580 5013 1744 5054 evan-

139 5098 157 5120 α
189 5077 478 5148 gelizatum
508 5082 600 5132 est
630 5089 664 5129 a
693 5090 804 5144 me,
835 5077 959 5147 quia
989 5094 1100 5133 non
1131 5087 1213 5134 est
1238 5084 1539 5140 secundum
1571 5087 1746 5143 homi-

137 5185 155 5208 «
186 5180 327 5220 nem.
356 5166 560 5238 Neque
593 5163 741 5218 enim
773 5179 878 5236 ego
897 5165 966 5219 ab
997 5167 1217 5224 homine
1242 5173 1430 5242 accepi
1461 5174 1613 5241 illud,
1647 5193 1745 5233 ne-

139 5273 159 5302 ι
194 5271 294 5325 que
342 5253 552 5319 didici,
609 5251 711 5307 sed
762 5268 864 5323 per
910 5255 1298 5313 revelationem
1349 5262 1477 5317 Jesu
1521 5264 1739 5321 Christi.

138 5360 157 5389 ι
191 5343 427 5398 Audistis
461 5343 619 5398 enim
645 5343 1114 5399 conversationem
1157 5363 1335 5402 meam
1365 5350 1658 5423 aliquando
1688 5354 1745 5408 in

137 5452 156 5473 α
185 5431 459 5488 Judaismo
495 5450 509 5486 :
548 5429 816 5502 quoniam
872 5448 1032 5502 supra
1087 5436 1309 5490 modum
1370 5443 1745 5513 persequebar

138 5540 157 5562 υ
188 5520 486 5576 Ecclesiam
506 5520 635 5584 Dei,
655 5527 708 5574 et
729 5523 1110 5591 expugnabam
1133 5524 1300 5591 illam,
1327 5527 1742 5598 etproﬁciebam

137 5630 155 5650 α
189 5608 239 5663 in
267 5610 551 5666 Judaismo
581 5624 754 5680 supra
779 5609 976 5665 multos
1025 5621 1332 5670 coaetaneos
1377 5633 1532 5673 meos
1561 5620 1616 5674 in
1647 5638 1743 5693 ge-

139 5717 156 5740 ι·
190 5713 312 5754 nere
339 5716 486 5768 meo,
521 5697 898 5756 abundantius
945 5701 1226 5758 aemulator
1272 5705 1514 5764 existens
1551 5717 1741 5780 pater-

1850 4474 1872 4504 ι
1909 4452 2105 4525 gelizat
2135 4452 2318 4519 fidem,
2354 4468 2519 4524 quam
2548 4453 2842 4524 aliquando
2893 4454 3278 4527 expugnabat;
3312 4461 3366 4509 et
3394 4453 3454 4509 in

1849 4564 1872 4590 «
1900 4558 1989 4597 me
2016 4540 2382 4599 clarificabant
2405 4539 2826 4614 [gloriﬁcabant]
2873 4542 3068 4597 Deum.
3109 4567 3131 4591 »
3311 4538 3316 4542 ”

2522 4711 2820 4752 ΒΧΡΟΞῘΤῙΟ

1917 4824 2154 4892 Paulus,
2189 4830 2294 4879 etc.
2325 4824 2383 4878 In
2414 4823 2520 4879 hoc
2546 4821 2816 4894 principio
2844 4821 2963 4879 hac
2992 4822 3116 4890 tria,
3155 4822 3304 4879 circa
3333 4839 3460 4895 quae

1843 4913 2080 4970 maxime
2109 4920 2380 4980 versatur,
2410 4912 2618 4969 scilicet
2639 4911 3166 4968 commendationem
3193 4911 3296 4979 sui,
3345 4912 3457 4968 im-

1843 5001 2223 5073 probationem
2271 5001 2431 5074 legis,
2481 5001 2932 5072 approbationem
2976 5001 3172 5073 gratiae
3219 5001 3459 5058 breviter

1844 5088 2068 5162 colligit,
2090 5091 2279 5147 dicens
2301 5106 2312 5145 :
2343 5093 2557 5147 Paulus
2579 5091 2871 5163 apostolus
2881 5105 3082 5147 nomen
3103 5108 3262 5148 suum
3283 5092 3457 5164 (quod

1843 5179 1899 5235 in
1929 5179 2078 5235 omni
2103 5179 2351 5237 Ecclesia
2377 5188 2566 5236 notum
2594 5180 2792 5253 fuerat)
2823 5181 2894 5236 ad
2941 5181 3319 5237 auctoritatem
3349 5197 3457 5253 po-

1842 5269 1940 5324 nit.
1973 5270 2208 5336 Paulus,
2228 5269 2468 5341 inquam,
2503 5271 2808 5343 apostolus,
2859 5285 2979 5326 non
3012 5271 3080 5326 ab
3110 5271 3454 5340 hominibus,

1844 5356 2173 5429 eligentibus
2190 5375 2334 5428 eum,
2369 5375 2548 5432 neque
2566 5376 2669 5431 per
2701 5359 3008 5426 hominem,
3029 5368 3452 5416 consecrantem

1843 5463 1984 5512 eum,
2019 5455 2077 5501 ut
2106 5447 2182 5501 illi
2214 5447 2477 5516 objiciunt
2505 5465 2604 5519 per
2627 5449 2914 5503 Ananiam.
2954 5449 3083 5504 Ideo
3113 5449 3203 5516 ait,
3236 5465 3346 5504 non
3384 5451 3454 5505 ab

1843 5535 2152 5590 hominibus
2181 5553 2360 5609 neque
2391 5554 2491 5609 per
2520 5537 2818 5593 hominem.
2875 5537 3112 5607 Quidam
3168 5539 3313 5594 enim
3344 5555 3457 5594 non

1843 5625 1911 5679 ab
1941 5624 2274 5693 hominibus,
2302 5627 2400 5682 sed
2431 5642 2463 5681 a
2494 5628 2610 5682 Deo
2632 5626 2827 5693 electi;
2853 5644 2954 5698 per
2975 5628 3249 5683 hominem
3272 5635 3454 5682 tamen

1843 5720 1968 5769 sunt
2005 5715 2330 5782 consecrati,
2355 5723 2410 5772 et
2439 5733 2469 5772 e
2499 5730 2791 5773 converso.
2814 5715 2908 5772 Vel
2921 5716 2997 5772 ita
3030 5734 3044 5772 :
3077 5716 3276 5772 Paulus
3313 5730 3452 5787 apo-
