3948 6416
459 311 565 365 283

1016 305 1077 361 S.
1124 299 1477 360 BRUNONIS
1514 294 2167 356 CARTHUSIANORUM
2204 293 2693 351 INSTITUTORIS
2731 293 2887 351 OPP.
2928 294 3107 352 PARS
3146 295 3213 350 ll.

3678 299 3771 353 28l

464 432 637 488 stolus
664 448 774 488 non
804 432 873 487 ab
902 429 1210 486 hominibus
1237 425 1583 498 eligentibus,
1618 424 1703 479 vel
1734 423 2138 482 consecran—A
2168 436 2200 475 a
2230 418 2406 475 vobis’.
2440 420 2621 487 Miror,
2642 420 2883 492 inquam,
2917 420 2986 475 de
3002 422 3107 476 hoc
3139 419 3287 491 quod
3324 422 3775 492 trans/crimini.

466 521 611 575 tibus
654 537 797 586 eum,
867 535 1043 591 neque
1094 534 1193 588 per
1234 515 1531 579 hominem,
1580 514 1635 568 id
1680 521 1761 567 est
1806 528 1915 566 non
1970 527 2070 582 per

469 610 739 665 Christum
769 608 1081 675 mortalem,
1118 614 1169 661 et
1200 604 1255 659 in
1286 603 1616 658 humanitate
1645 602 1939 665 viventem,
1976 600 2071 654 sed

467 716 571 773 per
599 701 787 755 Jesum
819 697 1105 753 Christum
1135 696 1474 750 suscitatum.
1509 693 1589 747 De
1619 708 1685 747 eo
1715 690 1859 763 quod
1891 688 2073 759 sequi-

470 792 580 849 tur,
611 782 927 847 suscitavit,
971 780 1361 837 convenienter
1405 777 1700 848 accipimus
1730 775 2067 830 suscitatam.

472 872 726 927 Dicerent
773 870 852 925 illi
893 886 905 925 :
957 869 1135 924 Etiam
1180 868 1225 922 si
1255 866 1501 923 Christus
1565 866 1746 938 legem
1807 864 2067 929 destruat,

482 976 592 1016 non
620 959 918 1027 credimus,
953 957 1076 1029 quia
1104 956 1355 1011 dissentit
1386 971 1416 1009 a
1460 956 1596 1018 Deo,
1630 952 1721 1025 qui
1764 952 1942 1021 legem
1971 952 2073 1006 de-

470 1048 571 1103 dit.
605 1048 735 1103 ldeo
768 1045 952 1102 subdit
981 1044 1272 1116 Apostolus
1305 1060 1404 1114 per
1436 1042 1710 1098 Christum
1732 1040 2070 1105 suscitatam,

471 1142 528 1195 et
549 1153 650 1208 per
670 1137 848 1192 Deum
868 1137 1117 1200 Patrem,
1142 1136 1236 1203 qui
1273 1133 1569 1188 suscitavit
1599 1147 1729 1186 eum
1750 1148 1781 1185 a
1806 1130 2073 1193 mortuis;

477 1241 643 1298 quem
674 1225 867 1279 frustra
895 1222 1036 1277 mori
1066 1221 1245 1285 vellet,
1280 1221 1325 1275 si
1345 1220 1453 1275 alio
1474 1219 1638 1274 modo
1667 1234 1767 1289 per
1794 1217 2077 1288 legemju-

476 1312 714 1368 stilicare
743 1318 929 1383 posset
966 1310 1244 1365 hominem
1277 1328 1292 1375 ;
1326 1308 1424 1363 sed
1471 1308 1597 1378 quia
1643 1307 1823 1377 legem
1868 1306 2075 1358 irritam

473 1401 626 1465 vidit,
656 1400 836 1472 legem
867 1398 1111 1464 exclusit,
1140 1405 1196 1452 ut
1226 1413 1327 1468 per
1354 1396 1589 1468 gratiam
1610 1394 1811 1450 Christi
1840 1392 2075 1464 perfice-

475 1498 560 1546 ret
588 1489 641 1544 in
672 1504 778 1561 quo
807 1487 894 1543 lex
926 1486 1229 1542 deficiebat.
1264 1484 1486 1549 Paulus,
1519 1483 1763 1553 inquam,
1796 1486 1851 1537 ct
1885 1496 2077 1536 omnes

476 1580 691 1648 fratres
711 1579 807 1650 qui
824 1591 1043 1631 mecum
1055 1579 1211 1638 sunt,
1230 1573 1521 1629 scribimus
1540 1572 1801 1626 Ecclesiis
1820 1570 2075 1625 Calatia}.

479 1666 609 1721 Ideo
632 1665 821 1720 fratres
839 1665 943 1718 sibi
964 1664 1018 1717 in
1043 1662 1363 1718 salutatione
1375 1661 1571 1732 jungit,
1597 1660 1724 1730 quia
1754 1658 2082 1726 objiciebant

2170 510 2239 564 Ut
2291 508 2514 581 gravius
2571 524 2667 563 eos
2724 507 3014 579 deprimat,
3086 509 3164 563 sic
3207 509 3300 563 ait.
3349 508 3778 563 Transferuntur

2170 597 2312 652 enim
2344 597 2701 661 insensibilia,
2733 605 2789 650 ut
2818 597 3049 667 lapides,
3097 597 3367 653 ducuntur
3414 596 3774 652 irrationalia.

2170 688 2419 757 Aguntur
2447 686 2657 740 ratione
2688 685 2935 739 homines
2959 704 2973 750 ;
3009 685 3108 740 sed
3137 686 3272 739 istos
3294 685 3503 753 judicat
3535 685 3779 740 insensi-

2171 774 2325 827 biles.
2359 773 2514 829 Unde
2540 773 2594 827 in
2625 773 2873 845 sequenti
2900 781 3059 828 vocat
3088 789 3185 828 eos
3231 773 3557 828 insensatos.
3611 774 3781 828 Miror

2172 863 2315 933 quod
2346 861 2735 917 transferimini
2763 863 2830 917 ab
2851 878 2932 928 eo,
2967 862 3177 917 scilicet
3203 862 3350 929 Deo,
3381 863 3479 935 qui
3505 862 3660 917 Deus
3690 879 3782 918 vo-

2172 951 2321 1006 cavit
2353 966 2444 1006 vos
2475 966 2584 1005 non
2611 950 2808 1005 merito
2838 950 2998 1023 legis,
3024 950 3120 1005 sed
3139 966 3237 1021 per
3257 950 3511 1022 gratiam.
3551 950 3783 1006 Vocavit

2172 1039 2297 1094 dico
2327 1046 2380 1093 et
2410 1038 2633 1093 interius
2658 1039 2970 1109 aspirando,
3002 1047 3055 1093 et
3085 1039 3475 1109 praedicatores
3503 1037 3783 1093 adhiben-

2173 1127 2244 1181 do
2268 1128 2329 1181 in
2359 1129 2605 1197 gratiam
2635 1126 2851 1194 Christi,
2885 1126 2940 1181 id
2970 1135 3049 1181 est
3081 1127 3152 1181 ad
3182 1128 3284 1181 hoc
3313 1134 3371 1181 ut
3417 1127 3614 1181 essetis
3646 1142 3787 1196 par-

2175 1215 2366 1285 ticipes
2398 1215 2584 1286 gratiae
2614 1216 2830 1270 Christi.
2889 1214 3296 1269 Transierimini
3340 1214 3464 1270 dico
3514 1216 3579 1270 in
3619 1214 3788 1269 aliud

2178 1305 2563 1371 Evangelium.
2597 1303 2905 1357 Secundum
2936 1304 3079 1368 illos,
3113 1311 3357 1358 veterem
3404 1302 3589 1374 legem
3622 1310 3791 1357 vocat

2176 1391 2535 1461 Evangelium
2560 1410 2572 1455 ;
2608 1392 2747 1463 quod
2779 1400 2957 1445 tamen
2980 1391 3343 1462 Evangelium
3374 1407 3489 1445 non
3509 1395 3599 1446 est
3619 1390 3791 1446 aliud

2178 1495 2211 1534 a
2239 1488 2449 1545 nostro,
2484 1480 2596 1534 nisi
2625 1484 2761 1534 sunt
2791 1480 2868 1534 illi
2896 1479 3060 1550 aliqui
3079 1482 3177 1552 qui
3203 1497 3294 1534 vos
3323 1480 3698 1546 conturbant,
3733 1478 3789 1532 id

2180 1576 2261 1621 est
2290 1568 2521 1638 pseudo,
2554 1567 2645 1638 qui
2675 1576 2917 1623 veterem
2949 1568 3129 1639 legem
3176 1567 3469 1623 carnaliter
3498 1567 3791 1631 docentes,

2179 1656 2469 1711 dissentire
2508 1655 2708 1711 faciunt
2754 1657 2822 1709 ab
2873 1656 3177 1728 Evangelio
3226 1655 3465 1721 Christi;
3497 1671 3623 1710 cum
3678 1670 3793 1726 quo

481 1754 691 1824 pseudo
722 1752 945 1808 Paulum
979 1750 1219 1807 205
1266 1750 1443 1804 solum
1476 1764 1599 1802 esse
1633 1748 1685 1802 in
1713 1746 2079 1802 destructione
2099 1775 2152 1835 Β
2183 1744 2328 1797 idem
2359 1752 2441 1798 est
2470 1743 2801 1798 intellectum
2834 1742 3199 1814 spiritualiter.
3249 1742 3630 1807 Conturbant,
3666 1742 3796 1797 dic-

480 1843 638 1915 legis,
672 1858 832 1913 quam
862 1842 1055 1895 Petrus
1087 1847 1139 1894 et
1167 1838 1257 1893 alii
1300 1839 1356 1892 in
1405 1837 1517 1891 suis
1549 1844 1855 1907 paterentur
1882 1834 2080 1889 Eccle-

482 1931 598 1986 siis.
630 1930 733 1986 Ubi
762 1929 834 1983 ait
865 1945 925 1983 se
961 1943 1072 1982 non
1099 1927 1169 1981 ab
1201 1926 1439 1990 homine,
1477 1926 1572 1979 sed
1601 1941 1630 1977 a
1674 1924 1888 1979 Christo
1919 1921 2083 1977 susci~

483 2026 611 2088 tato,
646 2026 698 2073 et
726 2033 760 2073 a
792 2018 908 2072 Deo
938 2017 1098 2071 Patre
1137 2014 1335 2070 factum
1375 2013 1700 2084 apostolum,
1735 2013 1864 2066 satis
1898 2012 1950 2066 in
1980 2012 2083 2066 hoc

482 2125 542 2163 se
572 2105 998 2163 commendavit.
1038 2105 1205 2168 Vobis,
1239 2120 1274 2158 ο
1316 2103 1543 2167 Galatae,
1577 2101 1644 2155 sit
1675 2102 1883 2171 gratia,
1917 2100 1972 2154 id
2001 2107 2085 2154 est

482 2196 568 2251 his
597 2194 689 2266 qui
717 2201 1103 2265 peccaverunt,
1138 2192 1205 2246 sit
1232 2192 1467 2247 secunda
1487 2189 1759 2244 remissio.
1795 2189 1889 2242 His
1920 2188 2008 2259 qui
2030 2188 2083 2241 in

474 2283 683 2354 justitia
711 2289 1150 2353 permanserunt,
1185 2280 1253 2334 sit
1284 2278 1697 2350 perseverantia
1743 2277 1956 2347 gratiae.
2005 2275 2086 2330 Sit

483 2368 647 2423 etiam
674 2367 828 2422 vobis
871 2384 1011 2439 pax,
1052 2366 1105 2419 id
1150 2372 1231 2419 est
1273 2363 1634 2434 tranquillitas
1680 2362 1866 2425 animi,
1899 2378 1931 2415 a
1978 2361 2085 2415 Deo

483 2459 656 2513 Patre
680 2460 873 2512 nostro
894 2459 949 2510 et
981 2454 1215 2509 Domino
1236 2454 1368 2509 Iesu
1387 2451 1623 2519 Christo,
1668 2449 1758 2521 qui
1789 2457 2012 2520 uterque
2034 2456 2087 2503 et

482 2552 659 2618 potest
689 2552 741 2600 et
778 2543 916 2600 vult.

555 2634 718 2689 Modo
750 2630 1153 2689 commendabit
1178 2630 1406 2702 gratiam
1424 2628 1624 2684 Christi
1656 2643 1756 2699 per
1779 2626 2087 2698 Oppositum

483 2721 848 2794 improbando
879 2721 1058 2791 legem
1095 2718 1319 2774 dicens:
1360 2720 1464 2787 Qui
1509 2717 1757 2772 Christus
1805 2716 1958 2770 dedit
2004 2730 2088 2769 se-

483 2813 787 2883 metipsum
817 2825 925 2863 non
969 2808 1113 2862 aliud
1158 2806 1507 2872 sacrificium,
1558 2805 1680 2877 quia
1711 2803 1842 2858 nihil
1893 2811 2093 2873 prseter

485 2915 609 2956 eum
637 2897 923 2952 sufﬁceret.
979 2896 1341 2965 Semetipsum
1390 2894 1531 2957 dico,
1588 2892 1681 2962 qui
1730 2899 1907 2944 tantus
1952 2897 2086 2945 erat.

486 2989 693 3054 Semet,
725 2985 792 3039 ad
823 2983 1229 3047 discretionem,
1249 2984 1432 3054 ipsum
1454 2981 1527 3036 ait
1548 2979 1617 3042 ad
1636 2978 2087 3048 magnitudinem.

490 3073 651 3129 Dedit
668 3071 1023 3141 semetipsum
1041 3086 1141 3142 pro
1161 3071 1407 3141 peccatis
1428 3069 1637 3123 nostris
1660 3066 1906 3121 delcndis
1935 3085 1949 3133 ;
1970 3082 2090 3137 quae

2181 1841 2294 1886 tum
2324 1840 2404 1887 est
2433 1848 2464 1885 a
2496 1832 2843 1887 similitudine
2892 1832 3119 1887 turbatae
3159 1847 3313 1903 aqua:
3337 1874 3350 1896 ,
3402 1830 3459 1885 in
3500 1846 3607 1902 qua
3656 1830 3799 1884 nihil

2181 1920 2329 1975 clare
2359 1920 2595 1975 discerni
2625 1929 2819 1990 potest.
2856 1921 2931 1974 lta
2960 1920 3048 1973 isti
3094 1919 3423 1974 intellectum
3471 1918 3801 1974 Galatarum

2184 2010 2549 2077 turbaverant,
2584 2009 2727 2080 quod
2778 2010 2891 2078 jam
2938 2009 3142 2063 malum
3170 2024 3200 2063 a
3228 2008 3374 2063 bono
3418 2023 3526 2062 non
3577 2007 3800 2062 discer-

2182 2098 2405 2151 nebant.
2440 2097 2778 2151 Conturbant
2808 2113 2925 2165 vos,
2963 2101 3020 2152 et
3040 2098 3237 2153 volunt
3263 2100 3591 2152 convertere
3612 2097 3802 2152 Evan-

2183 2187 2394 2255 gelium
2454 2186 2681 2240 Christi.

2259 2276 2590 2330 Convertere
2620 2274 2826 2329 dictum
2857 2282 2958 2339 est,
2993 2273 3395 2329 asimilitudine
3422 2273 3657 2343 alicujus
3689 2273 3799 2329 iter

2186 2363 2417 2433 agentis,
2452 2363 2544 2433 qui
2575 2362 2645 2417 ab
2675 2363 2925 2417 obstante
2956 2362 3057 2415 sibi
3104 2370 3269 2425 retro,
3303 2362 3637 2418 convertitur
3666 2381 3682 2426 ;
3718 2363 3802 2419 sic

2186 2460 2238 2506 et
2270 2451 2358 2504 isti
2390 2450 2630 2516 Galatae,
2663 2459 2885 2520 accepta
2917 2451 3022 2506 tide
3053 2450 3255 2504 Christi
3302 2467 3401 2521 per
3429 2451 3801 2523 Evangelium

2186 2538 2355 2607 Pauli,
2383 2539 2496 2607 jam
2530 2539 2668 2593 bene
2700 2538 2890 2593 directi
2934 2538 3148 2593 fuerant
3176 2538 3231 2592 in
3274 2538 3467 2592 semita
3496 2538 3625 2593 boni
3656 2554 3801 2609 Ope-

2187 2627 2285 2693 ris,
2321 2643 2350 2681 a
2381 2643 2488 2699 quo
2517 2627 2771 2681 volebant
2815 2642 2910 2681 eos
2954 2633 3272 2682 convertere
3301 2626 3378 2680 illi
3425 2626 3659 2697 pseudo.
3694 2626 3803 2682 Ubi

2190 2716 2265 2770 ait
2298 2718 2513 2782 volunt,
2546 2714 2717 2768 innuit
2748 2715 2971 2769 Galatas
3002 2714 3243 2769 nondum
3283 2730 3448 2785 opere
3479 2714 3802 2769 consensis-

2190 2821 2248 2859 se
2279 2804 2406 2869 illis,
2439 2804 2563 2858 licet
2593 2820 2837 2857 assensu.
2873 2803 2956 2857 Illi
2999 2803 3187 2857 volunt
3215 2811 3536 2857 convertere
3570 2803 3670 2859 sed
3720 2805 3797 2859 li-

2189 2895 2276 2947 cet
2298 2909 2418 2955 nos,
2451 2891 2506 2945 id
2536 2899 2615 2945 est
2648 2907 2752 2959 ego
2783 2891 2868 2945 vel
2902 2891 3017 2961 ipse
3042 2892 3250 2953 Petrus,
3285 2895 3388 2945 aut
3418 2892 3657 2960 angelus
3678 2906 3804 2946 ma-

2189 2979 2371 3050 lignus
2400 2979 2625 3033 veniens
2657 2980 2721 3033 de
2739 2981 2892 3048 cwlo,
2926 2979 2979 3033 id
3010 2987 3089 3033 est
3120 2979 3175 3032 in
3204 2979 3489 3050 splendida
3519 2978 3706 3052 figura
3743 2988 3803 3034 ut

2194 3067 2404 3122 facilius
2435 3069 2664 3123 suadere
2696 3068 2887 3138 possit.
2922 3068 2976 3123 Si
3011 3067 3155 3122 enim
3199 3084 3490 3140 emergens
3517 3068 3587 3122 de
3637 3076 3803 3124 tene-

489 3161 654 3218 silex
684 3160 966 3215 destruere
997 3166 1202 3229 posset,
1253 3165 1552 3212 monstrum
1603 3163 1920 3227 putaretur;
1967 3128 2157 3225 quiao
2190 3155 2299 3210 bris
2330 3155 2525 3210 inferni
2566 3164 2779 3211 torvum
2809 3164 2860 3211 et
2915 3155 3198 3211 informem
3246 3172 3368 3211 sese
3398 3157 3680 3227 ingereret
3729 3157 3800 3211 ad

483 3251 598 3320 jam
630 3250 787 3304 Pater
817 3247 1091 3318 superflue
1122 3246 1177 3300 in
1207 3253 1439 3299 mortem
1462 3245 1696 3299 traderet
1727 3242 1943 3297 Filium.
1975 3244 2091 3299 Nec

493 3347 552 3395 ut
600 3345 825 3409 peccata
872 3335 1239 3407 prmcedentia
1287 3332 1630 3390 solummodo
1671 3332 1901 3395 tolleret,
1952 3332 2091 3386 mori

492 3423 679 3491 voluit,
714 3422 811 3477 sed
840 3425 923 3489 ut,
976 3420 1267 3475 destructis
1308 3418 1568 3489 peccatis,
1616 3418 1859 3489 eriperet
1900 3433 2002 3471 nos
2027 3416 2092 3471 de

493 3514 767 3586 praesenti
795 3512 1018 3577 saeculo,
1051 3510 1106 3564 in
1134 3525 1241 3580 quo
1262 3508 1394 3564 vidit
1415 3507 1685 3561 neminem
1708 3521 1871 3576 posse
1892 3504 2093 3559 morari

495 3601 611 3657 sine
640 3607 885 3672 peccato.
918 3600 978 3653 In
1008 3613 1114 3671 quo
1144 3605 1361 3652 notatur
1410 3595 1646 3650 maxima
1674 3594 1845 3650 virtus
1875 3592 2090 3661 Christi,

495 3690 587 3761 qui
617 3689 673 3744 in
700 3687 918 3745 fornace
949 3694 1297 3756 peccatorum
1338 3700 1439 3738 nos
1486 3683 1679 3738 liberat
1728 3682 1797 3736 ab
1843 3681 2096 3736 incendio

492 3776 709 3849 peccati
739 3775 1004 3847 [eriperet
1030 3774 1096 3829 de
1115 3774 1387 3845 praesenti
1415 3772 1621 3827 swculo
1646 3786 1907 3842 nequam,
1939 3768 1993 3823 id
2015 3776 2100 3824 est

498 3865 568 3921 de
598 3862 978 3920 conformitate
1024 3861 1309 3932 praesentis
1356 3858 1581 3924 mundi,
1633 3858 1725 3929 qui
1772 3873 1879 3912 non
1910 3856 2095 3924 allicit,

499 3961 551 4009 et
582 3960 733 4007 tanto
762 3950 884 4022 plus
913 3949 1076 4021 capit,
1108 3957 1311 4021 quanto
1343 3956 1545 4003 aeterna
1586 3946 1763 4001 minus
1804 3945 2096 4018 videntur].

495 4041 770 4111 Eriperet,
838 4039 981 4108 dico,
1031 4038 1185 4109 quasi
1229 4038 1281 4093 vi
1344 4035 1776 4093 conversationis
1832 4035 1990 4090 bonae
2033 4035 2102 4089 de

499 4128 722 4193 seculo,
746 4127 843 4182 sed
865 4143 1128 4199 nequam,
1155 4126 1209 4180 id
1230 4134 1312 4181 est
1334 4125 1633 4181 secundum
1654 4124 1945 4195 nequitiam
1968 4138 2102 4193 pec-

499 4217 627 4283 cati,
662 4215 904 4272 Christus
934 4232 965 4270 a
995 4214 1195 4270 saeculo
1235 4231 1363 4270 suos
1415 4213 1596 4284 eripit.
1648 4213 1808 4281 Quod
1856 4212 2103 4267 Christus

499 4307 554 4361 in
576 4313 809 4362 mortem
821 4321 879 4360 se
898 4303 1067 4370 dedit,
1083 4304 1187 4359 hoc
1200 4302 1393 4359 factum
1415 4310 1496 4357 est
1513 4303 1824 4358 secundum
1838 4302 2104 4357 volunta-

2190 3243 2593 3314 decipiendum,
2626 3260 2737 3299 non
2768 3252 2874 3299 tam
2907 3244 3134 3299 idoneus
3196 3252 3361 3299 esset.
3408 3244 3531 3310 Vel,
3559 3245 3800 3315 angelus

2194 3332 2368 3387 bonus
2398 3332 2623 3386 veniens
2661 3333 2729 3387 de
2760 3332 2918 3401 caelo,
2954 3333 2999 3386 si
3020 3333 3365 3403 evangelizet
3389 3337 3798 3406 prwterquam,

2194 3420 2247 3474 id
2278 3428 2359 3475 est
2389 3428 2586 3490 praeter
2614 3421 2717 3475 hoc
2744 3421 2885 3493 quod
2919 3422 3428 3490 evangelisavimus
3471 3421 3637 3487 vobis,
3680 3421 3800 3476 sive

2195 3509 2262 3562 sit
2291 3509 2567 3579 apostolus
2612 3526 2708 3565 seu
2752 3508 3003 3580 angelus,
3054 3509 3204 3563 illum
3248 3525 3359 3564 non
3404 3509 3580 3565 solum
3621 3510 3805 3565 audeo

2196 3613 2451 3667 separare
2482 3613 2514 3651 a
2546 3612 2776 3668 corpore
2807 3596 3028 3662 Christi,
3061 3596 3159 3651 sed
3187 3597 3348 3652 etiam
3376 3598 3452 3652 sit
3484 3598 3803 3653 anathema

2195 3692 2252 3739 ut
2281 3685 2398 3755 ipse
2430 3693 2719 3755 separatus
2750 3685 2818 3740 sit
2861 3685 3129 3755 separatio
3175 3685 3410 3740 illorum.
3456 3685 3558 3740 Hic
3604 3685 3805 3741 callide

2198 3774 2495 3844 respondet
2518 3774 2643 3839 illis,
2671 3776 2762 3845 qui
2784 3773 3111 3842 objiciebant
3132 3773 3228 3840 illi,
3256 3772 3497 3829 206
3521 3774 3675 3845 quod
3703 3775 3804 3829 Ju-

2199 3862 2387 3918 daicos
2435 3862 2572 3917 ritus
2615 3879 2724 3917 non
2767 3870 3046 3933 pateretur
3087 3862 3141 3916 in
3193 3862 3459 3918 Ecclesiis
3505 3863 3638 3928 suis,
3695 3878 3806 3918 non

2200 3950 2566 4023 intelligentes
2599 3952 2816 4006 Petrum
2838 3950 2960 4005 ideo
2978 3950 3105 4020 pati,
3138 3966 3248 4004 non
3268 3950 3414 4022 quod
3435 3949 3570 4005 illud
3600 3966 3808 4022 appro-

2200 4039 2375 4106 baret,
2411 4039 2507 4093 sed
2532 4055 2600 4093 ne
2631 4039 2919 4093 rudltatem
2948 4036 3075 4093 fidei
3105 4054 3294 4093 eorum
3342 4038 3521 4109 potius
3548 4038 3636 4093 his
3667 4055 3808 4094 con-

2202 4126 2543 4181 cessionibus
2606 4126 2969 4191 nutriendam,
3054 4141 3219 4198 quam
3283 4126 3448 4181 nimia
3510 4126 3808 4197 asperitate

2203 4215 2590 4270 destruendam
2639 4223 2889 4270 terreret.
2937 4215 3054 4270 Hoc
3090 4223 3269 4270 autem
3319 4215 3450 4269 solis
3497 4215 3810 4285 patiebatur

2201 4303 2402 4358 Judzeis
2437 4319 2448 4358 :
2482 4304 2580 4359 sed
2618 4303 2813 4358 Paulus
2864 4304 2956 4375 qui
3002 4304 3255 4376 gentibus
3297 4303 3644 4375 praedicabat,
3695 4320 3807 4359 non

505 4399 618 4452 tem
649 4395 748 4451 Dei
776 4397 832 4450 et
861 4395 1051 4450 Patris
1097 4394 1301 4462 nostri,
1334 4391 1427 4464 qui
1469 4391 1595 4463 quia
1635 4390 1815 4463 legem
1861 4388 2106 4443 inutilem
2204 4392 2437 4447 habebat
2480 4392 2561 4447 eis
2607 4392 2888 4464 indulgere
2936 4392 2993 4446 in
3038 4393 3123 4445 his
3169 4392 3226 4445 in
3290 4391 3488 4464 quibus
3527 4408 3811 4463 nunquam

500 4483 653 4552 vidit,
686 4490 743 4537 ut
771 4499 871 4538 nos
921 4483 1169 4548 salvaret,
1203 4498 1268 4536 ex
1316 4481 1516 4552 pietate
1548 4479 1739 4534 Filium
1771 4478 1825 4533 in
1865 4483 2171 4543 mortemD
2202 4480 2433 4536 fuerant.
2482 4480 2639 4548 Quod
2683 4481 2843 4535 etiam
2889 4480 3258 4553 postmodum,
3304 4487 3361 4534 ut
3408 4479 3543 4534 ﬁdes
3603 4480 3808 4535 Christi

508 4571 744 4626 tradidit.
798 4572 865 4626 Et
911 4570 1035 4642 quia
1081 4570 1327 4625 Christus
1357 4568 1571 4623 dederit
1618 4584 1675 4621 se
1696 4582 1819 4638 _pro
1861 4564 2103 4636 peccatis
2202 4570 2378 4624 solida
2412 4578 2573 4635 esset,
2608 4568 2898 4624 difficiliori
2938 4569 3128 4624 labore
3175 4568 3461 4624 destruere
3508 4577 3806 4639 oporteret.

504 4658 705 4715 nostris
734 4658 789 4713 in
825 4667 1055 4713 mortem
1104 4674 1205 4728 per
1250 4658 1583 4713 voluntatem
1632 4654 1752 4719 Dei,
1804 4655 1995 4709 scitote
2041 4668 2107 4707 ex
2205 4660 2271 4713 Et
2332 4658 2454 4729 quia
2500 4674 2601 4712 nec
2656 4658 2931 4727 angelum,
2989 4673 3093 4712 nec
3136 4656 3438 4727 apostolum
3493 4664 3812 4727 pateremur

506 4763 593 4813 eo,
628 4747 755 4819 quia
786 4748 881 4802 cui
910 4746 1127 4801 Christo
1156 4762 1277 4800 cum
1308 4745 1425 4800 Deo
1454 4747 1537 4800 est
1582 4744 1764 4814 gloria
1793 4743 1861 4796 de
1909 4740 2106 4795 remis-
2204 4746 2350 4800 aliud
2381 4746 2536 4800 vobis
2566 4746 2974 4815 praedicantem,
2998 4745 3163 4815 igitur
3182 4746 3227 4798 si
3249 4745 3369 4817 quis
3398 4745 3606 4815 pseudo
3635 4761 3811 4802 evan-

505 4834 659 4890 sione
688 4841 1058 4905 peccatorum,
1090 4849 1202 4887 non
1228 4832 1338 4904 legi
1369 4833 1433 4887 in
1460 4832 1577 4885 haec
1605 4828 1895 4901 praesentia
1923 4845 2102 4884 sescu—

508 4924 564 4978 la
596 4942 613 4977 :
644 4929 697 4976 et
728 4920 1069 4993 permanebit
1090 4920 1144 4975 in
1168 4920 1369 4975 saecula
1396 4920 1590 4973 horum
1621 4918 1956 4974 saeculorum
1986 4932 2113 4973 con-

504 5009 767 5065 secutiva.
790 5010 988 5073 Amen,
1015 5008 1067 5062 id
1090 5016 1172 5062 est
1196 5024 1319 5063 vere
1342 5009 1425 5062 ita
1452 5011 1555 5073 est,
1581 5006 1727 5078 quod
1750 5005 1962 5060 Christo
1983 5005 2110 5078 glo-

505 5097 605 5163 ria,
678 5111 785 5151 non
853 5096 984 5168 legi.
1050 5097 1229 5152 Amen
1299 5096 1625 5167 quandoque
1696 5093 2108 5160 aﬂirmativum,

507 5183 833 5258 quandoque
863 5184 1167 5255 Optativum
1197 5192 1298 5239 est.
1331 5186 1396 5239 Et
1428 5184 1556 5255 quia
1594 5183 1842 5238 Christus
1872 5182 2021 5237 dedit
2052 5198 2113 5237 se

506 5289 608 5346 pro
638 5272 875 5343 peccatis
907 5273 1111 5327 nostris
1158 5273 1458 5328 secundum
1506 5273 1839 5328 voluntatem
1884 5272 2006 5341 Dei,
2057 5278 2111 5327 et

505 5363 690 5434 legem
720 5361 1016 5429 evacuavit,
1050 5363 1229 5417 miror
1250 5378 1386 5435 ergo
1432 5364 1574 5435 quod
1618 5364 1719 5429 sic,
1774 5361 1826 5416 id
1857 5369 1958 5427 est,
2008 5368 2110 5415 tam

504 5451 857 5506 vehementer
909 5450 1161 5505 omnibus
1216 5451 1482 5506 mandatis
1528 5451 1666 5507 meis
1724 5449 2029 5516 derelictis;
2062 5455 2116 5504 et

512 5543 631 5601 tam
660 5540 771 5596 cito
803 5558 820 5594 :
853 5554 1049 5621 parum
1077 5540 1219 5597 enim
1252 5548 1334 5599 est
1362 5540 1625 5614 temporis
1651 5556 1716 5597 ex
1747 5555 1855 5616 quo
1884 5536 2115 5595 discessi

2209 4833 2524 4905 gelizaverit
2564 4833 2719 4889 vobis
2767 4842 2967 4904 praeter
3014 4833 3069 4887 id
3119 4833 3267 4903 quod
3312 4833 3600 4904 accepistis
3628 4850 3661 4889 a
3697 4850 3808 4899 me,

2210 4923 2497 4976 anathema
2526 4921 2612 4976 sit.
2650 4924 2715 4976 Et
2744 4923 2847 4977 hoc
2884 4937 3030 4977 nunc
3076 4921 3271 4976 iterum
3301 4921 3427 4976 dico
3456 4921 3525 4977 de
3566 4923 3809 4992 pseudo,

2213 5010 2350 5066 sicut
2378 5011 2540 5065 modo
2573 5010 2795 5080 pradixi
2826 5010 2894 5065 de
2924 5009 3081 5065 nobis
3114 5017 3166 5064 et
3195 5010 3264 5065 dc
3312 5009 3530 5083 angelo.
3565 5010 3667 5066 Vel
3690 5010 3768 5066 ita
3799 5029 3812 5065 :

2213 5099 2444 5155 Praedixi
2459 5098 2614 5154 vobis
2634 5115 2757 5154 cum
2772 5099 2916 5169 apud
2939 5114 3035 5153 vos
3061 5114 3260 5165 essem,
3286 5115 3374 5153 me
3393 5113 3584 5154 omnes
3604 5100 3814 5170 pseudo

2214 5187 2802 5244 excommunicaturum
2827 5206 2841 5254 ;
2876 5188 2953 5243 sic
2978 5187 3142 5242 etiam
3163 5204 3319 5244 nunc
3348 5189 3562 5243 iterum
3592 5189 3736 5245 dico.
3758 5190 3816 5245 Si

2214 5278 2336 5349 quis
2355 5277 2505 5332 vobis
2517 5277 3013 5346 euangelizaverit,
3024 5276 3308 5347 praeteriit
3327 5276 3470 5348 quod
3490 5279 3811 5348 accepistis,

2214 5365 2522 5420 anathema
2551 5366 2644 5419 sit.
2682 5364 2817 5419 Dico
2848 5366 3156 5420 anathema
3185 5365 3282 5431 sit,
3315 5372 3367 5419 et
3399 5364 3503 5419 hoc
3533 5372 3588 5419 et
3616 5373 3816 5421 caetera

2214 5452 2520 5524 prtemissa,
2555 5451 2728 5506 zelum
2762 5452 2963 5507 Christi
2991 5453 3202 5507 habens
3232 5452 3375 5519 dico,
3406 5451 3531 5523 quia
3560 5469 3631 5507 an
3661 5456 3815 5510 modo

2216 5541 2420 5599 suadeo
2448 5541 2785 5609 hominibus,
2819 5541 2875 5597 id
2903 5549 2985 5597 est
3028 5556 3098 5597 an
3144 5541 3444 5597 secundum
3488 5541 3816 5602 voluntatem
