3948 6416
182 333 295 389 285

856 317 1242 380 EXPOSITIO
1274 318 1351 374 IN
1375 310 1761 373 EPISTOLAS
1818 306 2047 365 PAULI.
2079 335 2149 347 —
2179 306 2254 362 IN
2284 304 2504 362 EPIST.
2538 303 2633 360 AD
2674 301 2835 359 GAL.

3410 294 3519 352 286

195 451 488 509 hominum
517 447 846 505 suasibiliter
871 446 1065 518 loquor
1097 462 1111 499 :
1142 461 1221 500 an
1242 441 1468 509 suadeo,
1488 440 1618 504 Deo,
1650 436 1705 491 id
1727 439 1811 490 est
1831 432 1883 494 Α
1913 430 1985 485 ita
2013 444 2383 502 persequerer
2401 426 2709 518 Ecclesiam
2729 422 2956 518 Christi,
2974 427 3200 518 apparet
3228 417 3376 492 quod
3404 424 3529 472 ante

196 542 270 598 ad
291 540 528 615 gloriam
550 539 651 594 Dei
680 537 709 593 τ
729 535 898 607 Quasi
916 534 1127 591 diceret
1154 547 1166 587 :
1192 532 1322 587 Ideo
1342 530 1487 597 dico,
1506 526 1815 615 anathema

195 614 458 697 sit,7etc.,
505 627 636 700 quia
682 625 811 682 olim
859 624 1084 696 quidem
1130 629 1255 678 ante
1304 619 1469 675 ﬁdem
1517 614 1816 672 suadebam

197 719 550 784 hominibus,
583 715 892 789 praedicans
915 713 1099 785 legem
1122 730 1138 779 ;
1160 711 1258 766 sed
1280 708 1446 765 modo
1467 706 1523 762 in
1552 704 1657 759 fide
1690 716 1817 757 sua-

199 811 309 866 deo
338 807 575 881 gloriam
603 805 741 871 Dei;
776 803 900 859 ideo
928 818 1038 858 non
1082 802 1196 871 jam
1246 798 1451 854 suadeo
1480 792 1812 859 hominibus,

200 898 334 969 quia
361 912 472 951 non
502 909 687 967 quer
707 892 922 964 placere
938 890 1067 946 illis.
1088 891 1173 946 An
1196 887 1340 944 enim
1362 900 1548 959 quaero
1566 881 1815 953 amplius

195 987 427 1058 placere
459 982 777 1040 hominibus
810 985 833 1037 ?
863 980 920 1036 Si
947 980 1127 1051 legem
1148 976 1490 1049 praedicaret,
1526 986 1687 1044 quam
1715 970 1815 1058 ho-

197 1057 293 1129 mo
322 1073 521 1129 virtute
550 1088 645 1128 sua
674 1076 889 1143 poterat
916 1066 1160 1141 operari,
1200 1074 1329 1121 tunc
1358 1064 1605 1135 placeret
1632 1057 1814 1114 homi-

194 1162 365 1218 nibus
401 1178 414 1217 :
445 1160 545 1216 sed
562 1159 689 1215 nolo
711 1158 955 1230 placere,
990 1155 1117 1229 quia
1145 1156 1196 1210 si
1214 1153 1399 1210 adhuc
1422 1152 1709 1224 placerem
1727 1146 1817 1201 ho-

195 1251 476 1321 minibus,
506 1247 856 1321 pradicando
887 1246 1091 1319 legem,
1114 1246 1243 1315 jam
1278 1258 1395 1298 non
1419 1255 1594 1297 essem
1623 1251 1815 1292 servus

200 1340 457 1405 Christi,
509 1338 641 1392 dum
690 1336 836 1407 quod
884 1334 1237 1390 attribuerem
1288 1330 1419 1403 legi,
1466 1326 1814 1383 detraherem

196 1428 396 1502 gratia;
426 1425 647 1482 Christi.
682 1424 783 1480 Vel
816 1424 892 1479 ita
926 1423 1053 1479 :An
1072 1421 1232 1478 modo
1247 1419 1451 1476 suadeo
1470 1414 1810 1480 hominibus,

194 1535 277 1574 an
299 1518 410 1572 Deo
430 1517 460 1571 ?
500 1515 561 1572 Si
579 1514 765 1585 legem
804 1511 1148 1584 pradicaret,
1172 1506 1484 1564 hominibus
1523 1503 1811 1570 suaderet;

196 1622 322 1679 quae
352 1604 496 1661 enim
528 1603 616 1658 lex
646 1601 911 1674 praecipit,
943 1601 1107 1655 homo
1153 1596 1288 1653 satis
1330 1602 1510 1667 potest
1557 1591 1810 1663 operari,

194 1702 255 1750 ut
285 1692 614 1748 abscindere
642 1690 974 1763 pelliculam,
1026 1686 1311 1743 immolare
1339 1682 1605 1756 pecudem
1631 1689 1684 1736 et
1713 1681 1814 1735 hu-

190 1782 464 1854 jusmodi.
505 1779 664 1850 Quod
694 1780 741 1834 si
772 1795 871 1851 per
900 1779 1018 1834 haec
1039 1776 1247 1832 salvum
1276 1773 1482 1830 diceret
1510 1770 1808 1837 hominem,
1831 1796 1884 1857 Β

195 1874 317 1929 Deo
345 1870 659 1927 detraheret
691 1867 924 1923 salutem
970 1864 1227 1931 hominis,
1263 1871 1316 1919 et
1365 1860 1666 1918 ascriberet
1710 1860 1809 1914 ho-

197 1959 355 2016 mini.
388 1960 603 2015 Caatera
632 1973 744 2013 non
771 1962 1074 2012 mutantur.

269 2083 355 2139 Ad
387 2082 523 2138 illud
556 2082 702 2155 quod
754 2078 1005 2153 superius
1034 2077 1189 2144 dixit,
1220 2093 1337 2133 non
1365 2075 1433 2131 ab
1466 2072 1804 2138 hominibus,

197 2188 381 2246 neque
395 2188 501 2244 per
530 2172 834 2236 hominem,
867 2168 956 2225 hic
1003 2165 1341 2239 respondere
1369 2163 1576 2234 incipit.
1608 2160 1809 2216 Littera

200 2270 385 2317 tamen
415 2275 592 2332 prope
618 2258 868 2330 jungitur
898 2276 911 2312 :
941 2257 1067 2312 ideo
1097 2254 1407 2311 hominibus
1447 2252 1668 2323 placere
1699 2264 1808 2305 non

201 2365 409 2422 quaero,
459 2349 558 2403 sed
609 2348 845 2413 Christo,
896 2346 1023 2418 quia
1068 2343 1426 2417 Evangelium
1469 2355 1653 2395 meum
1698 2353 1809 2393 non

200 2448 282 2494 est
314 2437 619 2495 secundum
650 2436 947 2502 hominem,
1000 2434 1097 2489 sed
1127 2450 1160 2489 a
1207 2433 1345 2488 Deo.
1390 2432 1458 2485 Et
1502 2430 1627 2484 ideo
1656 2429 1806 2499 facio

200 2528 351 2583 vobis
388 2531 610 2593 notum,
635 2529 867 2597 fratres,
891 2524 1259 2595 Evangelium
1290 2541 1308 2577 :
1331 2535 1442 2576 non
1471 2518 1605 2573 illud
1628 2524 1803 2581 vetus,

197 2616 296 2672 sed
326 2615 473 2689 quod
502 2615 953 2687 evangelizatum
983 2616 1068 2669 est
1098 2629 1134 2667 a
1162 2626 1293 2677 me;
1332 2610 1438 2665 hoc
1467 2608 1536 2663 de
1566 2623 1634 2663 eo
1663 2605 1807 2661 facio

196 2705 353 2762 vobis
380 2711 591 2770 notum,
626 2703 771 2775 quod
800 2718 918 2758 non
948 2706 1033 2758 est
1050 2700 1182 2755 mihi
1211 2699 1461 2755 traditum
1494 2695 1807 2753 secundum

201 2796 507 2851 hominem.
539 2793 610 2847 Et
635 2793 740 2848 hoc
770 2792 962 2863 probat
994 2808 1007 2845 :
1042 2791 1185 2845 Vere
1233 2804 1344 2844 non
1370 2786 1673 2843 secundum
1702 2785 1807 2841 ho-

199 2883 422 2952 minem,
446 2884 543 2955 qui
553 2895 733 2954 neque
743 2881 933 2953 accepi
944 2879 1090 2935 illud
1100 2877 1457 2950 Evangelium
1471 2877 1537 2931 ab
1554 2874 1803 2939 homine,

202 2978 561 3029 consecrante
600 2986 688 3025 me
733 2970 791 3024 in
834 2969 941 3025 hoc
982 2966 1365 3033 ministerium,
1416 2980 1596 3037 neque
1635 2964 1809 3019 didici

201 3061 333 3116 illud
364 3061 437 3116 ab
463 3059 703 3114 homine.
738 3059 930 3114 Posset
966 3055 1280 3113 consecrari
1308 3071 1340 3110 a
1370 3056 1507 3123 Deo,
1541 3060 1595 3110 et
1626 3060 1807 3108 tamen

1916 518 2333 575 conversionem
2360 515 2725 590 Evangelium
2751 529 2862 569 non
2903 510 3090 568 didici.

1987 604 2179 662 Subdit
2209 606 2353 678 quod
2385 612 2509 676 post
2539 603 2908 659 subditionem
2945 615 3057 655 non
3100 594 3370 653 didicerit.
3402 596 3524 668 Ego

1916 695 1989 750 ita
2018 694 2387 766 persequebar
2404 692 2709 749 Ecclesiam
2737 689 2939 746 Christi
2964 707 2978 756 ;
3011 687 3105 744 sed
3140 701 3270 742 cum
3297 684 3521 757 placuit

1915 784 1985 852 ei,
2033 800 2100 839 ex
2156 783 2346 856 gratia,
2408 797 2517 838 non
2567 798 2634 836 ex
2670 779 2883 847 merito,
2937 777 2989 833 ei
3035 777 3159 832 dico
3216 774 3310 847 qui
3356 787 3527 846 quam

1914 872 2284 944 potentialiter
2311 887 2402 927 me
2424 871 2740 941 segregavit
2765 868 2831 924 de
2860 872 3024 923 utero
3049 866 3255 921 matris
3275 878 3435 930 mete,
3457 860 3528 917 de

1916 977 2023 1033 quo
2053 976 2329 1033 nunquam
2365 959 2593 1025 exirem,
2627 957 2732 1012 nisi
2765 955 3142 1012 misericordia
3185 952 3303 1022 ejus
3340 958 3529 1007 extra-

1915 1050 2070 1105 heret
2100 1065 2204 1114 me,
2230 1057 2340 1103 tam
2364 1046 2791 1103 misericorditer
2815 1046 3029 1101 vocavit
3048 1059 3138 1099 me
3156 1058 3259 1115 per
3276 1042 3529 1114 gratiam

1917 1156 2081 1195 suam
2101 1138 2170 1192 ad
2200 1136 2384 1192 ﬁdem.
2418 1136 2518 1192 Vel
2538 1135 2615 1191 ita
2645 1152 2659 1190 :
2691 1134 2797 1205 Qui
2816 1149 2903 1189 me
2926 1130 3239 1206 segregavit
3260 1130 3329 1186 de
3348 1136 3523 1184 matre

1913 1242 2054 1295 mea,
2098 1226 2153 1281 id
2192 1233 2275 1281 est
2310 1241 2342 1279 a
2386 1226 2703 1298 Synagoga,
2754 1222 2811 1278 in
2856 1237 2962 1294 qua
3008 1236 3146 1292 puer
3195 1218 3423 1273 nutritus
3471 1224 3525 1272 et

1912 1315 2108 1370 doctus
2139 1313 2367 1379 fueram,
2398 1328 2501 1369 nec
2531 1314 2599 1368 de
2630 1312 2752 1367 sinu
2802 1310 2889 1367 vel
2920 1308 3152 1383 gremio,
3188 1308 3287 1362 sed
3315 1306 3383 1361 de
3404 1306 3525 1377 ipso

1914 1412 2072 1459 utero
2096 1403 2432 1475 Synagogae.
2472 1400 2787 1457 Pbarisaeus
2818 1399 2963 1455 enim
3005 1413 3153 1453 eram
3201 1396 3339 1451 inter
3364 1394 3526 1466 prin-

1913 1492 2065 1563 cipes
2104 1491 2266 1564 legis,
2293 1499 2346 1546 et
2373 1506 2463 1545 me
2492 1489 2619 1545 inde
2642 1496 2996 1563 segregatum
3016 1484 3231 1542 vocavit
3258 1484 3329 1539 ad
3360 1481 3526 1538 ﬁdem

1912 1596 2014 1651 per
2042 1579 2276 1652 gratiam
2308 1594 2485 1647 suam,
2518 1594 2629 1634 non
2660 1578 2789 1649 quia
2809 1577 2982 1633 zelum
3023 1574 3165 1648 legis
3192 1573 3517 1628 habueram.

1913 1668 2161 1734 Vocavit,
2196 1667 2434 1739 inquam,
2468 1671 2535 1724 ut
2561 1668 2841 1723 reuelaret
2864 1667 2927 1721 in
2957 1681 3047 1720 me
3091 1664 3301 1720 Filium
3330 1677 3521 1716 suum.

1914 1756 1971 1812 Si
2009 1756 2133 1829 quis
2170 1756 2316 1812 enim
2344 1755 2691 1813 vocationem
2737 1754 2847 1810 mei
2899 1752 3224 1819 considerat,
3257 1749 3528 1822 intelliget

1912 1861 2133 1900 omnem
2171 1844 2403 1899 salutem
2452 1860 2518 1899 ex
2564 1843 2802 1910 Christo,
2844 1841 3049 1897 nullam
3102 1856 3168 1896 ex
3205 1838 3351 1910 lege,
3402 1854 3525 1910 quae

1908 1933 2044 1988 mihi
2090 1948 2200 1988 non
2254 1932 2479 2004 profuit.
2529 1933 2647 1988 Nec
2713 1932 2839 1986 ideo
2888 1929 3066 1987 solum
3112 1928 3330 1985 vocavit
3367 1934 3426 1981 ut
3468 1926 3527 1981 in

1911 2022 2265 2077 similitudine
2302 2022 2411 2077 mei
2442 2020 2705 2076 revelaret
2726 2020 2966 2092 gratiam
2987 2034 3163 2087 suam,
3197 2016 3295 2073 sed
3320 2016 3391 2072 ad
3420 2016 3528 2072 hoc

1909 2111 2071 2167 etiam
2103 2115 2169 2167 ut
2184 2111 2632 2183 euangelizarent
2656 2110 2826 2165 illum
2850 2111 2918 2166 in
2942 2108 3228 2180 gentibus,
3261 2113 3313 2161 et
3338 2113 3526 2162 notam

1906 2199 2147 2256 facerem
2191 2198 2624 2255 misericordiam
2677 2197 2805 2253 Dei.
2864 2197 3002 2253 Cum
3040 2196 3112 2251 ita
3159 2196 3277 2251 Deo
3324 2194 3393 2250 de
3436 2210 3526 2250 me

1909 2290 2127 2360 placuit,
2162 2289 2437 2344 continuo
2467 2304 2583 2344 non
2612 2287 2866 2360 acquievi
2887 2287 3055 2343 carni
3083 2289 3141 2341 et
3154 2284 3444 2356 sanguini,
3468 2282 3525 2339 id

1910 2385 1993 2433 est
2021 2376 2223 2432 Iudaeis
2253 2376 2397 2432 male
2452 2376 2807 2431 suadentibus
2849 2374 3004 2441 mihi,
3052 2374 3145 2446 qui
3189 2372 3324 2428 nihil
3378 2371 3523 2428 aliud

1910 2473 2034 2520 sunt
2064 2480 2228 2537 quam
2260 2480 2390 2521 caro
2418 2464 2764 2536 voluptuosa.
2788 2465 2855 2519 Et
2877 2461 3120 2536 sanguis,
3153 2461 3209 2517 id
3239 2468 3322 2517 est
3341 2460 3525 2517 anima

1908 2569 2019 2610 non
2050 2553 2352 2609 secundum
2403 2554 2692 2621 rationem,
2744 2553 2842 2608 sed
2890 2550 3189 2608 secundum
3232 2550 3381 2622 quod
3422 2566 3524 2621 per

1908 2649 2114 2698 motum
2148 2641 2436 2715 sanguinis
2467 2642 2650 2713 turpia
2689 2641 2859 2712 cupit.
2895 2642 3080 2713 Neque
3111 2638 3367 2696 continuo
3395 2640 3527 2695 veni

1915 2732 2357 2804 Hierosolymam
2389 2731 2463 2786 ad
2483 2730 2766 2801 apostolos
2798 2733 3362 2794 antecessoresmeos,
3397 2726 3525 2799 quia

1908 2836 1997 2876 me
2028 2819 2084 2874 in
2129 2818 2237 2875 fide
2285 2827 2720 2889 antecesserant,
2752 2826 2811 2873 ut
2854 2819 3086 2874 docerer
3132 2817 3203 2871 ab
3246 2815 3374 2882 illis,
3424 2814 3521 2873 sed

1910 2908 2169 2966 continuo
2197 2908 2313 2964 abii
2339 2909 2404 2963 in
2457 2908 2746 2964 Arabiam.
2780 2908 2910 2963 Haec
2957 2905 3158 2962 Arabia
3200 2913 3285 2961 est
3311 2906 3367 2960 in
3413 2920 3525 2977 qua

1910 3004 1993 3053 est
2019 3013 2178 3052 mons
2201 2997 2351 3063 Sina,
2371 3012 2544 3069 prope
2566 2997 2859 3069 Egyptum
2880 2995 2934 3051 in
2963 2995 3200 3051 deserto.
3220 2995 3291 3050 Et
3310 2995 3524 3051 iterum

1909 3085 1980 3141 ab
2010 3085 2208 3141 Arabia
2251 3101 2510 3141 reversus
2556 3101 2683 3140 sum
2727 3087 3088 3141 Damascum.
3138 3080 3351 3140 Deinde
3400 3086 3525 3155 post

201 3158 387 3246 pPSFea
418 3149 638 3246 qiscere
672 3154 944 3246 ΡῘῨΕΘΡΜ
974 3146 1069 3246 in.“
1098 3146 1168 3201 ab
1194 3143 1441 3246 “mute:
1460 3144 1589 3245 _N°"
1620 3141 1809 3246 “SePi
1833 3158 1879 3220 Ο
1912 3190 2094 3231 annos
2128 3179 2243 3230 tres
2272 3175 2403 3230 veni
2430 3175 2895 3246 Hierosolymam,
2928 3189 3037 3229 non
3066 3180 3125 3228 ut
3157 3172 3312 3245 quasi
3340 3141 3522 3227 minus

203 3240 271 3295 ab
297 3238 543 3303 homine,
576 3252 678 3293 nec
707 3235 891 3302 didici,
943 3236 1039 3291 sed
1077 3251 1184 3307 per
1230 3234 1637 3290 reuelationem
1677 3233 1809 3288 Jesu

209 3328 436 3392 Christi,
462 3326 520 3381 id
550 3333 634 3381 est
662 3341 760 3397 per
803 3326 992 3380 Jesum
1039 3324 1308 3379 Christum
1339 3329 1530 3393 aperte
1561 3320 1808 3376 revelan-

203 3424 308 3472 tem
338 3415 493 3483 mihi,
527 3430 638 3470 non
665 3429 767 3485 per
800 3412 1090 3485 parabolas
1136 3412 1472 3483 loquentem,
1505 3410 1644 3465 sicut
1671 3409 1808 3464 alios

204 3505 483 3577 apostolos
511 3504 717 3569 docuit,
751 3504 883 3558 dum
919 3502 976 3557 in
1006 3517 1170 3558 carne
1212 3508 1359 3557 esset
1388 3500 1567 3555 adhuc
1594 3506 1807 3555 morta-

207 3594 271 3650 lis
320 3602 374 3650 et
428 3593 512 3648 illi
567 3592 843 3648 intellectu
889 3590 1265 3647 inﬁrmiores:
1312 3605 1442 3646 vere
1485 3604 1595 3645 non
1642 3588 1809 3645 didici

204 3682 333 3739 illud
361 3683 432 3737 ab
462 3680 705 3747 homine,
739 3680 863 3752 quia
909 3695 1014 3737 nec
1060 3687 1186 3735 ante
1233 3679 1673 3746 conversionem,
1707 3692 1811 3733 nec

205 3780 324 3844 post
352 3770 794 3828 conversionem.
827 3772 966 3826 Ante
1007 3768 1421 3825 conversionem
1450 3766 1603 3839 prius
1632 3775 1811 3822 osten-

209 3860 301 3928 dit,
325 3861 517 3916 dicens
541 3859 826 3915 :Audistis
850 3858 1336 3915 conversationem
1347 3871 1528 3912 meam
1554 3857 1812 3928 aliquan-

208 3948 289 4013 do.
322 3948 377 4003 id
405 3956 488 4004 est
517 3956 764 4018 tempore
793 3945 1123 4002 infidelitatis
1152 3944 1394 4000 habitam
1412 3944 1467 3999 in
1484 3944 1766 4000 Judaismo
1790 3963 1805 4013 ;

208 4037 307 4093 hoc
331 4037 561 4093 audistis
582 4037 879 4109 quoniam,
922 4035 977 4090 id
1010 4042 1095 4091 est
1123 4034 1269 4107 quod
1293 4035 1671 4107 persequebar
1699 4036 1807 4090 Ec-

209 4128 435 4183 clesium
458 4128 558 4182 Dei
577 4142 753 4199 supra
770 4124 1000 4181 modum
1011 4130 1419 4195 persecutorum
1443 4140 1456 4177 :
1481 4139 1643 4178 nemo
1664 4122 1806 4178 enim

207 4220 314 4270 tam
339 4215 551 4271 violens
582 4221 693 4270 erat
722 4214 777 4268 in
808 4229 999 4269 servos
1029 4213 1149 4268 Dei.
1182 4212 1558 4283 Persequebar
1604 4211 1727 4267 dico
1752 4216 1809 4267 et

210 4305 605 4377 expugnabam
640 4304 805 4359 illam
826 4302 1128 4359 secundum
1145 4302 1410 4374 quosdam
1430 4301 1631 4355 multos
1662 4300 1808 4357 enim

212 4391 447 4448 volentes
478 4391 745 4459 converti,
778 4391 959 4447 adhuc
988 4391 1203 4462 spirans
1231 4390 1505 4446 minarum
1537 4397 1591 4445 et
1619 4389 1804 4456 caedis,

208 4482 498 4536 retroduxi.
553 4481 744 4535 Plures
788 4479 947 4535 etiam
1001 4481 1118 4550 jam
1154 4478 1344 4534 fideles
1391 4477 1551 4534 fidem
1601 4494 1807 4552 negare

210 4569 395 4641 coegi;
430 4568 829 4642 expugnabam,
864 4568 1010 4638 dico,
1043 4573 1099 4624 et
1128 4569 1485 4640 proﬁciebam
1515 4570 1578 4624 in
1606 4569 1807 4624 Judai-

214 4672 344 4713 smo.
374 4660 480 4713 Lex
510 4658 654 4715 enim
686 4672 810 4713 mea
837 4658 1017 4729 magis
1055 4673 1120 4713 ac
1163 4657 1343 4731 magis
1390 4673 1491 4728 per
1518 4672 1607 4712 me
1636 4657 1693 4711 in
1720 4656 1809 4710 in-

214 4754 533 4802 crementum
563 4745 904 4818 proficiebat.
940 4745 1293 4802 Proficiebam
1319 4745 1442 4802 dico
1462 4746 1679 4817 agendo
1707 4762 1809 4801 su—

212 4848 309 4903 pra
350 4837 561 4894 multos
609 4840 960 4902 coaetaneos,
1030 4835 1122 4907 qui
1163 4836 1397 4905 juvenes
1449 4843 1501 4891 et
1550 4834 1810 4891 laboriosi

216 4931 373 4993 erant,
407 4933 461 4980 ut
490 4940 617 4997 ego.
643 4925 962 4981 Coaataneos
991 4924 1134 4993 dico,
1180 4940 1291 4979 non
1332 4924 1663 4996 proselytos,
1712 4924 1809 4979 sed

216 5008 265 5063 in
293 5029 488 5084 genere
515 5031 659 5079 meo,
710 5014 782 5068 ita
813 5012 955 5070 filios
998 5013 1229 5069 Abrahae
1260 5020 1318 5069 ut
1365 5029 1471 5085 ego
1499 5020 1552 5069 et
1580 5013 1635 5068 in
1684 5012 1809 5086 lege

216 5099 447 5157 nutritos.
479 5102 551 5158 Et
579 5102 704 5159 dico
732 5104 991 5159 existens
1020 5104 1341 5170 wmulator,
1376 5102 1432 5157 id
1458 5110 1541 5159 est
1570 5102 1811 5158 imitator

222 5192 268 5240 et
289 5198 524 5258 amator;
557 5208 671 5248 non
699 5198 906 5247 tantum
927 5191 1088 5263 legis,
1113 5192 1211 5247 sed
1242 5192 1403 5247 etiam
1430 5196 1810 5264 paternarum

224 5277 600 5337 traditionum.
620 5281 905 5351 Propheta;
917 5281 1082 5350 enim,
1100 5287 1304 5352 praeter
1322 5280 1525 5352 legem,
1544 5280 1809 5353 quasdam

219 5365 521 5423 traditiones
550 5369 837 5439 dederunt,
886 5377 944 5425 ut
982 5369 1271 5426 Zacharias
1310 5370 1576 5439 jejunium
1623 5368 1806 5440 primi,

223 5459 270 5504 et
290 5453 545 5523 jejunium
576 5458 751 5531 quarti
782 5459 972 5530 (Zach.
997 5473 1118 5525 vm,
1146 5462 1255 5530 l9),
1289 5466 1395 5515 etc.
1414 5458 1805 5528 Traditionum,

227 5538 444 5601 207
463 5547 605 5617 dico,
624 5564 905 5616 mearum,
919 5548 1049 5621 quia
1067 5555 1175 5603 tam
1197 5548 1337 5605 bene
1358 5548 1635 5621 operabar
1663 5548 1806 5620 illas,

227 5630 358 5699 quod
386 5636 537 5706 quasi
552 5653 690 5695 mea;
709 5638 945 5711 propria:
965 5653 1089 5695 esse
1109 5637 1453 5707 videbantur,
1477 5645 1531 5695 et
1549 5651 1673 5694 cum
1702 5652 1810 5711 ego

1911 3264 2131 3335 sapiens
2153 3264 2568 3334 interrogarem,
2587 3262 2685 3318 sed
2697 3262 3043 3318 solummodo
3056 3262 3244 3318 videre
3256 3263 3516 3318 Petrum.

1909 3354 1980 3408 Et
2009 3354 2197 3408 mansi
2217 3351 2370 3424 apud
2382 3368 2512 3409 eum
2531 3352 2723 3407 diebus
2754 3352 3095 3425 quindecim,
3128 3357 3181 3406 et
3224 3357 3335 3405 tam
3367 3349 3522 3405 brevi

1910 3440 2112 3513 spatio,
2144 3440 2191 3495 si
2221 3440 2488 3513 indigere,
2522 3456 2632 3495 non
2660 3440 2793 3495 satis
2822 3455 3046 3511 possem
3064 3439 3271 3495 doceri.
3306 3439 3520 3495 Petrum

1908 3529 1985 3584 ibi
2005 3528 2115 3584 vidi
2136 3547 2150 3595 ;
2171 3529 2266 3585 sed
2279 3530 2461 3585 alium
2476 3530 2862 3602 apostolorum
2873 3529 3162 3585 neminem
3173 3528 3524 3599 illotempore

1909 3619 2044 3685 vidi,
2069 3620 2188 3674 nisi
2214 3618 2483 3674 Iacobum
2520 3622 2767 3690 fratrem
2815 3618 3060 3685 Domini,
3105 3616 3198 3689 qui
3227 3617 3520 3688 episcopus

1910 3714 2026 3763 erat
2056 3707 2473 3779 Hierosolymis.
2506 3708 2575 3762 Et
2618 3706 2697 3763 sic
2741 3714 2968 3778 apparet
3015 3706 3161 3778 quod
3205 3713 3330 3778 post
3381 3721 3515 3762 con-

1908 3795 2219 3853 versionem
2268 3796 2402 3851 nihil
2447 3795 2654 3864 didici;
2704 3812 2827 3870 quae
2874 3799 3071 3853 autem
3120 3795 3301 3853 scribo
3348 3796 3519 3866 vobis,

1910 3885 2119 3942 scilicet
2149 3884 2297 3958 quod
2327 3901 2431 3941 nec
2451 3893 2576 3942 ante
2625 3901 2728 3941 nec
2773 3892 2896 3956 post
2943 3882 3259 3953 didicerim,
3311 3884 3523 3941 credite

1908 3974 2037 4047 quia
2049 3974 2104 4029 in
2115 3974 2198 4029 his
2219 3991 2335 4030 non
2352 3977 2621 4033 mentior.
2650 3977 2789 4031 Ecce
2810 3974 2956 4030 enim
2980 3975 3173 4048 loquor
3188 3974 3307 4031 haec
3327 3990 3520 4031 coram

1906 4066 2036 4120 Deo.
2073 4062 2230 4133 Quod
2261 4063 2307 4118 si
2336 4062 2486 4119 Deus
2502 4080 2747 4135 praesens
2764 4063 3003 4130 adesset,
3028 4062 3161 4118 nihil
3181 4063 3236 4118 in
3268 4078 3523 4120 sermone

1906 4167 2032 4209 meo
2063 4151 2315 4207 falsitatis
2345 4161 2617 4226 argueret.
2643 4153 2855 4209 Deinde
2876 4152 3009 4209 visis
3031 4154 3188 4208 Petro
3210 4159 3262 4208 et
3290 4153 3519 4222 Iacobo,

1905 4243 2036 4298 veni
2057 4243 2118 4297 in
2135 4246 2334 4314 partes
2360 4242 2537 4314 Syria:
2557 4245 2614 4297 et
2638 4243 2869 4298 Cilicia.
2894 4242 3016 4314 Ego
3035 4258 3169 4297 vero
3190 4258 3348 4298 eram
3364 4244 3523 4313 igno-

1910 4333 2003 4385 tus
2033 4331 2182 4401 facie
2214 4331 2479 4386 Ecclesiis
2507 4330 2736 4398 ludere,
2777 4347 2901 4403 qua:
2961 4334 3131 4387 erant
3160 4331 3225 4385 in
3259 4330 3520 4398 Christo;

1909 4418 2055 4490 quod
2085 4418 2131 4472 si
2160 4434 2248 4473 me
2294 4433 2403 4475 non
2447 4418 2700 4486 viderint,
2754 4426 2979 4489 apparet
3021 4434 3110 4474 me
3158 4417 3294 4473 nihil
3331 4419 3401 4473 ab
3444 4419 3553 4476 eis‘

1830 4519 1882 4582 ι)
1912 4506 2191 4562 didicisse.
2225 4505 2386 4563 Facie
2417 4507 2639 4579 quidem
2665 4521 2817 4562 eram
2846 4506 3088 4579 ignotus,
3122 4507 3220 4563 sed
3248 4506 3516 4563 auditum

1914 4595 2310 4653 tantummodo
2341 4596 2617 4652 habebant
2646 4596 2715 4651 de
2745 4612 2853 4651 me.
2886 4596 3021 4662 Hoc,
3068 4596 3312 4668 inquam,
3345 4595 3528 4653 audie-

1911 4692 2035 4740 rant
2063 4686 2350 4758 quoniam,
2381 4685 2438 4739 id
2467 4692 2548 4740 est
2580 4685 2727 4757 quod
2746 4685 2944 4740 Paulus
2963 4688 3062 4759 qui
3079 4686 3526 4758 persequebatur

1909 4791 2013 4829 nos
2055 4774 2381 4846 aliquando,
2432 4773 2487 4828 id
2543 4781 2627 4829 est
2664 4781 2911 4845 tempore
2959 4772 3313 4842 inﬁdelitatis,
3364 4790 3523 4830 nunc

1910 4864 2264 4935 evangelizat
2291 4863 2460 4932 ﬁdem
2490 4863 2708 4933 Christi,
2741 4879 2911 4937 quam
2965 4861 3127 4919 fidem
3156 4862 3525 4936 expugnabat

1909 4952 2239 5024 aliquando.
2285 4952 2355 5007 Et
2403 4952 2508 5009 hoc
2554 4952 2838 5008 audientes
2886 4954 2950 5009 in
2995 4970 3085 5009 me
3132 4967 3419 5018 converso,
3467 4956 3526 5008 et

1909 5039 1989 5096 sic
2017 5040 2354 5111 praedicante
2375 5042 2769 5112 clariﬁcabant
2792 5044 2991 5114 Deum,
3024 5050 3078 5099 et
3101 5040 3526 5117 magniﬁcabant

1907 5128 2342 5186 misericordiam
2374 5130 2493 5186 Dei.

2553 5265 2781 5323 CAPUT
2820 5265 2890 5321 ΙΙ.

1985 5394 2006 5418 α
2042 5370 2253 5427 Deinde
2302 5379 2428 5443 post
2474 5387 2650 5429 annos
2696 5372 3130 5446 quatuordecim,
3182 5374 3377 5430 iterum
3425 5390 3525 5430 as-

1912 5480 1936 5509 «
1971 5460 2132 5515 cendi
2179 5456 2618 5534 Hierosolymam
2651 5478 2774 5519 cum
2823 5463 3077 5518 Barnaba
3098 5506 3110 5530 ,
3144 5471 3427 5535 assumpto
3470 5473 3524 5521 et

1914 5570 1937 5597 α
1970 5548 2110 5604 Tito.
2143 5551 2383 5607 Ascendi
2424 5560 2606 5608 autem
2657 5551 2960 5607 secundum
3003 5552 3416 5619 revelationem,
3468 5561 3525 5610 et

1913 5659 1937 5686 «
1971 5637 2175 5698 contuli
2220 5654 2345 5698 cum
2394 5640 2503 5698 illis
2547 5640 2931 5715 Evangelium,
2982 5640 3131 5717 quod
3175 5641 3418 5719 praedico
3467 5641 3525 5705 in
