  <div class='ocr_page' id='page_1' title='image "/cluster/home/n/w/nwhite01/storage/ocr_20150623/153-154/uc1.31175019678096/149.png"; bbox 0 0 3932 6454; ppageno 0'>
   <div class='ocr_carea' id='block_1_1' title="bbox 428 353 542 411">
    <p class='ocr_par' dir='ltr' id='par_1_1' title="bbox 428 353 542 411">
     <span class='ocr_line' id='line_1_1' title="bbox 428 353 542 411; baseline 0.018 -3"><span class='ocrx_word' id='word_1_1' title='bbox 428 353 542 411; x_wconf 74' lang='grc'><strong>287</strong></span> 
     </span>
    </p>
   </div>
   <div class='ocr_carea' id='block_1_2' title="bbox 986 348 3171 413">
    <p class='ocr_par' dir='ltr' id='par_1_2' title="bbox 986 348 3171 413">
     <span class='ocr_line' id='line_1_2' title="bbox 986 348 3171 413; baseline -0.002 -2"><span class='ocrx_word' id='word_1_2' title='bbox 986 352 1042 411; x_wconf 92' lang='lat' dir='ltr'><strong>S.</strong></span> <span class='ocrx_word' id='word_1_3' title='bbox 1082 352 1437 412; x_wconf 71' lang='lat' dir='ltr'><strong>BRUNONIS</strong></span> <span class='ocrx_word' id='word_1_4' title='bbox 1474 350 2118 413; x_wconf 77' lang='lat' dir='ltr'><strong>CARTHUSIANORUM</strong></span> <span class='ocrx_word' id='word_1_5' title='bbox 2156 348 2643 407; x_wconf 80' lang='lat' dir='ltr'><strong>INSTITUTORIS</strong></span> <span class='ocrx_word' id='word_1_6' title='bbox 2681 350 2842 407; x_wconf 88' lang='lat' dir='ltr'><strong>OPP.</strong></span> <span class='ocrx_word' id='word_1_7' title='bbox 2888 348 3066 407; x_wconf 79' lang='lat' dir='ltr'><strong>PARS</strong></span> <span class='ocrx_word' id='word_1_8' title='bbox 3104 350 3171 406; x_wconf 87' lang='lat' dir='ltr'><strong>II.</strong></span> 
     </span>
    </p>
   </div>
   <div class='ocr_carea' id='block_1_3' title="bbox 3628 347 3742 410">
    <p class='ocr_par' dir='ltr' id='par_1_3' title="bbox 3628 347 3742 410">
     <span class='ocr_line' id='line_1_3' title="bbox 3628 347 3742 410; baseline 0 -9"><span class='ocrx_word' id='word_1_9' title='bbox 3628 347 3742 410; x_wconf 74' lang='lat'><strong>288</strong></span> 
     </span>
    </p>
   </div>
   <div class='ocr_carea' id='block_1_4' title="bbox 428 473 3747 553">
    <p class='ocr_par' dir='ltr' id='par_1_4' title="bbox 428 473 3747 553">
     <span class='ocr_line' id='line_1_4' title="bbox 428 473 3747 553; baseline -0 -21"><span class='ocrx_word' id='word_1_10' title='bbox 428 498 454 532; x_wconf 70' lang='grc' dir='ltr'><strong>α</strong></span> <span class='ocrx_word' id='word_1_11' title='bbox 496 480 773 553; x_wconf 75' lang='lat' dir='ltr'><strong>gentibus.</strong></span> <span class='ocrx_word' id='word_1_12' title='bbox 840 479 1101 536; x_wconf 90' lang='lat' dir='ltr'><strong>Seorsum</strong></span> <span class='ocrx_word' id='word_1_13' title='bbox 1160 488 1339 536; x_wconf 91' lang='lat' dir='ltr'><strong>autem</strong></span> <span class='ocrx_word' id='word_1_14' title='bbox 1406 481 1491 535; x_wconf 90' lang='lat' dir='ltr'><strong>his</strong></span> <span class='ocrx_word' id='word_1_15' title='bbox 1557 480 1650 553; x_wconf 88' lang='lat' dir='ltr'><strong>qui</strong></span> <span class='ocrx_word' id='word_1_16' title='bbox 1707 478 2106 537; x_wconf 78' lang='lat' dir='ltr'><strong>videbanturA</strong></span> <span class='ocrx_word' id='word_1_17' title='bbox 2134 475 2356 547; x_wconf 80' lang='lat' dir='ltr'><strong>lymam,</strong></span> <span class='ocrx_word' id='word_1_18' title='bbox 2390 473 2666 530; x_wconf 83' lang='lat' dir='ltr'><strong>adducens</strong></span> <span class='ocrx_word' id='word_1_19' title='bbox 2697 491 2883 532; x_wconf 85' lang='lat' dir='ltr'><strong>secum</strong></span> <span class='ocrx_word' id='word_1_20' title='bbox 2912 475 3141 531; x_wconf 89' lang='lat' dir='ltr'><strong>idoneos</strong></span> <span class='ocrx_word' id='word_1_21' title='bbox 3185 481 3376 545; x_wconf 77' lang='lat' dir='ltr'><strong>testes,</strong></span> <span class='ocrx_word' id='word_1_22' title='bbox 3427 476 3747 531; x_wconf 81' lang='lat' dir='ltr'><strong>Barnabam</strong></span> 
     </span>
    </p>
   </div>
   <div class='ocr_carea' id='block_1_5' title="bbox 429 563 2029 636">
    <p class='ocr_par' dir='ltr' id='par_1_5' title="bbox 429 563 2029 636">
     <span class='ocr_line' id='line_1_5' title="bbox 429 563 2029 636; baseline -0.001 -19"><span class='ocrx_word' id='word_1_23' title='bbox 429 585 451 611; x_wconf 74' lang='grc' dir='ltr'>α</span> <span class='ocrx_word' id='word_1_24' title='bbox 489 563 692 636; x_wconf 90' lang='lat' dir='ltr'><strong>aliquid</strong></span> <span class='ocrx_word' id='word_1_25' title='bbox 722 579 866 629; x_wconf 86' lang='lat' dir='ltr'><strong>esse,</strong></span> <span class='ocrx_word' id='word_1_26' title='bbox 912 580 980 619; x_wconf 90' lang='lat' dir='ltr'><strong>ne</strong></span> <span class='ocrx_word' id='word_1_27' title='bbox 1028 564 1167 620; x_wconf 89' lang='lat' dir='ltr'><strong>forte</strong></span> <span class='ocrx_word' id='word_1_28' title='bbox 1213 564 1268 619; x_wconf 91' lang='lat' dir='ltr'><strong>in</strong></span> <span class='ocrx_word' id='word_1_29' title='bbox 1315 580 1544 620; x_wconf 90' lang='lat' dir='ltr'><strong>vacuum</strong></span> <span class='ocrx_word' id='word_1_30' title='bbox 1596 579 1889 632; x_wconf 88' lang='lat' dir='ltr'><strong>currerem,</strong></span> <span class='ocrx_word' id='word_1_31' title='bbox 1939 570 2029 616; x_wconf 87' lang='lat' dir='ltr'><strong>aut</strong></span> 
     </span>
    </p>
   </div>
   <div class='ocr_carea' id='block_1_6' title="bbox 430 653 2029 725">
    <p class='ocr_par' dir='ltr' id='par_1_6' title="bbox 430 653 2029 725">
     <span class='ocr_line' id='line_1_6' title="bbox 430 653 2029 725; baseline 0.001 -21"><span class='ocrx_word' id='word_1_32' title='bbox 430 671 453 704; x_wconf 72' lang='grc' dir='ltr'>ι</span> <span class='ocrx_word' id='word_1_33' title='bbox 488 653 872 708; x_wconf 90' lang='lat' dir='ltr'><strong>cucurrissem.</strong></span> <span class='ocrx_word' id='word_1_34' title='bbox 927 653 1033 708; x_wconf 89' lang='lat' dir='ltr'><strong>Sed</strong></span> <span class='ocrx_word' id='word_1_35' title='bbox 1083 669 1263 725; x_wconf 89' lang='lat' dir='ltr'><strong>neque</strong></span> <span class='ocrx_word' id='word_1_36' title='bbox 1310 654 1459 707; x_wconf 87' lang='lat' dir='ltr'><strong>Titus</strong></span> <span class='ocrx_word' id='word_1_37' title='bbox 1513 653 1605 725; x_wconf 87' lang='lat' dir='ltr'><strong>qui</strong></span> <span class='ocrx_word' id='word_1_38' title='bbox 1651 667 1864 707; x_wconf 90' lang='lat' dir='ltr'><strong>meeum</strong></span> <span class='ocrx_word' id='word_1_39' title='bbox 1913 658 2029 706; x_wconf 91' lang='lat' dir='ltr'><strong>erat</strong></span> 
     </span>
    </p>
   </div>
   <div class='ocr_carea' id='block_1_7' title="bbox 430 738 2028 814">
    <p class='ocr_par' dir='ltr' id='par_1_7' title="bbox 430 738 2028 814">
     <span class='ocr_line' id='line_1_7' title="bbox 430 738 2028 814; baseline 0.001 -23"><span class='ocrx_word' id='word_1_40' title='bbox 430 760 453 791; x_wconf 77' lang='grc' dir='ltr'>ι</span> <span class='ocrx_word' id='word_1_41' title='bbox 497 756 619 797; x_wconf 89' lang='lat' dir='ltr'><strong>cum</strong></span> <span class='ocrx_word' id='word_1_42' title='bbox 649 749 795 797; x_wconf 89' lang='lat' dir='ltr'><strong>esset</strong></span> <span class='ocrx_word' id='word_1_43' title='bbox 822 741 1062 814; x_wconf 80' lang='lat' dir='ltr'><strong>gentilis,</strong></span> <span class='ocrx_word' id='word_1_44' title='bbox 1099 740 1414 812; x_wconf 90' lang='lat' dir='ltr'><strong>compulsus</strong></span> <span class='ocrx_word' id='word_1_45' title='bbox 1444 749 1527 797; x_wconf 92' lang='lat' dir='ltr'><strong>est</strong></span> <span class='ocrx_word' id='word_1_46' title='bbox 1556 739 1894 806; x_wconf 83' lang='lat' dir='ltr'><strong>circumcidi,</strong></span> <span class='ocrx_word' id='word_1_47' title='bbox 1931 738 2028 794; x_wconf 90' lang='lat' dir='ltr'><strong>sed</strong></span> 
     </span>
    </p>
   </div>
   <div class='ocr_carea' id='block_1_8' title="bbox 426 828 2027 900">
    <p class='ocr_par' dir='ltr' id='par_1_8' title="bbox 426 828 2027 900">
     <span class='ocr_line' id='line_1_8' title="bbox 426 828 2027 900; baseline 0 -19"><span class='ocrx_word' id='word_1_48' title='bbox 426 849 450 880; x_wconf 76' lang='grc' dir='ltr'><strong><em>ι</em></strong></span> <span class='ocrx_word' id='word_1_49' title='bbox 485 837 709 900; x_wconf 90' lang='lat' dir='ltr'><strong>pr0pter</strong></span> <span class='ocrx_word' id='word_1_50' title='bbox 748 829 1189 885; x_wconf 90' lang='lat' dir='ltr'><strong>subintroductos</strong></span> <span class='ocrx_word' id='word_1_51' title='bbox 1232 829 1397 885; x_wconf 84' lang='lat' dir='ltr'><strong>falsos</strong></span> <span class='ocrx_word' id='word_1_52' title='bbox 1443 829 1661 895; x_wconf 91' lang='lat' dir='ltr'><strong>fratres,</strong></span> <span class='ocrx_word' id='word_1_53' title='bbox 1696 828 1788 900; x_wconf 87' lang='lat' dir='ltr'><strong>qui</strong></span> <span class='ocrx_word' id='word_1_54' title='bbox 1835 828 2027 882; x_wconf 91' lang='lat' dir='ltr'><strong>subin-</strong></span> 
     </span>
    </p>
   </div>
   <div class='ocr_carea' id='block_1_9' title="bbox 426 917 2023 989">
    <p class='ocr_par' dir='ltr' id='par_1_9' title="bbox 426 917 2023 989">
     <span class='ocr_line' id='line_1_9' title="bbox 426 917 2023 989; baseline -0.001 -18"><span class='ocrx_word' id='word_1_55' title='bbox 426 939 449 964; x_wconf 73' lang='grc' dir='ltr'><strong>«ι</strong></span> <span class='ocrx_word' id='word_1_56' title='bbox 484 917 747 973; x_wconf 90' lang='lat' dir='ltr'><strong>troierunt</strong></span> <span class='ocrx_word' id='word_1_57' title='bbox 818 918 1101 989; x_wconf 85' lang='lat' dir='ltr'><strong>explorare</strong></span> <span class='ocrx_word' id='word_1_58' title='bbox 1156 918 1465 974; x_wconf 91' lang='lat' dir='ltr'><strong>libertatem</strong></span> <span class='ocrx_word' id='word_1_59' title='bbox 1528 926 1807 986; x_wconf 89' lang='lat' dir='ltr'><strong>nostram,</strong></span> <span class='ocrx_word' id='word_1_60' title='bbox 1865 932 2023 988; x_wconf 90' lang='lat' dir='ltr'><strong>quam</strong></span> 
     </span>
    </p>
   </div>
   <div class='ocr_carea' id='block_1_10' title="bbox 422 1005 2023 1075">
    <p class='ocr_par' dir='ltr' id='par_1_10' title="bbox 422 1005 2023 1075">
     <span class='ocr_line' id='line_1_10' title="bbox 422 1005 2023 1075; baseline -0.001 -15"><span class='ocrx_word' id='word_1_61' title='bbox 422 1028 444 1054; x_wconf 74' lang='grc' dir='ltr'><strong><em>α</em></strong></span> <span class='ocrx_word' id='word_1_62' title='bbox 481 1006 744 1061; x_wconf 83' lang='lat' dir='ltr'><strong>habemus</strong></span> <span class='ocrx_word' id='word_1_63' title='bbox 790 1006 847 1062; x_wconf 91' lang='lat' dir='ltr'><strong>in</strong></span> <span class='ocrx_word' id='word_1_64' title='bbox 893 1007 1109 1062; x_wconf 81' lang='lat' dir='ltr'><strong>Christo</strong></span> <span class='ocrx_word' id='word_1_65' title='bbox 1155 1007 1305 1075; x_wconf 82' lang='lat' dir='ltr'><strong>Jesu,</strong></span> <span class='ocrx_word' id='word_1_66' title='bbox 1355 1015 1413 1062; x_wconf 93' lang='lat' dir='ltr'><strong>ut</strong></span> <span class='ocrx_word' id='word_1_67' title='bbox 1455 1022 1555 1061; x_wconf 92' lang='lat' dir='ltr'><strong>nos</strong></span> <span class='ocrx_word' id='word_1_68' title='bbox 1595 1006 1651 1061; x_wconf 92' lang='lat' dir='ltr'><strong>in</strong></span> <span class='ocrx_word' id='word_1_69' title='bbox 1712 1005 2023 1061; x_wconf 69' lang='lat' dir='ltr'><strong>servitutem</strong></span> 
     </span>
    </p>
   </div>
   <div class='ocr_carea' id='block_1_11' title="bbox 422 1093 2025 1166">
    <p class='ocr_par' dir='ltr' id='par_1_11' title="bbox 422 1093 2025 1166">
     <span class='ocr_line' id='line_1_11' title="bbox 422 1093 2025 1166; baseline 0 -18"><span class='ocrx_word' id='word_1_70' title='bbox 422 1115 445 1141; x_wconf 75' lang='grc' dir='ltr'>α</span> <span class='ocrx_word' id='word_1_71' title='bbox 482 1094 820 1166; x_wconf 90' lang='lat' dir='ltr'><strong>redigerent.</strong></span> <span class='ocrx_word' id='word_1_72' title='bbox 892 1093 1103 1164; x_wconf 87' lang='lat' dir='ltr'><strong>Quibus</strong></span> <span class='ocrx_word' id='word_1_73' title='bbox 1151 1111 1331 1166; x_wconf 90' lang='lat' dir='ltr'><strong>neque</strong></span> <span class='ocrx_word' id='word_1_74' title='bbox 1395 1095 1464 1150; x_wconf 89' lang='lat' dir='ltr'><strong>ad</strong></span> <span class='ocrx_word' id='word_1_75' title='bbox 1509 1096 1696 1149; x_wconf 90' lang='lat' dir='ltr'><strong>horam</strong></span> <span class='ocrx_word' id='word_1_76' title='bbox 1759 1093 2025 1149; x_wconf 86' lang='lat' dir='ltr'><strong>cessimus</strong></span> 
     </span>
    </p>
   </div>
   <div class='ocr_carea' id='block_1_12' title="bbox 423 1182 2024 1254">
    <p class='ocr_par' dir='ltr' id='par_1_12' title="bbox 423 1182 2024 1254">
     <span class='ocr_line' id='line_1_12' title="bbox 423 1182 2024 1254; baseline 0.001 -21"><span class='ocrx_word' id='word_1_77' title='bbox 423 1203 445 1233; x_wconf 75' lang='grc' dir='ltr'>ι</span> <span class='ocrx_word' id='word_1_78' title='bbox 482 1182 823 1253; x_wconf 87' lang='lat' dir='ltr'><strong>subjectioni,</strong></span> <span class='ocrx_word' id='word_1_79' title='bbox 856 1191 913 1238; x_wconf 91' lang='lat' dir='ltr'><strong>ut</strong></span> <span class='ocrx_word' id='word_1_80' title='bbox 943 1183 1145 1238; x_wconf 90' lang='lat' dir='ltr'><strong>veritas</strong></span> <span class='ocrx_word' id='word_1_81' title='bbox 1194 1183 1481 1254; x_wconf 84' lang='lat' dir='ltr'><strong>Evangelii</strong></span> <span class='ocrx_word' id='word_1_82' title='bbox 1518 1191 1841 1254; x_wconf 83' lang='lat' dir='ltr'><strong>permaneat</strong></span> <span class='ocrx_word' id='word_1_83' title='bbox 1883 1182 2024 1253; x_wconf 88' lang='lat' dir='ltr'><strong>apud</strong></span> 
     </span>
    </p>
   </div>
   <div class='ocr_carea' id='block_1_13' title="bbox 417 1270 2023 1344">
    <p class='ocr_par' dir='ltr' id='par_1_13' title="bbox 417 1270 2023 1344">
     <span class='ocr_line' id='line_1_13' title="bbox 417 1270 2023 1344; baseline 0.002 -22"><span class='ocrx_word' id='word_1_84' title='bbox 417 1292 441 1322; x_wconf 73' lang='grc' dir='ltr'>ι</span> <span class='ocrx_word' id='word_1_85' title='bbox 473 1285 592 1327; x_wconf 88' lang='lat' dir='ltr'><strong>vos.</strong></span> <span class='ocrx_word' id='word_1_86' title='bbox 644 1271 727 1326; x_wconf 77' lang='lat' dir='ltr'><strong>Ab</strong></span> <span class='ocrx_word' id='word_1_87' title='bbox 782 1271 866 1325; x_wconf 90' lang='lat' dir='ltr'><strong>his</strong></span> <span class='ocrx_word' id='word_1_88' title='bbox 916 1280 1097 1326; x_wconf 92' lang='lat' dir='ltr'><strong>autem</strong></span> <span class='ocrx_word' id='word_1_89' title='bbox 1144 1272 1233 1344; x_wconf 89' lang='lat' dir='ltr'><strong>qui</strong></span> <span class='ocrx_word' id='word_1_90' title='bbox 1279 1272 1604 1327; x_wconf 83' lang='lat' dir='ltr'><strong>videbantur</strong></span> <span class='ocrx_word' id='word_1_91' title='bbox 1649 1288 1770 1327; x_wconf 91' lang='lat' dir='ltr'><strong>esse</strong></span> <span class='ocrx_word' id='word_1_92' title='bbox 1819 1270 2023 1342; x_wconf 89' lang='lat' dir='ltr'><strong>aliquid</strong></span> 
     </span>
    </p>
   </div>
   <div class='ocr_carea' id='block_1_14' title="bbox 421 1358 2020 1431">
    <p class='ocr_par' dir='ltr' id='par_1_14' title="bbox 421 1358 2020 1431">
     <span class='ocr_line' id='line_1_14' title="bbox 421 1358 2020 1431; baseline -0.001 -17"><span class='ocrx_word' id='word_1_93' title='bbox 421 1381 443 1406; x_wconf 75' lang='grc' dir='ltr'><strong><em>α</em></strong></span> <span class='ocrx_word' id='word_1_94' title='bbox 497 1358 713 1431; x_wconf 86' lang='lat' dir='ltr'><strong>(quales</strong></span> <span class='ocrx_word' id='word_1_95' title='bbox 762 1359 1057 1431; x_wconf 89' lang='lat' dir='ltr'><strong>aliquando</strong></span> <span class='ocrx_word' id='word_1_96' title='bbox 1122 1360 1341 1426; x_wconf 83' lang='lat' dir='ltr'><strong>fuerint,</strong></span> <span class='ocrx_word' id='word_1_97' title='bbox 1391 1360 1525 1415; x_wconf 88' lang='lat' dir='ltr'><strong>nihil</strong></span> <span class='ocrx_word' id='word_1_98' title='bbox 1591 1376 1711 1415; x_wconf 93' lang='lat' dir='ltr'><strong>mea</strong></span> <span class='ocrx_word' id='word_1_99' title='bbox 1759 1360 2020 1425; x_wconf 86' lang='lat' dir='ltr'><strong>interest;</strong></span> 
     </span>
    </p>
   </div>
   <div class='ocr_carea' id='block_1_15' title="bbox 419 1447 2019 1519">
    <p class='ocr_par' dir='ltr' id='par_1_15' title="bbox 419 1447 2019 1519">
     <span class='ocr_line' id='line_1_15' title="bbox 419 1447 2019 1519; baseline 0.001 -17"><span class='ocrx_word' id='word_1_100' title='bbox 419 1470 442 1495; x_wconf 73' lang='grc' dir='ltr'><strong><em>α</em></strong></span> <span class='ocrx_word' id='word_1_101' title='bbox 478 1448 626 1503; x_wconf 89' lang='lat' dir='ltr'><strong>Deus</strong></span> <span class='ocrx_word' id='word_1_102' title='bbox 656 1448 801 1503; x_wconf 91' lang='lat' dir='ltr'><strong>enim</strong></span> <span class='ocrx_word' id='word_1_103' title='bbox 842 1464 1139 1519; x_wconf 91' lang='lat' dir='ltr'><strong>personam</strong></span> <span class='ocrx_word' id='word_1_104' title='bbox 1188 1448 1422 1503; x_wconf 90' lang='lat' dir='ltr'><strong>hominis</strong></span> <span class='ocrx_word' id='word_1_105' title='bbox 1467 1464 1578 1504; x_wconf 94' lang='lat' dir='ltr'><strong>non</strong></span> <span class='ocrx_word' id='word_1_106' title='bbox 1607 1448 1805 1519; x_wconf 90' lang='lat' dir='ltr'><strong>accipit</strong></span> <span class='ocrx_word' id='word_1_107' title='bbox 1833 1447 2019 1518; x_wconf 84' lang='lat' dir='ltr'><strong>[Deut.</strong></span> 
     </span>
    </p>
   </div>
   <div class='ocr_carea' id='block_1_16' title="bbox 420 1536 2023 1610">
    <p class='ocr_par' dir='ltr' id='par_1_16' title="bbox 420 1536 2023 1610">
     <span class='ocr_line' id='line_1_16' title="bbox 420 1536 2023 1610; baseline 0.002 -25"><span class='ocrx_word' id='word_1_108' title='bbox 420 1555 443 1585; x_wconf 71' lang='grc' dir='ltr'><strong>α</strong></span> <span class='ocrx_word' id='word_1_109' title='bbox 478 1550 538 1604; x_wconf 76' lang='lat' dir='ltr'><strong>x,</strong></span> <span class='ocrx_word' id='word_1_110' title='bbox 575 1537 680 1602; x_wconf 83' lang='lat' dir='ltr'><strong>l7;</strong></span> <span class='ocrx_word' id='word_1_111' title='bbox 712 1538 865 1592; x_wconf 87' lang='lat' dir='ltr'><strong>Rom.</strong></span> <span class='ocrx_word' id='word_1_112' title='bbox 900 1552 958 1602; x_wconf 82' lang='lat' dir='ltr'><strong>tt,</strong></span> <span class='ocrx_word' id='word_1_113' title='bbox 996 1536 1105 1610; x_wconf 86' lang='grc'><strong>19].</strong></span> <span class='ocrx_word' id='word_1_114' title='bbox 1157 1538 1284 1592; x_wconf 84' lang='lat' dir='ltr'><strong>Mihi</strong></span> <span class='ocrx_word' id='word_1_115' title='bbox 1327 1545 1508 1592; x_wconf 91' lang='lat' dir='ltr'><strong>autem</strong></span> <span class='ocrx_word' id='word_1_116' title='bbox 1558 1537 1649 1608; x_wconf 92' lang='lat' dir='ltr'><strong>qui</strong></span> <span class='ocrx_word' id='word_1_117' title='bbox 1698 1536 2023 1591; x_wconf 80' lang='lat' dir='ltr'><strong>videbantur</strong></span> 
     </span>
    </p>
   </div>
   <div class='ocr_carea' id='block_1_17' title="bbox 419 1623 2021 1696">
    <p class='ocr_par' dir='ltr' id='par_1_17' title="bbox 419 1623 2021 1696">
     <span class='ocr_line' id='line_1_17' title="bbox 419 1623 2021 1696; baseline 0 -17"><span class='ocrx_word' id='word_1_118' title='bbox 419 1646 440 1671; x_wconf 80' lang='grc' dir='ltr'><strong><em>α</em></strong></span> <span class='ocrx_word' id='word_1_119' title='bbox 476 1640 598 1679; x_wconf 90' lang='lat' dir='ltr'><strong>esse</strong></span> <span class='ocrx_word' id='word_1_120' title='bbox 627 1623 851 1696; x_wconf 89' lang='lat' dir='ltr'><strong>aliquid,</strong></span> <span class='ocrx_word' id='word_1_121' title='bbox 884 1624 1016 1679; x_wconf 89' lang='lat' dir='ltr'><strong>nihil</strong></span> <span class='ocrx_word' id='word_1_122' title='bbox 1074 1625 1438 1681; x_wconf 88' lang='lat' dir='ltr'><strong>contulerunt.</strong></span> <span class='ocrx_word' id='word_1_123' title='bbox 1474 1625 1582 1680; x_wconf 87' lang='lat' dir='ltr'><strong>Sed</strong></span> <span class='ocrx_word' id='word_1_124' title='bbox 1628 1633 1854 1680; x_wconf 85' lang='lat' dir='ltr'><strong>econtra</strong></span> <span class='ocrx_word' id='word_1_125' title='bbox 1900 1640 2021 1679; x_wconf 91' lang='lat' dir='ltr'><strong>cum</strong></span> 
     </span>
    </p>
   </div>
   <div class='ocr_carea' id='block_1_18' title="bbox 418 1711 2022 1785">
    <p class='ocr_par' dir='ltr' id='par_1_18' title="bbox 418 1711 2022 1785">
     <span class='ocr_line' id='line_1_18' title="bbox 418 1711 2022 1785; baseline -0.002 -17"><span class='ocrx_word' id='word_1_126' title='bbox 418 1733 441 1760; x_wconf 78' lang='grc' dir='ltr'>ι</span> <span class='ocrx_word' id='word_1_127' title='bbox 485 1711 749 1768; x_wconf 86' lang='lat' dir='ltr'><strong>vidissent</strong></span> <span class='ocrx_word' id='word_1_128' title='bbox 814 1714 961 1785; x_wconf 88' lang='lat' dir='ltr'><strong>quod</strong></span> <span class='ocrx_word' id='word_1_129' title='bbox 1031 1714 1298 1769; x_wconf 88' lang='lat' dir='ltr'><strong>creditum</strong></span> <span class='ocrx_word' id='word_1_130' title='bbox 1354 1722 1437 1768; x_wconf 91' lang='lat' dir='ltr'><strong>est</strong></span> <span class='ocrx_word' id='word_1_131' title='bbox 1484 1713 1617 1768; x_wconf 89' lang='lat' dir='ltr'><strong>mihi</strong></span> <span class='ocrx_word' id='word_1_132' title='bbox 1664 1712 2022 1785; x_wconf 86' lang='lat' dir='ltr'><strong>Evangelium</strong></span> 
     </span>
    </p>
   </div>
   <div class='ocr_carea' id='block_1_19' title="bbox 2131 563 3746 636">
    <p class='ocr_par' dir='ltr' id='par_1_19' title="bbox 2131 563 3746 636">
     <span class='ocr_line' id='line_1_19' title="bbox 2131 563 3746 636; baseline 0.001 -19"><span class='ocrx_word' id='word_1_133' title='bbox 2131 564 2200 618; x_wconf 93' lang='lat' dir='ltr'><strong>de</strong></span> <span class='ocrx_word' id='word_1_134' title='bbox 2224 564 2445 629; x_wconf 70' lang='lat' dir='ltr'><strong>Judmis,</strong></span> <span class='ocrx_word' id='word_1_135' title='bbox 2479 564 2653 618; x_wconf 90' lang='lat' dir='ltr'><strong>Titum</strong></span> <span class='ocrx_word' id='word_1_136' title='bbox 2684 564 2753 619; x_wconf 91' lang='lat' dir='ltr'><strong>de</strong></span> <span class='ocrx_word' id='word_1_137' title='bbox 2784 564 3098 636; x_wconf 77' lang='lat' dir='ltr'><strong>gentilibus,</strong></span> <span class='ocrx_word' id='word_1_138' title='bbox 3138 564 3265 635; x_wconf 88' lang='lat' dir='ltr'><strong>quia</strong></span> <span class='ocrx_word' id='word_1_139' title='bbox 3311 563 3579 620; x_wconf 69' lang='lat' dir='ltr'><strong>Ecclesiae</strong></span> <span class='ocrx_word' id='word_1_140' title='bbox 3610 565 3746 635; x_wconf 87' lang='lat' dir='ltr'><strong>qui-</strong></span> 
     </span>
    </p>
   </div>
   <div class='ocr_carea' id='block_1_20' title="bbox 2130 651 3747 725">
    <p class='ocr_par' dir='ltr' id='par_1_20' title="bbox 2130 651 3747 725">
     <span class='ocr_line' id='line_1_20' title="bbox 2130 651 3747 725; baseline 0.002 -21"><span class='ocrx_word' id='word_1_141' title='bbox 2130 651 2231 705; x_wconf 94' lang='lat' dir='ltr'><strong>bus</strong></span> <span class='ocrx_word' id='word_1_142' title='bbox 2260 652 2610 723; x_wconf 72' lang='lat' dir='ltr'><strong>praedicabat,</strong></span> <span class='ocrx_word' id='word_1_143' title='bbox 2642 652 2991 723; x_wconf 80' lang='lat' dir='ltr'><strong>opponebam</strong></span> <span class='ocrx_word' id='word_1_144' title='bbox 3039 653 3110 720; x_wconf 92' lang='lat' dir='ltr'><strong>ei,</strong></span> <span class='ocrx_word' id='word_1_145' title='bbox 3159 652 3303 725; x_wconf 93' lang='lat' dir='ltr'><strong>quod</strong></span> <span class='ocrx_word' id='word_1_146' title='bbox 3333 652 3656 708; x_wconf 84' lang='lat' dir='ltr'><strong>dissentiret</strong></span> <span class='ocrx_word' id='word_1_147' title='bbox 3690 654 3747 708; x_wconf 89' lang='lat' dir='ltr'><strong>in</strong></span> 
     </span>
    </p>
   </div>
   <div class='ocr_carea' id='block_1_21' title="bbox 2129 740 3749 811">
    <p class='ocr_par' dir='ltr' id='par_1_21' title="bbox 2129 740 3749 811">
     <span class='ocr_line' id='line_1_21' title="bbox 2129 740 3749 811; baseline 0.002 -18"><span class='ocrx_word' id='word_1_148' title='bbox 2129 740 2515 811; x_wconf 57' lang='lat' dir='ltr'><strong>praedicatione</strong></span> <span class='ocrx_word' id='word_1_149' title='bbox 2544 757 2577 797; x_wconf 90' lang='lat' dir='ltr'><strong>a</strong></span> <span class='ocrx_word' id='word_1_150' title='bbox 2608 743 2765 797; x_wconf 91' lang='lat' dir='ltr'><strong>Petro</strong></span> <span class='ocrx_word' id='word_1_151' title='bbox 2797 748 2851 796; x_wconf 90' lang='lat' dir='ltr'><strong>et</strong></span> <span class='ocrx_word' id='word_1_152' title='bbox 2897 741 2969 797; x_wconf 91' lang='lat' dir='ltr'><strong>ab</strong></span> <span class='ocrx_word' id='word_1_153' title='bbox 2997 741 3137 796; x_wconf 90' lang='lat' dir='ltr'><strong>aliis.</strong></span> <span class='ocrx_word' id='word_1_154' title='bbox 3190 740 3365 810; x_wconf 87' lang='lat' dir='ltr'><strong>Quam</strong></span> <span class='ocrx_word' id='word_1_155' title='bbox 3401 741 3749 797; x_wconf 78' lang='lat' dir='ltr'><strong>dubietatem</strong></span> 
     </span>
    </p>
   </div>
   <div class='ocr_carea' id='block_1_22' title="bbox 2129 829 3743 898">
    <p class='ocr_par' dir='ltr' id='par_1_22' title="bbox 2129 829 3743 898">
     <span class='ocr_line' id='line_1_22' title="bbox 2129 829 3743 898; baseline 0.002 -16"><span class='ocrx_word' id='word_1_156' title='bbox 2129 844 2414 885; x_wconf 91' lang='lat' dir='ltr'><strong>removere</strong></span> <span class='ocrx_word' id='word_1_157' title='bbox 2447 830 2656 898; x_wconf 92' lang='lat' dir='ltr'><strong>volens,</strong></span> <span class='ocrx_word' id='word_1_158' title='bbox 2691 845 2815 885; x_wconf 91' lang='lat' dir='ltr'><strong>cum</strong></span> <span class='ocrx_word' id='word_1_159' title='bbox 2838 830 3065 885; x_wconf 91' lang='lat' dir='ltr'><strong>testibus</strong></span> <span class='ocrx_word' id='word_1_160' title='bbox 3094 830 3339 886; x_wconf 89' lang='lat' dir='ltr'><strong>ascendit</strong></span> <span class='ocrx_word' id='word_1_161' title='bbox 3365 829 3743 896; x_wconf 82' lang='lat' dir='ltr'><strong>Hierusalem,</strong></span> 
     </span>
    </p>
   </div>
   <div class='ocr_carea' id='block_1_23' title="bbox 2127 918 3749 990">
    <p class='ocr_par' dir='ltr' id='par_1_23' title="bbox 2127 918 3749 990">
     <span class='ocr_line' id='line_1_23' title="bbox 2127 918 3749 990; baseline 0.002 -20"><span class='ocrx_word' id='word_1_162' title='bbox 2127 932 2236 971; x_wconf 91' lang='lat' dir='ltr'><strong>non</strong></span> <span class='ocrx_word' id='word_1_163' title='bbox 2268 918 2413 989; x_wconf 88' lang='lat' dir='ltr'><strong>quod</strong></span> <span class='ocrx_word' id='word_1_164' title='bbox 2435 918 2632 973; x_wconf 90' lang='lat' dir='ltr'><strong>dubius</strong></span> <span class='ocrx_word' id='word_1_165' title='bbox 2653 926 2799 973; x_wconf 90' lang='lat' dir='ltr'><strong>esset</strong></span> <span class='ocrx_word' id='word_1_166' title='bbox 2822 918 2878 972; x_wconf 91' lang='lat' dir='ltr'><strong>in</strong></span> <span class='ocrx_word' id='word_1_167' title='bbox 2906 918 3105 990; x_wconf 88' lang='lat' dir='ltr'><strong>aliquo,</strong></span> <span class='ocrx_word' id='word_1_168' title='bbox 3132 919 3228 973; x_wconf 89' lang='lat' dir='ltr'><strong>sed</strong></span> <span class='ocrx_word' id='word_1_169' title='bbox 3256 926 3313 972; x_wconf 91' lang='lat' dir='ltr'><strong>ut</strong></span> <span class='ocrx_word' id='word_1_170' title='bbox 3342 926 3548 974; x_wconf 89' lang='lat' dir='ltr'><strong>certum</strong></span> <span class='ocrx_word' id='word_1_171' title='bbox 3576 918 3749 974; x_wconf 83' lang='lat' dir='ltr'><strong>ﬁeret</strong></span> 
     </span>
    </p>
   </div>
   <div class='ocr_carea' id='block_1_24' title="bbox 2127 1005 3742 1078">
    <p class='ocr_par' dir='ltr' id='par_1_24' title="bbox 2127 1005 3742 1078">
     <span class='ocr_line' id='line_1_24' title="bbox 2127 1005 3742 1078; baseline 0.002 -20"><span class='ocrx_word' id='word_1_172' title='bbox 2127 1005 2212 1059; x_wconf 88' lang='lat' dir='ltr'><strong>his</strong></span> <span class='ocrx_word' id='word_1_173' title='bbox 2258 1005 2351 1077; x_wconf 92' lang='lat' dir='ltr'><strong>qui</strong></span> <span class='ocrx_word' id='word_1_174' title='bbox 2401 1006 2720 1061; x_wconf 86' lang='lat' dir='ltr'><strong>dubitabant</strong></span> <span class='ocrx_word' id='word_1_175' title='bbox 2766 1006 2911 1078; x_wconf 90' lang='lat' dir='ltr'><strong>quod</strong></span> <span class='ocrx_word' id='word_1_176' title='bbox 2958 1022 3069 1061; x_wconf 90' lang='lat' dir='ltr'><strong>non</strong></span> <span class='ocrx_word' id='word_1_177' title='bbox 3113 1006 3426 1062; x_wconf 87' lang='lat' dir='ltr'><strong>dissentiret</strong></span> <span class='ocrx_word' id='word_1_178' title='bbox 3463 1021 3498 1061; x_wconf 90' lang='lat' dir='ltr'><strong>a</strong></span> <span class='ocrx_word' id='word_1_179' title='bbox 3544 1007 3742 1063; x_wconf 88' lang='lat' dir='ltr'><strong>Petro.</strong></span> 
     </span>
    </p>
   </div>
   <div class='ocr_carea' id='block_1_25' title="bbox 2125 1093 3744 1166">
    <p class='ocr_par' dir='ltr' id='par_1_25' title="bbox 2125 1093 3744 1166">
     <span class='ocr_line' id='line_1_25' title="bbox 2125 1093 3744 1166; baseline 0.001 -19"><span class='ocrx_word' id='word_1_180' title='bbox 2125 1093 2367 1149; x_wconf 78' lang='lat' dir='ltr'><strong>Ascendi</strong></span> <span class='ocrx_word' id='word_1_181' title='bbox 2397 1110 2507 1148; x_wconf 92' lang='lat' dir='ltr'><strong>non</strong></span> <span class='ocrx_word' id='word_1_182' title='bbox 2536 1102 2744 1149; x_wconf 90' lang='lat' dir='ltr'><strong>tantum</strong></span> <span class='ocrx_word' id='word_1_183' title='bbox 2764 1094 2890 1166; x_wconf 91' lang='lat' dir='ltr'><strong>quia</strong></span> <span class='ocrx_word' id='word_1_184' title='bbox 2917 1094 2994 1150; x_wconf 92' lang='lat' dir='ltr'><strong>sic</strong></span> <span class='ocrx_word' id='word_1_185' title='bbox 3014 1094 3180 1162; x_wconf 91' lang='lat' dir='ltr'><strong>volui,</strong></span> <span class='ocrx_word' id='word_1_186' title='bbox 3208 1095 3304 1149; x_wconf 92' lang='lat' dir='ltr'><strong>sed</strong></span> <span class='ocrx_word' id='word_1_187' title='bbox 3326 1094 3487 1150; x_wconf 88' lang='lat' dir='ltr'><strong>etiam</strong></span> <span class='ocrx_word' id='word_1_188' title='bbox 3503 1095 3744 1151; x_wconf 88' lang='lat' dir='ltr'><strong>ascendi</strong></span> 
     </span>
    </p>
   </div>
   <div class='ocr_carea' id='block_1_26' title="bbox 2125 1183 3746 1255">
    <p class='ocr_par' dir='ltr' id='par_1_26' title="bbox 2125 1183 3746 1255">
     <span class='ocr_line' id='line_1_26' title="bbox 2125 1183 3746 1255; baseline 0.001 -19"><span class='ocrx_word' id='word_1_189' title='bbox 2125 1183 2435 1237; x_wconf 85' lang='lat' dir='ltr'><strong>secundum</strong></span> <span class='ocrx_word' id='word_1_190' title='bbox 2468 1185 2893 1249; x_wconf 87' lang='lat' dir='ltr'><strong>revelationem,</strong></span> <span class='ocrx_word' id='word_1_191' title='bbox 2943 1183 2997 1238; x_wconf 91' lang='lat' dir='ltr'><strong>id</strong></span> <span class='ocrx_word' id='word_1_192' title='bbox 3029 1190 3109 1238; x_wconf 91' lang='lat' dir='ltr'><strong>est</strong></span> <span class='ocrx_word' id='word_1_193' title='bbox 3142 1183 3265 1255; x_wconf 90' lang='lat' dir='ltr'><strong>quia</strong></span> <span class='ocrx_word' id='word_1_194' title='bbox 3296 1184 3557 1238; x_wconf 86' lang='lat' dir='ltr'><strong>revelavit</strong></span> <span class='ocrx_word' id='word_1_195' title='bbox 3600 1183 3746 1238; x_wconf 88' lang='lat' dir='ltr'><strong>mihi</strong></span> 
     </span>
    </p>
   </div>
   <div class='ocr_carea' id='block_1_27' title="bbox 2129 1269 3738 1341">
    <p class='ocr_par' dir='ltr' id='par_1_27' title="bbox 2129 1269 3738 1341">
     <span class='ocr_line' id='line_1_27' title="bbox 2129 1269 3738 1341; baseline 0.001 -17"><span class='ocrx_word' id='word_1_196' title='bbox 2129 1269 2277 1324; x_wconf 93' lang='lat' dir='ltr'><strong>Deus</strong></span> <span class='ocrx_word' id='word_1_197' title='bbox 2310 1270 2389 1326; x_wconf 84' lang='lat' dir='ltr'><strong>sic</strong></span> <span class='ocrx_word' id='word_1_198' title='bbox 2420 1279 2677 1341; x_wconf 83' lang='lat' dir='ltr'><strong>Oportere</strong></span> <span class='ocrx_word' id='word_1_199' title='bbox 2708 1270 2863 1337; x_wconf 84' lang='lat' dir='ltr'><strong>ﬁeri;</strong></span> <span class='ocrx_word' id='word_1_200' title='bbox 2898 1279 2949 1325; x_wconf 93' lang='lat' dir='ltr'><strong>et</strong></span> <span class='ocrx_word' id='word_1_201' title='bbox 3000 1278 3128 1326; x_wconf 90' lang='lat' dir='ltr'><strong>tunc</strong></span> <span class='ocrx_word' id='word_1_202' title='bbox 3155 1287 3265 1325; x_wconf 91' lang='lat' dir='ltr'><strong>non</strong></span> <span class='ocrx_word' id='word_1_203' title='bbox 3310 1271 3475 1327; x_wconf 90' lang='lat' dir='ltr'><strong>didici</strong></span> <span class='ocrx_word' id='word_1_204' title='bbox 3502 1271 3572 1325; x_wconf 89' lang='lat' dir='ltr'><strong>ab</strong></span> <span class='ocrx_word' id='word_1_205' title='bbox 3600 1271 3738 1337; x_wconf 90' lang='lat' dir='ltr'><strong>illis,</strong></span> 
     </span>
    </p>
   </div>
   <div class='ocr_carea' id='block_1_28' title="bbox 2128 1358 3746 1430">
    <p class='ocr_par' dir='ltr' id='par_1_28' title="bbox 2128 1358 3746 1430">
     <span class='ocr_line' id='line_1_28' title="bbox 2128 1358 3746 1430; baseline 0.003 -19"><span class='ocrx_word' id='word_1_206' title='bbox 2128 1358 2223 1411; x_wconf 91' lang='lat' dir='ltr'><strong>sed</strong></span> <span class='ocrx_word' id='word_1_207' title='bbox 2254 1360 2481 1413; x_wconf 77' lang='lat' dir='ltr'><strong>contuli</strong></span> <span class='ocrx_word' id='word_1_208' title='bbox 2512 1375 2641 1413; x_wconf 89' lang='lat' dir='ltr'><strong>cum</strong></span> <span class='ocrx_word' id='word_1_209' title='bbox 2661 1360 2779 1414; x_wconf 88' lang='lat' dir='ltr'><strong>illis</strong></span> <span class='ocrx_word' id='word_1_210' title='bbox 2798 1361 3184 1430; x_wconf 82' lang='lat' dir='ltr'><strong>Evangelium,</strong></span> <span class='ocrx_word' id='word_1_211' title='bbox 3207 1359 3396 1416; x_wconf 90' lang='lat' dir='ltr'><strong>dicens</strong></span> <span class='ocrx_word' id='word_1_212' title='bbox 3428 1377 3440 1413; x_wconf 94' lang='lat'>:</span> <span class='ocrx_word' id='word_1_213' title='bbox 3466 1360 3558 1416; x_wconf 90' lang='lat' dir='ltr'><strong>Sic</strong></span> <span class='ocrx_word' id='word_1_214' title='bbox 3577 1368 3635 1415; x_wconf 89' lang='lat' dir='ltr'><strong>et</strong></span> <span class='ocrx_word' id='word_1_215' title='bbox 3659 1362 3746 1416; x_wconf 91' lang='lat' dir='ltr'><strong>sic</strong></span> 
     </span>
    </p>
   </div>
   <div class='ocr_carea' id='block_1_29' title="bbox 2124 1446 3745 1516">
    <p class='ocr_par' dir='ltr' id='par_1_29' title="bbox 2124 1446 3745 1516">
     <span class='ocr_line' id='line_1_29' title="bbox 2124 1446 3745 1516; baseline 0.003 -17"><span class='ocrx_word' id='word_1_216' title='bbox 2124 1446 2387 1516; x_wconf 67' lang='lat' dir='ltr'><strong>praedico.</strong></span> <span class='ocrx_word' id='word_1_217' title='bbox 2421 1447 2614 1501; x_wconf 88' lang='lat' dir='ltr'><strong>Nonne</strong></span> <span class='ocrx_word' id='word_1_218' title='bbox 2645 1455 2698 1502; x_wconf 91' lang='lat' dir='ltr'><strong>et</strong></span> <span class='ocrx_word' id='word_1_219' title='bbox 2745 1463 2843 1502; x_wconf 91' lang='lat' dir='ltr'><strong>vos</strong></span> <span class='ocrx_word' id='word_1_220' title='bbox 2890 1448 3086 1503; x_wconf 91' lang='lat' dir='ltr'><strong>eodem</strong></span> <span class='ocrx_word' id='word_1_221' title='bbox 3131 1448 3295 1503; x_wconf 91' lang='lat' dir='ltr'><strong>modo</strong></span> <span class='ocrx_word' id='word_1_222' title='bbox 3315 1447 3344 1501; x_wconf 83' lang='lat'><strong>?</strong></span> <span class='ocrx_word' id='word_1_223' title='bbox 3374 1448 3595 1503; x_wconf 84' lang='lat' dir='ltr'><strong>Diceret</strong></span> <span class='ocrx_word' id='word_1_224' title='bbox 3628 1449 3745 1504; x_wconf 88' lang='lat' dir='ltr'><strong>ali-</strong></span> 
     </span>
    </p>
   </div>
   <div class='ocr_carea' id='block_1_30' title="bbox 2124 1534 3740 1609">
    <p class='ocr_par' dir='ltr' id='par_1_30' title="bbox 2124 1534 3740 1609">
     <span class='ocr_line' id='line_1_30' title="bbox 2124 1534 3740 1609; baseline 0.004 -22"><span class='ocrx_word' id='word_1_225' title='bbox 2124 1535 2247 1606; x_wconf 89' lang='lat' dir='ltr'><strong>quis</strong></span> <span class='ocrx_word' id='word_1_226' title='bbox 2280 1552 2293 1588; x_wconf 92' lang='lat'>:</span> <span class='ocrx_word' id='word_1_227' title='bbox 2343 1534 2624 1591; x_wconf 80' lang='lat' dir='ltr'><strong>Reticuisti</strong></span> <span class='ocrx_word' id='word_1_228' title='bbox 2675 1536 2945 1607; x_wconf 65' lang='lat' dir='ltr'><strong>quaedam,</strong></span> <span class='ocrx_word' id='word_1_229' title='bbox 2980 1553 3102 1608; x_wconf 61' lang='lat' dir='ltr'><strong>quae</strong></span> <span class='ocrx_word' id='word_1_230' title='bbox 3138 1536 3394 1609; x_wconf 89' lang='lat' dir='ltr'><strong>gentibus</strong></span> <span class='ocrx_word' id='word_1_231' title='bbox 3440 1537 3740 1607; x_wconf 71' lang='lat' dir='ltr'><strong>praedicas.</strong></span> 
     </span>
    </p>
   </div>
   <div class='ocr_carea' id='block_1_31' title="bbox 2122 1622 3743 1696">
    <p class='ocr_par' dir='ltr' id='par_1_31' title="bbox 2122 1622 3743 1696">
     <span class='ocr_line' id='line_1_31' title="bbox 2122 1622 3743 1696; baseline 0.003 -20"><span class='ocrx_word' id='word_1_232' title='bbox 2122 1622 2246 1677; x_wconf 88' lang='lat' dir='ltr'><strong>Non</strong></span> <span class='ocrx_word' id='word_1_233' title='bbox 2277 1622 2463 1693; x_wconf 88' lang='lat' dir='ltr'><strong>utique</strong></span> <span class='ocrx_word' id='word_1_234' title='bbox 2496 1624 2569 1677; x_wconf 89' lang='lat' dir='ltr'><strong>ait</strong></span> <span class='ocrx_word' id='word_1_235' title='bbox 2591 1623 2811 1688; x_wconf 87' lang='lat' dir='ltr'><strong>Paulus,</strong></span> <span class='ocrx_word' id='word_1_236' title='bbox 2838 1624 2934 1678; x_wconf 89' lang='lat' dir='ltr'><strong>sed</strong></span> <span class='ocrx_word' id='word_1_237' title='bbox 2953 1624 3307 1695; x_wconf 88' lang='lat' dir='ltr'><strong>Evangelium</strong></span> <span class='ocrx_word' id='word_1_238' title='bbox 3323 1625 3466 1695; x_wconf 83' lang='lat' dir='ltr'><strong>quod</strong></span> <span class='ocrx_word' id='word_1_239' title='bbox 3482 1627 3743 1696; x_wconf 65' lang='lat' dir='ltr'><strong>praedico</strong></span> 
     </span>
    </p>
   </div>
   <div class='ocr_carea' id='block_1_32' title="bbox 2122 1710 3743 1782">
    <p class='ocr_par' dir='ltr' id='par_1_32' title="bbox 2122 1710 3743 1782">
     <span class='ocr_line' id='line_1_32' title="bbox 2122 1710 3743 1782; baseline 0.004 -19"><span class='ocrx_word' id='word_1_240' title='bbox 2122 1710 2184 1764; x_wconf 85' lang='lat' dir='ltr'><strong>in</strong></span> <span class='ocrx_word' id='word_1_241' title='bbox 2252 1711 2529 1781; x_wconf 86' lang='lat' dir='ltr'><strong>gentibus.</strong></span> <span class='ocrx_word' id='word_1_242' title='bbox 2593 1712 2707 1766; x_wconf 87' lang='lat' dir='ltr'><strong>Nec</strong></span> <span class='ocrx_word' id='word_1_243' title='bbox 2746 1711 2873 1766; x_wconf 91' lang='lat' dir='ltr'><strong>inde</strong></span> <span class='ocrx_word' id='word_1_244' title='bbox 2921 1712 3147 1767; x_wconf 87' lang='lat' dir='ltr'><strong>verbum</strong></span> <span class='ocrx_word' id='word_1_245' title='bbox 3218 1713 3470 1782; x_wconf 84' lang='lat' dir='ltr'><strong>subticui,</strong></span> <span class='ocrx_word' id='word_1_246' title='bbox 3523 1715 3743 1769; x_wconf 89' lang='lat' dir='ltr'><strong>contuli</strong></span> 
     </span>
    </p>
   </div>
   <div class='ocr_carea' id='block_1_33' title="bbox 416 1797 3743 1887">
    <p class='ocr_par' dir='ltr' id='par_1_33' title="bbox 416 1797 3743 1887">
     <span class='ocr_line' id='line_1_33' title="bbox 416 1797 3743 1887; baseline 0.002 -37"><span class='ocrx_word' id='word_1_247' title='bbox 416 1819 439 1850; x_wconf 76' lang='grc' dir='ltr'>ι</span> <span class='ocrx_word' id='word_1_248' title='bbox 474 1800 744 1871; x_wconf 84' lang='lat' dir='ltr'><strong>praeputii,</strong></span> <span class='ocrx_word' id='word_1_249' title='bbox 780 1800 917 1856; x_wconf 90' lang='lat' dir='ltr'><strong>sicut</strong></span> <span class='ocrx_word' id='word_1_250' title='bbox 948 1810 1000 1856; x_wconf 90' lang='lat' dir='ltr'><strong>et</strong></span> <span class='ocrx_word' id='word_1_251' title='bbox 1040 1803 1199 1857; x_wconf 91' lang='lat' dir='ltr'><strong>Petro</strong></span> <span class='ocrx_word' id='word_1_252' title='bbox 1246 1801 1717 1866; x_wconf 87' lang='lat' dir='ltr'><strong>circumcisionis;</strong></span> <span class='ocrx_word' id='word_1_253' title='bbox 1753 1801 1845 1872; x_wconf 91' lang='lat' dir='ltr'><strong>qui</strong></span> <span class='ocrx_word' id='word_1_254' title='bbox 1878 1800 2018 1857; x_wconf 90' lang='lat' dir='ltr'><strong>enim</strong></span> <span class='ocrx_word' id='word_1_255' title='bbox 2039 1826 2092 1887; x_wconf 80' lang='grc' dir='ltr'>Β</span> <span class='ocrx_word' id='word_1_256' title='bbox 2120 1797 2334 1868; x_wconf 91' lang='lat' dir='ltr'><strong>publice</strong></span> <span class='ocrx_word' id='word_1_257' title='bbox 2365 1813 2488 1853; x_wconf 89' lang='lat' dir='ltr'><strong>cum</strong></span> <span class='ocrx_word' id='word_1_258' title='bbox 2521 1806 2631 1853; x_wconf 93' lang='lat' dir='ltr'><strong>tota</strong></span> <span class='ocrx_word' id='word_1_259' title='bbox 2659 1799 2928 1856; x_wconf 89' lang='lat' dir='ltr'><strong>Ecclesia.</strong></span> <span class='ocrx_word' id='word_1_260' title='bbox 2981 1801 3240 1856; x_wconf 86' lang='lat' dir='ltr'><strong>Seorsum</strong></span> <span class='ocrx_word' id='word_1_261' title='bbox 3277 1805 3491 1868; x_wconf 88' lang='lat' dir='ltr'><strong>autem,</strong></span> <span class='ocrx_word' id='word_1_262' title='bbox 3541 1802 3596 1856; x_wconf 89' lang='lat' dir='ltr'><strong>id</strong></span> <span class='ocrx_word' id='word_1_263' title='bbox 3652 1811 3743 1859; x_wconf 89' lang='lat' dir='ltr'><strong>est</strong></span> 
     </span>
    </p>
   </div>
   <div class='ocr_carea' id='block_1_34' title="bbox 415 1888 2021 1959">
    <p class='ocr_par' dir='ltr' id='par_1_34' title="bbox 415 1888 2021 1959">
     <span class='ocr_line' id='line_1_34' title="bbox 415 1888 2021 1959; baseline 0 -16"><span class='ocrx_word' id='word_1_264' title='bbox 415 1910 439 1935; x_wconf 73' lang='grc' dir='ltr'><strong><em>α</em></strong></span> <span class='ocrx_word' id='word_1_265' title='bbox 464 1895 721 1959; x_wconf 88' lang='lat' dir='ltr'><strong>operatus</strong></span> <span class='ocrx_word' id='word_1_266' title='bbox 742 1896 823 1943; x_wconf 91' lang='lat' dir='ltr'><strong>est</strong></span> <span class='ocrx_word' id='word_1_267' title='bbox 840 1889 1067 1944; x_wconf 91' lang='lat' dir='ltr'><strong>Petroin</strong></span> <span class='ocrx_word' id='word_1_268' title='bbox 1088 1889 1393 1959; x_wconf 87' lang='lat' dir='ltr'><strong>apostolatu</strong></span> <span class='ocrx_word' id='word_1_269' title='bbox 1415 1888 1865 1953; x_wconf 89' lang='lat' dir='ltr'><strong>circumcisionis,</strong></span> <span class='ocrx_word' id='word_1_270' title='bbox 1890 1904 2021 1959; x_wconf 86' lang='lat' dir='ltr'><strong>ope-</strong></span> 
     </span>
    </p>
   </div>
   <div class='ocr_carea' id='block_1_35' title="bbox 419 1975 2015 2049">
    <p class='ocr_par' dir='ltr' id='par_1_35' title="bbox 419 1975 2015 2049">
     <span class='ocr_line' id='line_1_35' title="bbox 419 1975 2015 2049; baseline 0.004 -22"><span class='ocrx_word' id='word_1_271' title='bbox 419 1996 444 2027; x_wconf 78' lang='grc' dir='ltr'>ι</span> <span class='ocrx_word' id='word_1_272' title='bbox 476 1982 626 2030; x_wconf 89' lang='lat' dir='ltr'><strong>ratus</strong></span> <span class='ocrx_word' id='word_1_273' title='bbox 650 1975 890 2032; x_wconf 76' lang='lat'><strong>208</strong></span> <span class='ocrx_word' id='word_1_274' title='bbox 914 1985 995 2031; x_wconf 90' lang='lat' dir='ltr'><strong>est</strong></span> <span class='ocrx_word' id='word_1_275' title='bbox 1023 1985 1076 2032; x_wconf 90' lang='lat' dir='ltr'><strong>et</strong></span> <span class='ocrx_word' id='word_1_276' title='bbox 1104 1977 1236 2031; x_wconf 91' lang='lat' dir='ltr'><strong>mihi</strong></span> <span class='ocrx_word' id='word_1_277' title='bbox 1264 1976 1407 2032; x_wconf 90' lang='lat' dir='ltr'><strong>inter</strong></span> <span class='ocrx_word' id='word_1_278' title='bbox 1444 1986 1660 2049; x_wconf 87' lang='lat' dir='ltr'><strong>gentes.</strong></span> <span class='ocrx_word' id='word_1_279' title='bbox 1684 1978 1893 2031; x_wconf 85' lang='lat' dir='ltr'><strong>Etcum</strong></span> <span class='ocrx_word' id='word_1_280' title='bbox 1917 1992 2015 2033; x_wconf 91' lang='lat' dir='ltr'><strong>co-</strong></span> 
     </span>
    </p>
   </div>
   <div class='ocr_carea' id='block_1_36' title="bbox 418 2063 2021 2137">
    <p class='ocr_par' dir='ltr' id='par_1_36' title="bbox 418 2063 2021 2137">
     <span class='ocr_line' id='line_1_36' title="bbox 418 2063 2021 2137; baseline 0.003 -22"><span class='ocrx_word' id='word_1_281' title='bbox 418 2084 441 2115; x_wconf 73' lang='grc' dir='ltr'>ι</span> <span class='ocrx_word' id='word_1_282' title='bbox 477 2063 797 2135; x_wconf 91' lang='lat' dir='ltr'><strong>gnovissent</strong></span> <span class='ocrx_word' id='word_1_283' title='bbox 825 2064 1072 2135; x_wconf 83' lang='lat' dir='ltr'><strong>gratiam,</strong></span> <span class='ocrx_word' id='word_1_284' title='bbox 1106 2082 1226 2137; x_wconf 78' lang='lat' dir='ltr'><strong>quae</strong></span> <span class='ocrx_word' id='word_1_285' title='bbox 1254 2066 1382 2120; x_wconf 89' lang='lat' dir='ltr'><strong>data</strong></span> <span class='ocrx_word' id='word_1_286' title='bbox 1403 2072 1485 2120; x_wconf 90' lang='lat' dir='ltr'><strong>est</strong></span> <span class='ocrx_word' id='word_1_287' title='bbox 1507 2065 1657 2131; x_wconf 91' lang='lat' dir='ltr'><strong>mihi,</strong></span> <span class='ocrx_word' id='word_1_288' title='bbox 1680 2065 1932 2132; x_wconf 87' lang='lat' dir='ltr'><strong>Jacobus,</strong></span> <span class='ocrx_word' id='word_1_289' title='bbox 1967 2073 2021 2120; x_wconf 89' lang='lat' dir='ltr'><strong>et</strong></span> 
     </span>
    </p>
   </div>
   <div class='ocr_carea' id='block_1_37' title="bbox 421 2152 2015 2225">
    <p class='ocr_par' dir='ltr' id='par_1_37' title="bbox 421 2152 2015 2225">
     <span class='ocr_line' id='line_1_37' title="bbox 421 2152 2015 2225; baseline 0.001 -18"><span class='ocrx_word' id='word_1_290' title='bbox 421 2174 443 2199; x_wconf 78' lang='grc' dir='ltr'><strong><em>α</em></strong></span> <span class='ocrx_word' id='word_1_291' title='bbox 478 2152 692 2223; x_wconf 90' lang='lat' dir='ltr'><strong>Cephas</strong></span> <span class='ocrx_word' id='word_1_292' title='bbox 720 2160 773 2207; x_wconf 92' lang='lat' dir='ltr'><strong>et</strong></span> <span class='ocrx_word' id='word_1_293' title='bbox 800 2153 1059 2223; x_wconf 84' lang='lat' dir='ltr'><strong>Joannes,</strong></span> <span class='ocrx_word' id='word_1_294' title='bbox 1106 2155 1197 2225; x_wconf 91' lang='lat' dir='ltr'><strong>qui</strong></span> <span class='ocrx_word' id='word_1_295' title='bbox 1227 2153 1553 2209; x_wconf 83' lang='lat' dir='ltr'><strong>videbantur</strong></span> <span class='ocrx_word' id='word_1_296' title='bbox 1579 2154 1845 2209; x_wconf 69' lang='lat' dir='ltr'><strong>columnae</strong></span> <span class='ocrx_word' id='word_1_297' title='bbox 1873 2170 2015 2223; x_wconf 90' lang='lat' dir='ltr'><strong>esse,</strong></span> 
     </span>
    </p>
   </div>
   <div class='ocr_carea' id='block_1_38' title="bbox 416 2240 2018 2310">
    <p class='ocr_par' dir='ltr' id='par_1_38' title="bbox 416 2240 2018 2310">
     <span class='ocr_line' id='line_1_38' title="bbox 416 2240 2018 2310; baseline 0.001 -14"><span class='ocrx_word' id='word_1_298' title='bbox 416 2264 439 2289; x_wconf 73' lang='grc' dir='ltr'><strong>α</strong></span> <span class='ocrx_word' id='word_1_299' title='bbox 474 2240 694 2296; x_wconf 83' lang='lat' dir='ltr'><strong>dextras</strong></span> <span class='ocrx_word' id='word_1_300' title='bbox 724 2240 990 2296; x_wconf 92' lang='lat' dir='ltr'><strong>dederunt</strong></span> <span class='ocrx_word' id='word_1_301' title='bbox 1026 2242 1158 2296; x_wconf 90' lang='lat' dir='ltr'><strong>mihi</strong></span> <span class='ocrx_word' id='word_1_302' title='bbox 1198 2250 1250 2297; x_wconf 88' lang='lat' dir='ltr'><strong>et</strong></span> <span class='ocrx_word' id='word_1_303' title='bbox 1298 2242 1564 2297; x_wconf 67' lang='lat' dir='ltr'><strong>Barnabas</strong></span> <span class='ocrx_word' id='word_1_304' title='bbox 1612 2242 1909 2310; x_wconf 88' lang='lat' dir='ltr'><strong>societatis,</strong></span> <span class='ocrx_word' id='word_1_305' title='bbox 1961 2250 2018 2297; x_wconf 92' lang='lat' dir='ltr'><strong>ut</strong></span> 
     </span>
    </p>
   </div>
   <div class='ocr_carea' id='block_1_39' title="bbox 420 2329 2013 2401">
    <p class='ocr_par' dir='ltr' id='par_1_39' title="bbox 420 2329 2013 2401">
     <span class='ocr_line' id='line_1_39' title="bbox 420 2329 2013 2401; baseline -0.001 -16"><span class='ocrx_word' id='word_1_306' title='bbox 420 2350 442 2379; x_wconf 76' lang='grc' dir='ltr'>ι</span> <span class='ocrx_word' id='word_1_307' title='bbox 474 2343 576 2386; x_wconf 88' lang='lat' dir='ltr'><strong>nos</strong></span> <span class='ocrx_word' id='word_1_308' title='bbox 618 2329 674 2383; x_wconf 91' lang='lat' dir='ltr'><strong>in</strong></span> <span class='ocrx_word' id='word_1_309' title='bbox 704 2337 898 2401; x_wconf 87' lang='lat' dir='ltr'><strong>gentes</strong></span> <span class='ocrx_word' id='word_1_310' title='bbox 932 2373 945 2397; x_wconf 90' lang='lat'><strong>,</strong></span> <span class='ocrx_word' id='word_1_311' title='bbox 1013 2330 1117 2401; x_wconf 92' lang='lat' dir='ltr'><strong>ipsi</strong></span> <span class='ocrx_word' id='word_1_312' title='bbox 1173 2338 1354 2386; x_wconf 92' lang='lat' dir='ltr'><strong>autem</strong></span> <span class='ocrx_word' id='word_1_313' title='bbox 1410 2330 1467 2386; x_wconf 93' lang='lat' dir='ltr'><strong>in</strong></span> <span class='ocrx_word' id='word_1_314' title='bbox 1522 2330 2013 2397; x_wconf 90' lang='lat' dir='ltr'><strong>circumcisionem,</strong></span> 
     </span>
    </p>
   </div>
   <div class='ocr_carea' id='block_1_40' title="bbox 414 2418 2017 2491">
    <p class='ocr_par' dir='ltr' id='par_1_40' title="bbox 414 2418 2017 2491">
     <span class='ocr_line' id='line_1_40' title="bbox 414 2418 2017 2491; baseline -0.001 -17"><span class='ocrx_word' id='word_1_315' title='bbox 414 2440 436 2465; x_wconf 76' lang='grc' dir='ltr'><em>α</em></span> <span class='ocrx_word' id='word_1_316' title='bbox 471 2426 678 2474; x_wconf 87' lang='lat' dir='ltr'><strong>tantum</strong></span> <span class='ocrx_word' id='word_1_317' title='bbox 728 2426 787 2473; x_wconf 92' lang='lat' dir='ltr'><strong>ut</strong></span> <span class='ocrx_word' id='word_1_318' title='bbox 835 2435 1134 2491; x_wconf 86' lang='lat' dir='ltr'><strong>pauperum</strong></span> <span class='ocrx_word' id='word_1_319' title='bbox 1199 2434 1469 2475; x_wconf 88' lang='lat' dir='ltr'><strong>memores</strong></span> <span class='ocrx_word' id='word_1_320' title='bbox 1534 2435 1798 2474; x_wconf 87' lang='lat' dir='ltr'><strong>essemus.</strong></span> <span class='ocrx_word' id='word_1_321' title='bbox 1858 2418 2017 2487; x_wconf 87' lang='lat' dir='ltr'><strong>Quod</strong></span> 
     </span>
    </p>
   </div>
   <div class='ocr_carea' id='block_1_41' title="bbox 411 2506 2016 2579">
    <p class='ocr_par' dir='ltr' id='par_1_41' title="bbox 411 2506 2016 2579">
     <span class='ocr_line' id='line_1_41' title="bbox 411 2506 2016 2579; baseline -0.001 -16"><span class='ocrx_word' id='word_1_322' title='bbox 411 2528 433 2554; x_wconf 77' lang='grc' dir='ltr'><strong>«ι</strong></span> <span class='ocrx_word' id='word_1_323' title='bbox 471 2506 633 2563; x_wconf 91' lang='lat' dir='ltr'><strong>etiam</strong></span> <span class='ocrx_word' id='word_1_324' title='bbox 662 2506 929 2564; x_wconf 89' lang='lat' dir='ltr'><strong>sollicitus</strong></span> <span class='ocrx_word' id='word_1_325' title='bbox 961 2506 1037 2562; x_wconf 89' lang='lat' dir='ltr'><strong>fui</strong></span> <span class='ocrx_word' id='word_1_326' title='bbox 1068 2508 1169 2564; x_wconf 91' lang='lat' dir='ltr'><strong>hoc</strong></span> <span class='ocrx_word' id='word_1_327' title='bbox 1199 2508 1375 2579; x_wconf 91' lang='lat' dir='ltr'><strong>ipsum</strong></span> <span class='ocrx_word' id='word_1_328' title='bbox 1427 2507 1629 2564; x_wconf 89' lang='lat' dir='ltr'><strong>facere.</strong></span> <span class='ocrx_word' id='word_1_329' title='bbox 1669 2508 1804 2563; x_wconf 92' lang='lat' dir='ltr'><strong>Cum</strong></span> <span class='ocrx_word' id='word_1_330' title='bbox 1834 2516 2016 2564; x_wconf 91' lang='lat' dir='ltr'><strong>autem</strong></span> 
     </span>
    </p>
   </div>
   <div class='ocr_carea' id='block_1_42' title="bbox 414 2594 2011 2667">
    <p class='ocr_par' dir='ltr' id='par_1_42' title="bbox 414 2594 2011 2667">
     <span class='ocr_line' id='line_1_42' title="bbox 414 2594 2011 2667; baseline 0 -16"><span class='ocrx_word' id='word_1_331' title='bbox 414 2617 437 2643; x_wconf 79' lang='grc' dir='ltr'><strong><em>α</em></strong></span> <span class='ocrx_word' id='word_1_332' title='bbox 473 2594 716 2652; x_wconf 86' lang='lat' dir='ltr'><strong>venisset</strong></span> <span class='ocrx_word' id='word_1_333' title='bbox 749 2596 961 2667; x_wconf 86' lang='lat' dir='ltr'><strong>Cephas</strong></span> <span class='ocrx_word' id='word_1_334' title='bbox 991 2597 1357 2664; x_wconf 83' lang='lat' dir='ltr'><strong>Antiochiam,</strong></span> <span class='ocrx_word' id='word_1_335' title='bbox 1391 2596 1447 2652; x_wconf 92' lang='lat' dir='ltr'><strong>in</strong></span> <span class='ocrx_word' id='word_1_336' title='bbox 1490 2596 1681 2653; x_wconf 79' lang='lat' dir='ltr'><strong>faciem</strong></span> <span class='ocrx_word' id='word_1_337' title='bbox 1722 2597 1772 2653; x_wconf 92' lang='lat' dir='ltr'><strong>ei</strong></span> <span class='ocrx_word' id='word_1_338' title='bbox 1818 2596 2011 2664; x_wconf 90' lang='lat' dir='ltr'><strong>restiti,</strong></span> 
     </span>
    </p>
   </div>
   <div class='ocr_carea' id='block_1_43' title="bbox 422 2683 2015 2758">
    <p class='ocr_par' dir='ltr' id='par_1_43' title="bbox 422 2683 2015 2758">
     <span class='ocr_line' id='line_1_43' title="bbox 422 2683 2015 2758; baseline 0.001 -20"><span class='ocrx_word' id='word_1_339' title='bbox 422 2705 444 2731; x_wconf 79' lang='grc' dir='ltr'>ιι</span> <span class='ocrx_word' id='word_1_340' title='bbox 480 2683 606 2757; x_wconf 88' lang='lat' dir='ltr'><strong>quia</strong></span> <span class='ocrx_word' id='word_1_341' title='bbox 682 2684 1129 2757; x_wconf 82' lang='lat' dir='ltr'><strong>reprehensibilis</strong></span> <span class='ocrx_word' id='word_1_342' title='bbox 1211 2694 1355 2741; x_wconf 69' lang='lat' dir='ltr'><strong>erat.</strong></span> <span class='ocrx_word' id='word_1_343' title='bbox 1419 2685 1575 2741; x_wconf 84' lang='lat' dir='ltr'><strong>Prius</strong></span> <span class='ocrx_word' id='word_1_344' title='bbox 1640 2685 1784 2741; x_wconf 89' lang='lat' dir='ltr'><strong>enim</strong></span> <span class='ocrx_word' id='word_1_345' title='bbox 1854 2702 2015 2758; x_wconf 88' lang='lat' dir='ltr'><strong>quam</strong></span> 
     </span>
    </p>
   </div>
   <div class='ocr_carea' id='block_1_44' title="bbox 414 2772 2011 2847">
    <p class='ocr_par' dir='ltr' id='par_1_44' title="bbox 414 2772 2011 2847">
     <span class='ocr_line' id='line_1_44' title="bbox 414 2772 2011 2847; baseline 0 -18"><span class='ocrx_word' id='word_1_346' title='bbox 414 2795 436 2820; x_wconf 75' lang='grc' dir='ltr'><strong>σι</strong></span> <span class='ocrx_word' id='word_1_347' title='bbox 471 2772 718 2829; x_wconf 90' lang='lat' dir='ltr'><strong>venirent</strong></span> <span class='ocrx_word' id='word_1_348' title='bbox 748 2773 971 2846; x_wconf 88' lang='lat' dir='ltr'><strong>quidam</strong></span> <span class='ocrx_word' id='word_1_349' title='bbox 1002 2773 1072 2829; x_wconf 91' lang='lat' dir='ltr'><strong>ab</strong></span> <span class='ocrx_word' id='word_1_350' title='bbox 1102 2774 1330 2843; x_wconf 83' lang='lat' dir='ltr'><strong>Jacobo,</strong></span> <span class='ocrx_word' id='word_1_351' title='bbox 1363 2790 1486 2831; x_wconf 92' lang='lat' dir='ltr'><strong>cum</strong></span> <span class='ocrx_word' id='word_1_352' title='bbox 1517 2774 1771 2847; x_wconf 88' lang='lat' dir='ltr'><strong>gentibus</strong></span> <span class='ocrx_word' id='word_1_353' title='bbox 1795 2774 2011 2829; x_wconf 90' lang='lat' dir='ltr'><strong>edebat.</strong></span> 
     </span>
    </p>
   </div>
   <div class='ocr_carea' id='block_1_45' title="bbox 415 2859 2016 2934">
    <p class='ocr_par' dir='ltr' id='par_1_45' title="bbox 415 2859 2016 2934">
     <span class='ocr_line' id='line_1_45' title="bbox 415 2859 2016 2934; baseline 0 -18"><span class='ocrx_word' id='word_1_354' title='bbox 415 2883 438 2909; x_wconf 72' lang='grc' dir='ltr'><strong>α</strong></span> <span class='ocrx_word' id='word_1_355' title='bbox 475 2859 608 2916; x_wconf 89' lang='lat' dir='ltr'><strong>Cum</strong></span> <span class='ocrx_word' id='word_1_356' title='bbox 638 2868 820 2917; x_wconf 91' lang='lat' dir='ltr'><strong>autem</strong></span> <span class='ocrx_word' id='word_1_357' title='bbox 861 2861 1158 2928; x_wconf 88' lang='lat' dir='ltr'><strong>venissent,</strong></span> <span class='ocrx_word' id='word_1_358' title='bbox 1202 2862 1557 2918; x_wconf 88' lang='lat' dir='ltr'><strong>subtrahebat</strong></span> <span class='ocrx_word' id='word_1_359' title='bbox 1585 2870 1639 2918; x_wconf 90' lang='lat' dir='ltr'><strong>et</strong></span> <span class='ocrx_word' id='word_1_360' title='bbox 1687 2862 2016 2934; x_wconf 87' lang='lat' dir='ltr'><strong>segregabat</strong></span> 
     </span>
    </p>
   </div>
   <div class='ocr_carea' id='block_1_46' title="bbox 410 2948 2015 3021">
    <p class='ocr_par' dir='ltr' id='par_1_46' title="bbox 410 2948 2015 3021">
     <span class='ocr_line' id='line_1_46' title="bbox 410 2948 2015 3021; baseline 0 -17"><span class='ocrx_word' id='word_1_361' title='bbox 410 2971 433 2997; x_wconf 74' lang='grc' dir='ltr'><strong>α</strong></span> <span class='ocrx_word' id='word_1_362' title='bbox 467 2965 568 3015; x_wconf 89' lang='lat' dir='ltr'><strong>se,</strong></span> <span class='ocrx_word' id='word_1_363' title='bbox 615 2948 813 3004; x_wconf 90' lang='lat' dir='ltr'><strong>timens</strong></span> <span class='ocrx_word' id='word_1_364' title='bbox 854 2965 950 3005; x_wconf 92' lang='lat' dir='ltr'><strong>eos</strong></span> <span class='ocrx_word' id='word_1_365' title='bbox 994 2950 1085 3021; x_wconf 93' lang='lat' dir='ltr'><strong>qui</strong></span> <span class='ocrx_word' id='word_1_366' title='bbox 1133 2966 1198 3004; x_wconf 87' lang='lat' dir='ltr'><strong>ex</strong></span> <span class='ocrx_word' id='word_1_367' title='bbox 1243 2950 1661 3007; x_wconf 88' lang='lat' dir='ltr'><strong>circumcisione</strong></span> <span class='ocrx_word' id='word_1_368' title='bbox 1718 2958 1892 3005; x_wconf 90' lang='lat' dir='ltr'><strong>erant.</strong></span> <span class='ocrx_word' id='word_1_369' title='bbox 1945 2950 2015 3005; x_wconf 91' lang='lat' dir='ltr'><strong>Et</strong></span> 
     </span>
    </p>
   </div>
   <div class='ocr_carea' id='block_1_47' title="bbox 413 3036 2013 3107">
    <p class='ocr_par' dir='ltr' id='par_1_47' title="bbox 413 3036 2013 3107">
     <span class='ocr_line' id='line_1_47' title="bbox 413 3036 2013 3107; baseline 0.003 -19"><span class='ocrx_word' id='word_1_370' title='bbox 413 3058 436 3088; x_wconf 79' lang='grc' dir='ltr'>ι</span> <span class='ocrx_word' id='word_1_371' title='bbox 471 3036 802 3092; x_wconf 89' lang='lat' dir='ltr'><strong>simulationi</strong></span> <span class='ocrx_word' id='word_1_372' title='bbox 849 3038 965 3107; x_wconf 89' lang='lat' dir='ltr'><strong>ejus</strong></span> <span class='ocrx_word' id='word_1_373' title='bbox 1009 3046 1407 3093; x_wconf 89' lang='lat' dir='ltr'><strong>consenserunt</strong></span> <span class='ocrx_word' id='word_1_374' title='bbox 1448 3038 1633 3094; x_wconf 64' lang='lat' dir='ltr'><strong>caeteri</strong></span> <span class='ocrx_word' id='word_1_375' title='bbox 1677 3038 1849 3092; x_wconf 66' lang='lat' dir='ltr'><strong>Judaei</strong></span> <span class='ocrx_word' id='word_1_376' title='bbox 1874 3082 1888 3105; x_wconf 88' lang='lat'><strong>,</strong></span> <span class='ocrx_word' id='word_1_377' title='bbox 1942 3037 2013 3093; x_wconf 91' lang='lat' dir='ltr'><strong>ita</strong></span> 
     </span>
    </p>
   </div>
   <div class='ocr_carea' id='block_1_48' title="bbox 410 3124 2012 3182">
    <p class='ocr_par' dir='ltr' id='par_1_48' title="bbox 410 3124 2012 3182">
     <span class='ocr_line' id='line_1_48' title="bbox 410 3124 2012 3182; baseline 0.002 -6"><span class='ocrx_word' id='word_1_378' title='bbox 410 3144 434 3176; x_wconf 74' lang='grc' dir='ltr'><strong><em>α</em></strong></span> <span class='ocrx_word' id='word_1_379' title='bbox 470 3133 531 3180; x_wconf 90' lang='lat' dir='ltr'><strong>ut</strong></span> <span class='ocrx_word' id='word_1_380' title='bbox 577 3124 854 3179; x_wconf 88' lang='lat' dir='ltr'><strong>Barnabas</strong></span> <span class='ocrx_word' id='word_1_381' title='bbox 898 3125 1195 3181; x_wconf 90' lang='lat' dir='ltr'><strong>duceretur</strong></span> <span class='ocrx_word' id='word_1_382' title='bbox 1241 3126 1312 3180; x_wconf 91' lang='lat' dir='ltr'><strong>ab</strong></span> <span class='ocrx_word' id='word_1_383' title='bbox 1377 3126 1457 3181; x_wconf 92' lang='lat' dir='ltr'><strong>eis</strong></span> <span class='ocrx_word' id='word_1_384' title='bbox 1498 3126 1552 3180; x_wconf 93' lang='lat' dir='ltr'><strong>in</strong></span> <span class='ocrx_word' id='word_1_385' title='bbox 1597 3126 1747 3181; x_wconf 93' lang='lat' dir='ltr'><strong>illam</strong></span> <span class='ocrx_word' id='word_1_386' title='bbox 1792 3125 2012 3182; x_wconf 83' lang='lat' dir='ltr'><strong>simula-</strong></span> 
     </span>
    </p>
   </div>
   <div class='ocr_carea' id='block_1_49' title="bbox 407 3211 2007 3285">
    <p class='ocr_par' dir='ltr' id='par_1_49' title="bbox 407 3211 2007 3285">
     <span class='ocr_line' id='line_1_49' title="bbox 407 3211 2007 3285; baseline 0.003 -20"><span class='ocrx_word' id='word_1_387' title='bbox 407 3233 431 3265; x_wconf 76' lang='grc' dir='ltr'>ι</span> <span class='ocrx_word' id='word_1_388' title='bbox 474 3211 698 3268; x_wconf 91' lang='lat' dir='ltr'><strong>tionem.</strong></span> <span class='ocrx_word' id='word_1_389' title='bbox 734 3212 843 3268; x_wconf 90' lang='lat' dir='ltr'><strong>Sed</strong></span> <span class='ocrx_word' id='word_1_390' title='bbox 886 3228 1010 3269; x_wconf 91' lang='lat' dir='ltr'><strong>cum</strong></span> <span class='ocrx_word' id='word_1_391' title='bbox 1061 3212 1319 3268; x_wconf 91' lang='lat' dir='ltr'><strong>vidissem</strong></span> <span class='ocrx_word' id='word_1_392' title='bbox 1373 3215 1518 3285; x_wconf 91' lang='lat' dir='ltr'><strong>quod</strong></span> <span class='ocrx_word' id='word_1_393' title='bbox 1572 3230 1683 3270; x_wconf 91' lang='lat' dir='ltr'><strong>non</strong></span> <span class='ocrx_word' id='word_1_394' title='bbox 1710 3223 1857 3271; x_wconf 92' lang='lat' dir='ltr'><strong>recte</strong></span> <span class='ocrx_word' id='word_1_395' title='bbox 1886 3230 2007 3269; x_wconf 81' lang='lat' dir='ltr'><strong>am-</strong></span> 
     </span>
    </p>
   </div>
   <div class='ocr_carea' id='block_1_50' title="bbox 409 3298 2010 3374">
    <p class='ocr_par' dir='ltr' id='par_1_50' title="bbox 409 3298 2010 3374">
     <span class='ocr_line' id='line_1_50' title="bbox 409 3298 2010 3374; baseline 0.001 -19"><span class='ocrx_word' id='word_1_396' title='bbox 409 3323 432 3349; x_wconf 77' lang='grc' dir='ltr'>α</span> <span class='ocrx_word' id='word_1_397' title='bbox 468 3298 715 3356; x_wconf 90' lang='lat' dir='ltr'><strong>bularent</strong></span> <span class='ocrx_word' id='word_1_398' title='bbox 737 3300 806 3356; x_wconf 91' lang='lat' dir='ltr'><strong>ad</strong></span> <span class='ocrx_word' id='word_1_399' title='bbox 825 3301 1110 3357; x_wconf 85' lang='lat' dir='ltr'><strong>veritatem</strong></span> <span class='ocrx_word' id='word_1_400' title='bbox 1137 3302 1442 3374; x_wconf 84' lang='lat' dir='ltr'><strong>Evangelii,</strong></span> <span class='ocrx_word' id='word_1_401' title='bbox 1464 3303 1573 3358; x_wconf 87' lang='lat' dir='ltr'><strong>dixi</strong></span> <span class='ocrx_word' id='word_1_402' title='bbox 1594 3302 1793 3373; x_wconf 69' lang='lat' dir='ltr'><strong>Cephas</strong></span> <span class='ocrx_word' id='word_1_403' title='bbox 1822 3318 2010 3359; x_wconf 93' lang='lat' dir='ltr'><strong>coram</strong></span> 
     </span>
    </p>
   </div>
   <div class='ocr_carea' id='block_1_51' title="bbox 407 3388 2004 3463">
    <p class='ocr_par' dir='ltr' id='par_1_51' title="bbox 407 3388 2004 3463">
     <span class='ocr_line' id='line_1_51' title="bbox 407 3388 2004 3463; baseline 0.001 -18"><span class='ocrx_word' id='word_1_404' title='bbox 407 3411 430 3437; x_wconf 74' lang='grc' dir='ltr'>α</span> <span class='ocrx_word' id='word_1_405' title='bbox 465 3388 715 3445; x_wconf 91' lang='lat' dir='ltr'><strong>omnibus</strong></span> <span class='ocrx_word' id='word_1_406' title='bbox 749 3407 763 3443; x_wconf 94' lang='lat'>:</span> <span class='ocrx_word' id='word_1_407' title='bbox 796 3389 852 3445; x_wconf 94' lang='lat' dir='ltr'><strong>Si</strong></span> <span class='ocrx_word' id='word_1_408' title='bbox 893 3397 968 3459; x_wconf 90' lang='lat' dir='ltr'><strong>tu,</strong></span> <span class='ocrx_word' id='word_1_409' title='bbox 1020 3406 1144 3445; x_wconf 93' lang='lat' dir='ltr'><strong>cum</strong></span> <span class='ocrx_word' id='word_1_410' title='bbox 1192 3390 1413 3445; x_wconf 74' lang='lat' dir='ltr'><strong>Judaeus</strong></span> <span class='ocrx_word' id='word_1_411' title='bbox 1443 3392 1519 3446; x_wconf 92' lang='lat' dir='ltr'><strong>sis</strong></span> <span class='ocrx_word' id='word_1_412' title='bbox 1549 3392 1821 3463; x_wconf 81' lang='lat' dir='ltr'><strong>gentiliter</strong></span> <span class='ocrx_word' id='word_1_413' title='bbox 1849 3391 2004 3458; x_wconf 88' lang='lat' dir='ltr'><strong>vivis,</strong></span> 
     </span>
    </p>
   </div>
   <div class='ocr_carea' id='block_1_52' title="bbox 406 3477 2011 3552">
    <p class='ocr_par' dir='ltr' id='par_1_52' title="bbox 406 3477 2011 3552">
     <span class='ocr_line' id='line_1_52' title="bbox 406 3477 2011 3552; baseline 0.005 -24"><span class='ocrx_word' id='word_1_414' title='bbox 406 3500 429 3528; x_wconf 73' lang='grc' dir='ltr'><strong>α</strong></span> <span class='ocrx_word' id='word_1_415' title='bbox 464 3486 518 3534; x_wconf 91' lang='lat' dir='ltr'><strong>et</strong></span> <span class='ocrx_word' id='word_1_416' title='bbox 546 3493 657 3534; x_wconf 92' lang='lat' dir='ltr'><strong>non</strong></span> <span class='ocrx_word' id='word_1_417' title='bbox 683 3477 926 3545; x_wconf 87' lang='lat' dir='ltr'><strong>Judaice,</strong></span> <span class='ocrx_word' id='word_1_418' title='bbox 961 3479 1236 3551; x_wconf 90' lang='lat' dir='ltr'><strong>quomodo</strong></span> <span class='ocrx_word' id='word_1_419' title='bbox 1264 3488 1457 3551; x_wconf 83' lang='lat' dir='ltr'><strong>gentes</strong></span> <span class='ocrx_word' id='word_1_420' title='bbox 1509 3480 1663 3552; x_wconf 82' lang='lat' dir='ltr'><strong>cogis</strong></span> <span class='ocrx_word' id='word_1_421' title='bbox 1687 3480 2011 3550; x_wconf 75' lang='lat' dir='ltr'><strong>judaizare?</strong></span> 
     </span>
    </p>
   </div>
   <div class='ocr_carea' id='block_1_53' title="bbox 407 3566 2003 3641">
    <p class='ocr_par' dir='ltr' id='par_1_53' title="bbox 407 3566 2003 3641">
     <span class='ocr_line' id='line_1_53' title="bbox 407 3566 2003 3641; baseline 0.003 -20"><span class='ocrx_word' id='word_1_422' title='bbox 407 3589 429 3615; x_wconf 79' lang='grc' dir='ltr'>α</span> <span class='ocrx_word' id='word_1_423' title='bbox 463 3566 579 3622; x_wconf 88' lang='lat' dir='ltr'><strong>Nos</strong></span> <span class='ocrx_word' id='word_1_424' title='bbox 607 3574 797 3622; x_wconf 90' lang='lat' dir='ltr'><strong>natura</strong></span> <span class='ocrx_word' id='word_1_425' title='bbox 823 3567 1017 3636; x_wconf 76' lang='lat' dir='ltr'><strong>Judaei,</strong></span> <span class='ocrx_word' id='word_1_426' title='bbox 1047 3575 1101 3624; x_wconf 92' lang='lat' dir='ltr'><strong>et</strong></span> <span class='ocrx_word' id='word_1_427' title='bbox 1132 3583 1241 3624; x_wconf 93' lang='lat' dir='ltr'><strong>non</strong></span> <span class='ocrx_word' id='word_1_428' title='bbox 1272 3585 1339 3624; x_wconf 89' lang='lat' dir='ltr'><strong>ex</strong></span> <span class='ocrx_word' id='word_1_429' title='bbox 1382 3569 1636 3641; x_wconf 87' lang='lat' dir='ltr'><strong>gentibus</strong></span> <span class='ocrx_word' id='word_1_430' title='bbox 1666 3578 2003 3640; x_wconf 90' lang='lat' dir='ltr'><strong>peccatores.</strong></span> 
     </span>
    </p>
   </div>
   <div class='ocr_carea' id='block_1_54' title="bbox 405 3654 2005 3727">
    <p class='ocr_par' dir='ltr' id='par_1_54' title="bbox 405 3654 2005 3727">
     <span class='ocr_line' id='line_1_54' title="bbox 405 3654 2005 3727; baseline 0 -15"><span class='ocrx_word' id='word_1_431' title='bbox 405 3676 428 3703; x_wconf 76' lang='grc' dir='ltr'>ιι</span> <span class='ocrx_word' id='word_1_432' title='bbox 463 3654 707 3712; x_wconf 90' lang='lat' dir='ltr'><strong>Scientes</strong></span> <span class='ocrx_word' id='word_1_433' title='bbox 769 3663 946 3710; x_wconf 91' lang='lat' dir='ltr'><strong>autem</strong></span> <span class='ocrx_word' id='word_1_434' title='bbox 995 3656 1140 3727; x_wconf 91' lang='lat' dir='ltr'><strong>quod</strong></span> <span class='ocrx_word' id='word_1_435' title='bbox 1208 3672 1319 3712; x_wconf 92' lang='lat' dir='ltr'><strong>non</strong></span> <span class='ocrx_word' id='word_1_436' title='bbox 1359 3655 1686 3726; x_wconf 87' lang='lat' dir='ltr'><strong>justiﬁcatur</strong></span> <span class='ocrx_word' id='word_1_437' title='bbox 1732 3658 1897 3712; x_wconf 92' lang='lat' dir='ltr'><strong>homo</strong></span> <span class='ocrx_word' id='word_1_438' title='bbox 1940 3674 2005 3713; x_wconf 81' lang='lat' dir='ltr'><strong>ex</strong></span> 
     </span>
    </p>
   </div>
   <div class='ocr_carea' id='block_1_55' title="bbox 402 3743 2008 3816">
    <p class='ocr_par' dir='ltr' id='par_1_55' title="bbox 402 3743 2008 3816">
     <span class='ocr_line' id='line_1_55' title="bbox 402 3743 2008 3816; baseline 0.006 -24"><span class='ocrx_word' id='word_1_439' title='bbox 402 3766 424 3792; x_wconf 78' lang='grc' dir='ltr'><strong>α</strong></span> <span class='ocrx_word' id='word_1_440' title='bbox 460 3743 719 3814; x_wconf 89' lang='lat' dir='ltr'><strong>operibus</strong></span> <span class='ocrx_word' id='word_1_441' title='bbox 747 3743 887 3816; x_wconf 84' lang='lat' dir='ltr'><strong>legis</strong></span> <span class='ocrx_word' id='word_1_442' title='bbox 916 3743 1022 3798; x_wconf 91' lang='lat' dir='ltr'><strong>nisi</strong></span> <span class='ocrx_word' id='word_1_443' title='bbox 1050 3760 1150 3814; x_wconf 93' lang='lat' dir='ltr'><strong>per</strong></span> <span class='ocrx_word' id='word_1_444' title='bbox 1175 3743 1338 3800; x_wconf 83' lang='lat' dir='ltr'><strong>ﬁdem</strong></span> <span class='ocrx_word' id='word_1_445' title='bbox 1376 3745 1506 3800; x_wconf 82' lang='lat' dir='ltr'><strong>Jesu</strong></span> <span class='ocrx_word' id='word_1_446' title='bbox 1558 3745 1792 3811; x_wconf 90' lang='lat' dir='ltr'><strong>Christi;</strong></span> <span class='ocrx_word' id='word_1_447' title='bbox 1827 3754 1880 3801; x_wconf 92' lang='lat' dir='ltr'><strong>et</strong></span> <span class='ocrx_word' id='word_1_448' title='bbox 1907 3761 2008 3801; x_wconf 90' lang='lat' dir='ltr'><strong>nos</strong></span> 
     </span>
    </p>
   </div>
   <div class='ocr_carea' id='block_1_56' title="bbox 404 3830 2007 3901">
    <p class='ocr_par' dir='ltr' id='par_1_56' title="bbox 404 3830 2007 3901">
     <span class='ocr_line' id='line_1_56' title="bbox 404 3830 2007 3901; baseline 0.002 -16"><span class='ocrx_word' id='word_1_449' title='bbox 404 3853 426 3879; x_wconf 77' lang='grc' dir='ltr'>α</span> <span class='ocrx_word' id='word_1_450' title='bbox 461 3830 517 3885; x_wconf 94' lang='lat' dir='ltr'><strong>in</strong></span> <span class='ocrx_word' id='word_1_451' title='bbox 546 3830 763 3887; x_wconf 89' lang='lat' dir='ltr'><strong>Christo</strong></span> <span class='ocrx_word' id='word_1_452' title='bbox 791 3833 922 3887; x_wconf 84' lang='lat' dir='ltr'><strong>Jesu</strong></span> <span class='ocrx_word' id='word_1_453' title='bbox 954 3832 1247 3898; x_wconf 90' lang='lat' dir='ltr'><strong>credimus,</strong></span> <span class='ocrx_word' id='word_1_454' title='bbox 1280 3840 1340 3887; x_wconf 93' lang='lat' dir='ltr'><strong>ut</strong></span> <span class='ocrx_word' id='word_1_455' title='bbox 1384 3832 1748 3901; x_wconf 83' lang='lat' dir='ltr'><strong>justificemur</strong></span> <span class='ocrx_word' id='word_1_456' title='bbox 1795 3849 1860 3888; x_wconf 83' lang='lat' dir='ltr'><strong>ex</strong></span> <span class='ocrx_word' id='word_1_457' title='bbox 1900 3832 2007 3889; x_wconf 85' lang='lat' dir='ltr'><strong>fide</strong></span> 
     </span>
    </p>
   </div>
   <div class='ocr_carea' id='block_1_57' title="bbox 403 3918 2007 3994">
    <p class='ocr_par' dir='ltr' id='par_1_57' title="bbox 403 3918 2007 3994">
     <span class='ocr_line' id='line_1_57' title="bbox 403 3918 2007 3994; baseline 0.003 -21"><span class='ocrx_word' id='word_1_458' title='bbox 403 3942 426 3967; x_wconf 77' lang='grc' dir='ltr'>α</span> <span class='ocrx_word' id='word_1_459' title='bbox 461 3918 679 3985; x_wconf 86' lang='lat' dir='ltr'><strong>Christi,</strong></span> <span class='ocrx_word' id='word_1_460' title='bbox 712 3926 896 3975; x_wconf 90' lang='lat' dir='ltr'><strong>etnon</strong></span> <span class='ocrx_word' id='word_1_461' title='bbox 925 3935 991 3974; x_wconf 85' lang='lat' dir='ltr'><strong>ex</strong></span> <span class='ocrx_word' id='word_1_462' title='bbox 1033 3920 1296 3990; x_wconf 86' lang='lat' dir='ltr'><strong>Operibus</strong></span> <span class='ocrx_word' id='word_1_463' title='bbox 1346 3919 1506 3993; x_wconf 87' lang='lat' dir='ltr'><strong>legis.</strong></span> <span class='ocrx_word' id='word_1_464' title='bbox 1545 3944 1567 3967; x_wconf 81' lang='grc' dir='ltr'>α</span> <span class='ocrx_word' id='word_1_465' title='bbox 1602 3922 1833 3992; x_wconf 90' lang='lat' dir='ltr'><strong>Propter</strong></span> <span class='ocrx_word' id='word_1_466' title='bbox 1861 3922 2007 3994; x_wconf 93' lang='lat' dir='ltr'><strong>quod</strong></span> 
     </span>
    </p>
   </div>
   <div class='ocr_carea' id='block_1_58' title="bbox 401 4006 2006 4078">
    <p class='ocr_par' dir='ltr' id='par_1_58' title="bbox 401 4006 2006 4078">
     <span class='ocr_line' id='line_1_58' title="bbox 401 4006 2006 4078; baseline 0.002 -15"><span class='ocrx_word' id='word_1_467' title='bbox 401 4029 423 4056; x_wconf 74' lang='grc' dir='ltr'>α</span> <span class='ocrx_word' id='word_1_468' title='bbox 458 4022 525 4064; x_wconf 88' lang='lat' dir='ltr'><strong>ex</strong></span> <span class='ocrx_word' id='word_1_469' title='bbox 565 4006 822 4078; x_wconf 90' lang='lat' dir='ltr'><strong>operibus</strong></span> <span class='ocrx_word' id='word_1_470' title='bbox 864 4007 1004 4078; x_wconf 84' lang='lat' dir='ltr'><strong>legis</strong></span> <span class='ocrx_word' id='word_1_471' title='bbox 1061 4024 1172 4064; x_wconf 91' lang='lat' dir='ltr'><strong>non</strong></span> <span class='ocrx_word' id='word_1_472' title='bbox 1217 4007 1605 4077; x_wconf 83' lang='lat' dir='ltr'><strong>justiﬁcabitur</strong></span> <span class='ocrx_word' id='word_1_473' title='bbox 1652 4010 1831 4065; x_wconf 89' lang='lat' dir='ltr'><strong>omnis</strong></span> <span class='ocrx_word' id='word_1_474' title='bbox 1878 4026 2006 4067; x_wconf 91' lang='lat' dir='ltr'><strong>caro</strong></span> 
     </span>
    </p>
   </div>
   <div class='ocr_carea' id='block_1_59' title="bbox 402 4095 2007 4169">
    <p class='ocr_par' dir='ltr' id='par_1_59' title="bbox 402 4095 2007 4169">
     <span class='ocr_line' id='line_1_59' title="bbox 402 4095 2007 4169; baseline 0.001 -17"><span class='ocrx_word' id='word_1_475' title='bbox 402 4118 424 4144; x_wconf 84' lang='lat'><strong>«</strong></span> <span class='ocrx_word' id='word_1_476' title='bbox 460 4096 641 4167; x_wconf 86' lang='lat' dir='ltr'><strong>(Rom.</strong></span> <span class='ocrx_word' id='word_1_477' title='bbox 681 4109 782 4162; x_wconf 82' lang='lat' dir='ltr'><strong>In,</strong></span> <span class='ocrx_word' id='word_1_478' title='bbox 840 4096 955 4167; x_wconf 78' lang='grc'><strong>20).</strong></span> <span class='ocrx_word' id='word_1_479' title='bbox 995 4120 1017 4145; x_wconf 77' lang='grc' dir='ltr'><strong>ιι</strong></span> <span class='ocrx_word' id='word_1_480' title='bbox 1097 4095 1258 4165; x_wconf 89' lang='lat' dir='ltr'><strong>Quod</strong></span> <span class='ocrx_word' id='word_1_481' title='bbox 1319 4096 1365 4151; x_wconf 91' lang='lat' dir='ltr'><strong>si</strong></span> <span class='ocrx_word' id='word_1_482' title='bbox 1428 4107 1735 4169; x_wconf 64' lang='lat' dir='ltr'><strong>querentes</strong></span> <span class='ocrx_word' id='word_1_483' title='bbox 1800 4098 2007 4168; x_wconf 85' lang='lat' dir='ltr'><strong>justiti-</strong></span> 
     </span>
    </p>
   </div>
   <div class='ocr_carea' id='block_1_60' title="bbox 401 4183 2001 4258">
    <p class='ocr_par' dir='ltr' id='par_1_60' title="bbox 401 4183 2001 4258">
     <span class='ocr_line' id='line_1_60' title="bbox 401 4183 2001 4258; baseline 0.001 -18"><span class='ocrx_word' id='word_1_484' title='bbox 401 4204 424 4231; x_wconf 77' lang='grc' dir='ltr'>ιι</span> <span class='ocrx_word' id='word_1_485' title='bbox 459 4183 576 4240; x_wconf 89' lang='lat' dir='ltr'><strong>cari</strong></span> <span class='ocrx_word' id='word_1_486' title='bbox 604 4184 660 4238; x_wconf 91' lang='lat' dir='ltr'><strong>in</strong></span> <span class='ocrx_word' id='word_1_487' title='bbox 692 4183 927 4252; x_wconf 86' lang='lat' dir='ltr'><strong>Christo,</strong></span> <span class='ocrx_word' id='word_1_488' title='bbox 963 4183 1168 4240; x_wconf 88' lang='lat' dir='ltr'><strong>inventi</strong></span> <span class='ocrx_word' id='word_1_489' title='bbox 1200 4200 1388 4240; x_wconf 92' lang='lat' dir='ltr'><strong>sumus</strong></span> <span class='ocrx_word' id='word_1_490' title='bbox 1435 4193 1487 4241; x_wconf 93' lang='lat' dir='ltr'><strong>et</strong></span> <span class='ocrx_word' id='word_1_491' title='bbox 1512 4186 1616 4257; x_wconf 90' lang='lat' dir='ltr'><strong>ipsi</strong></span> <span class='ocrx_word' id='word_1_492' title='bbox 1660 4196 2001 4258; x_wconf 90' lang='lat' dir='ltr'><strong>peccatores,</strong></span> 
     </span>
    </p>
   </div>
   <div class='ocr_carea' id='block_1_61' title="bbox 402 4271 2005 4344">
    <p class='ocr_par' dir='ltr' id='par_1_61' title="bbox 402 4271 2005 4344">
     <span class='ocr_line' id='line_1_61' title="bbox 402 4271 2005 4344; baseline 0.003 -18"><span class='ocrx_word' id='word_1_493' title='bbox 402 4294 424 4319; x_wconf 82' lang='grc' dir='ltr'>α</span> <span class='ocrx_word' id='word_1_494' title='bbox 458 4271 699 4344; x_wconf 91' lang='lat' dir='ltr'><strong>nunquid</strong></span> <span class='ocrx_word' id='word_1_495' title='bbox 733 4271 983 4327; x_wconf 89' lang='lat' dir='ltr'><strong>Christus</strong></span> <span class='ocrx_word' id='word_1_496' title='bbox 1031 4273 1242 4343; x_wconf 86' lang='lat' dir='ltr'><strong>peccati</strong></span> <span class='ocrx_word' id='word_1_497' title='bbox 1286 4273 1535 4330; x_wconf 89' lang='lat' dir='ltr'><strong>minister</strong></span> <span class='ocrx_word' id='word_1_498' title='bbox 1561 4276 1691 4331; x_wconf 84' lang='lat' dir='ltr'><strong>est?</strong></span> <span class='ocrx_word' id='word_1_499' title='bbox 1722 4275 1913 4331; x_wconf 80' lang='lat' dir='ltr'><strong>Absit!</strong></span> <span class='ocrx_word' id='word_1_500' title='bbox 1948 4276 2005 4331; x_wconf 93' lang='lat' dir='ltr'><strong>Si</strong></span> 
     </span>
    </p>
   </div>
   <div class='ocr_carea' id='block_1_62' title="bbox 398 4359 2004 4435">
    <p class='ocr_par' dir='ltr' id='par_1_62' title="bbox 398 4359 2004 4435">
     <span class='ocr_line' id='line_1_62' title="bbox 398 4359 2004 4435; baseline 0.005 -24"><span class='ocrx_word' id='word_1_501' title='bbox 398 4380 421 4411; x_wconf 70' lang='grc' dir='ltr'><strong><em>ι</em></strong></span> <span class='ocrx_word' id='word_1_502' title='bbox 456 4359 602 4416; x_wconf 88' lang='lat' dir='ltr'><strong>enim</strong></span> <span class='ocrx_word' id='word_1_503' title='bbox 633 4376 756 4432; x_wconf 67' lang='lat' dir='ltr'><strong>quae</strong></span> <span class='ocrx_word' id='word_1_504' title='bbox 785 4360 1048 4430; x_wconf 89' lang='lat' dir='ltr'><strong>destruxi,</strong></span> <span class='ocrx_word' id='word_1_505' title='bbox 1084 4361 1281 4418; x_wconf 88' lang='lat' dir='ltr'><strong>iterum</strong></span> <span class='ocrx_word' id='word_1_506' title='bbox 1313 4363 1429 4419; x_wconf 77' lang='lat' dir='ltr'><strong>haec</strong></span> <span class='ocrx_word' id='word_1_507' title='bbox 1458 4362 1753 4434; x_wconf 67' lang='lat' dir='ltr'><strong>reaedifico,</strong></span> <span class='ocrx_word' id='word_1_508' title='bbox 1788 4380 2004 4435; x_wconf 84' lang='lat' dir='ltr'><strong>praeva-</strong></span> 
     </span>
    </p>
   </div>
   <div class='ocr_carea' id='block_1_63' title="bbox 398 4449 2003 4525">
    <p class='ocr_par' dir='ltr' id='par_1_63' title="bbox 398 4449 2003 4525">
     <span class='ocr_line' id='line_1_63' title="bbox 398 4449 2003 4525; baseline 0.002 -22"><span class='ocrx_word' id='word_1_509' title='bbox 398 4470 419 4495; x_wconf 77' lang='grc' dir='ltr'><strong>ιι</strong></span> <span class='ocrx_word' id='word_1_510' title='bbox 456 4449 747 4506; x_wconf 88' lang='lat' dir='ltr'><strong>ricatorem</strong></span> <span class='ocrx_word' id='word_1_511' title='bbox 774 4465 863 4506; x_wconf 91' lang='lat' dir='ltr'><strong>me</strong></span> <span class='ocrx_word' id='word_1_512' title='bbox 892 4450 1181 4507; x_wconf 89' lang='lat' dir='ltr'><strong>constituo.</strong></span> <span class='ocrx_word' id='word_1_513' title='bbox 1217 4451 1341 4524; x_wconf 90' lang='lat' dir='ltr'><strong>Ego</strong></span> <span class='ocrx_word' id='word_1_514' title='bbox 1372 4451 1518 4508; x_wconf 93' lang='lat' dir='ltr'><strong>enim</strong></span> <span class='ocrx_word' id='word_1_515' title='bbox 1546 4468 1647 4524; x_wconf 89' lang='lat' dir='ltr'><strong>per</strong></span> <span class='ocrx_word' id='word_1_516' title='bbox 1678 4453 1861 4525; x_wconf 86' lang='lat' dir='ltr'><strong>legem</strong></span> <span class='ocrx_word' id='word_1_517' title='bbox 1891 4453 2003 4524; x_wconf 84' lang='lat' dir='ltr'><strong>legi</strong></span> 
     </span>
    </p>
   </div>
   <div class='ocr_carea' id='block_1_64' title="bbox 2123 1886 3737 1962">
    <p class='ocr_par' dir='ltr' id='par_1_64' title="bbox 2123 1886 3737 1962">
     <span class='ocr_line' id='line_1_64' title="bbox 2123 1886 3737 1962; baseline 0.004 -23"><span class='ocrx_word' id='word_1_518' title='bbox 2123 1886 2411 1957; x_wconf 87' lang='lat' dir='ltr'><strong>separatim</strong></span> <span class='ocrx_word' id='word_1_519' title='bbox 2427 1887 2627 1941; x_wconf 90' lang='lat' dir='ltr'><strong>contuli</strong></span> <span class='ocrx_word' id='word_1_520' title='bbox 2644 1904 2775 1943; x_wconf 88' lang='lat' dir='ltr'><strong>cum</strong></span> <span class='ocrx_word' id='word_1_521' title='bbox 2791 1888 2878 1943; x_wconf 78' lang='lat' dir='ltr'><strong>his</strong></span> <span class='ocrx_word' id='word_1_522' title='bbox 2894 1889 3337 1959; x_wconf 86' lang='lat' dir='ltr'><strong>quividebantur</strong></span> <span class='ocrx_word' id='word_1_523' title='bbox 3347 1905 3465 1945; x_wconf 86' lang='lat' dir='ltr'><strong>esse</strong></span> <span class='ocrx_word' id='word_1_524' title='bbox 3483 1890 3737 1962; x_wconf 80' lang='lat' dir='ltr'><strong>aliquid,</strong></span> 
     </span>
    </p>
   </div>
   <div class='ocr_carea' id='block_1_65' title="bbox 2120 1974 3739 2045">
    <p class='ocr_par' dir='ltr' id='par_1_65' title="bbox 2120 1974 3739 2045">
     <span class='ocr_line' id='line_1_65' title="bbox 2120 1974 3739 2045; baseline 0.004 -17"><span class='ocrx_word' id='word_1_525' title='bbox 2120 1974 2175 2028; x_wconf 91' lang='lat' dir='ltr'><strong>id</strong></span> <span class='ocrx_word' id='word_1_526' title='bbox 2208 1982 2289 2029; x_wconf 90' lang='lat' dir='ltr'><strong>est</strong></span> <span class='ocrx_word' id='word_1_527' title='bbox 2318 1991 2441 2028; x_wconf 92' lang='lat' dir='ltr'><strong>cum</strong></span> <span class='ocrx_word' id='word_1_528' title='bbox 2471 1976 2754 2045; x_wconf 89' lang='lat' dir='ltr'><strong>apostolis,</strong></span> <span class='ocrx_word' id='word_1_529' title='bbox 2788 1992 2896 2030; x_wconf 89' lang='lat' dir='ltr'><strong>non</strong></span> <span class='ocrx_word' id='word_1_530' title='bbox 2917 1986 3099 2032; x_wconf 85' lang='lat' dir='ltr'><strong>tamen</strong></span> <span class='ocrx_word' id='word_1_531' title='bbox 3133 1992 3379 2032; x_wconf 88' lang='lat' dir='ltr'><strong>seorsum</strong></span> <span class='ocrx_word' id='word_1_532' title='bbox 3409 1994 3534 2034; x_wconf 91' lang='lat' dir='ltr'><strong>cum</strong></span> <span class='ocrx_word' id='word_1_533' title='bbox 3563 1979 3655 2033; x_wconf 89' lang='lat' dir='ltr'><strong>his</strong></span> <span class='ocrx_word' id='word_1_534' title='bbox 3678 1989 3739 2035; x_wconf 89' lang='lat' dir='ltr'><strong>ut</strong></span> 
     </span>
    </p>
   </div>
   <div class='ocr_carea' id='block_1_66' title="bbox 2120 2061 3740 2138">
    <p class='ocr_par' dir='ltr' id='par_1_66' title="bbox 2120 2061 3740 2138">
     <span class='ocr_line' id='line_1_66' title="bbox 2120 2061 3740 2138; baseline 0.004 -23"><span class='ocrx_word' id='word_1_535' title='bbox 2120 2061 2257 2116; x_wconf 93' lang='lat' dir='ltr'><strong>alios</strong></span> <span class='ocrx_word' id='word_1_536' title='bbox 2287 2063 2662 2129; x_wconf 84' lang='lat' dir='ltr'><strong>excluderem,</strong></span> <span class='ocrx_word' id='word_1_537' title='bbox 2697 2072 2750 2118; x_wconf 94' lang='lat' dir='ltr'><strong>et</strong></span> <span class='ocrx_word' id='word_1_538' title='bbox 2798 2064 3009 2135; x_wconf 87' lang='lat' dir='ltr'><strong>private</strong></span> <span class='ocrx_word' id='word_1_539' title='bbox 3048 2080 3172 2121; x_wconf 90' lang='lat' dir='ltr'><strong>cum</strong></span> <span class='ocrx_word' id='word_1_540' title='bbox 3201 2066 3287 2120; x_wconf 89' lang='lat' dir='ltr'><strong>his</strong></span> <span class='ocrx_word' id='word_1_541' title='bbox 3315 2081 3576 2138; x_wconf 84' lang='lat' dir='ltr'><strong>agerem;</strong></span> <span class='ocrx_word' id='word_1_542' title='bbox 3632 2069 3740 2123; x_wconf 93' lang='lat' dir='ltr'><strong>sed</strong></span> 
     </span>
    </p>
   </div>
   <div class='ocr_carea' id='block_1_67' title="bbox 2118 2150 3741 2223">
    <p class='ocr_par' dir='ltr' id='par_1_67' title="bbox 2118 2150 3741 2223">
     <span class='ocr_line' id='line_1_67' title="bbox 2118 2150 3741 2223; baseline 0.005 -19"><span class='ocrx_word' id='word_1_543' title='bbox 2118 2150 2273 2220; x_wconf 91' lang='lat' dir='ltr'><strong>prius</strong></span> <span class='ocrx_word' id='word_1_544' title='bbox 2305 2166 2487 2206; x_wconf 92' lang='lat' dir='ltr'><strong>sermo</strong></span> <span class='ocrx_word' id='word_1_545' title='bbox 2516 2168 2675 2207; x_wconf 90' lang='lat' dir='ltr'><strong>meus</strong></span> <span class='ocrx_word' id='word_1_546' title='bbox 2730 2152 2947 2223; x_wconf 82' lang='lat' dir='ltr'><strong>publice</strong></span> <span class='ocrx_word' id='word_1_547' title='bbox 2993 2152 3093 2208; x_wconf 90' lang='lat' dir='ltr'><strong>fuit</strong></span> <span class='ocrx_word' id='word_1_548' title='bbox 3121 2153 3189 2209; x_wconf 89' lang='lat' dir='ltr'><strong>ad</strong></span> <span class='ocrx_word' id='word_1_549' title='bbox 3225 2168 3435 2222; x_wconf 88' lang='lat' dir='ltr'><strong>omnes,</strong></span> <span class='ocrx_word' id='word_1_550' title='bbox 3482 2171 3633 2211; x_wconf 91' lang='lat' dir='ltr'><strong>nunc</strong></span> <span class='ocrx_word' id='word_1_551' title='bbox 3662 2156 3741 2212; x_wconf 88' lang='lat' dir='ltr'><strong>ad</strong></span> 
     </span>
    </p>
   </div>
   <div class='ocr_carea' id='block_1_68' title="bbox 2118 2238 3736 2312">
    <p class='ocr_par' dir='ltr' id='par_1_68' title="bbox 2118 2238 3736 2312">
     <span class='ocr_line' id='line_1_68' title="bbox 2118 2238 3736 2312; baseline 0.006 -20"><span class='ocrx_word' id='word_1_552' title='bbox 2118 2238 2268 2293; x_wconf 92' lang='lat' dir='ltr'><strong>istos.</strong></span> <span class='ocrx_word' id='word_1_553' title='bbox 2303 2238 2402 2294; x_wconf 87' lang='lat' dir='ltr'><strong>Vel</strong></span> <span class='ocrx_word' id='word_1_554' title='bbox 2433 2239 2505 2293; x_wconf 92' lang='lat' dir='ltr'><strong>ita</strong></span> <span class='ocrx_word' id='word_1_555' title='bbox 2538 2257 2551 2294; x_wconf 87' lang='lat'><strong>:</strong></span> <span class='ocrx_word' id='word_1_556' title='bbox 2586 2240 2801 2295; x_wconf 90' lang='lat' dir='ltr'><strong>Contuli</strong></span> <span class='ocrx_word' id='word_1_557' title='bbox 2830 2256 2955 2296; x_wconf 92' lang='lat' dir='ltr'><strong>cum</strong></span> <span class='ocrx_word' id='word_1_558' title='bbox 3004 2241 3111 2296; x_wconf 90' lang='lat' dir='ltr'><strong>illis</strong></span> <span class='ocrx_word' id='word_1_559' title='bbox 3156 2258 3400 2297; x_wconf 87' lang='lat' dir='ltr'><strong>seorsum</strong></span> <span class='ocrx_word' id='word_1_560' title='bbox 3432 2241 3590 2299; x_wconf 88' lang='lat' dir='ltr'><strong>factis</strong></span> <span class='ocrx_word' id='word_1_561' title='bbox 3621 2245 3736 2312; x_wconf 87' lang='lat' dir='ltr'><strong>his,</strong></span> 
     </span>
    </p>
   </div>
   <div class='ocr_carea' id='block_1_69' title="bbox 2118 2326 3740 2401">
    <p class='ocr_par' dir='ltr' id='par_1_69' title="bbox 2118 2326 3740 2401">
     <span class='ocr_line' id='line_1_69' title="bbox 2118 2326 3740 2401; baseline 0.006 -21"><span class='ocrx_word' id='word_1_562' title='bbox 2118 2326 2172 2380; x_wconf 92' lang='lat' dir='ltr'><strong>id</strong></span> <span class='ocrx_word' id='word_1_563' title='bbox 2206 2335 2288 2381; x_wconf 89' lang='lat' dir='ltr'><strong>est</strong></span> <span class='ocrx_word' id='word_1_564' title='bbox 2316 2328 2597 2398; x_wconf 90' lang='lat' dir='ltr'><strong>apostolis,</strong></span> <span class='ocrx_word' id='word_1_565' title='bbox 2634 2345 2703 2384; x_wconf 92' lang='lat' dir='ltr'><strong>ne</strong></span> <span class='ocrx_word' id='word_1_566' title='bbox 2734 2329 2955 2384; x_wconf 86' lang='lat' dir='ltr'><strong>viderer</strong></span> <span class='ocrx_word' id='word_1_567' title='bbox 2983 2329 3256 2401; x_wconf 90' lang='lat' dir='ltr'><strong>impotens</strong></span> <span class='ocrx_word' id='word_1_568' title='bbox 3277 2347 3398 2386; x_wconf 90' lang='lat' dir='ltr'><strong>esse</strong></span> <span class='ocrx_word' id='word_1_569' title='bbox 3427 2331 3740 2389; x_wconf 76' lang='lat' dir='ltr'><strong>defendere</strong></span> 
     </span>
    </p>
   </div>
   <div class='ocr_carea' id='block_1_70' title="bbox 2115 2415 3740 2487">
    <p class='ocr_par' dir='ltr' id='par_1_70' title="bbox 2115 2415 3740 2487">
     <span class='ocr_line' id='line_1_70' title="bbox 2115 2415 3740 2487; baseline 0.005 -18"><span class='ocrx_word' id='word_1_570' title='bbox 2115 2415 2476 2487; x_wconf 87' lang='lat' dir='ltr'><strong>Evangelium</strong></span> <span class='ocrx_word' id='word_1_571' title='bbox 2524 2432 2706 2472; x_wconf 90' lang='lat' dir='ltr'><strong>meum</strong></span> <span class='ocrx_word' id='word_1_572' title='bbox 2768 2417 2887 2473; x_wconf 87' lang='lat' dir='ltr'><strong>sine</strong></span> <span class='ocrx_word' id='word_1_573' title='bbox 2952 2418 3153 2474; x_wconf 86' lang='lat' dir='ltr'><strong>auxilio</strong></span> <span class='ocrx_word' id='word_1_574' title='bbox 3199 2434 3408 2473; x_wconf 91' lang='lat' dir='ltr'><strong>eorum.</strong></span> <span class='ocrx_word' id='word_1_575' title='bbox 3459 2421 3591 2475; x_wconf 89' lang='lat' dir='ltr'><strong>Ideo</strong></span> <span class='ocrx_word' id='word_1_576' title='bbox 3652 2423 3740 2478; x_wconf 91' lang='lat' dir='ltr'><strong>sic</strong></span> 
     </span>
    </p>
   </div>
   <div class='ocr_carea' id='block_1_71' title="bbox 2116 2503 3734 2579">
    <p class='ocr_par' dir='ltr' id='par_1_71' title="bbox 2116 2503 3734 2579">
     <span class='ocr_line' id='line_1_71' title="bbox 2116 2503 3734 2579; baseline 0.004 -21"><span class='ocrx_word' id='word_1_577' title='bbox 2116 2503 2322 2559; x_wconf 89' lang='lat' dir='ltr'><strong>contuli</strong></span> <span class='ocrx_word' id='word_1_578' title='bbox 2345 2520 2418 2559; x_wconf 86' lang='lat' dir='ltr'><strong>ne</strong></span> <span class='ocrx_word' id='word_1_579' title='bbox 2448 2507 2598 2574; x_wconf 84' lang='lat' dir='ltr'><strong>forte</strong></span> <span class='ocrx_word' id='word_1_580' title='bbox 2628 2508 2643 2549; x_wconf 74' lang='grc' dir='ltr'><em>ί</em></span> <span class='ocrx_word' id='word_1_581' title='bbox 2652 2505 2798 2576; x_wconf 91' lang='lat' dir='ltr'><strong>quod</strong></span> <span class='ocrx_word' id='word_1_582' title='bbox 2828 2505 3146 2579; x_wconf 89' lang='lat' dir='ltr'><strong>contingere</strong></span> <span class='ocrx_word' id='word_1_583' title='bbox 3176 2507 3381 2578; x_wconf 88' lang='lat' dir='ltr'><strong>posset)</strong></span> <span class='ocrx_word' id='word_1_584' title='bbox 3410 2525 3734 2577; x_wconf 77' lang='lat' dir='ltr'><strong>currerent,</strong></span> 
     </span>
    </p>
   </div>
   <div class='ocr_carea' id='block_1_72' title="bbox 2115 2590 3731 2668">
    <p class='ocr_par' dir='ltr' id='par_1_72' title="bbox 2115 2590 3731 2668">
     <span class='ocr_line' id='line_1_72' title="bbox 2115 2590 3731 2668; baseline 0.006 -23"><span class='ocrx_word' id='word_1_585' title='bbox 2115 2590 2171 2646; x_wconf 90' lang='lat' dir='ltr'><strong>id</strong></span> <span class='ocrx_word' id='word_1_586' title='bbox 2196 2599 2277 2647; x_wconf 91' lang='lat' dir='ltr'><strong>est</strong></span> <span class='ocrx_word' id='word_1_587' title='bbox 2306 2607 2531 2649; x_wconf 91' lang='lat' dir='ltr'><strong>currere</strong></span> <span class='ocrx_word' id='word_1_588' title='bbox 2559 2600 2802 2664; x_wconf 90' lang='lat' dir='ltr'><strong>putarer,</strong></span> <span class='ocrx_word' id='word_1_589' title='bbox 2832 2598 2935 2651; x_wconf 89' lang='lat' dir='ltr'><strong>aut</strong></span> <span class='ocrx_word' id='word_1_590' title='bbox 2981 2596 3297 2652; x_wconf 72' lang='lat' dir='ltr'><strong>cucurrisse</strong></span> <span class='ocrx_word' id='word_1_591' title='bbox 3363 2596 3425 2652; x_wconf 83' lang='lat' dir='ltr'><strong>in</strong></span> <span class='ocrx_word' id='word_1_592' title='bbox 3457 2613 3731 2668; x_wconf 86' lang='lat' dir='ltr'><strong>vacuum,</strong></span> 
     </span>
    </p>
   </div>
   <div class='ocr_carea' id='block_1_73' title="bbox 2114 2680 3739 2754">
    <p class='ocr_par' dir='ltr' id='par_1_73' title="bbox 2114 2680 3739 2754">
     <span class='ocr_line' id='line_1_73' title="bbox 2114 2680 3739 2754; baseline 0.007 -21"><span class='ocrx_word' id='word_1_593' title='bbox 2114 2680 2221 2734; x_wconf 91' lang='lat' dir='ltr'><strong>nisi</strong></span> <span class='ocrx_word' id='word_1_594' title='bbox 2249 2696 2350 2751; x_wconf 91' lang='lat' dir='ltr'><strong>per</strong></span> <span class='ocrx_word' id='word_1_595' title='bbox 2378 2682 2524 2738; x_wconf 87' lang='lat' dir='ltr'><strong>hanc</strong></span> <span class='ocrx_word' id='word_1_596' title='bbox 2552 2681 2903 2738; x_wconf 90' lang='lat' dir='ltr'><strong>collationem</strong></span> <span class='ocrx_word' id='word_1_597' title='bbox 2936 2684 3303 2754; x_wconf 89' lang='lat' dir='ltr'><strong>approbarem</strong></span> <span class='ocrx_word' id='word_1_598' title='bbox 3330 2699 3513 2741; x_wconf 88' lang='lat' dir='ltr'><strong>meum</strong></span> <span class='ocrx_word' id='word_1_599' title='bbox 3543 2686 3739 2744; x_wconf 88' lang='lat' dir='ltr'><strong>Evan-</strong></span> 
     </span>
    </p>
   </div>
   <div class='ocr_carea' id='block_1_74' title="bbox 2113 2768 3730 2845">
    <p class='ocr_par' dir='ltr' id='par_1_74' title="bbox 2113 2768 3730 2845">
     <span class='ocr_line' id='line_1_74' title="bbox 2113 2768 3730 2845; baseline 0.006 -23"><span class='ocrx_word' id='word_1_600' title='bbox 2113 2768 2339 2841; x_wconf 88' lang='lat' dir='ltr'><strong>gelium.</strong></span> <span class='ocrx_word' id='word_1_601' title='bbox 2374 2770 2492 2826; x_wconf 92' lang='lat' dir='ltr'><strong>Nec</strong></span> <span class='ocrx_word' id='word_1_602' title='bbox 2524 2778 2733 2826; x_wconf 87' lang='lat' dir='ltr'><strong>tantum</strong></span> <span class='ocrx_word' id='word_1_603' title='bbox 2782 2770 3119 2828; x_wconf 86' lang='lat' dir='ltr'><strong>conferendo</strong></span> <span class='ocrx_word' id='word_1_604' title='bbox 3164 2772 3297 2827; x_wconf 90' lang='lat' dir='ltr'><strong>illud</strong></span> <span class='ocrx_word' id='word_1_605' title='bbox 3344 2774 3730 2845; x_wconf 88' lang='lat' dir='ltr'><strong>comprobavi,</strong></span> 
     </span>
    </p>
   </div>
   <div class='ocr_carea' id='block_1_75' title="bbox 2115 2858 3731 2931">
    <p class='ocr_par' dir='ltr' id='par_1_75' title="bbox 2115 2858 3731 2931">
     <span class='ocr_line' id='line_1_75' title="bbox 2115 2858 3731 2931; baseline 0.006 -20"><span class='ocrx_word' id='word_1_606' title='bbox 2115 2858 2213 2911; x_wconf 90' lang='lat' dir='ltr'><strong>sed</strong></span> <span class='ocrx_word' id='word_1_607' title='bbox 2242 2873 2423 2929; x_wconf 84' lang='lat' dir='ltr'><strong>neque</strong></span> <span class='ocrx_word' id='word_1_608' title='bbox 2455 2858 2618 2913; x_wconf 90' lang='lat' dir='ltr'><strong>etiam</strong></span> <span class='ocrx_word' id='word_1_609' title='bbox 2654 2860 2809 2915; x_wconf 80' lang='lat' dir='ltr'><strong>Titus</strong></span> <span class='ocrx_word' id='word_1_610' title='bbox 2837 2861 2935 2931; x_wconf 83' lang='lat' dir='ltr'><strong>qui</strong></span> <span class='ocrx_word' id='word_1_611' title='bbox 2969 2876 3192 2917; x_wconf 86' lang='lat' dir='ltr'><strong>mecum</strong></span> <span class='ocrx_word' id='word_1_612' title='bbox 3223 2866 3367 2928; x_wconf 90' lang='lat' dir='ltr'><strong>erat,</strong></span> <span class='ocrx_word' id='word_1_613' title='bbox 3397 2878 3530 2917; x_wconf 86' lang='lat' dir='ltr'><strong>cum</strong></span> <span class='ocrx_word' id='word_1_614' title='bbox 3576 2870 3731 2921; x_wconf 87' lang='lat' dir='ltr'><strong>esset</strong></span> 
     </span>
    </p>
   </div>
   <div class='ocr_carea' id='block_1_76' title="bbox 2111 2944 3734 3020">
    <p class='ocr_par' dir='ltr' id='par_1_76' title="bbox 2111 2944 3734 3020">
     <span class='ocr_line' id='line_1_76' title="bbox 2111 2944 3734 3020; baseline 0.007 -22"><span class='ocrx_word' id='word_1_615' title='bbox 2111 2944 2327 3007; x_wconf 84' lang='lat' dir='ltr'><strong>natione</strong></span> <span class='ocrx_word' id='word_1_616' title='bbox 2358 2946 2616 3017; x_wconf 79' lang='lat' dir='ltr'><strong>gentilis,</strong></span> <span class='ocrx_word' id='word_1_617' title='bbox 2649 2949 2974 3020; x_wconf 85' lang='lat' dir='ltr'><strong>compulsus</strong></span> <span class='ocrx_word' id='word_1_618' title='bbox 2995 2952 3081 3004; x_wconf 88' lang='lat' dir='ltr'><strong>est</strong></span> <span class='ocrx_word' id='word_1_619' title='bbox 3108 2950 3460 3006; x_wconf 85' lang='lat' dir='ltr'><strong>circumcidi.</strong></span> <span class='ocrx_word' id='word_1_620' title='bbox 3480 2951 3587 3006; x_wconf 92' lang='lat' dir='ltr'><strong>Per</strong></span> <span class='ocrx_word' id='word_1_621' title='bbox 3618 2952 3734 3011; x_wconf 87' lang='lat' dir='ltr'><strong>hoc</strong></span> 
     </span>
    </p>
   </div>
   <div class='ocr_carea' id='block_1_77' title="bbox 2112 3032 3733 3108">
    <p class='ocr_par' dir='ltr' id='par_1_77' title="bbox 2112 3032 3733 3108">
     <span class='ocr_line' id='line_1_77' title="bbox 2112 3032 3733 3108; baseline 0.006 -22"><span class='ocrx_word' id='word_1_622' title='bbox 2112 3032 2260 3102; x_wconf 93' lang='lat' dir='ltr'><strong>quod</strong></span> <span class='ocrx_word' id='word_1_623' title='bbox 2310 3033 2390 3087; x_wconf 89' lang='lat' dir='ltr'><strong>ait</strong></span> <span class='ocrx_word' id='word_1_624' title='bbox 2436 3034 2770 3105; x_wconf 90' lang='lat' dir='ltr'><strong>compulsus,</strong></span> <span class='ocrx_word' id='word_1_625' title='bbox 2826 3035 2999 3090; x_wconf 91' lang='lat' dir='ltr'><strong>innuit</strong></span> <span class='ocrx_word' id='word_1_626' title='bbox 3042 3036 3167 3093; x_wconf 89' lang='lat' dir='ltr'><strong>illos</strong></span> <span class='ocrx_word' id='word_1_627' title='bbox 3236 3038 3447 3108; x_wconf 89' lang='lat' dir='ltr'><strong>pseudo</strong></span> <span class='ocrx_word' id='word_1_628' title='bbox 3492 3039 3733 3098; x_wconf 88' lang='lat' dir='ltr'><strong>multum</strong></span> 
     </span>
    </p>
   </div>
   <div class='ocr_carea' id='block_1_78' title="bbox 2111 3118 3727 3190">
    <p class='ocr_par' dir='ltr' id='par_1_78' title="bbox 2111 3118 3727 3190">
     <span class='ocr_line' id='line_1_78' title="bbox 2111 3118 3727 3190; baseline 0.009 -17"><span class='ocrx_word' id='word_1_629' title='bbox 2111 3118 2401 3175; x_wconf 91' lang='lat' dir='ltr'><strong>laborasse</strong></span> <span class='ocrx_word' id='word_1_630' title='bbox 2430 3130 2622 3177; x_wconf 91' lang='lat' dir='ltr'><strong>contra</strong></span> <span class='ocrx_word' id='word_1_631' title='bbox 2651 3122 2896 3190; x_wconf 90' lang='lat' dir='ltr'><strong>Paulum,</strong></span> <span class='ocrx_word' id='word_1_632' title='bbox 2929 3131 2988 3178; x_wconf 91' lang='lat' dir='ltr'><strong>ut</strong></span> <span class='ocrx_word' id='word_1_633' title='bbox 3034 3124 3519 3182; x_wconf 89' lang='lat' dir='ltr'><strong>circumcideretur</strong></span> <span class='ocrx_word' id='word_1_634' title='bbox 3545 3128 3727 3187; x_wconf 89' lang='lat' dir='ltr'><strong>Titus.</strong></span> 
     </span>
    </p>
   </div>
   <div class='ocr_carea' id='block_1_79' title="bbox 2109 3209 3731 3283">
    <p class='ocr_par' dir='ltr' id='par_1_79' title="bbox 2109 3209 3731 3283">
     <span class='ocr_line' id='line_1_79' title="bbox 2109 3209 3731 3283; baseline 0.007 -20"><span class='ocrx_word' id='word_1_635' title='bbox 2109 3209 2227 3264; x_wconf 88' lang='lat' dir='ltr'><strong>Nec</strong></span> <span class='ocrx_word' id='word_1_636' title='bbox 2248 3216 2455 3264; x_wconf 90' lang='lat' dir='ltr'><strong>tantum</strong></span> <span class='ocrx_word' id='word_1_637' title='bbox 2483 3210 2633 3265; x_wconf 89' lang='lat' dir='ltr'><strong>Titus</strong></span> <span class='ocrx_word' id='word_1_638' title='bbox 2682 3227 2791 3266; x_wconf 91' lang='lat' dir='ltr'><strong>non</strong></span> <span class='ocrx_word' id='word_1_639' title='bbox 2839 3219 2920 3266; x_wconf 92' lang='lat' dir='ltr'><strong>est</strong></span> <span class='ocrx_word' id='word_1_640' title='bbox 2964 3214 3281 3283; x_wconf 89' lang='lat' dir='ltr'><strong>compulsus</strong></span> <span class='ocrx_word' id='word_1_641' title='bbox 3320 3214 3389 3269; x_wconf 88' lang='lat' dir='ltr'><strong>ad</strong></span> <span class='ocrx_word' id='word_1_642' title='bbox 3444 3215 3592 3283; x_wconf 88' lang='lat' dir='ltr'><strong>hoc;</strong></span> <span class='ocrx_word' id='word_1_643' title='bbox 3628 3219 3731 3275; x_wconf 85' lang='lat' dir='ltr'><strong>sed</strong></span> 
     </span>
    </p>
   </div>
   <div class='ocr_carea' id='block_1_80' title="bbox 2109 3298 3733 3373">
    <p class='ocr_par' dir='ltr' id='par_1_80' title="bbox 2109 3298 3733 3373">
     <span class='ocr_line' id='line_1_80' title="bbox 2109 3298 3733 3373; baseline 0.007 -22"><span class='ocrx_word' id='word_1_644' title='bbox 2109 3313 2288 3369; x_wconf 88' lang='lat' dir='ltr'><strong>neque</strong></span> <span class='ocrx_word' id='word_1_645' title='bbox 2306 3300 2484 3353; x_wconf 81' lang='lat' dir='ltr'><strong>etiam</strong></span> <span class='ocrx_word' id='word_1_646' title='bbox 2504 3299 2577 3354; x_wconf 88' lang='lat' dir='ltr'><strong>ad</strong></span> <span class='ocrx_word' id='word_1_647' title='bbox 2592 3298 2789 3355; x_wconf 86' lang='lat' dir='ltr'><strong>horam</strong></span> <span class='ocrx_word' id='word_1_648' title='bbox 2809 3301 3083 3356; x_wconf 79' lang='lat' dir='ltr'><strong>cessimus</strong></span> <span class='ocrx_word' id='word_1_649' title='bbox 3095 3303 3456 3373; x_wconf 84' lang='lat' dir='ltr'><strong>subjectioni.</strong></span> <span class='ocrx_word' id='word_1_650' title='bbox 3486 3303 3634 3372; x_wconf 91' lang='lat' dir='ltr'><strong>Quia</strong></span> <span class='ocrx_word' id='word_1_651' title='bbox 3645 3307 3733 3364; x_wconf 90' lang='lat' dir='ltr'><strong>sic</strong></span> 
     </span>
    </p>
   </div>
   <div class='ocr_carea' id='block_1_81' title="bbox 2109 3386 3731 3466">
    <p class='ocr_par' dir='ltr' id='par_1_81' title="bbox 2109 3386 3731 3466">
     <span class='ocr_line' id='line_1_81' title="bbox 2109 3386 3731 3466; baseline 0.007 -27"><span class='ocrx_word' id='word_1_652' title='bbox 2109 3386 2227 3439; x_wconf 89' lang='lat' dir='ltr'><strong>ait:</strong></span> <span class='ocrx_word' id='word_1_653' title='bbox 2282 3387 2403 3441; x_wconf 90' lang='lat' dir='ltr'><strong>Non</strong></span> <span class='ocrx_word' id='word_1_654' title='bbox 2452 3395 2533 3441; x_wconf 90' lang='lat' dir='ltr'><strong>est</strong></span> <span class='ocrx_word' id='word_1_655' title='bbox 2573 3388 2885 3459; x_wconf 89' lang='lat' dir='ltr'><strong>compulsus</strong></span> <span class='ocrx_word' id='word_1_656' title='bbox 2932 3389 3289 3458; x_wconf 89' lang='lat' dir='ltr'><strong>circumcidi;</strong></span> <span class='ocrx_word' id='word_1_657' title='bbox 3343 3408 3446 3448; x_wconf 91' lang='lat' dir='ltr'><strong>nec</strong></span> <span class='ocrx_word' id='word_1_658' title='bbox 3483 3400 3731 3466; x_wconf 81' lang='lat' dir='ltr'><strong>propter</strong></span> 
     </span>
    </p>
   </div>
   <div class='ocr_carea' id='block_1_82' title="bbox 2107 3474 3726 3551">
    <p class='ocr_par' dir='ltr' id='par_1_82' title="bbox 2107 3474 3726 3551">
     <span class='ocr_line' id='line_1_82' title="bbox 2107 3474 3726 3551; baseline 0.006 -22"><span class='ocrx_word' id='word_1_659' title='bbox 2107 3474 2575 3531; x_wconf 79' lang='lat' dir='ltr'><strong>subintroductos</strong></span> <span class='ocrx_word' id='word_1_660' title='bbox 2593 3478 2768 3547; x_wconf 76' lang='lat' dir='ltr'><strong>falsos</strong></span> <span class='ocrx_word' id='word_1_661' title='bbox 2797 3480 3030 3548; x_wconf 79' lang='lat' dir='ltr'><strong>fratres.</strong></span> <span class='ocrx_word' id='word_1_662' title='bbox 3068 3478 3317 3534; x_wconf 84' lang='lat' dir='ltr'><strong>[nﬁdeles</strong></span> <span class='ocrx_word' id='word_1_663' title='bbox 3345 3480 3491 3535; x_wconf 88' lang='lat' dir='ltr'><strong>enim</strong></span> <span class='ocrx_word' id='word_1_664' title='bbox 3518 3482 3726 3551; x_wconf 62' lang='lat' dir='ltr'><strong>Judaei,</strong></span> 
     </span>
    </p>
   </div>
   <div class='ocr_carea' id='block_1_83' title="bbox 2111 3562 3724 3639">
    <p class='ocr_par' dir='ltr' id='par_1_83' title="bbox 2111 3562 3724 3639">
     <span class='ocr_line' id='line_1_83' title="bbox 2111 3562 3724 3639; baseline 0.007 -24"><span class='ocrx_word' id='word_1_665' title='bbox 2111 3562 2312 3634; x_wconf 92' lang='lat' dir='ltr'><strong>quibus</strong></span> <span class='ocrx_word' id='word_1_666' title='bbox 2362 3563 2560 3618; x_wconf 90' lang='lat' dir='ltr'><strong>Paulus</strong></span> <span class='ocrx_word' id='word_1_667' title='bbox 2606 3565 2731 3635; x_wconf 92' lang='lat' dir='ltr'><strong>quia</strong></span> <span class='ocrx_word' id='word_1_668' title='bbox 2794 3563 3124 3634; x_wconf 86' lang='lat' dir='ltr'><strong>infidelibus,</strong></span> <span class='ocrx_word' id='word_1_669' title='bbox 3180 3582 3290 3621; x_wconf 91' lang='lat' dir='ltr'><strong>non</strong></span> <span class='ocrx_word' id='word_1_670' title='bbox 3336 3570 3724 3639; x_wconf 89' lang='lat' dir='ltr'><strong>responderet,</strong></span> 
     </span>
    </p>
   </div>
   <div class='ocr_carea' id='block_1_84' title="bbox 2110 3650 3726 3728">
    <p class='ocr_par' dir='ltr' id='par_1_84' title="bbox 2110 3650 3726 3728">
     <span class='ocr_line' id='line_1_84' title="bbox 2110 3650 3726 3728; baseline 0.006 -24"><span class='ocrx_word' id='word_1_671' title='bbox 2110 3650 2334 3720; x_wconf 67' lang='lat' dir='ltr'><strong>praamio</strong></span> <span class='ocrx_word' id='word_1_672' title='bbox 2368 3651 2745 3708; x_wconf 87' lang='lat' dir='ltr'><strong>conducebant</strong></span> <span class='ocrx_word' id='word_1_673' title='bbox 2766 3652 2935 3708; x_wconf 90' lang='lat' dir='ltr'><strong>falsos</strong></span> <span class='ocrx_word' id='word_1_674' title='bbox 2960 3653 3174 3721; x_wconf 89' lang='lat' dir='ltr'><strong>fratres,</strong></span> <span class='ocrx_word' id='word_1_675' title='bbox 3197 3670 3298 3726; x_wconf 91' lang='lat' dir='ltr'><strong>per</strong></span> <span class='ocrx_word' id='word_1_676' title='bbox 3325 3672 3463 3728; x_wconf 89' lang='lat' dir='ltr'><strong>quos</strong></span> <span class='ocrx_word' id='word_1_677' title='bbox 3495 3658 3726 3715; x_wconf 89' lang='lat' dir='ltr'><strong>Paulum</strong></span> 
     </span>
    </p>
   </div>
   <div class='ocr_carea' id='block_1_85' title="bbox 2108 3738 3724 3817">
    <p class='ocr_par' dir='ltr' id='par_1_85' title="bbox 2108 3738 3724 3817">
     <span class='ocr_line' id='line_1_85' title="bbox 2108 3738 3724 3817; baseline 0.007 -24"><span class='ocrx_word' id='word_1_678' title='bbox 2108 3738 2520 3811; x_wconf 88' lang='lat' dir='ltr'><strong>impugnarent.</strong></span> <span class='ocrx_word' id='word_1_679' title='bbox 2572 3740 2803 3812; x_wconf 88' lang='lat' dir='ltr'><strong>Pr0pter</strong></span> <span class='ocrx_word' id='word_1_680' title='bbox 2853 3741 3014 3808; x_wconf 90' lang='lat' dir='ltr'><strong>illos,</strong></span> <span class='ocrx_word' id='word_1_681' title='bbox 3073 3742 3298 3814; x_wconf 90' lang='lat' dir='ltr'><strong>inquam</strong></span> <span class='ocrx_word' id='word_1_682' title='bbox 3320 3786 3335 3809; x_wconf 94' lang='lat'><strong>,</strong></span> <span class='ocrx_word' id='word_1_683' title='bbox 3384 3747 3481 3817; x_wconf 84' lang='lat' dir='ltr'><strong>qui</strong></span> <span class='ocrx_word' id='word_1_684' title='bbox 3523 3746 3724 3804; x_wconf 91' lang='lat' dir='ltr'><strong>dolose</strong></span> 
     </span>
    </p>
   </div>
   <div class='ocr_carea' id='block_1_86' title="bbox 2107 3828 3724 3901">
    <p class='ocr_par' dir='ltr' id='par_1_86' title="bbox 2107 3828 3724 3901">
     <span class='ocr_line' id='line_1_86' title="bbox 2107 3828 3724 3901; baseline 0.006 -19"><span class='ocrx_word' id='word_1_685' title='bbox 2107 3828 2565 3883; x_wconf 86' lang='lat' dir='ltr'><strong>subintroierunt</strong></span> <span class='ocrx_word' id='word_1_686' title='bbox 2584 3830 2884 3901; x_wconf 75' lang='lat' dir='ltr'><strong>explorare</strong></span> <span class='ocrx_word' id='word_1_687' title='bbox 2917 3830 3239 3887; x_wconf 84' lang='lat' dir='ltr'><strong>libertatem</strong></span> <span class='ocrx_word' id='word_1_688' title='bbox 3255 3836 3537 3900; x_wconf 85' lang='lat' dir='ltr'><strong>nostram,</strong></span> <span class='ocrx_word' id='word_1_689' title='bbox 3555 3834 3613 3889; x_wconf 92' lang='lat' dir='ltr'><strong>id</strong></span> <span class='ocrx_word' id='word_1_690' title='bbox 3633 3845 3724 3891; x_wconf 88' lang='lat' dir='ltr'><strong>est</strong></span> 
     </span>
    </p>
   </div>
   <div class='ocr_carea' id='block_1_87' title="bbox 2108 3913 3726 3993">
    <p class='ocr_par' dir='ltr' id='par_1_87' title="bbox 2108 3913 3726 3993">
     <span class='ocr_line' id='line_1_87' title="bbox 2108 3913 3726 3993; baseline 0.007 -25"><span class='ocrx_word' id='word_1_691' title='bbox 2108 3913 2275 3969; x_wconf 86' lang='lat' dir='ltr'><strong>ﬁdem</strong></span> <span class='ocrx_word' id='word_1_692' title='bbox 2301 3932 2422 3987; x_wconf 69' lang='lat' dir='ltr'><strong>quae</strong></span> <span class='ocrx_word' id='word_1_693' title='bbox 2450 3931 2550 3970; x_wconf 89' lang='lat' dir='ltr'><strong>nos</strong></span> <span class='ocrx_word' id='word_1_694' title='bbox 2572 3916 2776 3972; x_wconf 89' lang='lat' dir='ltr'><strong>liberos</strong></span> <span class='ocrx_word' id='word_1_695' title='bbox 2800 3916 2924 3973; x_wconf 86' lang='lat' dir='ltr'><strong>facit</strong></span> <span class='ocrx_word' id='word_1_696' title='bbox 2945 3934 2974 3972; x_wconf 90' lang='lat' dir='ltr'><strong>a</strong></span> <span class='ocrx_word' id='word_1_697' title='bbox 2991 3919 3127 3990; x_wconf 92' lang='lat' dir='ltr'><strong>jugo</strong></span> <span class='ocrx_word' id='word_1_698' title='bbox 3160 3919 3334 3990; x_wconf 85' lang='lat' dir='ltr'><strong>legis;</strong></span> <span class='ocrx_word' id='word_1_699' title='bbox 3358 3937 3523 3993; x_wconf 87' lang='lat' dir='ltr'><strong>quam</strong></span> <span class='ocrx_word' id='word_1_700' title='bbox 3554 3922 3726 3980; x_wconf 84' lang='lat' dir='ltr'><strong>liber-</strong></span> 
     </span>
    </p>
   </div>
   <div class='ocr_carea' id='block_1_88' title="bbox 2107 4003 3720 4079">
    <p class='ocr_par' dir='ltr' id='par_1_88' title="bbox 2107 4003 3720 4079">
     <span class='ocr_line' id='line_1_88' title="bbox 2107 4003 3720 4079; baseline 0.007 -22"><span class='ocrx_word' id='word_1_701' title='bbox 2107 4010 2272 4058; x_wconf 87' lang='lat' dir='ltr'><strong>tatem</strong></span> <span class='ocrx_word' id='word_1_702' title='bbox 2301 4003 2566 4060; x_wconf 87' lang='lat' dir='ltr'><strong>habemus</strong></span> <span class='ocrx_word' id='word_1_703' title='bbox 2594 4006 2659 4059; x_wconf 85' lang='lat' dir='ltr'><strong>in</strong></span> <span class='ocrx_word' id='word_1_704' title='bbox 2682 4004 2908 4062; x_wconf 82' lang='lat' dir='ltr'><strong>Christo</strong></span> <span class='ocrx_word' id='word_1_705' title='bbox 2932 4008 3091 4064; x_wconf 86' lang='lat' dir='ltr'><strong>Jesu.</strong></span> <span class='ocrx_word' id='word_1_706' title='bbox 3130 4007 3429 4079; x_wconf 84' lang='lat' dir='ltr'><strong>Explorare</strong></span> <span class='ocrx_word' id='word_1_707' title='bbox 3468 4009 3720 4069; x_wconf 75' lang='lat'><strong>209</strong></span> 
     </span>
    </p>
   </div>
   <div class='ocr_carea' id='block_1_89' title="bbox 2106 4091 3721 4166">
    <p class='ocr_par' dir='ltr' id='par_1_89' title="bbox 2106 4091 3721 4166">
     <span class='ocr_line' id='line_1_89' title="bbox 2106 4091 3721 4166; baseline 0.007 -21"><span class='ocrx_word' id='word_1_708' title='bbox 2106 4091 2253 4159; x_wconf 89' lang='lat' dir='ltr'><strong>ideo,</strong></span> <span class='ocrx_word' id='word_1_709' title='bbox 2284 4095 2349 4147; x_wconf 87' lang='lat' dir='ltr'><strong>ut</strong></span> <span class='ocrx_word' id='word_1_710' title='bbox 2379 4108 2501 4154; x_wconf 86' lang='lat' dir='ltr'><strong>nos,</strong></span> <span class='ocrx_word' id='word_1_711' title='bbox 2527 4092 2572 4146; x_wconf 92' lang='lat' dir='ltr'><strong>si</strong></span> <span class='ocrx_word' id='word_1_712' title='bbox 2592 4102 2837 4162; x_wconf 91' lang='lat' dir='ltr'><strong>possent,</strong></span> <span class='ocrx_word' id='word_1_713' title='bbox 2865 4096 3185 4166; x_wconf 85' lang='lat' dir='ltr'><strong>redigerent</strong></span> <span class='ocrx_word' id='word_1_714' title='bbox 3198 4097 3259 4152; x_wconf 84' lang='lat' dir='ltr'><strong>in</strong></span> <span class='ocrx_word' id='word_1_715' title='bbox 3279 4099 3635 4165; x_wconf 83' lang='lat' dir='ltr'><strong>servitutem,</strong></span> <span class='ocrx_word' id='word_1_716' title='bbox 3660 4100 3721 4157; x_wconf 89' lang='lat' dir='ltr'><strong>id</strong></span> 
     </span>
    </p>
   </div>
   <div class='ocr_carea' id='block_1_90' title="bbox 2108 4178 3721 4255">
    <p class='ocr_par' dir='ltr' id='par_1_90' title="bbox 2108 4178 3721 4255">
     <span class='ocr_line' id='line_1_90' title="bbox 2108 4178 3721 4255; baseline 0.006 -20"><span class='ocrx_word' id='word_1_717' title='bbox 2108 4187 2192 4235; x_wconf 92' lang='lat' dir='ltr'><strong>est</strong></span> <span class='ocrx_word' id='word_1_718' title='bbox 2220 4178 2274 4233; x_wconf 91' lang='lat' dir='ltr'><strong>in</strong></span> <span class='ocrx_word' id='word_1_719' title='bbox 2305 4187 2545 4235; x_wconf 89' lang='lat' dir='ltr'><strong>veterem</strong></span> <span class='ocrx_word' id='word_1_720' title='bbox 2576 4180 2757 4252; x_wconf 86' lang='lat' dir='ltr'><strong>legem</strong></span> <span class='ocrx_word' id='word_1_721' title='bbox 2799 4199 2922 4253; x_wconf 64' lang='lat' dir='ltr'><strong>quae</strong></span> <span class='ocrx_word' id='word_1_722' title='bbox 2951 4183 3140 4255; x_wconf 86' lang='lat' dir='ltr'><strong>gravis</strong></span> <span class='ocrx_word' id='word_1_723' title='bbox 3189 4185 3425 4241; x_wconf 90' lang='lat' dir='ltr'><strong>servitus</strong></span> <span class='ocrx_word' id='word_1_724' title='bbox 3473 4195 3575 4242; x_wconf 91' lang='lat' dir='ltr'><strong>est.</strong></span> <span class='ocrx_word' id='word_1_725' title='bbox 3608 4189 3721 4244; x_wconf 89' lang='lat' dir='ltr'><strong>Per</strong></span> 
     </span>
    </p>
   </div>
   <div class='ocr_carea' id='block_1_91' title="bbox 2104 4266 3723 4346">
    <p class='ocr_par' dir='ltr' id='par_1_91' title="bbox 2104 4266 3723 4346">
     <span class='ocr_line' id='line_1_91' title="bbox 2104 4266 3723 4346; baseline 0.006 -24"><span class='ocrx_word' id='word_1_726' title='bbox 2104 4268 2211 4324; x_wconf 91' lang='lat' dir='ltr'><strong>hoc</strong></span> <span class='ocrx_word' id='word_1_727' title='bbox 2241 4266 2405 4322; x_wconf 80' lang='lat' dir='ltr'><strong>ﬁdem</strong></span> <span class='ocrx_word' id='word_1_728' title='bbox 2445 4268 2645 4323; x_wconf 89' lang='lat' dir='ltr'><strong>Christi</strong></span> <span class='ocrx_word' id='word_1_729' title='bbox 2697 4269 2923 4325; x_wconf 91' lang='lat' dir='ltr'><strong>multum</strong></span> <span class='ocrx_word' id='word_1_730' title='bbox 2970 4272 3333 4339; x_wconf 88' lang='lat' dir='ltr'><strong>commendat,</strong></span> <span class='ocrx_word' id='word_1_731' title='bbox 3382 4274 3510 4346; x_wconf 91' lang='lat' dir='ltr'><strong>quia</strong></span> <span class='ocrx_word' id='word_1_732' title='bbox 3556 4284 3723 4332; x_wconf 88' lang='lat' dir='ltr'><strong>vocat</strong></span> 
     </span>
    </p>
   </div>
   <div class='ocr_carea' id='block_1_92' title="bbox 2106 4354 3715 4431">
    <p class='ocr_par' dir='ltr' id='par_1_92' title="bbox 2106 4354 3715 4431">
     <span class='ocr_line' id='line_1_92' title="bbox 2106 4354 3715 4431; baseline 0.007 -22"><span class='ocrx_word' id='word_1_733' title='bbox 2106 4354 2434 4423; x_wconf 89' lang='lat' dir='ltr'><strong>libertatem,</strong></span> <span class='ocrx_word' id='word_1_734' title='bbox 2466 4356 2648 4429; x_wconf 86' lang='lat' dir='ltr'><strong>legem</strong></span> <span class='ocrx_word' id='word_1_735' title='bbox 2677 4358 2933 4429; x_wconf 88' lang='lat' dir='ltr'><strong>deprimit</strong></span> <span class='ocrx_word' id='word_1_736' title='bbox 2972 4375 3137 4431; x_wconf 91' lang='lat' dir='ltr'><strong>quam</strong></span> <span class='ocrx_word' id='word_1_737' title='bbox 3184 4370 3345 4417; x_wconf 87' lang='lat' dir='ltr'><strong>vocat</strong></span> <span class='ocrx_word' id='word_1_738' title='bbox 3372 4363 3715 4420; x_wconf 87' lang='lat' dir='ltr'><strong>servitutem.</strong></span> 
     </span>
    </p>
   </div>
   <div class='ocr_carea' id='block_1_93' title="bbox 2108 4444 3725 4520">
    <p class='ocr_par' dir='ltr' id='par_1_93' title="bbox 2108 4444 3725 4520">
     <span class='ocr_line' id='line_1_93' title="bbox 2108 4444 3725 4520; baseline 0.007 -23"><span class='ocrx_word' id='word_1_739' title='bbox 2108 4444 2334 4514; x_wconf 87' lang='lat' dir='ltr'><strong>Propter</strong></span> <span class='ocrx_word' id='word_1_740' title='bbox 2362 4444 2505 4511; x_wconf 90' lang='lat' dir='ltr'><strong>illos,</strong></span> <span class='ocrx_word' id='word_1_741' title='bbox 2538 4445 2777 4516; x_wconf 90' lang='lat' dir='ltr'><strong>inquam,</strong></span> <span class='ocrx_word' id='word_1_742' title='bbox 2812 4463 2993 4520; x_wconf 86' lang='lat' dir='ltr'><strong>neque</strong></span> <span class='ocrx_word' id='word_1_743' title='bbox 3023 4447 3216 4503; x_wconf 90' lang='lat' dir='ltr'><strong>saltem</strong></span> <span class='ocrx_word' id='word_1_744' title='bbox 3245 4450 3317 4505; x_wconf 88' lang='lat' dir='ltr'><strong>ad</strong></span> <span class='ocrx_word' id='word_1_745' title='bbox 3366 4450 3563 4507; x_wconf 83' lang='lat' dir='ltr'><strong>horam</strong></span> <span class='ocrx_word' id='word_1_746' title='bbox 3591 4467 3725 4509; x_wconf 85' lang='lat' dir='ltr'><strong>ces-</strong></span> 
     </span>
    </p>
   </div>
   <div class='ocr_carea' id='block_1_94' title="bbox 400 4533 3722 4608">
    <p class='ocr_par' dir='ltr' id='par_1_94' title="bbox 400 4533 3722 4608">
     <span class='ocr_line' id='line_1_94' title="bbox 400 4533 3722 4608; baseline 0.001 -16"><span class='ocrx_word' id='word_1_747' title='bbox 400 4544 695 4593; x_wconf 85' lang='lat' dir='ltr'><strong>«mortuus</strong></span> <span class='ocrx_word' id='word_1_748' title='bbox 743 4554 882 4607; x_wconf 92' lang='lat' dir='ltr'><strong>sum,</strong></span> <span class='ocrx_word' id='word_1_749' title='bbox 932 4546 991 4593; x_wconf 91' lang='lat' dir='ltr'><strong>ut</strong></span> <span class='ocrx_word' id='word_1_750' title='bbox 1054 4540 1171 4595; x_wconf 92' lang='lat' dir='ltr'><strong>Deo</strong></span> <span class='ocrx_word' id='word_1_751' title='bbox 1221 4539 1422 4596; x_wconf 89' lang='lat' dir='ltr'><strong>vivam.</strong></span> <span class='ocrx_word' id='word_1_752' title='bbox 1491 4541 1706 4597; x_wconf 91' lang='lat' dir='ltr'><strong>Christo</strong></span> <span class='ocrx_word' id='word_1_753' title='bbox 1753 4539 2000 4596; x_wconf 85' lang='lat' dir='ltr'><strong>conﬁxus</strong></span> <span class='ocrx_word' id='word_1_754' title='bbox 2024 4533 2280 4597; x_wconf 73' lang='lat' dir='ltr'><strong>Dsimus</strong></span> <span class='ocrx_word' id='word_1_755' title='bbox 2322 4534 2676 4604; x_wconf 81' lang='lat' dir='ltr'><strong>subjectioni,</strong></span> <span class='ocrx_word' id='word_1_756' title='bbox 2738 4533 2795 4588; x_wconf 89' lang='lat' dir='ltr'><strong>id</strong></span> <span class='ocrx_word' id='word_1_757' title='bbox 2833 4543 2917 4591; x_wconf 87' lang='lat' dir='ltr'><strong>est</strong></span> <span class='ocrx_word' id='word_1_758' title='bbox 2961 4535 3072 4608; x_wconf 87' lang='lat' dir='ltr'><strong>legi</strong></span> <span class='ocrx_word' id='word_1_759' title='bbox 3139 4553 3262 4608; x_wconf 66' lang='lat' dir='ltr'><strong>qua:</strong></span> <span class='ocrx_word' id='word_1_760' title='bbox 3304 4538 3560 4593; x_wconf 89' lang='lat' dir='ltr'><strong>cedentes</strong></span> <span class='ocrx_word' id='word_1_761' title='bbox 3605 4540 3722 4596; x_wconf 89' lang='lat' dir='ltr'><strong>sibi</strong></span> 
     </span>
    </p>
   </div>
   <div class='ocr_carea' id='block_1_95' title="bbox 396 4626 2000 4700">
    <p class='ocr_par' dir='ltr' id='par_1_95' title="bbox 396 4626 2000 4700">
     <span class='ocr_line' id='line_1_95' title="bbox 396 4626 2000 4700; baseline 0.002 -19"><span class='ocrx_word' id='word_1_762' title='bbox 396 4647 418 4673; x_wconf 81' lang='grc' dir='ltr'>α</span> <span class='ocrx_word' id='word_1_763' title='bbox 454 4641 573 4681; x_wconf 92' lang='lat' dir='ltr'><strong>sum</strong></span> <span class='ocrx_word' id='word_1_764' title='bbox 605 4626 772 4682; x_wconf 90' lang='lat' dir='ltr'><strong>cruci.</strong></span> <span class='ocrx_word' id='word_1_765' title='bbox 806 4627 943 4683; x_wconf 83' lang='lat' dir='ltr'><strong>Vivo</strong></span> <span class='ocrx_word' id='word_1_766' title='bbox 988 4636 1168 4684; x_wconf 90' lang='lat' dir='ltr'><strong>autem</strong></span> <span class='ocrx_word' id='word_1_767' title='bbox 1213 4629 1328 4697; x_wconf 91' lang='lat' dir='ltr'><strong>jam</strong></span> <span class='ocrx_word' id='word_1_768' title='bbox 1376 4644 1486 4684; x_wconf 93' lang='lat' dir='ltr'><strong>non</strong></span> <span class='ocrx_word' id='word_1_769' title='bbox 1530 4645 1652 4700; x_wconf 89' lang='lat' dir='ltr'><strong>ego,</strong></span> <span class='ocrx_word' id='word_1_770' title='bbox 1706 4629 1839 4686; x_wconf 89' lang='lat' dir='ltr'><strong>vivit</strong></span> <span class='ocrx_word' id='word_1_771' title='bbox 1868 4645 2000 4686; x_wconf 87' lang='lat' dir='ltr'><strong>vero</strong></span> 
     </span>
    </p>
   </div>
   <div class='ocr_carea' id='block_1_96' title="bbox 396 4713 1995 4785">
    <p class='ocr_par' dir='ltr' id='par_1_96' title="bbox 396 4713 1995 4785">
     <span class='ocr_line' id='line_1_96' title="bbox 396 4713 1995 4785; baseline 0.003 -17"><span class='ocrx_word' id='word_1_772' title='bbox 396 4736 417 4760; x_wconf 78' lang='grc' dir='ltr'><strong>α</strong></span> <span class='ocrx_word' id='word_1_773' title='bbox 455 4713 512 4768; x_wconf 94' lang='lat' dir='ltr'><strong>in</strong></span> <span class='ocrx_word' id='word_1_774' title='bbox 538 4731 626 4770; x_wconf 90' lang='lat' dir='ltr'><strong>me</strong></span> <span class='ocrx_word' id='word_1_775' title='bbox 656 4714 921 4770; x_wconf 89' lang='lat' dir='ltr'><strong>Christus.</strong></span> <span class='ocrx_word' id='word_1_776' title='bbox 957 4714 1116 4783; x_wconf 93' lang='lat' dir='ltr'><strong>Quod</strong></span> <span class='ocrx_word' id='word_1_777' title='bbox 1148 4724 1331 4771; x_wconf 88' lang='lat' dir='ltr'><strong>autem</strong></span> <span class='ocrx_word' id='word_1_778' title='bbox 1358 4732 1505 4773; x_wconf 91' lang='lat' dir='ltr'><strong>nunc</strong></span> <span class='ocrx_word' id='word_1_779' title='bbox 1542 4717 1665 4772; x_wconf 83' lang='lat' dir='ltr'><strong>vivo</strong></span> <span class='ocrx_word' id='word_1_780' title='bbox 1703 4716 1759 4771; x_wconf 89' lang='lat' dir='ltr'><strong>in</strong></span> <span class='ocrx_word' id='word_1_781' title='bbox 1808 4732 1995 4785; x_wconf 89' lang='lat' dir='ltr'><strong>carne,</strong></span> 
     </span>
    </p>
   </div>
   <div class='ocr_carea' id='block_1_97' title="bbox 396 4801 2001 4875">
    <p class='ocr_par' dir='ltr' id='par_1_97' title="bbox 396 4801 2001 4875">
     <span class='ocr_line' id='line_1_97' title="bbox 396 4801 2001 4875; baseline 0.002 -19"><span class='ocrx_word' id='word_1_782' title='bbox 396 4824 417 4849; x_wconf 76' lang='grc' dir='ltr'>ιι</span> <span class='ocrx_word' id='word_1_783' title='bbox 452 4802 509 4856; x_wconf 91' lang='lat' dir='ltr'><strong>in</strong></span> <span class='ocrx_word' id='word_1_784' title='bbox 540 4801 646 4857; x_wconf 80' lang='lat' dir='ltr'><strong>fide</strong></span> <span class='ocrx_word' id='word_1_785' title='bbox 674 4803 798 4858; x_wconf 89' lang='lat' dir='ltr'><strong>vivo</strong></span> <span class='ocrx_word' id='word_1_786' title='bbox 826 4802 945 4857; x_wconf 90' lang='lat' dir='ltr'><strong>Filii</strong></span> <span class='ocrx_word' id='word_1_787' title='bbox 989 4803 1106 4870; x_wconf 92' lang='lat' dir='ltr'><strong>Dei,</strong></span> <span class='ocrx_word' id='word_1_788' title='bbox 1155 4804 1249 4875; x_wconf 89' lang='lat' dir='ltr'><strong>qui</strong></span> <span class='ocrx_word' id='word_1_789' title='bbox 1296 4804 1484 4859; x_wconf 88' lang='lat' dir='ltr'><strong>dilexit</strong></span> <span class='ocrx_word' id='word_1_790' title='bbox 1529 4820 1637 4873; x_wconf 91' lang='lat' dir='ltr'><strong>me,</strong></span> <span class='ocrx_word' id='word_1_791' title='bbox 1689 4812 1744 4860; x_wconf 92' lang='lat' dir='ltr'><strong>et</strong></span> <span class='ocrx_word' id='word_1_792' title='bbox 1779 4805 2001 4860; x_wconf 87' lang='lat' dir='ltr'><strong>tradidit</strong></span> 
     </span>
    </p>
   </div>
   <div class='ocr_carea' id='block_1_98' title="bbox 395 4891 2000 4962">
    <p class='ocr_par' dir='ltr' id='par_1_98' title="bbox 395 4891 2000 4962">
     <span class='ocr_line' id='line_1_98' title="bbox 395 4891 2000 4962; baseline 0.003 -18"><span class='ocrx_word' id='word_1_793' title='bbox 395 4911 418 4936; x_wconf 81' lang='grc' dir='ltr'><strong>α</strong></span> <span class='ocrx_word' id='word_1_794' title='bbox 452 4891 691 4961; x_wconf 90' lang='lat' dir='ltr'><strong>seipsum</strong></span> <span class='ocrx_word' id='word_1_795' title='bbox 712 4905 813 4961; x_wconf 91' lang='lat' dir='ltr'><strong>pro</strong></span> <span class='ocrx_word' id='word_1_796' title='bbox 830 4907 935 4945; x_wconf 89' lang='lat' dir='ltr'><strong>me.</strong></span> <span class='ocrx_word' id='word_1_797' title='bbox 960 4891 1083 4946; x_wconf 91' lang='lat' dir='ltr'><strong>Non</strong></span> <span class='ocrx_word' id='word_1_798' title='bbox 1122 4891 1320 4961; x_wconf 90' lang='lat' dir='ltr'><strong>abjicio</strong></span> <span class='ocrx_word' id='word_1_799' title='bbox 1348 4891 1585 4962; x_wconf 80' lang='lat' dir='ltr'><strong>gratiam</strong></span> <span class='ocrx_word' id='word_1_800' title='bbox 1616 4893 1735 4949; x_wconf 92' lang='lat' dir='ltr'><strong>Dei.</strong></span> <span class='ocrx_word' id='word_1_801' title='bbox 1770 4893 1825 4948; x_wconf 89' lang='lat' dir='ltr'><strong>Si</strong></span> <span class='ocrx_word' id='word_1_802' title='bbox 1853 4893 2000 4949; x_wconf 90' lang='lat' dir='ltr'><strong>enim</strong></span> 
     </span>
    </p>
   </div>
   <div class='ocr_carea' id='block_1_99' title="bbox 393 4977 1997 5053">
    <p class='ocr_par' dir='ltr' id='par_1_99' title="bbox 393 4977 1997 5053">
     <span class='ocr_line' id='line_1_99' title="bbox 393 4977 1997 5053; baseline 0.004 -21"><span class='ocrx_word' id='word_1_803' title='bbox 393 4998 416 5025; x_wconf 76' lang='grc' dir='ltr'><strong>ιι</strong></span> <span class='ocrx_word' id='word_1_804' title='bbox 447 4993 549 5048; x_wconf 90' lang='lat' dir='ltr'><strong>per</strong></span> <span class='ocrx_word' id='word_1_805' title='bbox 576 4977 758 5049; x_wconf 86' lang='lat' dir='ltr'><strong>legem</strong></span> <span class='ocrx_word' id='word_1_806' title='bbox 778 4977 1006 5047; x_wconf 90' lang='lat' dir='ltr'><strong>justitia,</strong></span> <span class='ocrx_word' id='word_1_807' title='bbox 1037 4994 1172 5050; x_wconf 88' lang='lat' dir='ltr'><strong>ergo</strong></span> <span class='ocrx_word' id='word_1_808' title='bbox 1220 4979 1468 5034; x_wconf 87' lang='lat' dir='ltr'><strong>Christus</strong></span> <span class='ocrx_word' id='word_1_809' title='bbox 1516 4981 1690 5053; x_wconf 87' lang='lat' dir='ltr'><strong>gratis</strong></span> <span class='ocrx_word' id='word_1_810' title='bbox 1740 4990 1997 5038; x_wconf 90' lang='lat' dir='ltr'><strong>mortuus</strong></span> 
     </span>
    </p>
   </div>
   <div class='ocr_carea' id='block_1_100' title="bbox 396 5071 643 5120">
    <p class='ocr_par' dir='ltr' id='par_1_100' title="bbox 396 5071 643 5120">
     <span class='ocr_line' id='line_1_100' title="bbox 396 5071 643 5120; baseline -0.004 0"><span class='ocrx_word' id='word_1_811' title='bbox 396 5086 419 5112; x_wconf 71' lang='grc' dir='ltr'><strong><em>α</em></strong></span> <span class='ocrx_word' id='word_1_812' title='bbox 462 5071 567 5120; x_wconf 91' lang='lat' dir='ltr'><strong>est.</strong></span> <span class='ocrx_word' id='word_1_813' title='bbox 621 5088 643 5113; x_wconf 76' lang='grc' dir='ltr'>η</span> 
     </span>
    </p>
   </div>
   <div class='ocr_carea' id='block_1_101' title="bbox 1057 5261 1375 5305">
    <p class='ocr_par' dir='ltr' id='par_1_101' title="bbox 1057 5261 1375 5305">
     <span class='ocr_line' id='line_1_101' title="bbox 1057 5261 1375 5305; baseline 0.013 -4"><span class='ocrx_word' id='word_1_814' title='bbox 1057 5261 1375 5305; x_wconf 71' lang='grc' dir='ltr'><strong>εχροειτιο.</strong></span> 
     </span>
    </p>
   </div>
   <div class='ocr_carea' id='block_1_102' title="bbox 464 5394 1992 5476">
    <p class='ocr_par' dir='ltr' id='par_1_102' title="bbox 464 5394 1992 5476">
     <span class='ocr_line' id='line_1_102' title="bbox 464 5394 1992 5476; baseline 0.01 -27"><span class='ocrx_word' id='word_1_815' title='bbox 464 5394 676 5451; x_wconf 86' lang='lat' dir='ltr'><strong>Deinde</strong></span> <span class='ocrx_word' id='word_1_816' title='bbox 700 5401 830 5468; x_wconf 82' lang='lat' dir='ltr'><strong>post</strong></span> <span class='ocrx_word' id='word_1_817' title='bbox 847 5413 1029 5455; x_wconf 84' lang='lat' dir='ltr'><strong>annos</strong></span> <span class='ocrx_word' id='word_1_818' title='bbox 1055 5402 1480 5473; x_wconf 84' lang='lat' dir='ltr'><strong>quatuordecim</strong></span> <span class='ocrx_word' id='word_1_819' title='bbox 1501 5418 1534 5459; x_wconf 88' lang='lat' dir='ltr'><strong>a</strong></span> <span class='ocrx_word' id='word_1_820' title='bbox 1555 5406 1734 5476; x_wconf 91' lang='lat' dir='ltr'><strong>primo</strong></span> <span class='ocrx_word' id='word_1_821' title='bbox 1755 5408 1992 5466; x_wconf 91' lang='lat' dir='ltr'><strong>adventu</strong></span> 
     </span>
    </p>
   </div>
   <div class='ocr_carea' id='block_1_103' title="bbox 395 5486 1995 5565">
    <p class='ocr_par' dir='ltr' id='par_1_103' title="bbox 395 5486 1995 5565">
     <span class='ocr_line' id='line_1_103' title="bbox 395 5486 1995 5565; baseline 0.011 -27"><span class='ocrx_word' id='word_1_822' title='bbox 395 5490 718 5553; x_wconf 86' lang='lat' dir='ltr'><strong>transactos,</strong></span> <span class='ocrx_word' id='word_1_823' title='bbox 761 5486 973 5543; x_wconf 88' lang='lat' dir='ltr'><strong>iterum</strong></span> <span class='ocrx_word' id='word_1_824' title='bbox 996 5490 1227 5546; x_wconf 84' lang='lat' dir='ltr'><strong>ascendi</strong></span> <span class='ocrx_word' id='word_1_825' title='bbox 1249 5491 1684 5565; x_wconf 83' lang='lat' dir='ltr'><strong>Hierosolymam</strong></span> <span class='ocrx_word' id='word_1_826' title='bbox 1705 5514 1835 5553; x_wconf 92' lang='lat' dir='ltr'><strong>cum</strong></span> <span class='ocrx_word' id='word_1_827' title='bbox 1857 5500 1995 5555; x_wconf 86' lang='lat' dir='ltr'><strong>Bar-</strong></span> 
     </span>
    </p>
   </div>
   <div class='ocr_carea' id='block_1_104' title="bbox 390 5573 1997 5648">
    <p class='ocr_par' dir='ltr' id='par_1_104' title="bbox 390 5573 1997 5648">
     <span class='ocr_line' id='line_1_104' title="bbox 390 5573 1997 5648; baseline 0.008 -18"><span class='ocrx_word' id='word_1_828' title='bbox 390 5573 559 5639; x_wconf 82' lang='lat' dir='ltr'><strong>naba,</strong></span> <span class='ocrx_word' id='word_1_829' title='bbox 595 5579 883 5648; x_wconf 82' lang='lat' dir='ltr'><strong>assumpto</strong></span> <span class='ocrx_word' id='word_1_830' title='bbox 915 5577 1090 5634; x_wconf 86' lang='lat' dir='ltr'><strong>etiam</strong></span> <span class='ocrx_word' id='word_1_831' title='bbox 1109 5583 1166 5634; x_wconf 89' lang='lat' dir='ltr'><strong>et</strong></span> <span class='ocrx_word' id='word_1_832' title='bbox 1204 5581 1346 5635; x_wconf 87' lang='lat' dir='ltr'><strong>Tito.</strong></span> <span class='ocrx_word' id='word_1_833' title='bbox 1371 5583 1607 5638; x_wconf 86' lang='lat' dir='ltr'><strong>Ascendi</strong></span> <span class='ocrx_word' id='word_1_834' title='bbox 1636 5584 1766 5640; x_wconf 91' lang='lat' dir='ltr'><strong>dicit</strong></span> <span class='ocrx_word' id='word_1_835' title='bbox 1796 5602 1997 5643; x_wconf 88' lang='lat' dir='ltr'><strong>secun-</strong></span> 
     </span>
    </p>
   </div>
   <div class='ocr_carea' id='block_1_105' title="bbox 392 5660 1997 5731">
    <p class='ocr_par' dir='ltr' id='par_1_105' title="bbox 392 5660 1997 5731">
     <span class='ocr_line' id='line_1_105' title="bbox 392 5660 1997 5731; baseline 0.007 -12"><span class='ocrx_word' id='word_1_836' title='bbox 392 5660 524 5719; x_wconf 90' lang='lat' dir='ltr'><strong>dum</strong></span> <span class='ocrx_word' id='word_1_837' title='bbox 549 5661 711 5719; x_wconf 87' lang='lat' dir='ltr'><strong>situm</strong></span> <span class='ocrx_word' id='word_1_838' title='bbox 739 5662 868 5723; x_wconf 89' lang='lat' dir='ltr'><strong>loci.</strong></span> <span class='ocrx_word' id='word_1_839' title='bbox 902 5665 1100 5725; x_wconf 85' lang='lat' dir='ltr'><strong>Paulus</strong></span> <span class='ocrx_word' id='word_1_840' title='bbox 1127 5667 1256 5727; x_wconf 87' lang='lat' dir='ltr'><strong>ideo</strong></span> <span class='ocrx_word' id='word_1_841' title='bbox 1283 5669 1526 5729; x_wconf 81' lang='lat' dir='ltr'><strong>secundo</strong></span> <span class='ocrx_word' id='word_1_842' title='bbox 1557 5673 1705 5730; x_wconf 91' lang='lat' dir='ltr'><strong>venit</strong></span> <span class='ocrx_word' id='word_1_843' title='bbox 1734 5674 1997 5731; x_wconf 85' lang='lat' dir='ltr'><strong>Hieroso-</strong></span> 
     </span>
    </p>
   </div>
   <div class='ocr_carea' id='block_1_106' title="bbox 2102 4620 3722 4692">
    <p class='ocr_par' dir='ltr' id='par_1_106' title="bbox 2102 4620 3722 4692">
     <span class='ocr_line' id='line_1_106' title="bbox 2102 4620 3722 4692; baseline 0.006 -17"><span class='ocrx_word' id='word_1_844' title='bbox 2102 4620 2319 4690; x_wconf 88' lang='lat' dir='ltr'><strong>subjicit</strong></span> <span class='ocrx_word' id='word_1_845' title='bbox 2392 4622 2661 4677; x_wconf 89' lang='lat' dir='ltr'><strong>servituti.</strong></span> <span class='ocrx_word' id='word_1_846' title='bbox 2713 4623 2843 4678; x_wconf 91' lang='lat' dir='ltr'><strong>Ideo</strong></span> <span class='ocrx_word' id='word_1_847' title='bbox 2899 4639 3011 4679; x_wconf 90' lang='lat' dir='ltr'><strong>non</strong></span> <span class='ocrx_word' id='word_1_848' title='bbox 3058 4625 3344 4692; x_wconf 89' lang='lat' dir='ltr'><strong>cessimus,</strong></span> <span class='ocrx_word' id='word_1_849' title='bbox 3393 4631 3459 4682; x_wconf 87' lang='lat' dir='ltr'><strong>ut</strong></span> <span class='ocrx_word' id='word_1_850' title='bbox 3504 4630 3722 4685; x_wconf 88' lang='lat' dir='ltr'><strong>veritas</strong></span> 
     </span>
    </p>
   </div>
   <div class='ocr_carea' id='block_1_107' title="bbox 2099 4710 3722 4785">
    <p class='ocr_par' dir='ltr' id='par_1_107' title="bbox 2099 4710 3722 4785">
     <span class='ocr_line' id='line_1_107' title="bbox 2099 4710 3722 4785; baseline 0.006 -21"><span class='ocrx_word' id='word_1_851' title='bbox 2099 4711 2393 4781; x_wconf 86' lang='lat' dir='ltr'><strong>Evangelii</strong></span> <span class='ocrx_word' id='word_1_852' title='bbox 2422 4710 2591 4765; x_wconf 91' lang='lat' dir='ltr'><strong>nostri</strong></span> <span class='ocrx_word' id='word_1_853' title='bbox 2616 4716 2956 4782; x_wconf 85' lang='lat' dir='ltr'><strong>permaneat</strong></span> <span class='ocrx_word' id='word_1_854' title='bbox 2986 4713 3139 4785; x_wconf 88' lang='lat' dir='ltr'><strong>apud</strong></span> <span class='ocrx_word' id='word_1_855' title='bbox 3158 4730 3270 4780; x_wconf 84' lang='lat' dir='ltr'><strong>vos,</strong></span> <span class='ocrx_word' id='word_1_856' title='bbox 3305 4713 3359 4768; x_wconf 94' lang='lat' dir='ltr'><strong>id</strong></span> <span class='ocrx_word' id='word_1_857' title='bbox 3386 4722 3543 4770; x_wconf 90' lang='lat' dir='ltr'><strong>estut</strong></span> <span class='ocrx_word' id='word_1_858' title='bbox 3572 4714 3722 4773; x_wconf 89' lang='lat' dir='ltr'><strong>sicut</strong></span> 
     </span>
    </p>
   </div>
   <div class='ocr_carea' id='block_1_108' title="bbox 2097 4797 3716 4874">
    <p class='ocr_par' dir='ltr' id='par_1_108' title="bbox 2097 4797 3716 4874">
     <span class='ocr_line' id='line_1_108' title="bbox 2097 4797 3716 4874; baseline 0.006 -22"><span class='ocrx_word' id='word_1_859' title='bbox 2097 4797 2518 4869; x_wconf 69' lang='lat' dir='ltr'><strong>przedicavimus</strong></span> <span class='ocrx_word' id='word_1_860' title='bbox 2568 4798 2747 4869; x_wconf 88' lang='lat' dir='ltr'><strong>legem</strong></span> <span class='ocrx_word' id='word_1_861' title='bbox 2806 4816 2929 4855; x_wconf 89' lang='lat' dir='ltr'><strong>esse</strong></span> <span class='ocrx_word' id='word_1_862' title='bbox 2994 4801 3263 4868; x_wconf 90' lang='lat' dir='ltr'><strong>inutilem,</strong></span> <span class='ocrx_word' id='word_1_863' title='bbox 3312 4803 3547 4874; x_wconf 87' lang='lat' dir='ltr'><strong>gratiam</strong></span> <span class='ocrx_word' id='word_1_864' title='bbox 3584 4819 3716 4862; x_wconf 89' lang='lat' dir='ltr'><strong>esse</strong></span> 
     </span>
    </p>
   </div>
   <div class='ocr_carea' id='block_1_109' title="bbox 2099 4884 3201 4959">
    <p class='ocr_par' dir='ltr' id='par_1_109' title="bbox 2099 4884 3201 4959">
     <span class='ocr_line' id='line_1_109' title="bbox 2099 4884 3201 4959; baseline 0.004 -19"><span class='ocrx_word' id='word_1_865' title='bbox 2099 4884 2478 4953; x_wconf 72' lang='lat' dir='ltr'><strong>sufﬁcientem,</strong></span> <span class='ocrx_word' id='word_1_866' title='bbox 2511 4886 2582 4941; x_wconf 92' lang='lat' dir='ltr'><strong>ita</strong></span> <span class='ocrx_word' id='word_1_867' title='bbox 2622 4903 2843 4959; x_wconf 90' lang='lat' dir='ltr'><strong>semper</strong></span> <span class='ocrx_word' id='word_1_868' title='bbox 2882 4889 3201 4945; x_wconf 84' lang='lat' dir='ltr'><strong>crederetis.</strong></span> 
     </span>
    </p>
   </div>
   <div class='ocr_carea' id='block_1_110' title="bbox 2170 4974 3713 5049">
    <p class='ocr_par' dir='ltr' id='par_1_110' title="bbox 2170 4974 3713 5049">
     <span class='ocr_line' id='line_1_110' title="bbox 2170 4974 3713 5049; baseline 0.005 -20"><span class='ocrx_word' id='word_1_869' title='bbox 2170 4974 2372 5029; x_wconf 88' lang='lat' dir='ltr'><strong>Paulus</strong></span> <span class='ocrx_word' id='word_1_870' title='bbox 2401 4974 2509 5029; x_wconf 91' lang='lat' dir='ltr'><strong>alio</strong></span> <span class='ocrx_word' id='word_1_871' title='bbox 2558 4983 2806 5047; x_wconf 89' lang='lat' dir='ltr'><strong>tempore</strong></span> <span class='ocrx_word' id='word_1_872' title='bbox 2861 4976 3292 5049; x_wconf 85' lang='lat' dir='ltr'><strong>Hierosolymam</strong></span> <span class='ocrx_word' id='word_1_873' title='bbox 3347 4979 3592 5047; x_wconf 89' lang='lat' dir='ltr'><strong>veniens,</strong></span> <span class='ocrx_word' id='word_1_874' title='bbox 3652 4990 3713 5037; x_wconf 89' lang='lat' dir='ltr'><strong>ut</strong></span> 
     </span>
    </p>
   </div>
   <div class='ocr_carea' id='block_1_111' title="bbox 2096 5063 3713 5138">
    <p class='ocr_par' dir='ltr' id='par_1_111' title="bbox 2096 5063 3713 5138">
     <span class='ocr_line' id='line_1_111' title="bbox 2096 5063 3713 5138; baseline 0.006 -21"><span class='ocrx_word' id='word_1_875' title='bbox 2096 5077 2312 5118; x_wconf 90' lang='lat' dir='ltr'><strong>omnem</strong></span> <span class='ocrx_word' id='word_1_876' title='bbox 2340 5063 2409 5119; x_wconf 92' lang='lat' dir='ltr'><strong>de</strong></span> <span class='ocrx_word' id='word_1_877' title='bbox 2440 5080 2499 5118; x_wconf 91' lang='lat' dir='ltr'><strong>se</strong></span> <span class='ocrx_word' id='word_1_878' title='bbox 2531 5064 2896 5136; x_wconf 89' lang='lat' dir='ltr'><strong>suspicionem</strong></span> <span class='ocrx_word' id='word_1_879' title='bbox 2950 5066 3185 5135; x_wconf 89' lang='lat' dir='ltr'><strong>tolleret,</strong></span> <span class='ocrx_word' id='word_1_880' title='bbox 3227 5067 3570 5123; x_wconf 87' lang='lat' dir='ltr'><strong>Timotheum</strong></span> <span class='ocrx_word' id='word_1_881' title='bbox 3595 5068 3713 5138; x_wconf 87' lang='lat' dir='ltr'><strong>jam</strong></span> 
     </span>
    </p>
   </div>
   <div class='ocr_carea' id='block_1_112' title="bbox 2096 5150 3714 5230">
    <p class='ocr_par' dir='ltr' id='par_1_112' title="bbox 2096 5150 3714 5230">
     <span class='ocr_line' id='line_1_112' title="bbox 2096 5150 3714 5230; baseline 0.004 -23"><span class='ocrx_word' id='word_1_882' title='bbox 2096 5150 2484 5208; x_wconf 90' lang='lat' dir='ltr'><strong>circumcisum</strong></span> <span class='ocrx_word' id='word_1_883' title='bbox 2537 5152 2735 5208; x_wconf 86' lang='lat' dir='ltr'><strong>iterum</strong></span> <span class='ocrx_word' id='word_1_884' title='bbox 2800 5153 2926 5209; x_wconf 91' lang='lat' dir='ltr'><strong>fecit</strong></span> <span class='ocrx_word' id='word_1_885' title='bbox 2973 5155 3311 5221; x_wconf 89' lang='lat' dir='ltr'><strong>circumcidi,</strong></span> <span class='ocrx_word' id='word_1_886' title='bbox 3382 5172 3503 5212; x_wconf 76' lang='lat' dir='ltr'><strong>non.</strong></span> <span class='ocrx_word' id='word_1_887' title='bbox 3563 5159 3714 5230; x_wconf 90' lang='lat' dir='ltr'><strong>quod</strong></span> 
     </span>
    </p>
   </div>
   <div class='ocr_carea' id='block_1_113' title="bbox 2095 5240 3716 5312">
    <p class='ocr_par' dir='ltr' id='par_1_113' title="bbox 2095 5240 3716 5312">
     <span class='ocr_line' id='line_1_113' title="bbox 2095 5240 3716 5312; baseline 0.005 -17"><span class='ocrx_word' id='word_1_888' title='bbox 2095 5240 2345 5295; x_wconf 92' lang='lat' dir='ltr'><strong>crederet</strong></span> <span class='ocrx_word' id='word_1_889' title='bbox 2373 5240 2577 5312; x_wconf 87' lang='lat' dir='ltr'><strong>aliquid</strong></span> <span class='ocrx_word' id='word_1_890' title='bbox 2602 5242 2713 5311; x_wconf 89' lang='lat' dir='ltr'><strong>jam</strong></span> <span class='ocrx_word' id='word_1_891' title='bbox 2762 5242 3014 5298; x_wconf 82' lang='lat' dir='ltr'><strong>conferre</strong></span> <span class='ocrx_word' id='word_1_892' title='bbox 3064 5243 3557 5311; x_wconf 87' lang='lat' dir='ltr'><strong>circumcisionem,</strong></span> <span class='ocrx_word' id='word_1_893' title='bbox 3610 5248 3716 5303; x_wconf 91' lang='lat' dir='ltr'><strong>sed</strong></span> 
     </span>
    </p>
   </div>
   <div class='ocr_carea' id='block_1_114' title="bbox 2097 5327 3713 5407">
    <p class='ocr_par' dir='ltr' id='par_1_114' title="bbox 2097 5327 3713 5407">
     <span class='ocr_line' id='line_1_114' title="bbox 2097 5327 3713 5407; baseline 0.006 -26"><span class='ocrx_word' id='word_1_894' title='bbox 2097 5327 2224 5399; x_wconf 89' lang='lat' dir='ltr'><strong>quia</strong></span> <span class='ocrx_word' id='word_1_895' title='bbox 2264 5329 2637 5400; x_wconf 89' lang='lat' dir='ltr'><strong>imposuerant</strong></span> <span class='ocrx_word' id='word_1_896' title='bbox 2684 5330 2737 5385; x_wconf 93' lang='lat' dir='ltr'><strong>ei</strong></span> <span class='ocrx_word' id='word_1_897' title='bbox 2781 5330 3003 5402; x_wconf 89' lang='lat' dir='ltr'><strong>quidam</strong></span> <span class='ocrx_word' id='word_1_898' title='bbox 3049 5332 3231 5402; x_wconf 90' lang='lat' dir='ltr'><strong>ipsum</strong></span> <span class='ocrx_word' id='word_1_899' title='bbox 3279 5332 3484 5388; x_wconf 86' lang='lat' dir='ltr'><strong>dixisse</strong></span> <span class='ocrx_word' id='word_1_900' title='bbox 3528 5334 3713 5407; x_wconf 88' lang='lat' dir='ltr'><strong>legem</strong></span> 
     </span>
    </p>
   </div>
   <div class='ocr_carea' id='block_1_115' title="bbox 2097 5416 3711 5488">
    <p class='ocr_par' dir='ltr' id='par_1_115' title="bbox 2097 5416 3711 5488">
     <span class='ocr_line' id='line_1_115' title="bbox 2097 5416 3711 5488; baseline 0.007 -18"><span class='ocrx_word' id='word_1_901' title='bbox 2097 5416 2247 5471; x_wconf 90' lang='lat' dir='ltr'><strong>omni</strong></span> <span class='ocrx_word' id='word_1_902' title='bbox 2276 5424 2523 5488; x_wconf 88' lang='lat' dir='ltr'><strong>tempore</strong></span> <span class='ocrx_word' id='word_1_903' title='bbox 2553 5416 2720 5473; x_wconf 90' lang='lat' dir='ltr'><strong>fuisse</strong></span> <span class='ocrx_word' id='word_1_904' title='bbox 2766 5418 3033 5474; x_wconf 91' lang='lat' dir='ltr'><strong>inutilem.</strong></span> <span class='ocrx_word' id='word_1_905' title='bbox 3084 5420 3242 5488; x_wconf 93' lang='lat' dir='ltr'><strong>Quod</strong></span> <span class='ocrx_word' id='word_1_906' title='bbox 3286 5429 3345 5474; x_wconf 90' lang='lat' dir='ltr'><strong>ut</strong></span> <span class='ocrx_word' id='word_1_907' title='bbox 3394 5421 3529 5476; x_wconf 90' lang='lat' dir='ltr'><strong>nihil</strong></span> <span class='ocrx_word' id='word_1_908' title='bbox 3582 5440 3711 5482; x_wconf 88' lang='lat' dir='ltr'><strong>esse</strong></span> 
     </span>
    </p>
   </div>
   <div class='ocr_carea' id='block_1_116' title="bbox 2094 5504 3707 5580">
    <p class='ocr_par' dir='ltr' id='par_1_116' title="bbox 2094 5504 3707 5580">
     <span class='ocr_line' id='line_1_116' title="bbox 2094 5504 3707 5580; baseline 0.005 -22"><span class='ocrx_word' id='word_1_909' title='bbox 2094 5504 2369 5575; x_wconf 89' lang='lat' dir='ltr'><strong>probaret,</strong></span> <span class='ocrx_word' id='word_1_910' title='bbox 2402 5506 2740 5561; x_wconf 88' lang='lat' dir='ltr'><strong>Timotheum</strong></span> <span class='ocrx_word' id='word_1_911' title='bbox 2771 5507 3013 5561; x_wconf 87' lang='lat' dir='ltr'><strong>exhibuit</strong></span> <span class='ocrx_word' id='word_1_912' title='bbox 3054 5508 3123 5562; x_wconf 89' lang='lat' dir='ltr'><strong>ad</strong></span> <span class='ocrx_word' id='word_1_913' title='bbox 3153 5508 3661 5566; x_wconf 86' lang='lat' dir='ltr'><strong>circumcidendum</strong></span> <span class='ocrx_word' id='word_1_914' title='bbox 3692 5532 3707 5580; x_wconf 93' lang='lat'><strong>;</strong></span> 
     </span>
    </p>
   </div>
   <div class='ocr_carea' id='block_1_117' title="bbox 2095 5593 3711 5669">
    <p class='ocr_par' dir='ltr' id='par_1_117' title="bbox 2095 5593 3711 5669">
     <span class='ocr_line' id='line_1_117' title="bbox 2095 5593 3711 5669; baseline 0.006 -22"><span class='ocrx_word' id='word_1_915' title='bbox 2095 5593 2194 5648; x_wconf 91' lang='lat' dir='ltr'><strong>sed</strong></span> <span class='ocrx_word' id='word_1_916' title='bbox 2239 5594 2403 5649; x_wconf 91' lang='lat' dir='ltr'><strong>modo</strong></span> <span class='ocrx_word' id='word_1_917' title='bbox 2450 5594 2626 5648; x_wconf 92' lang='lat' dir='ltr'><strong>Titum</strong></span> <span class='ocrx_word' id='word_1_918' title='bbox 2687 5594 3001 5651; x_wconf 89' lang='lat' dir='ltr'><strong>circumcidi</strong></span> <span class='ocrx_word' id='word_1_919' title='bbox 3062 5595 3210 5650; x_wconf 91' lang='lat' dir='ltr'><strong>nulla</strong></span> <span class='ocrx_word' id='word_1_920' title='bbox 3255 5596 3466 5652; x_wconf 89' lang='lat' dir='ltr'><strong>ratione</strong></span> <span class='ocrx_word' id='word_1_921' title='bbox 3514 5600 3711 5669; x_wconf 88' lang='lat' dir='ltr'><strong>voluit,</strong></span> 
     </span>
    </p>
   </div>
   <div class='ocr_carea' id='block_1_118' title="bbox 2095 5681 3713 5759">
    <p class='ocr_par' dir='ltr' id='par_1_118' title="bbox 2095 5681 3713 5759">
     <span class='ocr_line' id='line_1_118' title="bbox 2095 5681 3713 5759; baseline 0.004 -24"><span class='ocrx_word' id='word_1_922' title='bbox 2095 5681 2240 5754; x_wconf 89' lang='lat' dir='ltr'><strong>quia,</strong></span> <span class='ocrx_word' id='word_1_923' title='bbox 2272 5681 2319 5737; x_wconf 91' lang='lat' dir='ltr'><strong>si</strong></span> <span class='ocrx_word' id='word_1_924' title='bbox 2346 5682 2511 5739; x_wconf 91' lang='lat' dir='ltr'><strong>modo</strong></span> <span class='ocrx_word' id='word_1_925' title='bbox 2540 5698 2663 5742; x_wconf 86' lang='lat' dir='ltr'><strong>cum</strong></span> <span class='ocrx_word' id='word_1_926' title='bbox 2710 5683 2953 5740; x_wconf 85' lang='lat' dir='ltr'><strong>venisset</strong></span> <span class='ocrx_word' id='word_1_927' title='bbox 2998 5683 3362 5753; x_wconf 86' lang='lat' dir='ltr'><strong>Hierusalem,</strong></span> <span class='ocrx_word' id='word_1_928' title='bbox 3393 5693 3451 5741; x_wconf 93' lang='lat' dir='ltr'><strong>ut</strong></span> <span class='ocrx_word' id='word_1_929' title='bbox 3499 5688 3713 5759; x_wconf 74' lang='lat' dir='ltr'><strong>proba-</strong></span> 
     </span>
    </p>
   </div>
  </div>
