3932 6438
187 392 288 446 289

795 385 1177 443 EXPOSITIO
1236 385 1312 441 IN
1363 381 1747 441 EPISTOLAS
1802 377 2033 438 PAULI.
2060 407 2131 422 —
2171 378 2247 435 IN
2301 377 2523 435 EPIST.
2581 377 2677 434 AD
2719 377 2884 434 GAL.

3394 377 3501 432 290

191 520 270 568 ret
301 511 439 566 nihil
483 528 608 568 esse
647 511 1140 580 circumcisionem,
1193 527 1318 566 eum
1350 510 1788 573 circumcideret,
1812 510 1866 568 A
1894 505 2207 562 concordia
2227 548 2240 572 ,
2276 521 2382 577 quo
2404 521 2464 560 se
2493 504 2727 560 invicem
2759 501 3208 560 confoederabant
3260 499 3493 572 antiqui.

197 601 440 656 dicerent
517 601 784 656 Ecclesia
843 601 1308 672 gentium:Ecce
1382 600 1596 654 falsitas
1645 597 1795 653 Pauli

198 707 378 761 quem,
415 690 577 746 vellet
607 689 795 755 nollet,
848 689 1045 755 Titum,
1080 689 1136 744 in
1165 688 1503 744 Hierusalem
1553 688 1792 744 circum-

198 779 380 834 cidere
436 778 701 850 0portuit.
766 777 1017 834 Ostendit
1067 794 1167 849 per
1221 778 1368 832 illam
1444 776 1794 834 collationem

199 867 482 940 Evangelii
530 868 678 940 quod
721 875 845 939 post
884 868 1303 923 conversionem
1335 882 1443 922 non
1491 867 1560 921 sit
1604 867 1793 921 inven-

196 963 280 1010 tus
308 956 534 1012 inferior
556 958 717 1012 Petro
749 965 801 1012 et
831 955 973 1011 aliis.
1005 956 1266 1028 Adjungit
1295 955 1458 1011 etiam
1491 955 1635 1026 quod
1668 962 1794 1009 ante

195 1045 607 1101 conversionem
638 1045 802 1118 longe
832 1045 1054 1118 dignior
1111 1045 1217 1099 illis
1281 1043 1448 1100 fuerit
1497 1045 1597 1098 sub
1627 1043 1790 1113 lege;

198 1135 387 1190 callide
419 1143 599 1190 tamen
633 1135 790 1207 quasi
811 1151 912 1206 pro
944 1134 1114 1190 nihilo
1146 1134 1250 1189 sibi
1281 1135 1349 1188 sit
1369 1133 1608 1206 dignitas
1632 1149 1793 1204 quam

196 1231 316 1279 ante
345 1223 510 1279 fidem
533 1224 740 1279 habuit.
773 1224 971 1279 Littera
991 1224 1070 1279 sic
1091 1223 1342 1295 jungitur
1376 1241 1388 1277 :
1424 1222 1637 1278 Contuli
1669 1237 1792 1277 cum

194 1311 322 1379 illis,
355 1321 406 1368 et
438 1313 664 1384 apparui
696 1313 996 1369 secundum
1024 1321 1148 1384 post
1164 1320 1447 1383 acceptam
1470 1311 1633 1366 fidem
1654 1311 1794 1365 irre-

193 1401 600 1473 prehensibilis,
622 1397 758 1457 sient
775 1401 851 1456 illi
876 1421 890 1467 ;
910 1401 1006 1458 sed
1021 1403 1214 1474 quales
1227 1403 1448 1467 fuerint
1464 1401 1788 1473 aliquando,

195 1491 252 1545 id
284 1499 365 1546 est
389 1498 516 1546 ante
547 1489 712 1545 ﬁdem
743 1492 936 1545 Petrus
987 1498 1040 1546 et
1069 1489 1179 1558 alii,
1215 1489 1308 1565 qui
1362 1490 1697 1546 videbantur
1723 1489 1792 1542 ab

191 1579 276 1635 his
306 1581 603 1635 secundum
635 1596 854 1635 carnem
905 1579 1244 1650 sapientibus
1276 1595 1400 1634 esse
1431 1578 1653 1650 aliquid,
1689 1579 1793 1634 hoc

191 1683 492 1724 memorare
524 1668 716 1740 quales
745 1668 824 1722 illi
845 1667 1042 1723 fuerint
1074 1668 1252 1740 qualis
1275 1683 1381 1740 ego
1409 1668 1510 1722 sub
1540 1667 1664 1739 lege
1703 1669 1794 1723 ni-

189 1759 270 1813 hil
301 1775 424 1814 mea
455 1758 722 1824 interest,
757 1757 811 1812 id
843 1765 924 1812 est
947 1757 1081 1811 nihil
1111 1756 1320 1812 confert
1349 1757 1406 1811 in
1432 1772 1555 1812 mea
1576 1773 1661 1811 re.
1695 1757 1792 1813 Ve-

190 1863 311 1901 rum
333 1846 555 1918 quidem
585 1855 667 1901 est
699 1846 843 1918 quod
874 1861 980 1918 ego
1011 1854 1139 1902 tunc
1169 1845 1394 1919 dignior
1448 1845 1556 1900 illis
1615 1861 1789 1913 eram,
1810 1872 1862 1932 Β

191 1935 289 1990 sed
316 1943 499 1990 tamen
528 1951 640 1989 non
670 1950 802 1990 curo
824 1934 1134 2004 hujusmodi
1155 1934 1412 2006 gloriam.
1447 1934 1791 1990 Videbantur

189 2023 338 2089 dicit,
365 2032 628 2096 quantum
657 2024 726 2078 ad
748 2023 872 2078 illos
907 2024 1000 2094 qui
1023 2024 1244 2079 Petrum
1296 2031 1348 2079 et
1386 2022 1523 2078 alios
1544 2023 1615 2077 ita
1639 2023 1790 2092 judi-

189 2112 386 2168 cabant
440 2128 701 2185 magnos.
761 2111 985 2166 Paulum
1031 2111 1184 2167 nihil.
1227 2112 1355 2166 Ideo
1410 2113 1603 2184 quales
1662 2120 1790 2168 tunc

188 2199 402 2266 fuerint,
417 2201 604 2256 dicere
625 2208 910 2271 pratereo.
936 2200 1060 2256 Scio
1073 2201 1219 2255 enim
1242 2200 1387 2272 quod
1406 2201 1551 2256 Deus
1574 2217 1690 2256 non
1702 2217 1792 2255 ac-

190 2285 329 2356 cipit
339 2301 644 2356 personam
663 2286 930 2350 hominis,
958 2285 1011 2339 id
1029 2293 1113 2340 est
1133 2286 1278 2340 Deus
1299 2300 1407 2340 non
1425 2285 1585 2340 habet
1598 2300 1792 2356 accep-

190 2384 306 2427 tum
335 2373 612 2429 hominem
647 2382 870 2445 propter
899 2390 1190 2445 personam
1223 2374 1447 2447 generis
1478 2374 1786 2430 divitiarum

187 2463 274 2518 vel
296 2463 553 2519 scientia.
574 2463 769 2519 Dicere
791 2462 978 2534 quales
995 2464 1146 2534 prius
1168 2463 1399 2530 fuerint;
1420 2463 1543 2518 ideo
1556 2463 1689 2518 nihil
1708 2463 1788 2518 in-

191 2554 394 2601 teresse
429 2546 552 2602 dico
590 2547 645 2600 in
691 2562 817 2601 mea
850 2563 928 2614 re,
953 2546 1078 2617 quia
1098 2547 1203 2602 hoc
1232 2546 1408 2601 solum
1438 2545 1571 2600 mihi
1592 2545 1787 2602 sufﬁcit

189 2635 262 2690 ad
309 2635 840 2691 commendationem
898 2635 1045 2707 quod
1092 2636 1285 2691 Petrus
1316 2643 1368 2690 et
1396 2635 1485 2689 alii
1515 2638 1610 2708 qui
1640 2636 1788 2693 dice-

189 2724 401 2780 bantur
421 2741 538 2780 esse
561 2724 798 2797 aliquid,
820 2723 970 2780 nihil
991 2725 1137 2780 mihi
1157 2725 1552 2791 contulerunt,
1569 2725 1620 2779 id
1637 2732 1717 2780 est
1732 2726 1786 2780 in

189 2813 339 2868 nullo
391 2829 478 2868 me
541 2821 914 2869 correxerunt.
970 2815 1031 2868 In
1075 2813 1225 2869 nullo
1271 2813 1405 2868 mihi
1468 2813 1788 2885 profuerunt

187 2902 316 2968 dum
346 2902 548 2957 contuli
581 2917 703 2957 cum
733 2902 814 2957 eis
834 2902 1218 2975 Evangelium.
1253 2902 1354 2958 Vel
1391 2919 1515 2974 per,
1568 2907 1782 2970 autem,

187 2991 470 3061 copuletur
514 2991 718 3057 dicere,
781 2991 972 3063 quales
1010 2990 1212 3046 fuerint
1268 2999 1393 3046 ante
1443 2991 1605 3047 fidem
1653 2992 1786 3047 nihil

186 3080 317 3134 mihi
347 3079 552 3135 confert
582 3099 596 3146 ;
639 3080 737 3135 sed
766 3081 870 3136 hoc
891 3081 1070 3136 dicere
1103 3081 1251 3152 quod
1289 3079 1366 3134 illi
1396 3080 1488 3153 qui
1515 3081 1784 3137 videban-

186 3177 271 3223 tur
289 3185 410 3224 esse
431 3169 654 3241 aliquid,
687 3169 820 3223 nihil
847 3169 980 3223 mihi
1019 3169 1402 3236 contulerunt;
1439 3170 1572 3224 satis
1604 3179 1687 3226 est
1716 3171 1785 3226 ad

1897 595 2229 650 Societatem
2259 594 2543 650 nobiscum
2575 593 2714 664 pacti
2748 600 2892 659 sunt,
2918 592 2992 648 ita
3024 596 3088 648 ut
3117 607 3218 648 nos
3242 588 3501 647 210

1894 685 2322 754 pradicaremus
2353 686 2415 739 in
2445 687 2665 755 gentes,
2713 684 2825 755 ipsi
2855 687 3049 738 autem
3079 681 3144 736 in
3193 679 3500 736 circumci-

1895 775 2129 830 sionem.
2155 774 2270 828 Hoc
2301 780 2509 827 tantum
2539 771 2818 844 singulare
2845 770 3004 826 nobis
3045 770 3408 840 imponentes,
3430 771 3501 825 ut

1894 878 2145 917 essemus
2166 877 2442 917 memores
2469 876 2810 932 pauperum,
2844 858 2935 931 qui
2967 867 3123 914 erant
3173 857 3495 928 Hierosoly-

1894 950 2020 1017 mis,
2055 950 2202 1021 quod
2231 949 2310 1004 illi
2336 949 2440 1004 nisi
2471 966 2568 1020 per
2597 964 2696 1004 nos
2732 964 2842 1003 non
2872 955 3150 1019 poterant.
3197 947 3367 1017 Quod,
3402 944 3501 1002 sci-

1893 1038 2038 1104 licet,
2072 1037 2398 1094 benefacere
2437 1037 2769 1109 pauperibus
2799 1053 2909 1091 non
2955 1036 3133 1092 solum
3183 1035 3351 1103 volui,
3399 1033 3498 1090 sed

1895 1129 2072 1182 etiam
2102 1128 2389 1184 sollicitus
2423 1128 2516 1198 fui
2535 1129 2745 1198 facere,
2781 1125 2855 1180 ita
2885 1124 3031 1197 quod
3060 1126 3160 1182 hoc
3188 1125 3393 1195 ipsum,
3441 1122 3498 1178 id

1895 1224 1978 1271 est
2008 1231 2118 1270 non
2147 1216 2327 1270 minus
2360 1215 2462 1270 feci
2492 1231 2654 1287 quam
2693 1213 2771 1269 illi
2801 1213 3015 1285 peccati
3063 1221 3207 1268 sunt.

1969 1305 2264 1376 Postquam
2294 1304 2532 1359 ostendit
2563 1303 2686 1358 illos
2717 1303 2850 1357 nihil
2880 1302 3176 1358 contulisse
3198 1301 3320 1369 sibi,
3354 1309 3407 1358 et
3436 1318 3497 1358 se

1894 1393 2072 1464 potius
2103 1392 2484 1449 necessarium
2515 1392 2642 1459 illis,
2677 1390 2975 1448 secundum
3006 1390 3326 1447 memoriam
3357 1406 3496 1461 pau-

1895 1498 2106 1553 perum,
2140 1482 2292 1537 addit
2334 1482 2610 1554 quoddam
2666 1481 2860 1550 majus,
2923 1480 3132 1536 scilicet
3163 1480 3327 1552 quod,
3370 1495 3492 1537 cum

1894 1570 2012 1641 ipse
2043 1579 2189 1626 esset
2243 1569 2773 1641 irreprehensibilis,
2810 1569 3297 1640 reprehensibilem
3329 1567 3495 1624 etiam

1894 1659 2130 1714 ostendit
2171 1660 2391 1714 Petrum
2440 1659 2631 1714 dicens
2668 1674 2679 1713 :
2714 1658 3015 1714 Conferens
3062 1673 3184 1714 cum
3232 1658 3392 1714 Petro
3441 1664 3496 1714 et

1893 1748 2011 1803 aliis
2041 1748 2176 1802 nihil
2207 1748 2337 1802 mihi
2362 1747 2608 1814 contulit,
2644 1747 2742 1802 sed
2773 1763 2877 1820 ego
2906 1747 3110 1803 contuli
3139 1747 3319 1803 Petro.
3353 1745 3497 1816 Quia

1894 1854 2023 1893 cum
2069 1837 2312 1893 venisset
2364 1836 2573 1908 Cephas
2623 1837 2986 1893 Antiochiam
3036 1851 3142 1908 ego
3185 1836 3376 1892 restiti
3405 1836 3494 1904 ei;

1891 1942 1992 1981 nec
2021 1925 2076 1980 in
2107 1925 2345 1992 occulto,
2378 1925 2474 1980 sed
2507 1927 2570 1980 in
2600 1926 2829 1996 faciem,
2867 1925 2923 1980 id
2970 1932 3055 1980 est
3091 1925 3144 1979 in
3195 1931 3493 1996 conspectu

1891 2015 2172 2071 Ecclesia.
2198 2015 2327 2070 Ideo
2351 2013 2545 2081 restiti,
2569 2016 2699 2087 quia
2713 2019 2838 2070 erat
2859 2015 3350 2086 reprehensibilis;
3373 2021 3426 2070 et
3446 2014 3494 2070 si

1889 2120 1999 2159 non
2020 2120 2121 2175 per
2142 2103 2497 2170 intellectum,
2524 2111 2705 2157 tamen
2727 2119 2825 2174 per
2845 2103 3172 2174 exemplum.
3198 2103 3326 2159 Ideo
3346 2103 3492 2159 Pau-

1888 2192 1976 2247 lus
2005 2191 2201 2248 restitit
2230 2193 2391 2247 Petro
2415 2192 2470 2246 in
2500 2191 2713 2259 faciem,
2740 2191 2868 2263 quia
2885 2193 3078 2246 Petrus
3101 2207 3209 2247 non
3230 2192 3494 2263 peccabat

1889 2281 1944 2336 in
1975 2298 2056 2348 se,
2091 2282 2159 2337 de
2190 2297 2298 2354 quo
2320 2281 2541 2353 quidem
2568 2288 2784 2336 secreto
2814 2288 2961 2336 esset
2990 2280 3368 2352 corrigendus,
3393 2279 3491 2337 sed

1887 2370 2150 2442 peccabat
2179 2370 2234 2424 in
2265 2379 2424 2426 cauta
2448 2369 2808 2436 simulatione,
2843 2371 3246 2440 corrumpendo
3290 2369 3491 2426 Eccle-

1890 2459 2046 2525 siam,
2074 2467 2127 2514 et
2157 2459 2249 2530 qui
2269 2459 2326 2513 in
2347 2459 2569 2531 publico
2598 2458 2884 2530 peccabat,
2927 2458 3144 2530 publice
3175 2459 3491 2531 arguendus

1889 2556 2039 2613 erat;
2075 2547 2169 2618 qui
2201 2548 2346 2603 enim
2391 2548 2643 2603 viderant
2700 2545 3078 2614 offensionem,
3115 2563 3341 2604 necesse
3371 2555 3492 2603 erat

1888 2645 1945 2691 ut
2001 2636 2164 2692 iidem
2222 2637 2472 2692 viderent
2518 2635 2744 2692 offensa
2791 2636 3254 2692 emendationem.
3296 2638 3490 2693 Petrus

1888 2725 2075 2796 utique
2097 2724 2698 2796 eratreprehensibilis,
2723 2727 2855 2798 quia
2870 2726 3207 2799 priusquam
3228 2726 3492 2782 venirent

1888 2814 2116 2887 quidam
2147 2813 2399 2870 conversi
2431 2813 2496 2870 de
2514 2813 2722 2870 Iudaeis
2739 2815 2806 2870 ab
2817 2815 3032 2879 Iacobo,
3054 2814 3146 2886 qui
3173 2815 3492 2871 cathedram

1887 2903 2127 2958 habebat
2171 2902 2591 2974 Hierosolymis,
2642 2903 2964 2975 priusquam
3009 2903 3063 2958 hi
3091 2903 3358 2971 venirent,
3382 2905 3491 2961 Pe-

1887 2999 2002 3046 trus
2033 2991 2233 3047 edebat
2258 3009 2389 3047 cum
2409 2992 2689 3064 gentibus,
2718 2991 2837 3047 sine
2870 2992 3198 3048 discretione
3220 2993 3486 3049 ciborum.

1889 3080 2046 3135 Prius
2077 3081 2155 3136 sic
2177 3080 2409 3137 faciebat
2434 3100 2447 3147 ;
2479 3081 2576 3137 sed
2599 3098 2730 3137 cum
2759 3081 2835 3136 illi
2870 3082 3178 3148 venissent,
3202 3082 3493 3139 subtrahe-

1888 3169 1981 3225 bat
2003 3186 2060 3226 se
2081 3186 2114 3224 a
2134 3185 2324 3225 mensa
2346 3170 2650 3243 gentilium,
2686 3185 2788 3226 nec
2825 3170 3055 3225 latenter
3102 3170 3490 3239 subtrahebat;

188 3233 737 3313 commendationem.
790 3257 938 3312 Nihil
982 3257 1204 3329 quidem
1252 3233 1598 3314 contulerunt
1627 3259 1780 3326 mihi,
1889 3259 1986 3313 sed
2008 3233 2435 3331 segregabatse,
2455 3258 2511 3314 id
2541 3233 2901 3315 est'seorsum
2923 3259 3156 3315 faciebat
3174 3233 3491 3316 Judaorum

187 3346 286 3401 sed
317 3346 479 3402 etiam
509 3345 827 3402 aﬂ'ectantes
877 3347 1201 3403 societatem
1252 3355 1516 3414 nostram,
1573 3347 1705 3403 mihi
1736 3357 1790 3403 et

185 3436 450 3490 Barnaba
478 3436 748 3507 discipulo
766 3451 888 3491 meo
925 3436 1195 3491 dederunt
1224 3436 1444 3491 dextras
1485 3437 1782 3493 societatis.

185 3523 346 3592 Quod
377 3523 456 3580 sic
485 3525 559 3579 ait
583 3543 595 3580 :
619 3524 768 3580 Nihil
799 3525 1164 3592 contulerunt,
1199 3527 1294 3581 sed
1318 3526 1625 3582 econtrario
1655 3544 1787 3583 cum

183 3613 265 3668 illi
294 3613 569 3670 vidissent
597 3613 740 3686 quod
770 3613 1054 3670 creditum
1086 3617 1173 3669 est
1229 3614 1374 3670 mihi
1396 3631 1427 3668 a
1456 3615 1572 3670 Deo
1598 3616 1784 3671 Evan-

180 3705 395 3774 gelium
420 3705 713 3775 praeputii,
749 3702 803 3756 id
833 3711 915 3758 est
945 3703 1262 3774 gentilitatis
1291 3704 1486 3758 eadem
1517 3705 1785 3776 dignitate

182 3793 338 3847 sicut
364 3794 530 3848 Petro
560 3791 829 3847 creditum
869 3801 949 3846 est
998 3792 1363 3864 Evangelium
1394 3795 1784 3851 circumcisio-

182 3883 300 3946 nis,
327 3880 379 3934 id
410 3889 490 3935 est
512 3881 566 3934 in
579 3881 605 3933 J
613 3881 816 3936 udaos.
840 3881 1165 3936 Econtrario
1185 3881 1316 3937 dicit
1338 3882 1641 3938 secundum
1664 3883 1786 3954 Opi-

183 3968 405 4025 nionem
436 3985 622 4025 eorum
653 3969 745 4040 qui
799 3969 1026 4025 Paulum
1054 3969 1421 4043 indigniorem
1463 3971 1786 4041 judicabant

184 4059 346 4115 Petro
359 4099 372 4114 .

256 4148 402 4202 Bene
460 4146 584 4203 dico
639 4163 763 4203 cum
811 4146 1095 4214 vidissent,
1145 4147 1396 4203 viderunt
1453 4147 1618 4215 enim,
1652 4150 1784 4222 quia

177 4236 328 4292 idem
359 4238 503 4291 Deus
538 4237 635 4308 qui
671 4241 934 4309 operatus
961 4241 1047 4293 est
1069 4239 1256 4307 Petro,
1287 4237 1342 4292 id
1359 4244 1440 4293 est
1461 4238 1527 4292 ad
1551 4238 1785 4311 gloriam

181 4333 239 4382 et
259 4325 789 4382 commendationem
813 4326 977 4393 Petri,
1011 4325 1274 4382 miracula
1301 4344 1404 4398 per
1432 4343 1556 4382 eum
1578 4327 1705 4385 fecit
1722 4330 1785 4384 in

180 4417 509 4487 apostolatu
538 4415 1012 4482 circumcisionis,
1037 4415 1286 4471 similiter
1321 4421 1586 4488 operatus
1616 4422 1698 4473 est
1729 4422 1784 4474 et

179 4505 351 4573 mihi,
383 4503 438 4558 id
468 4511 551 4560 est
580 4504 649 4558 ad
678 4504 785 4559 mei
801 4504 1340 4560 commendationem
1373 4506 1528 4560 inter
1545 4511 1782 4578 gentes;

1885 3364 2134 3404 mensam
2165 3365 2198 3403 a
2227 3365 2397 3421 grege
2421 3348 2704 3421 gentilium
2735 3349 2823 3404 vel
2873 3348 2928 3402 in
2960 3348 3070 3406 alia
3112 3349 3294 3419 domo,
3326 3350 3413 3406 vel
3434 3349 3493 3404 in

1884 3436 1989 3491 alia
2019 3452 2231 3504 mensa,
2269 3438 2477 3492 timens
2509 3435 2790 3492 offendere
2822 3454 2911 3494 eos
2943 3440 3038 3510 qui
3068 3443 3238 3494 erant
3267 3455 3342 3494 ex
3371 3441 3491 3495 cir-

1885 3529 2253 3593 cumcisione,
2277 3525 2333 3581 id
2363 3535 2445 3581 est
2467 3527 2706 3594 Judaos,
2733 3527 2778 3580 si
2799 3525 3149 3599 participaret
3170 3527 3487 3598 gentilibus,

1887 3623 1939 3669 et
1968 3615 2094 3670 huic
2123 3616 2485 3671 simulationi
2508 3617 2630 3686 ejus
2661 3617 2794 3685 (non
2825 3615 2971 3670 enim
3003 3616 3258 3672 credebat
3279 3616 3492 3673 discre-

1886 3703 2089 3759 tionem
2121 3704 2289 3759 ullam
2322 3704 2493 3758 Judai
2525 3712 2576 3759 et
2607 3703 2848 3777 gentilis,
2883 3705 2980 3759 sed
3011 3712 3219 3760 tantum
3249 3721 3348 3777 pro
3377 3705 3492 3761 evi-

1884 3799 2037 3848 tanto
2069 3793 2331 3849 seandalo
2362 3792 2677 3863 simulabat)
2708 3792 3058 3863 simulationi,
3091 3793 3336 3866 inquam,
3370 3795 3490 3864 ejus

1885 3886 2302 3939 consenserunt
2333 3883 2531 3938 cateri
2550 3883 2750 3948 Judwi,
2775 3883 2860 3938 ita
2892 3887 2959 3938 ut
2979 3885 3153 3938 etiam
3175 3884 3485 3954 Barnabas,

1885 3972 2188 4042 discipulus
2209 3988 2383 4041 meus,
2401 3972 2706 4028 duceretur
2727 3972 2794 4027 ab
2815 3973 2896 4028 eis
2924 3972 3126 4027 Judais
3156 3974 3216 4028 in
3234 3974 3490 4030 eamdem

1885 4061 2336 4129 simulationem,
2359 4068 2411 4116 et
2434 4061 2602 4116 nollet
2617 4060 3024 4117 communicare
3046 4061 3361 4133 gentilibus.
3387 4062 3490 4118 Pe-

1885 4157 2003 4204 trus
2026 4149 2347 4221 simpliciter
2395 4165 2505 4205 non
2529 4149 2887 4206 considerans
2925 4166 3026 4222 per
3071 4151 3176 4206 hoc
3210 4151 3490 4222 corrumpi

1886 4239 2048 4293 fidem
2074 4238 2358 4304 Ecclesia,
2400 4238 2712 4294 declinabat
2731 4255 2762 4292 a
2785 4239 3047 4296 seandalo
3078 4239 3250 4296 Judaei
3278 4239 3487 4307 fratris,

1885 4344 1985 4399 per
2035 4328 2178 4384 hanc
2235 4327 2664 4383 simulationem.
2717 4327 2823 4384 Sed
2869 4344 2995 4400 ego,
3028 4345 3160 4385 cum
3199 4329 3486 4398 vidissem,

1885 4416 2030 4490 quod
2079 4433 2197 4471 non
2248 4421 2401 4471 recte
2431 4416 2797 4472 ambularent
2836 4417 3030 4472 Petrus
3061 4424 3115 4472 et
3142 4416 3235 4489 qui
3264 4433 3389 4473 cum
3420 4433 3490 4474 eo

1886 4513 2063 4575 erant,
2099 4521 2215 4561 non
2246 4509 2398 4561 recte
2429 4505 2552 4561 dico
2584 4505 2657 4560 ad
2685 4505 3154 4575 comprobandum
3187 4507 3487 4563 veritatem

178 4594 429 4665 gentium
457 4593 603 4648 enim
633 4593 927 4664 Apostolus
957 4601 1090 4648 erat.
1127 4595 1260 4649 Cum
1309 4594 1574 4650 vidissent
1596 4596 1780 4651 credi-
1801 4600 1854 4662 D
1885 4595 2194 4666 Evangelii,
2248 4593 2339 4666 qui
2395 4593 2827 4665 pradicaverant
2897 4594 3035 4649 ritus
3091 4593 3348 4650 Iudaicos
3372 4595 3487 4664 jam

178 4690 296 4736 tum
330 4698 451 4738 esse
472 4682 605 4736 mihi
649 4682 1026 4754 Evangelium,
1057 4687 1112 4738 et
1169 4701 1300 4739 cum
1339 4683 1485 4738 idem
1516 4701 1613 4755 per
1643 4684 1782 4741 effe-

179 4780 331 4828 ctum
377 4771 784 4844 cognovissent,
826 4771 1072 4827 videntes
1096 4773 1344 4843 gratiam
1376 4791 1498 4845 qua:
1527 4774 1663 4830 data
1698 4779 1784 4832 est

181 4860 328 4917 mihi
357 4860 566 4932 (plures
599 4860 745 4916 enim
775 4877 934 4931 quam
965 4860 1042 4914 illi
1063 4862 1452 4917 convertebam
1474 4862 1542 4918 ad
1572 4862 1778 4935 fidem).

185 4949 586 5021 Cognovissent
620 4947 743 5025 dico
772 4949 1031 5015 Jacobus,
1054 4954 1110 5005 et
1154 4950 1383 5023 Cephas,
1428 4956 1484 5008 et
1514 4954 1780 5021 Joannes,

179 5041 276 5112 qui
297 5040 638 5096 videbantur
666 5054 784 5094 esse
842 5039 1139 5107 columnae,
1165 5039 1219 5095 id
1251 5047 1334 5095 est
1389 5049 1783 5098 sustentatores

177 5127 460 5185 Ecclesia.
489 5127 530 5183 li
561 5127 707 5183 enim
752 5127 1139 5184 honoratiores
1199 5129 1411 5184 cateris
1459 5138 1630 5201 erant,
1655 5130 1785 5203 quia

179 5217 426 5273 Christus
457 5232 553 5273 eos
582 5215 639 5271 in
687 5215 1072 5272 secretioribus
1122 5215 1236 5271 suis
1274 5233 1494 5289 semper
1524 5219 1782 5274 admitte-

175 5305 287 5378 bat,
345 5324 533 5364 coram
596 5304 796 5379 quibus
863 5303 1272 5380 transﬁguratus
1329 5307 1428 5362 fuit
1485 5308 1542 5362 in
1599 5317 1784 5366 monte

173 5398 394 5466 (Matth.
429 5413 573 5465 xvu,
603 5395 683 5467 2).
709 5395 772 5461 Ii,
805 5394 1027 5468 inquam
1047 5437 1064 5464 ,
1098 5396 1203 5453 hoc
1233 5406 1652 5469 cognoscentes,
1690 5397 1784 5456 de-

171 5488 379 5545 derunt
412 5489 556 5545 mihi
578 5491 637 5544 et
661 5485 935 5540 Barnabce
961 5485 1198 5541 dextras
1228 5489 1542 5558 societatis,
1577 5487 1777 5542 intelli-

167 5587 360 5650 gentes
389 5595 490 5636 nos
522 5593 637 5633 non
670 5573 960 5630 inferiores
987 5573 1115 5642 illis,
1149 5575 1247 5630 sed
1281 5592 1461 5646 pares,
1495 5593 1605 5632 non
1626 5577 1786 5633 disci-

163 5668 324 5742 pulos
352 5669 450 5728 sed
481 5667 691 5726 socios.
726 5663 1076 5738 Conjungerc
1123 5664 1366 5734 dextras,
1402 5665 1621 5740 signum
1673 5674 1786 5723 erat

1883 4683 2124 4753 inutiles,
2145 4699 2246 4738 nec
2276 4699 2400 4738 esse
2430 4682 2720 4738 tenendos.
2762 4682 2897 4737 Cum
2928 4683 3033 4738 hoc
3054 4681 3335 4750 vidissem,
3359 4682 3490 4741 dixi

1886 4772 2084 4845 Cepha’
2104 4789 2295 4829 coram
2316 4771 2577 4829 omnibus
2599 4771 2702 4842 (sic
2725 4771 2869 4827 enim
2889 4771 3190 4843 oportebat,
3215 4771 3344 4828 dum
3367 4772 3487 4841 ejus

1883 4861 2155 4918 simulatio
2200 4862 2363 4917 totius
2407 4859 2672 4918 Ecclesia
2724 4869 2870 4917 esset
2920 4861 3237 4932 corruptio.)
3280 4879 3293 4916 :
3344 4861 3483 4932 Hoc,

1883 4951 2106 5023 inquam
2145 4950 2276 5017 dixi,
2309 4951 2361 5007 si
2392 4955 2475 5020 tu,
2513 4950 2694 5018 Petre,
2728 4967 2859 5007 cum
2888 4951 2967 5007 sis
3005 4950 3226 5007 natione
3261 4950 3490 5008 Iudaeus

1882 5042 2043 5107 vivis,
2096 5040 2150 5095 id
2179 5049 2262 5096 est
2310 5040 2492 5096 vivere
2531 5039 2678 5096 soles
2728 5041 3042 5113 gentiliter,
3075 5039 3208 5095 nihil
3231 5039 3490 5110 judicans

1883 5128 2245 5196 immundum,
2283 5133 2341 5186 et
2373 5146 2487 5186 non
2510 5128 2648 5185 vivis
2670 5129 2811 5186 ultra
2821 5130 3074 5201 judaice,
3097 5136 3154 5184 ut
3186 5129 3490 5188 secundum

1883 5218 2021 5273 ritus
2051 5219 2174 5274 illos
2211 5217 2366 5275 cibos
2389 5219 2458 5274 de
2488 5218 2833 5273 immunditia
2854 5218 3114 5286 damnes;
3141 5217 3207 5286 si,
3240 5218 3485 5292 inquam,

1883 5315 1942 5363 tu
1956 5307 2218 5363 naturalis
2233 5307 2454 5363 Judaus
2475 5323 2586 5362 non
2601 5307 2873 5376 judaizas:
2893 5307 3180 5381 quomodo,
3202 5307 3256 5363 id
3274 5316 3357 5364 est
3377 5323 3491 5381 qua

1882 5397 2094 5452 ratione
2139 5401 2334 5469 gentes
2383 5414 2504 5469 qua
2545 5412 2827 5469 nunquam
2867 5396 3306 5466 judaizaverunt,
3339 5399 3490 5470 cogis

1873 5487 2196 5556 judaizare,
2259 5486 2518 5558 exemplo
2563 5493 2675 5552 tuo,
2711 5485 2836 5542 licet
2904 5501 3014 5542 non
3063 5485 3137 5540 ita
3174 5485 3494 5557 pradicas?

1883 5575 2002 5630 Nisi
2052 5574 2195 5630 enim
2227 5574 2283 5630 in
2341 5576 2447 5632 hoc
2472 5574 2692 5648 publice
2745 5582 3021 5630 correctus
3060 5581 3207 5631 esset
3237 5590 3268 5630 a
3299 5573 3486 5643 Paulo,

1886 5679 2056 5736 seque
2095 5663 2220 5720 ideo
2279 5663 2770 5738 reprehensibilem
2828 5662 3196 5732 confiteretur,
3235 5669 3492 5736 putarent
