  <div class='ocr_page' id='page_1' title='image "/cluster/home/n/w/nwhite01/storage/ocr_20150623/153-154/uc1.31175019678096/151.png"; bbox 0 0 3932 6482; ppageno 0'>
   <div class='ocr_carea' id='block_1_1' title="bbox 455 428 556 483">
    <p class='ocr_par' dir='ltr' id='par_1_1' title="bbox 455 428 556 483">
     <span class='ocr_line' id='line_1_1' title="bbox 455 428 556 483; baseline -0.02 0"><span class='ocrx_word' id='word_1_1' title='bbox 455 428 556 483; x_wconf 77' lang='grc'><strong>291</strong></span> 
     </span>
    </p>
   </div>
   <div class='ocr_carea' id='block_1_2' title="bbox 962 422 3226 484">
    <p class='ocr_par' dir='ltr' id='par_1_2' title="bbox 962 422 3226 484">
     <span class='ocr_line' id='line_1_2' title="bbox 962 422 3226 484; baseline -0 -2"><span class='ocrx_word' id='word_1_2' title='bbox 962 427 1018 483; x_wconf 92' lang='lat' dir='ltr'><strong>S.</strong></span> <span class='ocrx_word' id='word_1_3' title='bbox 1051 426 1408 483; x_wconf 83' lang='lat' dir='ltr'><strong>BRUNONIS</strong></span> <span class='ocrx_word' id='word_1_4' title='bbox 1465 424 2112 484; x_wconf 76' lang='lat' dir='ltr'><strong>CARTHUSIANORUM</strong></span> <span class='ocrx_word' id='word_1_5' title='bbox 2166 422 2651 480; x_wconf 80' lang='lat' dir='ltr'><strong>INSTITU&#39;I‘ORIS</strong></span> <span class='ocrx_word' id='word_1_6' title='bbox 2709 423 2865 481; x_wconf 86' lang='lat' dir='ltr'><strong>OPP.</strong></span> <span class='ocrx_word' id='word_1_7' title='bbox 2922 424 3101 481; x_wconf 73' lang='lat' dir='ltr'><strong>PARS</strong></span> <span class='ocrx_word' id='word_1_8' title='bbox 3152 425 3226 481; x_wconf 89' lang='lat' dir='ltr'><strong>II.</strong></span> 
     </span>
    </p>
   </div>
   <div class='ocr_carea' id='block_1_3' title="bbox 3647 430 3737 485">
    <p class='ocr_par' dir='ltr' id='par_1_3' title="bbox 3647 430 3737 485">
     <span class='ocr_line' id='line_1_3' title="bbox 3647 430 3737 485; baseline 0 0"><span class='ocrx_word' id='word_1_9' title='bbox 3647 430 3737 485; x_wconf 75' lang='lat'><strong>292</strong></span> 
     </span>
    </p>
   </div>
   <div class='ocr_carea' id='block_1_4' title="bbox 451 532 3734 624">
    <p class='ocr_par' dir='ltr' id='par_1_4' title="bbox 451 532 3734 624">
     <span class='ocr_line' id='line_1_4' title="bbox 451 532 3734 624; baseline 0.001 -23"><span class='ocrx_word' id='word_1_10' title='bbox 451 563 561 604; x_wconf 90' lang='lat' dir='ltr'><strong>non</strong></span> <span class='ocrx_word' id='word_1_11' title='bbox 592 547 774 603; x_wconf 90' lang='lat' dir='ltr'><strong>solum</strong></span> <span class='ocrx_word' id='word_1_12' title='bbox 808 532 1003 617; x_wconf 73' lang='lat' dir='ltr'><strong>Judaei,</strong></span> <span class='ocrx_word' id='word_1_13' title='bbox 1037 550 1132 605; x_wconf 92' lang='lat' dir='ltr'><strong>sed</strong></span> <span class='ocrx_word' id='word_1_14' title='bbox 1164 550 1324 605; x_wconf 90' lang='lat' dir='ltr'><strong>etiam</strong></span> <span class='ocrx_word' id='word_1_15' title='bbox 1366 549 1600 624; x_wconf 79' lang='lat' dir='ltr'><strong>gentiles</strong></span> <span class='ocrx_word' id='word_1_16' title='bbox 1656 550 1900 606; x_wconf 80' lang='lat' dir='ltr'><strong>inutilem</strong></span> <span class='ocrx_word' id='word_1_17' title='bbox 1931 566 2051 605; x_wconf 89' lang='lat' dir='ltr'><strong>esse</strong></span> <span class='ocrx_word' id='word_1_18' title='bbox 2074 551 2129 610; x_wconf 82' lang='grc' dir='ltr'><strong>Α</strong></span> <span class='ocrx_word' id='word_1_19' title='bbox 2156 544 2338 611; x_wconf 82' lang='lat' dir='ltr'><strong>diﬁco,</strong></span> <span class='ocrx_word' id='word_1_20' title='bbox 2373 546 2849 617; x_wconf 64' lang='lat' dir='ltr'><strong>praevaricatorem</strong></span> <span class='ocrx_word' id='word_1_21' title='bbox 2881 547 3021 619; x_wconf 85' lang='lat' dir='ltr'><strong>legis</strong></span> <span class='ocrx_word' id='word_1_22' title='bbox 3050 564 3137 602; x_wconf 92' lang='lat' dir='ltr'><strong>me</strong></span> <span class='ocrx_word' id='word_1_23' title='bbox 3173 547 3469 605; x_wconf 88' lang='lat' dir='ltr'><strong>constituo.</strong></span> <span class='ocrx_word' id='word_1_24' title='bbox 3488 550 3627 605; x_wconf 82' lang='lat' dir='ltr'><strong>Nam</strong></span> <span class='ocrx_word' id='word_1_25' title='bbox 3653 566 3734 620; x_wconf 85' lang='lat' dir='ltr'><strong>ego</strong></span> 
     </span>
    </p>
   </div>
   <div class='ocr_carea' id='block_1_5' title="bbox 454 635 941 709">
    <p class='ocr_par' dir='ltr' id='par_1_5' title="bbox 454 635 941 709">
     <span class='ocr_line' id='line_1_5' title="bbox 454 635 941 709; baseline 0.006 -20"><span class='ocrx_word' id='word_1_26' title='bbox 454 635 619 692; x_wconf 83' lang='lat' dir='ltr'><strong>ﬁdem</strong></span> <span class='ocrx_word' id='word_1_27' title='bbox 651 637 769 693; x_wconf 86' lang='lat' dir='ltr'><strong>sine</strong></span> <span class='ocrx_word' id='word_1_28' title='bbox 799 638 941 709; x_wconf 88' lang='lat' dir='ltr'><strong>lege.</strong></span> 
     </span>
    </p>
   </div>
   <div class='ocr_carea' id='block_1_6' title="bbox 526 726 2047 798">
    <p class='ocr_par' dir='ltr' id='par_1_6' title="bbox 526 726 2047 798">
     <span class='ocr_line' id='line_1_6' title="bbox 526 726 2047 798; baseline 0.001 -18"><span class='ocrx_word' id='word_1_29' title='bbox 526 726 818 798; x_wconf 89' lang='lat' dir='ltr'><strong>Hucusque</strong></span> <span class='ocrx_word' id='word_1_30' title='bbox 851 727 984 781; x_wconf 90' lang='lat' dir='ltr'><strong>satis</strong></span> <span class='ocrx_word' id='word_1_31' title='bbox 1013 727 1265 798; x_wconf 82' lang='lat' dir='ltr'><strong>probavit</strong></span> <span class='ocrx_word' id='word_1_32' title='bbox 1312 744 1371 783; x_wconf 90' lang='lat' dir='ltr'><strong>se</strong></span> <span class='ocrx_word' id='word_1_33' title='bbox 1403 744 1512 783; x_wconf 91' lang='lat' dir='ltr'><strong>non</strong></span> <span class='ocrx_word' id='word_1_34' title='bbox 1558 744 1680 783; x_wconf 90' lang='lat' dir='ltr'><strong>esse</strong></span> <span class='ocrx_word' id='word_1_35' title='bbox 1736 728 2047 783; x_wconf 87' lang='lat' dir='ltr'><strong>inferiorem</strong></span> 
     </span>
    </p>
   </div>
   <div class='ocr_carea' id='block_1_7' title="bbox 452 813 2045 881">
    <p class='ocr_par' dir='ltr' id='par_1_7' title="bbox 452 813 2045 881">
     <span class='ocr_line' id='line_1_7' title="bbox 452 813 2045 881; baseline 0.001 -13"><span class='ocrx_word' id='word_1_36' title='bbox 452 813 634 880; x_wconf 89' lang='lat' dir='ltr'><strong>Petro,</strong></span> <span class='ocrx_word' id='word_1_37' title='bbox 686 822 739 869; x_wconf 87' lang='lat' dir='ltr'><strong>et</strong></span> <span class='ocrx_word' id='word_1_38' title='bbox 797 814 940 881; x_wconf 88' lang='lat' dir='ltr'><strong>aliis,</strong></span> <span class='ocrx_word' id='word_1_39' title='bbox 968 815 1079 871; x_wconf 91' lang='lat' dir='ltr'><strong>imo</strong></span> <span class='ocrx_word' id='word_1_40' title='bbox 1142 816 1513 871; x_wconf 90' lang='lat' dir='ltr'><strong>necessarium</strong></span> <span class='ocrx_word' id='word_1_41' title='bbox 1569 825 1625 871; x_wconf 91' lang='lat' dir='ltr'><strong>et</strong></span> <span class='ocrx_word' id='word_1_42' title='bbox 1683 825 2045 872; x_wconf 80' lang='lat' dir='ltr'><strong>correctorem</strong></span> 
     </span>
    </p>
   </div>
   <div class='ocr_carea' id='block_1_8' title="bbox 450 903 2045 976">
    <p class='ocr_par' dir='ltr' id='par_1_8' title="bbox 450 903 2045 976">
     <span class='ocr_line' id='line_1_8' title="bbox 450 903 2045 976; baseline 0.002 -20"><span class='ocrx_word' id='word_1_43' title='bbox 450 917 659 957; x_wconf 88' lang='lat' dir='ltr'><strong>eorum.</strong></span> <span class='ocrx_word' id='word_1_44' title='bbox 695 903 855 958; x_wconf 88' lang='lat' dir='ltr'><strong>Modo</strong></span> <span class='ocrx_word' id='word_1_45' title='bbox 886 904 1079 959; x_wconf 77' lang='lat' dir='ltr'><strong>transit</strong></span> <span class='ocrx_word' id='word_1_46' title='bbox 1108 904 1177 958; x_wconf 88' lang='lat' dir='ltr'><strong>ad</strong></span> <span class='ocrx_word' id='word_1_47' title='bbox 1207 904 1615 975; x_wconf 90' lang='lat' dir='ltr'><strong>improbandam</strong></span> <span class='ocrx_word' id='word_1_48' title='bbox 1647 906 1847 976; x_wconf 85' lang='lat' dir='ltr'><strong>legem,</strong></span> <span class='ocrx_word' id='word_1_49' title='bbox 1900 905 2045 976; x_wconf 91' lang='lat' dir='ltr'><strong>quod</strong></span> 
     </span>
    </p>
   </div>
   <div class='ocr_carea' id='block_1_9' title="bbox 449 990 2043 1065">
    <p class='ocr_par' dir='ltr' id='par_1_9' title="bbox 449 990 2043 1065">
     <span class='ocr_line' id='line_1_9' title="bbox 449 990 2043 1065; baseline 0.002 -21"><span class='ocrx_word' id='word_1_50' title='bbox 449 990 598 1046; x_wconf 87' lang='lat' dir='ltr'><strong>nullo</strong></span> <span class='ocrx_word' id='word_1_51' title='bbox 628 991 792 1047; x_wconf 89' lang='lat' dir='ltr'><strong>modo</strong></span> <span class='ocrx_word' id='word_1_52' title='bbox 823 993 1061 1048; x_wconf 90' lang='lat' dir='ltr'><strong>tenenda</strong></span> <span class='ocrx_word' id='word_1_53' title='bbox 1090 993 1177 1060; x_wconf 89' lang='lat' dir='ltr'><strong>sit,</strong></span> <span class='ocrx_word' id='word_1_54' title='bbox 1211 992 1399 1048; x_wconf 91' lang='lat' dir='ltr'><strong>dicens</strong></span> <span class='ocrx_word' id='word_1_55' title='bbox 1433 1011 1446 1047; x_wconf 87' lang='lat'><strong>:</strong></span> <span class='ocrx_word' id='word_1_56' title='bbox 1480 994 1684 1048; x_wconf 91' lang='lat' dir='ltr'><strong>Gentes</strong></span> <span class='ocrx_word' id='word_1_57' title='bbox 1715 994 1897 1065; x_wconf 88' lang='lat' dir='ltr'><strong>utique</strong></span> <span class='ocrx_word' id='word_1_58' title='bbox 1936 1010 2043 1048; x_wconf 89' lang='lat' dir='ltr'><strong>non</strong></span> 
     </span>
    </p>
   </div>
   <div class='ocr_carea' id='block_1_10' title="bbox 449 1079 2044 1154">
    <p class='ocr_par' dir='ltr' id='par_1_10' title="bbox 449 1079 2044 1154">
     <span class='ocr_line' id='line_1_10' title="bbox 449 1079 2044 1154; baseline 0.003 -22"><span class='ocrx_word' id='word_1_59' title='bbox 449 1079 653 1133; x_wconf 90' lang='lat' dir='ltr'><strong>debent</strong></span> <span class='ocrx_word' id='word_1_60' title='bbox 678 1079 957 1148; x_wconf 89' lang='lat' dir='ltr'><strong>judaizare</strong></span> <span class='ocrx_word' id='word_1_61' title='bbox 992 1096 1003 1135; x_wconf 93' lang='lat'>:</span> <span class='ocrx_word' id='word_1_62' title='bbox 1038 1081 1167 1152; x_wconf 88' lang='lat' dir='ltr'><strong>quia</strong></span> <span class='ocrx_word' id='word_1_63' title='bbox 1192 1098 1294 1137; x_wconf 82' lang='lat' dir='ltr'><strong>nos</strong></span> <span class='ocrx_word' id='word_1_64' title='bbox 1320 1099 1425 1154; x_wconf 87' lang='lat' dir='ltr'><strong>per</strong></span> <span class='ocrx_word' id='word_1_65' title='bbox 1456 1087 1731 1138; x_wconf 88' lang='lat' dir='ltr'><strong>naturam</strong></span> <span class='ocrx_word' id='word_1_66' title='bbox 1760 1084 1942 1138; x_wconf 64' lang='lat' dir='ltr'><strong>Judaei</strong></span> <span class='ocrx_word' id='word_1_67' title='bbox 1959 1102 1973 1148; x_wconf 92' lang='lat'><strong>;</strong></span> <span class='ocrx_word' id='word_1_68' title='bbox 1998 1081 2044 1136; x_wconf 90' lang='lat' dir='ltr'><strong>si</strong></span> 
     </span>
    </p>
   </div>
   <div class='ocr_carea' id='block_1_11' title="bbox 448 1168 2038 1243">
    <p class='ocr_par' dir='ltr' id='par_1_11' title="bbox 448 1168 2038 1243">
     <span class='ocr_line' id='line_1_11' title="bbox 448 1168 2038 1243; baseline 0.001 -20"><span class='ocrx_word' id='word_1_69' title='bbox 448 1169 648 1224; x_wconf 91' lang='lat' dir='ltr'><strong>amodo</strong></span> <span class='ocrx_word' id='word_1_70' title='bbox 669 1168 1030 1237; x_wconf 88' lang='lat' dir='ltr'><strong>judaizamus,</strong></span> <span class='ocrx_word' id='word_1_71' title='bbox 1051 1169 1311 1225; x_wconf 87' lang='lat' dir='ltr'><strong>inutiliter</strong></span> <span class='ocrx_word' id='word_1_72' title='bbox 1339 1170 1573 1243; x_wconf 83' lang='lat' dir='ltr'><strong>agimus.</strong></span> <span class='ocrx_word' id='word_1_73' title='bbox 1624 1170 1783 1238; x_wconf 90' lang='lat' dir='ltr'><strong>Quod</strong></span> <span class='ocrx_word' id='word_1_74' title='bbox 1815 1172 1894 1226; x_wconf 90' lang='lat' dir='ltr'><strong>sic</strong></span> <span class='ocrx_word' id='word_1_75' title='bbox 1922 1172 1994 1225; x_wconf 87' lang='lat' dir='ltr'><strong>ait</strong></span> <span class='ocrx_word' id='word_1_76' title='bbox 2026 1186 2038 1225; x_wconf 92' lang='lat'>:</span> 
     </span>
    </p>
   </div>
   <div class='ocr_carea' id='block_1_12' title="bbox 443 1255 2041 1328">
    <p class='ocr_par' dir='ltr' id='par_1_12' title="bbox 443 1255 2041 1328">
     <span class='ocr_line' id='line_1_12' title="bbox 443 1255 2041 1328; baseline 0.003 -18"><span class='ocrx_word' id='word_1_77' title='bbox 443 1255 560 1311; x_wconf 91' lang='lat' dir='ltr'><strong>Nos</strong></span> <span class='ocrx_word' id='word_1_78' title='bbox 591 1256 812 1328; x_wconf 90' lang='lat' dir='ltr'><strong>quidem</strong></span> <span class='ocrx_word' id='word_1_79' title='bbox 842 1273 1030 1311; x_wconf 90' lang='lat' dir='ltr'><strong>sumus</strong></span> <span class='ocrx_word' id='word_1_80' title='bbox 1050 1257 1221 1312; x_wconf 65' lang='lat' dir='ltr'><strong>Judaei</strong></span> <span class='ocrx_word' id='word_1_81' title='bbox 1254 1275 1355 1328; x_wconf 91' lang='lat' dir='ltr'><strong>per</strong></span> <span class='ocrx_word' id='word_1_82' title='bbox 1397 1266 1648 1314; x_wconf 91' lang='lat' dir='ltr'><strong>naturam</strong></span> <span class='ocrx_word' id='word_1_83' title='bbox 1678 1259 1731 1313; x_wconf 91' lang='lat' dir='ltr'><strong>in</strong></span> <span class='ocrx_word' id='word_1_84' title='bbox 1759 1259 2041 1314; x_wconf 86' lang='lat' dir='ltr'><strong>Judaismo</strong></span> 
     </span>
    </p>
   </div>
   <div class='ocr_carea' id='block_1_13' title="bbox 448 1344 2037 1419">
    <p class='ocr_par' dir='ltr' id='par_1_13' title="bbox 448 1344 2037 1419">
     <span class='ocr_line' id='line_1_13' title="bbox 448 1344 2037 1419; baseline 0.002 -20"><span class='ocrx_word' id='word_1_85' title='bbox 448 1344 583 1411; x_wconf 91' lang='lat' dir='ltr'><strong>nati,</strong></span> <span class='ocrx_word' id='word_1_86' title='bbox 618 1352 670 1400; x_wconf 90' lang='lat' dir='ltr'><strong>et</strong></span> <span class='ocrx_word' id='word_1_87' title='bbox 700 1361 920 1415; x_wconf 90' lang='lat' dir='ltr'><strong>semper</strong></span> <span class='ocrx_word' id='word_1_88' title='bbox 947 1345 1259 1400; x_wconf 88' lang='lat' dir='ltr'><strong>insistentes</strong></span> <span class='ocrx_word' id='word_1_89' title='bbox 1281 1347 1431 1417; x_wconf 90' lang='lat' dir='ltr'><strong>operi</strong></span> <span class='ocrx_word' id='word_1_90' title='bbox 1451 1347 1611 1419; x_wconf 84' lang='lat' dir='ltr'><strong>legis.</strong></span> <span class='ocrx_word' id='word_1_91' title='bbox 1634 1347 1806 1402; x_wconf 67' lang='lat' dir='ltr'><strong>Judaei</strong></span> <span class='ocrx_word' id='word_1_92' title='bbox 1829 1365 2037 1414; x_wconf 91' lang='lat' dir='ltr'><strong>sumus,</strong></span> 
     </span>
    </p>
   </div>
   <div class='ocr_carea' id='block_1_14' title="bbox 443 1435 2041 1507">
    <p class='ocr_par' dir='ltr' id='par_1_14' title="bbox 443 1435 2041 1507">
     <span class='ocr_line' id='line_1_14' title="bbox 443 1435 2041 1507; baseline 0.003 -20"><span class='ocrx_word' id='word_1_93' title='bbox 443 1437 501 1488; x_wconf 90' lang='lat' dir='ltr'><strong>et</strong></span> <span class='ocrx_word' id='word_1_94' title='bbox 518 1450 633 1488; x_wconf 84' lang='lat' dir='ltr'><strong>non</strong></span> <span class='ocrx_word' id='word_1_95' title='bbox 657 1449 846 1488; x_wconf 91' lang='lat' dir='ltr'><strong>sumus</strong></span> <span class='ocrx_word' id='word_1_96' title='bbox 862 1438 1183 1505; x_wconf 85' lang='lat' dir='ltr'><strong>peccatores</strong></span> <span class='ocrx_word' id='word_1_97' title='bbox 1209 1451 1283 1490; x_wconf 73' lang='lat' dir='ltr'><strong>ex</strong></span> <span class='ocrx_word' id='word_1_98' title='bbox 1304 1436 1584 1506; x_wconf 78' lang='lat' dir='ltr'><strong>gentibus,</strong></span> <span class='ocrx_word' id='word_1_99' title='bbox 1606 1435 1660 1490; x_wconf 91' lang='lat' dir='ltr'><strong>id</strong></span> <span class='ocrx_word' id='word_1_100' title='bbox 1682 1444 1764 1491; x_wconf 88' lang='lat' dir='ltr'><strong>est</strong></span> <span class='ocrx_word' id='word_1_101' title='bbox 1784 1452 1893 1491; x_wconf 92' lang='lat' dir='ltr'><strong>non</strong></span> <span class='ocrx_word' id='word_1_102' title='bbox 1914 1452 2041 1507; x_wconf 89' lang='lat' dir='ltr'><strong>pec-</strong></span> 
     </span>
    </p>
   </div>
   <div class='ocr_carea' id='block_1_15' title="bbox 448 1521 2039 1595">
    <p class='ocr_par' dir='ltr' id='par_1_15' title="bbox 448 1521 2039 1595">
     <span class='ocr_line' id='line_1_15' title="bbox 448 1521 2039 1595; baseline 0.001 -18"><span class='ocrx_word' id='word_1_103' title='bbox 448 1521 691 1577; x_wconf 88' lang='lat' dir='ltr'><strong>cavimus</strong></span> <span class='ocrx_word' id='word_1_104' title='bbox 721 1522 790 1576; x_wconf 91' lang='lat' dir='ltr'><strong>ad</strong></span> <span class='ocrx_word' id='word_1_105' title='bbox 820 1521 1224 1578; x_wconf 86' lang='lat' dir='ltr'><strong>similitudinem</strong></span> <span class='ocrx_word' id='word_1_106' title='bbox 1259 1524 1522 1595; x_wconf 90' lang='lat' dir='ltr'><strong>gentium,</strong></span> <span class='ocrx_word' id='word_1_107' title='bbox 1556 1524 1850 1579; x_wconf 89' lang='lat' dir='ltr'><strong>adorantes</strong></span> <span class='ocrx_word' id='word_1_108' title='bbox 1897 1525 2039 1579; x_wconf 89' lang='lat' dir='ltr'><strong>idola</strong></span> 
     </span>
    </p>
   </div>
   <div class='ocr_carea' id='block_1_16' title="bbox 447 1609 2038 1682">
    <p class='ocr_par' dir='ltr' id='par_1_16' title="bbox 447 1609 2038 1682">
     <span class='ocr_line' id='line_1_16' title="bbox 447 1609 2038 1682; baseline 0.001 -17"><span class='ocrx_word' id='word_1_109' title='bbox 447 1615 499 1665; x_wconf 87' lang='lat' dir='ltr'><strong>et</strong></span> <span class='ocrx_word' id='word_1_110' title='bbox 526 1609 839 1680; x_wconf 89' lang='lat' dir='ltr'><strong>hujusmodi</strong></span> <span class='ocrx_word' id='word_1_111' title='bbox 873 1628 887 1664; x_wconf 91' lang='lat'><strong>:</strong></span> <span class='ocrx_word' id='word_1_112' title='bbox 920 1611 1068 1682; x_wconf 91' lang='lat' dir='ltr'><strong>quod</strong></span> <span class='ocrx_word' id='word_1_113' title='bbox 1107 1628 1216 1666; x_wconf 94' lang='lat' dir='ltr'><strong>non</strong></span> <span class='ocrx_word' id='word_1_114' title='bbox 1273 1611 1518 1668; x_wconf 87' lang='lat' dir='ltr'><strong>fecerant</strong></span> <span class='ocrx_word' id='word_1_115' title='bbox 1562 1612 1754 1669; x_wconf 69' lang='lat' dir='ltr'><strong>Judazi.</strong></span> <span class='ocrx_word' id='word_1_116' title='bbox 1815 1614 2038 1668; x_wconf 88' lang='lat' dir='ltr'><strong>Etcum</strong></span> 
     </span>
    </p>
   </div>
   <div class='ocr_carea' id='block_1_17' title="bbox 446 1697 2038 1770">
    <p class='ocr_par' dir='ltr' id='par_1_17' title="bbox 446 1697 2038 1770">
     <span class='ocr_line' id='line_1_17' title="bbox 446 1697 2038 1770; baseline 0.002 -18"><span class='ocrx_word' id='word_1_117' title='bbox 446 1697 616 1753; x_wconf 91' lang='lat' dir='ltr'><strong>simus</strong></span> <span class='ocrx_word' id='word_1_118' title='bbox 642 1714 742 1769; x_wconf 92' lang='lat' dir='ltr'><strong>per</strong></span> <span class='ocrx_word' id='word_1_119' title='bbox 761 1706 1007 1754; x_wconf 89' lang='lat' dir='ltr'><strong>naturam</strong></span> <span class='ocrx_word' id='word_1_120' title='bbox 1054 1699 1246 1766; x_wconf 70' lang='lat' dir='ltr'><strong>Judaei,</strong></span> <span class='ocrx_word' id='word_1_121' title='bbox 1282 1706 1463 1755; x_wconf 89' lang='lat' dir='ltr'><strong>tamen</strong></span> <span class='ocrx_word' id='word_1_122' title='bbox 1512 1716 1623 1755; x_wconf 88' lang='lat' dir='ltr'><strong>non</strong></span> <span class='ocrx_word' id='word_1_123' title='bbox 1674 1699 2038 1770; x_wconf 89' lang='lat' dir='ltr'><strong>justificamur</strong></span> 
     </span>
    </p>
   </div>
   <div class='ocr_carea' id='block_1_18' title="bbox 441 1786 2037 1861">
    <p class='ocr_par' dir='ltr' id='par_1_18' title="bbox 441 1786 2037 1861">
     <span class='ocr_line' id='line_1_18' title="bbox 441 1786 2037 1861; baseline 0.003 -20"><span class='ocrx_word' id='word_1_124' title='bbox 441 1802 508 1842; x_wconf 81' lang='lat' dir='ltr'><strong>ex</strong></span> <span class='ocrx_word' id='word_1_125' title='bbox 538 1786 795 1857; x_wconf 90' lang='lat' dir='ltr'><strong>operibus</strong></span> <span class='ocrx_word' id='word_1_126' title='bbox 825 1786 991 1857; x_wconf 83' lang='lat' dir='ltr'><strong>legis.</strong></span> <span class='ocrx_word' id='word_1_127' title='bbox 1031 1787 1099 1841; x_wconf 90' lang='lat' dir='ltr'><strong>Et</strong></span> <span class='ocrx_word' id='word_1_128' title='bbox 1128 1803 1229 1841; x_wconf 90' lang='lat' dir='ltr'><strong>nos</strong></span> <span class='ocrx_word' id='word_1_129' title='bbox 1260 1788 1365 1843; x_wconf 93' lang='lat' dir='ltr'><strong>hoc</strong></span> <span class='ocrx_word' id='word_1_130' title='bbox 1394 1789 1635 1845; x_wconf 74' lang='lat' dir='ltr'><strong>scientes</strong></span> <span class='ocrx_word' id='word_1_131' title='bbox 1666 1789 1808 1861; x_wconf 87' lang='lat' dir='ltr'><strong>quod</strong></span> <span class='ocrx_word' id='word_1_132' title='bbox 1840 1792 2037 1845; x_wconf 84' lang='lat' dir='ltr'><strong>nullus</strong></span> 
     </span>
    </p>
   </div>
   <div class='ocr_carea' id='block_1_19' title="bbox 2151 634 3728 709">
    <p class='ocr_par' dir='ltr' id='par_1_19' title="bbox 2151 634 3728 709">
     <span class='ocr_line' id='line_1_19' title="bbox 2151 634 3728 709; baseline 0.002 -21"><span class='ocrx_word' id='word_1_133' title='bbox 2151 634 2369 689; x_wconf 88' lang='lat' dir='ltr'><strong>deserui</strong></span> <span class='ocrx_word' id='word_1_134' title='bbox 2402 635 2601 707; x_wconf 87' lang='lat' dir='ltr'><strong>legem,</strong></span> <span class='ocrx_word' id='word_1_135' title='bbox 2633 652 2735 705; x_wconf 91' lang='lat' dir='ltr'><strong>per</strong></span> <span class='ocrx_word' id='word_1_136' title='bbox 2762 635 2937 706; x_wconf 87' lang='lat' dir='ltr'><strong>ipsam</strong></span> <span class='ocrx_word' id='word_1_137' title='bbox 2982 636 3161 709; x_wconf 87' lang='lat' dir='ltr'><strong>legem</strong></span> <span class='ocrx_word' id='word_1_138' title='bbox 3205 636 3279 692; x_wconf 91' lang='lat' dir='ltr'><strong>ita</strong></span> <span class='ocrx_word' id='word_1_139' title='bbox 3310 638 3728 709; x_wconf 66' lang='lat' dir='ltr'><strong>praecipientem,</strong></span> 
     </span>
    </p>
   </div>
   <div class='ocr_carea' id='block_1_20' title="bbox 2148 724 3730 794">
    <p class='ocr_par' dir='ltr' id='par_1_20' title="bbox 2148 724 3730 794">
     <span class='ocr_line' id='line_1_20' title="bbox 2148 724 3730 794; baseline 0.003 -18"><span class='ocrx_word' id='word_1_140' title='bbox 2148 739 2217 778; x_wconf 90' lang='lat' dir='ltr'><strong>ne</strong></span> <span class='ocrx_word' id='word_1_141' title='bbox 2247 724 2496 778; x_wconf 84' lang='lat' dir='ltr'><strong>veniente</strong></span> <span class='ocrx_word' id='word_1_142' title='bbox 2526 724 2704 794; x_wconf 87' lang='lat' dir='ltr'><strong>gratia</strong></span> <span class='ocrx_word' id='word_1_143' title='bbox 2755 733 3051 780; x_wconf 85' lang='lat' dir='ltr'><strong>teneretur.</strong></span> <span class='ocrx_word' id='word_1_144' title='bbox 3106 726 3171 779; x_wconf 83' lang='lat' dir='ltr'><strong>Et</strong></span> <span class='ocrx_word' id='word_1_145' title='bbox 3204 742 3315 781; x_wconf 90' lang='lat' dir='ltr'><strong>non</strong></span> <span class='ocrx_word' id='word_1_146' title='bbox 3343 726 3474 782; x_wconf 89' lang='lat' dir='ltr'><strong>dicit</strong></span> <span class='ocrx_word' id='word_1_147' title='bbox 3494 727 3730 794; x_wconf 89' lang='lat' dir='ltr'><strong>deserui,</strong></span> 
     </span>
    </p>
   </div>
   <div class='ocr_carea' id='block_1_21' title="bbox 2146 812 3733 884">
    <p class='ocr_par' dir='ltr' id='par_1_21' title="bbox 2146 812 3733 884">
     <span class='ocr_line' id='line_1_21' title="bbox 2146 812 3733 884; baseline 0.002 -19"><span class='ocrx_word' id='word_1_148' title='bbox 2146 812 2246 865; x_wconf 87' lang='lat' dir='ltr'><strong>sed</strong></span> <span class='ocrx_word' id='word_1_149' title='bbox 2274 816 2672 868; x_wconf 82' lang='lat' dir='ltr'><strong>mortuussum</strong></span> <span class='ocrx_word' id='word_1_150' title='bbox 2692 814 2818 883; x_wconf 86' lang='lat' dir='ltr'><strong>legi,</strong></span> <span class='ocrx_word' id='word_1_151' title='bbox 2836 813 2889 867; x_wconf 92' lang='lat' dir='ltr'><strong>id</strong></span> <span class='ocrx_word' id='word_1_152' title='bbox 2912 821 2994 868; x_wconf 91' lang='lat' dir='ltr'><strong>est</strong></span> <span class='ocrx_word' id='word_1_153' title='bbox 3012 814 3086 867; x_wconf 90' lang='lat' dir='ltr'><strong>ita</strong></span> <span class='ocrx_word' id='word_1_154' title='bbox 3110 813 3289 884; x_wconf 86' lang='lat' dir='ltr'><strong>legem</strong></span> <span class='ocrx_word' id='word_1_155' title='bbox 3327 814 3574 869; x_wconf 83' lang='lat' dir='ltr'><strong>destruxi</strong></span> <span class='ocrx_word' id='word_1_156' title='bbox 3606 814 3733 870; x_wconf 87' lang='lat' dir='ltr'><strong>sicut</strong></span> 
     </span>
    </p>
   </div>
   <div class='ocr_carea' id='block_1_22' title="bbox 2144 901 3735 974">
    <p class='ocr_par' dir='ltr' id='par_1_22' title="bbox 2144 901 3735 974">
     <span class='ocr_line' id='line_1_22' title="bbox 2144 901 3735 974; baseline 0.003 -21"><span class='ocrx_word' id='word_1_157' title='bbox 2144 916 2420 971; x_wconf 87' lang='lat' dir='ltr'><strong>nunquam</strong></span> <span class='ocrx_word' id='word_1_158' title='bbox 2461 901 2694 971; x_wconf 86' lang='lat' dir='ltr'><strong>amplius</strong></span> <span class='ocrx_word' id='word_1_159' title='bbox 2715 901 2784 955; x_wconf 89' lang='lat' dir='ltr'><strong>ad</strong></span> <span class='ocrx_word' id='word_1_160' title='bbox 2832 901 2982 956; x_wconf 91' lang='lat' dir='ltr'><strong>illam</strong></span> <span class='ocrx_word' id='word_1_161' title='bbox 3028 918 3369 969; x_wconf 82' lang='lat' dir='ltr'><strong>reversurus,</strong></span> <span class='ocrx_word' id='word_1_162' title='bbox 3413 903 3735 974; x_wconf 90' lang='lat' dir='ltr'><strong>quomodoa</strong></span> 
     </span>
    </p>
   </div>
   <div class='ocr_carea' id='block_1_23' title="bbox 2145 989 3735 1062">
    <p class='ocr_par' dir='ltr' id='par_1_23' title="bbox 2145 989 3735 1062">
     <span class='ocr_line' id='line_1_23' title="bbox 2145 989 3735 1062; baseline 0.002 -20"><span class='ocrx_word' id='word_1_163' title='bbox 2145 996 2316 1043; x_wconf 90' lang='lat' dir='ltr'><strong>morte</strong></span> <span class='ocrx_word' id='word_1_164' title='bbox 2335 1004 2444 1043; x_wconf 91' lang='lat' dir='ltr'><strong>non</strong></span> <span class='ocrx_word' id='word_1_165' title='bbox 2477 989 2533 1042; x_wconf 84' lang='lat' dir='ltr'><strong>ﬁt</strong></span> <span class='ocrx_word' id='word_1_166' title='bbox 2555 990 2796 1044; x_wconf 85' lang='lat' dir='ltr'><strong>reversio</strong></span> <span class='ocrx_word' id='word_1_167' title='bbox 2832 990 2903 1044; x_wconf 91' lang='lat' dir='ltr'><strong>ad</strong></span> <span class='ocrx_word' id='word_1_168' title='bbox 2939 990 3124 1045; x_wconf 90' lang='lat' dir='ltr'><strong>vitam.</strong></span> <span class='ocrx_word' id='word_1_169' title='bbox 3158 991 3292 1062; x_wconf 86' lang='lat' dir='ltr'><strong>Legi</strong></span> <span class='ocrx_word' id='word_1_170' title='bbox 3332 990 3477 1046; x_wconf 87' lang='lat' dir='ltr'><strong>ideo</strong></span> <span class='ocrx_word' id='word_1_171' title='bbox 3498 1000 3735 1047; x_wconf 90' lang='lat' dir='ltr'><strong>mortuus</strong></span> 
     </span>
    </p>
   </div>
   <div class='ocr_carea' id='block_1_24' title="bbox 2144 1078 3735 1149">
    <p class='ocr_par' dir='ltr' id='par_1_24' title="bbox 2144 1078 3735 1149">
     <span class='ocr_line' id='line_1_24' title="bbox 2144 1078 3735 1149; baseline 0.004 -20"><span class='ocrx_word' id='word_1_172' title='bbox 2144 1093 2285 1141; x_wconf 90' lang='lat' dir='ltr'><strong>sum,</strong></span> <span class='ocrx_word' id='word_1_173' title='bbox 2312 1082 2377 1132; x_wconf 90' lang='lat' dir='ltr'><strong>ut</strong></span> <span class='ocrx_word' id='word_1_174' title='bbox 2402 1079 2581 1133; x_wconf 88' lang='lat' dir='ltr'><strong>vivam</strong></span> <span class='ocrx_word' id='word_1_175' title='bbox 2603 1080 2731 1143; x_wconf 86' lang='lat' dir='ltr'><strong>Deo,</strong></span> <span class='ocrx_word' id='word_1_176' title='bbox 2755 1078 2811 1132; x_wconf 93' lang='lat' dir='ltr'><strong>id</strong></span> <span class='ocrx_word' id='word_1_177' title='bbox 2833 1086 2915 1132; x_wconf 90' lang='lat' dir='ltr'><strong>est</strong></span> <span class='ocrx_word' id='word_1_178' title='bbox 2935 1095 3035 1148; x_wconf 90' lang='lat' dir='ltr'><strong>per</strong></span> <span class='ocrx_word' id='word_1_179' title='bbox 3056 1079 3293 1149; x_wconf 83' lang='lat' dir='ltr'><strong>gratiam</strong></span> <span class='ocrx_word' id='word_1_180' title='bbox 3322 1079 3441 1134; x_wconf 92' lang='lat' dir='ltr'><strong>Dei.</strong></span> <span class='ocrx_word' id='word_1_181' title='bbox 3469 1081 3614 1135; x_wconf 87' lang='lat' dir='ltr'><strong>Vere</strong></span> <span class='ocrx_word' id='word_1_182' title='bbox 3642 1080 3735 1135; x_wconf 90' lang='lat' dir='ltr'><strong>de-</strong></span> 
     </span>
    </p>
   </div>
   <div class='ocr_carea' id='block_1_25' title="bbox 2143 1165 3728 1237">
    <p class='ocr_par' dir='ltr' id='par_1_25' title="bbox 2143 1165 3728 1237">
     <span class='ocr_line' id='line_1_25' title="bbox 2143 1165 3728 1237; baseline 0.003 -19"><span class='ocrx_word' id='word_1_183' title='bbox 2143 1180 2330 1219; x_wconf 91' lang='lat' dir='ltr'><strong>serens</strong></span> <span class='ocrx_word' id='word_1_184' title='bbox 2352 1165 2551 1237; x_wconf 88' lang='lat' dir='ltr'><strong>legem,</strong></span> <span class='ocrx_word' id='word_1_185' title='bbox 2576 1166 2705 1220; x_wconf 92' lang='lat' dir='ltr'><strong>vivit</strong></span> <span class='ocrx_word' id='word_1_186' title='bbox 2726 1167 2841 1221; x_wconf 91' lang='lat' dir='ltr'><strong>Deo</strong></span> <span class='ocrx_word' id='word_1_187' title='bbox 2859 1182 2957 1236; x_wconf 90' lang='lat' dir='ltr'><strong>per</strong></span> <span class='ocrx_word' id='word_1_188' title='bbox 2978 1166 3160 1233; x_wconf 82' lang='lat' dir='ltr'><strong>tidem;</strong></span> <span class='ocrx_word' id='word_1_189' title='bbox 3177 1183 3302 1221; x_wconf 92' lang='lat' dir='ltr'><strong>nam</strong></span> <span class='ocrx_word' id='word_1_190' title='bbox 3319 1176 3505 1223; x_wconf 87' lang='lat' dir='ltr'><strong>cessat</strong></span> <span class='ocrx_word' id='word_1_191' title='bbox 3524 1184 3557 1223; x_wconf 90' lang='lat' dir='ltr'><strong>a</strong></span> <span class='ocrx_word' id='word_1_192' title='bbox 3572 1168 3728 1231; x_wconf 89' lang='lat' dir='ltr'><strong>malo,</strong></span> 
     </span>
    </p>
   </div>
   <div class='ocr_carea' id='block_1_26' title="bbox 2143 1254 3731 1324">
    <p class='ocr_par' dir='ltr' id='par_1_26' title="bbox 2143 1254 3731 1324">
     <span class='ocr_line' id='line_1_26' title="bbox 2143 1254 3731 1324; baseline 0.002 -17"><span class='ocrx_word' id='word_1_193' title='bbox 2143 1259 2194 1307; x_wconf 91' lang='lat' dir='ltr'><strong>et</strong></span> <span class='ocrx_word' id='word_1_194' title='bbox 2211 1262 2471 1323; x_wconf 87' lang='lat' dir='ltr'><strong>Operatur</strong></span> <span class='ocrx_word' id='word_1_195' title='bbox 2483 1254 2704 1307; x_wconf 90' lang='lat' dir='ltr'><strong>bonum.</strong></span> <span class='ocrx_word' id='word_1_196' title='bbox 2729 1254 2887 1322; x_wconf 87' lang='lat' dir='ltr'><strong>Quod</strong></span> <span class='ocrx_word' id='word_1_197' title='bbox 2909 1255 2987 1310; x_wconf 92' lang='lat' dir='ltr'><strong>sic</strong></span> <span class='ocrx_word' id='word_1_198' title='bbox 3009 1255 3084 1310; x_wconf 89' lang='lat' dir='ltr'><strong>ait</strong></span> <span class='ocrx_word' id='word_1_199' title='bbox 3108 1274 3121 1309; x_wconf 89' lang='lat'><strong>:</strong></span> <span class='ocrx_word' id='word_1_200' title='bbox 3149 1256 3416 1324; x_wconf 58' lang='lat' dir='ltr'><strong>Con/imus</strong></span> <span class='ocrx_word' id='word_1_201' title='bbox 3432 1273 3564 1312; x_wconf 86' lang='lat' dir='ltr'><strong>sum</strong></span> <span class='ocrx_word' id='word_1_202' title='bbox 3585 1257 3731 1312; x_wconf 84' lang='lat' dir='ltr'><strong>cruci</strong></span> 
     </span>
    </p>
   </div>
   <div class='ocr_carea' id='block_1_27' title="bbox 2146 1340 3729 1416">
    <p class='ocr_par' dir='ltr' id='par_1_27' title="bbox 2146 1340 3729 1416">
     <span class='ocr_line' id='line_1_27' title="bbox 2146 1340 3729 1416; baseline 0.004 -23"><span class='ocrx_word' id='word_1_203' title='bbox 2146 1340 2374 1407; x_wconf 77' lang='lat' dir='ltr'><strong>Christi,</strong></span> <span class='ocrx_word' id='word_1_204' title='bbox 2401 1342 2455 1396; x_wconf 92' lang='lat' dir='ltr'><strong>id</strong></span> <span class='ocrx_word' id='word_1_205' title='bbox 2487 1350 2568 1397; x_wconf 91' lang='lat' dir='ltr'><strong>est</strong></span> <span class='ocrx_word' id='word_1_206' title='bbox 2598 1342 2788 1397; x_wconf 77' lang='lat' dir='ltr'><strong>aﬁixos</strong></span> <span class='ocrx_word' id='word_1_207' title='bbox 2810 1343 2985 1398; x_wconf 85' lang='lat' dir='ltr'><strong>habeo</strong></span> <span class='ocrx_word' id='word_1_208' title='bbox 3019 1360 3214 1399; x_wconf 88' lang='lat' dir='ltr'><strong>sensus</strong></span> <span class='ocrx_word' id='word_1_209' title='bbox 3239 1360 3394 1400; x_wconf 90' lang='lat' dir='ltr'><strong>meos</strong></span> <span class='ocrx_word' id='word_1_210' title='bbox 3422 1361 3524 1416; x_wconf 91' lang='lat' dir='ltr'><strong>per</strong></span> <span class='ocrx_word' id='word_1_211' title='bbox 3564 1345 3729 1400; x_wconf 90' lang='lat' dir='ltr'><strong>virtu-</strong></span> 
     </span>
    </p>
   </div>
   <div class='ocr_carea' id='block_1_28' title="bbox 2141 1430 3725 1503">
    <p class='ocr_par' dir='ltr' id='par_1_28' title="bbox 2141 1430 3725 1503">
     <span class='ocr_line' id='line_1_28' title="bbox 2141 1430 3725 1503; baseline 0.004 -21"><span class='ocrx_word' id='word_1_212' title='bbox 2141 1436 2250 1483; x_wconf 90' lang='lat' dir='ltr'><strong>tem</strong></span> <span class='ocrx_word' id='word_1_213' title='bbox 2268 1430 2446 1486; x_wconf 89' lang='lat' dir='ltr'><strong>crucis</strong></span> <span class='ocrx_word' id='word_1_214' title='bbox 2476 1431 2694 1499; x_wconf 89' lang='lat' dir='ltr'><strong>Christi,</strong></span> <span class='ocrx_word' id='word_1_215' title='bbox 2719 1447 2788 1486; x_wconf 93' lang='lat' dir='ltr'><strong>ne</strong></span> <span class='ocrx_word' id='word_1_216' title='bbox 2809 1432 3044 1503; x_wconf 90' lang='lat' dir='ltr'><strong>quandiu</strong></span> <span class='ocrx_word' id='word_1_217' title='bbox 3092 1432 3148 1486; x_wconf 91' lang='lat' dir='ltr'><strong>in</strong></span> <span class='ocrx_word' id='word_1_218' title='bbox 3196 1431 3303 1487; x_wconf 83' lang='lat' dir='ltr'><strong>fide</strong></span> <span class='ocrx_word' id='word_1_219' title='bbox 3354 1433 3559 1488; x_wconf 83' lang='lat' dir='ltr'><strong>Christi</strong></span> <span class='ocrx_word' id='word_1_220' title='bbox 3592 1449 3725 1502; x_wconf 88' lang='lat' dir='ltr'><strong>sum,</strong></span> 
     </span>
    </p>
   </div>
   <div class='ocr_carea' id='block_1_29' title="bbox 2140 1516 3723 1592">
    <p class='ocr_par' dir='ltr' id='par_1_29' title="bbox 2140 1516 3723 1592">
     <span class='ocr_line' id='line_1_29' title="bbox 2140 1516 3723 1592; baseline 0.004 -22"><span class='ocrx_word' id='word_1_221' title='bbox 2140 1516 2301 1572; x_wconf 90' lang='lat' dir='ltr'><strong>liceat</strong></span> <span class='ocrx_word' id='word_1_222' title='bbox 2331 1519 2618 1591; x_wconf 87' lang='lat' dir='ltr'><strong>porrigere</strong></span> <span class='ocrx_word' id='word_1_223' title='bbox 2639 1535 2859 1574; x_wconf 90' lang='lat' dir='ltr'><strong>manum</strong></span> <span class='ocrx_word' id='word_1_224' title='bbox 2890 1520 2975 1575; x_wconf 90' lang='lat' dir='ltr'><strong>vel</strong></span> <span class='ocrx_word' id='word_1_225' title='bbox 3003 1521 3200 1591; x_wconf 92' lang='lat' dir='ltr'><strong>pedem</strong></span> <span class='ocrx_word' id='word_1_226' title='bbox 3231 1521 3298 1575; x_wconf 92' lang='lat' dir='ltr'><strong>ad</strong></span> <span class='ocrx_word' id='word_1_227' title='bbox 3346 1537 3486 1592; x_wconf 90' lang='lat' dir='ltr'><strong>opus</strong></span> <span class='ocrx_word' id='word_1_228' title='bbox 3507 1522 3723 1577; x_wconf 90' lang='lat' dir='ltr'><strong>malum.</strong></span> 
     </span>
    </p>
   </div>
   <div class='ocr_carea' id='block_1_30' title="bbox 2140 1605 3728 1682">
    <p class='ocr_par' dir='ltr' id='par_1_30' title="bbox 2140 1605 3728 1682">
     <span class='ocr_line' id='line_1_30' title="bbox 2140 1605 3728 1682; baseline 0.004 -23"><span class='ocrx_word' id='word_1_229' title='bbox 2140 1605 2396 1661; x_wconf 84' lang='lat' dir='ltr'><strong>Conﬁxus</strong></span> <span class='ocrx_word' id='word_1_230' title='bbox 2426 1624 2544 1661; x_wconf 91' lang='lat' dir='ltr'><strong>sum</strong></span> <span class='ocrx_word' id='word_1_231' title='bbox 2576 1608 2722 1664; x_wconf 89' lang='lat' dir='ltr'><strong>cruci</strong></span> <span class='ocrx_word' id='word_1_232' title='bbox 2754 1609 2987 1675; x_wconf 90' lang='lat' dir='ltr'><strong>Christi,</strong></span> <span class='ocrx_word' id='word_1_233' title='bbox 3012 1609 3067 1663; x_wconf 91' lang='lat' dir='ltr'><strong>id</strong></span> <span class='ocrx_word' id='word_1_234' title='bbox 3098 1616 3181 1664; x_wconf 93' lang='lat' dir='ltr'><strong>est</strong></span> <span class='ocrx_word' id='word_1_235' title='bbox 3212 1610 3283 1665; x_wconf 92' lang='lat' dir='ltr'><strong>ad</strong></span> <span class='ocrx_word' id='word_1_236' title='bbox 3312 1610 3551 1682; x_wconf 89' lang='lat' dir='ltr'><strong>gloriam</strong></span> <span class='ocrx_word' id='word_1_237' title='bbox 3581 1610 3728 1665; x_wconf 86' lang='lat' dir='ltr'><strong>Chri-</strong></span> 
     </span>
    </p>
   </div>
   <div class='ocr_carea' id='block_1_31' title="bbox 2141 1695 3728 1768">
    <p class='ocr_par' dir='ltr' id='par_1_31' title="bbox 2141 1695 3728 1768">
     <span class='ocr_line' id='line_1_31' title="bbox 2141 1695 3728 1768; baseline 0.004 -21"><span class='ocrx_word' id='word_1_238' title='bbox 2141 1695 2227 1762; x_wconf 90' lang='lat' dir='ltr'><strong>sti,</strong></span> <span class='ocrx_word' id='word_1_239' title='bbox 2255 1695 2345 1766; x_wconf 89' lang='lat' dir='ltr'><strong>qui</strong></span> <span class='ocrx_word' id='word_1_240' title='bbox 2367 1712 2455 1750; x_wconf 93' lang='lat' dir='ltr'><strong>me</strong></span> <span class='ocrx_word' id='word_1_241' title='bbox 2485 1696 2564 1752; x_wconf 92' lang='lat' dir='ltr'><strong>sic</strong></span> <span class='ocrx_word' id='word_1_242' title='bbox 2593 1696 2829 1766; x_wconf 69' lang='lat' dir='ltr'><strong>confixit,</strong></span> <span class='ocrx_word' id='word_1_243' title='bbox 2863 1705 2915 1752; x_wconf 89' lang='lat' dir='ltr'><strong>et</strong></span> <span class='ocrx_word' id='word_1_244' title='bbox 2942 1714 3042 1768; x_wconf 91' lang='lat' dir='ltr'><strong>per</strong></span> <span class='ocrx_word' id='word_1_245' title='bbox 3069 1698 3186 1753; x_wconf 72' lang='lat' dir='ltr'><strong>haec</strong></span> <span class='ocrx_word' id='word_1_246' title='bbox 3217 1699 3483 1753; x_wconf 86' lang='lat' dir='ltr'><strong>habemus</strong></span> <span class='ocrx_word' id='word_1_247' title='bbox 3514 1714 3728 1755; x_wconf 88' lang='lat' dir='ltr'><strong>cessare</strong></span> 
     </span>
    </p>
   </div>
   <div class='ocr_carea' id='block_1_32' title="bbox 2138 1784 3730 1859">
    <p class='ocr_par' dir='ltr' id='par_1_32' title="bbox 2138 1784 3730 1859">
     <span class='ocr_line' id='line_1_32' title="bbox 2138 1784 3730 1859; baseline 0.004 -23"><span class='ocrx_word' id='word_1_248' title='bbox 2138 1798 2168 1836; x_wconf 91' lang='lat' dir='ltr'><strong>a</strong></span> <span class='ocrx_word' id='word_1_249' title='bbox 2199 1784 2365 1838; x_wconf 91' lang='lat' dir='ltr'><strong>malo.</strong></span> <span class='ocrx_word' id='word_1_250' title='bbox 2398 1784 2647 1839; x_wconf 85' lang='lat' dir='ltr'><strong>Christus</strong></span> <span class='ocrx_word' id='word_1_251' title='bbox 2708 1785 2758 1839; x_wconf 89' lang='lat' dir='ltr'><strong>si</strong></span> <span class='ocrx_word' id='word_1_252' title='bbox 2805 1785 3084 1851; x_wconf 91' lang='lat' dir='ltr'><strong>voluisset,</strong></span> <span class='ocrx_word' id='word_1_253' title='bbox 3126 1786 3273 1841; x_wconf 87' lang='lat' dir='ltr'><strong>aliud</strong></span> <span class='ocrx_word' id='word_1_254' title='bbox 3318 1804 3496 1859; x_wconf 91' lang='lat' dir='ltr'><strong>genus</strong></span> <span class='ocrx_word' id='word_1_255' title='bbox 3544 1787 3730 1843; x_wconf 88' lang='lat' dir='ltr'><strong>mortis</strong></span> 
     </span>
    </p>
   </div>
   <div class='ocr_carea' id='block_1_33' title="bbox 442 1871 3731 1964">
    <p class='ocr_par' dir='ltr' id='par_1_33' title="bbox 442 1871 3731 1964">
     <span class='ocr_line' id='line_1_33' title="bbox 442 1871 3731 1964; baseline 0.002 -36"><span class='ocrx_word' id='word_1_256' title='bbox 442 1873 603 1930; x_wconf 85' lang='lat' dir='ltr'><strong>homo</strong></span> <span class='ocrx_word' id='word_1_257' title='bbox 617 1875 981 1946; x_wconf 78' lang='lat' dir='ltr'><strong>justiﬁcatur</strong></span> <span class='ocrx_word' id='word_1_258' title='bbox 1011 1891 1085 1931; x_wconf 78' lang='lat' dir='ltr'><strong>ex</strong></span> <span class='ocrx_word' id='word_1_259' title='bbox 1126 1875 1384 1947; x_wconf 78' lang='lat' dir='ltr'><strong>operibus</strong></span> <span class='ocrx_word' id='word_1_260' title='bbox 1416 1878 1570 1947; x_wconf 84' lang='lat' dir='ltr'><strong>legis,</strong></span> <span class='ocrx_word' id='word_1_261' title='bbox 1595 1878 1712 1932; x_wconf 88' lang='lat' dir='ltr'><strong>nisi</strong></span> <span class='ocrx_word' id='word_1_262' title='bbox 1738 1894 1842 1949; x_wconf 90' lang='lat' dir='ltr'><strong>per</strong></span> <span class='ocrx_word' id='word_1_263' title='bbox 1868 1878 2036 1947; x_wconf 88' lang='lat' dir='ltr'><strong>ﬁdem</strong></span> <span class='ocrx_word' id='word_1_264' title='bbox 2058 1904 2112 1964; x_wconf 81' lang='grc' dir='ltr'>Β</span> <span class='ocrx_word' id='word_1_265' title='bbox 2145 1871 2425 1964; x_wconf 68' lang='lat' dir='ltr'><strong>elegisset,</strong></span> <span class='ocrx_word' id='word_1_266' title='bbox 2460 1872 2558 1927; x_wconf 85' lang='lat' dir='ltr'><strong>sed</strong></span> <span class='ocrx_word' id='word_1_267' title='bbox 2581 1872 2748 1928; x_wconf 77' lang='lat' dir='ltr'><strong>voluit</strong></span> <span class='ocrx_word' id='word_1_268' title='bbox 2776 1882 2833 1964; x_wconf 63' lang='grc' dir='ltr'><strong>με</strong></span> <span class='ocrx_word' id='word_1_269' title='bbox 2860 1890 2961 1929; x_wconf 89' lang='lat' dir='ltr'><strong>nec</strong></span> <span class='ocrx_word' id='word_1_270' title='bbox 2986 1874 3165 1944; x_wconf 84' lang='lat' dir='ltr'><strong>ipsum</strong></span> <span class='ocrx_word' id='word_1_271' title='bbox 3195 1891 3369 1964; x_wconf 72' lang='lat' dir='ltr'><strong>genus</strong></span> <span class='ocrx_word' id='word_1_272' title='bbox 3398 1875 3593 1931; x_wconf 85' lang='lat' dir='ltr'><strong>mortis</strong></span> <span class='ocrx_word' id='word_1_273' title='bbox 3620 1893 3731 1947; x_wconf 80' lang='lat' dir='ltr'><strong>my-</strong></span> 
     </span>
    </p>
   </div>
   <div class='ocr_carea' id='block_1_34' title="bbox 436 1960 3729 2043">
    <p class='ocr_par' dir='ltr' id='par_1_34' title="bbox 436 1960 3729 2043">
     <span class='ocr_line' id='line_1_34' title="bbox 436 1960 3729 2043; baseline 0.002 -25"><span class='ocrx_word' id='word_1_274' title='bbox 436 1962 569 2018; x_wconf 83' lang='lat' dir='ltr'><strong>Jesu</strong></span> <span class='ocrx_word' id='word_1_275' title='bbox 600 1964 829 2029; x_wconf 80' lang='lat' dir='ltr'><strong>Christi,</strong></span> <span class='ocrx_word' id='word_1_276' title='bbox 859 1970 917 2018; x_wconf 90' lang='lat' dir='ltr'><strong>ut</strong></span> <span class='ocrx_word' id='word_1_277' title='bbox 946 1963 1197 2034; x_wconf 87' lang='lat' dir='ltr'><strong>gentiles,</strong></span> <span class='ocrx_word' id='word_1_278' title='bbox 1233 1964 1312 2020; x_wconf 91' lang='lat' dir='ltr'><strong>sic</strong></span> <span class='ocrx_word' id='word_1_279' title='bbox 1346 1969 1402 2020; x_wconf 88' lang='lat' dir='ltr'><strong>et</strong></span> <span class='ocrx_word' id='word_1_280' title='bbox 1434 1982 1534 2019; x_wconf 89' lang='lat' dir='ltr'><strong>nos</strong></span> <span class='ocrx_word' id='word_1_281' title='bbox 1554 1966 1724 2021; x_wconf 69' lang='lat' dir='ltr'><strong>Judaei</strong></span> <span class='ocrx_word' id='word_1_282' title='bbox 1755 1967 2039 2023; x_wconf 84' lang='lat' dir='ltr'><strong>credimus</strong></span> <span class='ocrx_word' id='word_1_283' title='bbox 2058 1960 2104 1964; x_wconf 57' lang='lat'><strong>—</strong></span> <span class='ocrx_word' id='word_1_284' title='bbox 2142 1960 2309 2014; x_wconf 73' lang='lat' dir='ltr'><strong>Slel‘io</strong></span> <span class='ocrx_word' id='word_1_285' title='bbox 2340 1968 2568 2043; x_wconf 57' lang='lat' dir='ltr'><strong>careml,</strong></span> <span class='ocrx_word' id='word_1_286' title='bbox 2626 1962 2969 2033; x_wconf 64' lang='lat' dir='ltr'><strong>pmSignans</strong></span> <span class='ocrx_word' id='word_1_287' title='bbox 3015 1964 3116 2018; x_wconf 87' lang='lat' dir='ltr'><strong>hoc</strong></span> <span class='ocrx_word' id='word_1_288' title='bbox 3146 1963 3203 2017; x_wconf 86' lang='lat' dir='ltr'><strong>in</strong></span> <span class='ocrx_word' id='word_1_289' title='bbox 3230 1962 3479 2019; x_wconf 66' lang='lat' dir='ltr'><strong>aﬂixione</strong></span> <span class='ocrx_word' id='word_1_290' title='bbox 3509 1979 3729 2019; x_wconf 80' lang='lat' dir='ltr'><strong>suorum</strong></span> 
     </span>
    </p>
   </div>
   <div class='ocr_carea' id='block_1_35' title="bbox 434 2049 2039 2123">
    <p class='ocr_par' dir='ltr' id='par_1_35' title="bbox 434 2049 2039 2123">
     <span class='ocr_line' id='line_1_35' title="bbox 434 2049 2039 2123; baseline 0.004 -20"><span class='ocrx_word' id='word_1_291' title='bbox 434 2049 499 2105; x_wconf 79' lang='lat' dir='ltr'><strong>in</strong></span> <span class='ocrx_word' id='word_1_292' title='bbox 532 2050 753 2108; x_wconf 81' lang='lat' dir='ltr'><strong>Christo</strong></span> <span class='ocrx_word' id='word_1_293' title='bbox 795 2053 944 2117; x_wconf 85' lang='lat' dir='ltr'><strong>Jesu,</strong></span> <span class='ocrx_word' id='word_1_294' title='bbox 978 2057 1043 2107; x_wconf 86' lang='lat' dir='ltr'><strong>ut</strong></span> <span class='ocrx_word' id='word_1_295' title='bbox 1080 2052 1156 2107; x_wconf 90' lang='lat' dir='ltr'><strong>sic</strong></span> <span class='ocrx_word' id='word_1_296' title='bbox 1171 2053 1561 2123; x_wconf 80' lang='lat' dir='ltr'><strong>justiﬁcemur</strong></span> <span class='ocrx_word' id='word_1_297' title='bbox 1589 2070 1662 2109; x_wconf 66' lang='lat' dir='ltr'><strong>ex:</strong></span> <span class='ocrx_word' id='word_1_298' title='bbox 1691 2055 1799 2122; x_wconf 80' lang='lat' dir='ltr'><strong>ﬁde</strong></span> <span class='ocrx_word' id='word_1_299' title='bbox 1830 2054 2039 2111; x_wconf 86' lang='lat' dir='ltr'><strong>Christi</strong></span> 
     </span>
    </p>
   </div>
   <div class='ocr_carea' id='block_1_36' title="bbox 436 2141 2038 2215">
    <p class='ocr_par' dir='ltr' id='par_1_36' title="bbox 436 2141 2038 2215">
     <span class='ocr_line' id='line_1_36' title="bbox 436 2141 2038 2215; baseline 0.002 -22"><span class='ocrx_word' id='word_1_300' title='bbox 436 2144 661 2208; x_wconf 88' lang='lat' dir='ltr'><strong>tantum,</strong></span> <span class='ocrx_word' id='word_1_301' title='bbox 689 2144 745 2195; x_wconf 89' lang='lat' dir='ltr'><strong>et</strong></span> <span class='ocrx_word' id='word_1_302' title='bbox 768 2155 884 2194; x_wconf 86' lang='lat' dir='ltr'><strong>non</strong></span> <span class='ocrx_word' id='word_1_303' title='bbox 915 2156 989 2195; x_wconf 72' lang='lat' dir='ltr'><strong>ex</strong></span> <span class='ocrx_word' id='word_1_304' title='bbox 1039 2141 1295 2211; x_wconf 83' lang='lat' dir='ltr'><strong>operibus</strong></span> <span class='ocrx_word' id='word_1_305' title='bbox 1342 2142 1498 2213; x_wconf 85' lang='lat' dir='ltr'><strong>legis.</strong></span> <span class='ocrx_word' id='word_1_306' title='bbox 1523 2144 1761 2214; x_wconf 86' lang='lat' dir='ltr'><strong>Propter</strong></span> <span class='ocrx_word' id='word_1_307' title='bbox 1789 2144 1947 2215; x_wconf 90' lang='lat' dir='ltr'><strong>quod,</strong></span> <span class='ocrx_word' id='word_1_308' title='bbox 1983 2143 2038 2197; x_wconf 93' lang='lat' dir='ltr'><strong>id</strong></span> 
     </span>
    </p>
   </div>
   <div class='ocr_carea' id='block_1_37' title="bbox 435 2226 2033 2299">
    <p class='ocr_par' dir='ltr' id='par_1_37' title="bbox 435 2226 2033 2299">
     <span class='ocr_line' id='line_1_37' title="bbox 435 2226 2033 2299; baseline 0.003 -18"><span class='ocrx_word' id='word_1_309' title='bbox 435 2233 518 2281; x_wconf 92' lang='lat' dir='ltr'><strong>est</strong></span> <span class='ocrx_word' id='word_1_310' title='bbox 545 2226 669 2299; x_wconf 88' lang='lat' dir='ltr'><strong>quia</strong></span> <span class='ocrx_word' id='word_1_311' title='bbox 689 2243 791 2282; x_wconf 88' lang='lat' dir='ltr'><strong>nos</strong></span> <span class='ocrx_word' id='word_1_312' title='bbox 825 2227 999 2283; x_wconf 65' lang='lat' dir='ltr'><strong>Judaei</strong></span> <span class='ocrx_word' id='word_1_313' title='bbox 1031 2244 1104 2284; x_wconf 75' lang='lat' dir='ltr'><strong>ex</strong></span> <span class='ocrx_word' id='word_1_314' title='bbox 1136 2227 1242 2283; x_wconf 73' lang='lat' dir='ltr'><strong>fide</strong></span> <span class='ocrx_word' id='word_1_315' title='bbox 1290 2228 1409 2283; x_wconf 90' lang='lat' dir='ltr'><strong>sola</strong></span> <span class='ocrx_word' id='word_1_316' title='bbox 1436 2228 1800 2298; x_wconf 84' lang='lat' dir='ltr'><strong>justificamur</strong></span> <span class='ocrx_word' id='word_1_317' title='bbox 1828 2246 1934 2286; x_wconf 91' lang='lat' dir='ltr'><strong>non</strong></span> <span class='ocrx_word' id='word_1_318' title='bbox 1970 2248 2033 2286; x_wconf 88' lang='lat' dir='ltr'><strong>ex</strong></span> 
     </span>
    </p>
   </div>
   <div class='ocr_carea' id='block_1_38' title="bbox 430 2312 2035 2389">
    <p class='ocr_par' dir='ltr' id='par_1_38' title="bbox 430 2312 2035 2389">
     <span class='ocr_line' id='line_1_38' title="bbox 430 2312 2035 2389; baseline 0.004 -22"><span class='ocrx_word' id='word_1_319' title='bbox 430 2312 575 2386; x_wconf 90' lang='lat' dir='ltr'><strong>lege.</strong></span> <span class='ocrx_word' id='word_1_320' title='bbox 591 2316 738 2388; x_wconf 88' lang='lat' dir='ltr'><strong>Ergo</strong></span> <span class='ocrx_word' id='word_1_321' title='bbox 759 2318 943 2372; x_wconf 85' lang='lat' dir='ltr'><strong>omnis</strong></span> <span class='ocrx_word' id='word_1_322' title='bbox 964 2332 1115 2383; x_wconf 89' lang='lat' dir='ltr'><strong>caro,</strong></span> <span class='ocrx_word' id='word_1_323' title='bbox 1131 2316 1185 2371; x_wconf 94' lang='lat' dir='ltr'><strong>id</strong></span> <span class='ocrx_word' id='word_1_324' title='bbox 1208 2324 1289 2371; x_wconf 91' lang='lat' dir='ltr'><strong>est</strong></span> <span class='ocrx_word' id='word_1_325' title='bbox 1306 2316 1482 2372; x_wconf 92' lang='lat' dir='ltr'><strong>omnis</strong></span> <span class='ocrx_word' id='word_1_326' title='bbox 1502 2318 1721 2389; x_wconf 89' lang='lat' dir='ltr'><strong>gentilis</strong></span> <span class='ocrx_word' id='word_1_327' title='bbox 1741 2319 1891 2374; x_wconf 89' lang='lat' dir='ltr'><strong>carni</strong></span> <span class='ocrx_word' id='word_1_328' title='bbox 1910 2320 2035 2374; x_wconf 82' lang='lat' dir='ltr'><strong>obe-</strong></span> 
     </span>
    </p>
   </div>
   <div class='ocr_carea' id='block_1_39' title="bbox 430 2402 2032 2479">
    <p class='ocr_par' dir='ltr' id='par_1_39' title="bbox 430 2402 2032 2479">
     <span class='ocr_line' id='line_1_39' title="bbox 430 2402 2032 2479; baseline 0.004 -22"><span class='ocrx_word' id='word_1_329' title='bbox 430 2402 606 2469; x_wconf 91' lang='lat' dir='ltr'><strong>diens,</strong></span> <span class='ocrx_word' id='word_1_330' title='bbox 630 2405 802 2459; x_wconf 91' lang='lat' dir='ltr'><strong>Deum</strong></span> <span class='ocrx_word' id='word_1_331' title='bbox 833 2404 1104 2472; x_wconf 90' lang='lat' dir='ltr'><strong>nesciens,</strong></span> <span class='ocrx_word' id='word_1_332' title='bbox 1151 2422 1267 2462; x_wconf 85' lang='lat' dir='ltr'><strong>non</strong></span> <span class='ocrx_word' id='word_1_333' title='bbox 1293 2407 1715 2476; x_wconf 78' lang='lat' dir='ltr'><strong>justiﬁcabitur</strong></span> <span class='ocrx_word' id='word_1_334' title='bbox 1742 2424 1816 2463; x_wconf 70' lang='lat' dir='ltr'><strong>ea:</strong></span> <span class='ocrx_word' id='word_1_335' title='bbox 1845 2409 2032 2479; x_wconf 87' lang='lat' dir='ltr'><strong>operi-</strong></span> 
     </span>
    </p>
   </div>
   <div class='ocr_carea' id='block_1_40' title="bbox 430 2490 2031 2563">
    <p class='ocr_par' dir='ltr' id='par_1_40' title="bbox 430 2490 2031 2563">
     <span class='ocr_line' id='line_1_40' title="bbox 430 2490 2031 2563; baseline 0.004 -18"><span class='ocrx_word' id='word_1_336' title='bbox 430 2490 532 2547; x_wconf 85' lang='lat' dir='ltr'><strong>bus</strong></span> <span class='ocrx_word' id='word_1_337' title='bbox 554 2491 705 2549; x_wconf 72' lang='lat'><strong>21</strong></span> <span class='ocrx_word' id='word_1_338' title='bbox 728 2491 789 2549; x_wconf 86' lang='grc'>1</span> <span class='ocrx_word' id='word_1_339' title='bbox 831 2493 985 2563; x_wconf 83' lang='lat' dir='ltr'><strong>legis,</strong></span> <span class='ocrx_word' id='word_1_340' title='bbox 1020 2493 1065 2547; x_wconf 92' lang='lat' dir='ltr'><strong>si</strong></span> <span class='ocrx_word' id='word_1_341' title='bbox 1086 2508 1153 2548; x_wconf 89' lang='lat' dir='ltr'><strong>ea</strong></span> <span class='ocrx_word' id='word_1_342' title='bbox 1198 2492 1401 2548; x_wconf 82' lang='lat' dir='ltr'><strong>fecerit.</strong></span> <span class='ocrx_word' id='word_1_343' title='bbox 1438 2495 1494 2549; x_wconf 91' lang='lat' dir='ltr'><strong>Si</strong></span> <span class='ocrx_word' id='word_1_344' title='bbox 1516 2494 1659 2549; x_wconf 89' lang='lat' dir='ltr'><strong>enim</strong></span> <span class='ocrx_word' id='word_1_345' title='bbox 1689 2495 1875 2551; x_wconf 64' lang='lat' dir='ltr'><strong>Iudaeo</strong></span> <span class='ocrx_word' id='word_1_346' title='bbox 1923 2513 2031 2551; x_wconf 91' lang='lat' dir='ltr'><strong>non</strong></span> 
     </span>
    </p>
   </div>
   <div class='ocr_carea' id='block_1_41' title="bbox 426 2581 2031 2655">
    <p class='ocr_par' dir='ltr' id='par_1_41' title="bbox 426 2581 2031 2655">
     <span class='ocr_line' id='line_1_41' title="bbox 426 2581 2031 2655; baseline 0.004 -21"><span class='ocrx_word' id='word_1_347' title='bbox 426 2588 662 2651; x_wconf 88' lang='lat' dir='ltr'><strong>prosunt</strong></span> <span class='ocrx_word' id='word_1_348' title='bbox 693 2596 884 2652; x_wconf 89' lang='lat' dir='ltr'><strong>opera,</strong></span> <span class='ocrx_word' id='word_1_349' title='bbox 931 2581 1100 2636; x_wconf 90' lang='lat' dir='ltr'><strong>multo</strong></span> <span class='ocrx_word' id='word_1_350' title='bbox 1146 2581 1329 2636; x_wconf 91' lang='lat' dir='ltr'><strong>minus</strong></span> <span class='ocrx_word' id='word_1_351' title='bbox 1370 2582 1579 2655; x_wconf 87' lang='lat' dir='ltr'><strong>gentili.</strong></span> <span class='ocrx_word' id='word_1_352' title='bbox 1610 2584 1843 2639; x_wconf 86' lang='lat' dir='ltr'><strong>Carnem</strong></span> <span class='ocrx_word' id='word_1_353' title='bbox 1872 2593 2031 2640; x_wconf 90' lang='lat' dir='ltr'><strong>vocat</strong></span> 
     </span>
    </p>
   </div>
   <div class='ocr_carea' id='block_1_42' title="bbox 424 2669 2028 2745">
    <p class='ocr_par' dir='ltr' id='par_1_42' title="bbox 424 2669 2028 2745">
     <span class='ocr_line' id='line_1_42' title="bbox 424 2669 2028 2745; baseline 0.003 -21"><span class='ocrx_word' id='word_1_354' title='bbox 424 2669 709 2741; x_wconf 87' lang='lat' dir='ltr'><strong>gentilem,</strong></span> <span class='ocrx_word' id='word_1_355' title='bbox 736 2669 860 2741; x_wconf 89' lang='lat' dir='ltr'><strong>quia</strong></span> <span class='ocrx_word' id='word_1_356' title='bbox 890 2686 1169 2742; x_wconf 86' lang='lat' dir='ltr'><strong>nunquam</strong></span> <span class='ocrx_word' id='word_1_357' title='bbox 1200 2670 1254 2724; x_wconf 91' lang='lat' dir='ltr'><strong>in</strong></span> <span class='ocrx_word' id='word_1_358' title='bbox 1289 2671 1437 2727; x_wconf 90' lang='lat' dir='ltr'><strong>cultu</strong></span> <span class='ocrx_word' id='word_1_359' title='bbox 1465 2672 1605 2745; x_wconf 88' lang='lat' dir='ltr'><strong>legis</strong></span> <span class='ocrx_word' id='word_1_360' title='bbox 1624 2672 1741 2739; x_wconf 89' lang='lat' dir='ltr'><strong>Dei,</strong></span> <span class='ocrx_word' id='word_1_361' title='bbox 1760 2673 1855 2727; x_wconf 89' lang='lat' dir='ltr'><strong>sed</strong></span> <span class='ocrx_word' id='word_1_362' title='bbox 1878 2691 2028 2729; x_wconf 91' lang='lat' dir='ltr'><strong>sem-</strong></span> 
     </span>
    </p>
   </div>
   <div class='ocr_carea' id='block_1_43' title="bbox 424 2757 2026 2832">
    <p class='ocr_par' dir='ltr' id='par_1_43' title="bbox 424 2757 2026 2832">
     <span class='ocr_line' id='line_1_43' title="bbox 424 2757 2026 2832; baseline 0.004 -20"><span class='ocrx_word' id='word_1_363' title='bbox 424 2774 527 2828; x_wconf 90' lang='lat' dir='ltr'><strong>per</strong></span> <span class='ocrx_word' id='word_1_364' title='bbox 550 2757 649 2813; x_wconf 85' lang='lat' dir='ltr'><strong>fuit</strong></span> <span class='ocrx_word' id='word_1_365' title='bbox 676 2758 733 2812; x_wconf 92' lang='lat' dir='ltr'><strong>in</strong></span> <span class='ocrx_word' id='word_1_366' title='bbox 764 2774 933 2829; x_wconf 91' lang='lat' dir='ltr'><strong>opere</strong></span> <span class='ocrx_word' id='word_1_367' title='bbox 956 2758 1165 2815; x_wconf 89' lang='lat' dir='ltr'><strong>carnis.</strong></span> <span class='ocrx_word' id='word_1_368' title='bbox 1190 2758 1289 2814; x_wconf 87' lang='lat' dir='ltr'><strong>Vel</strong></span> <span class='ocrx_word' id='word_1_369' title='bbox 1312 2758 1406 2830; x_wconf 86' lang='lat' dir='ltr'><strong>ita,</strong></span> <span class='ocrx_word' id='word_1_370' title='bbox 1441 2760 1564 2832; x_wconf 85' lang='lat' dir='ltr'><strong>quia</strong></span> <span class='ocrx_word' id='word_1_371' title='bbox 1587 2761 1631 2815; x_wconf 90' lang='lat' dir='ltr'><strong>si</strong></span> <span class='ocrx_word' id='word_1_372' title='bbox 1665 2762 1887 2817; x_wconf 74' lang='lat' dir='ltr'><strong>Iudaeus</strong></span> <span class='ocrx_word' id='word_1_373' title='bbox 1917 2778 2026 2818; x_wconf 90' lang='lat' dir='ltr'><strong>non</strong></span> 
     </span>
    </p>
   </div>
   <div class='ocr_carea' id='block_1_44' title="bbox 431 2846 2028 2920">
    <p class='ocr_par' dir='ltr' id='par_1_44' title="bbox 431 2846 2028 2920">
     <span class='ocr_line' id='line_1_44' title="bbox 431 2846 2028 2920; baseline 0.002 -18"><span class='ocrx_word' id='word_1_374' title='bbox 431 2853 515 2902; x_wconf 90' lang='lat' dir='ltr'><strong>est</strong></span> <span class='ocrx_word' id='word_1_375' title='bbox 533 2846 713 2916; x_wconf 90' lang='lat' dir='ltr'><strong>justus</strong></span> <span class='ocrx_word' id='word_1_376' title='bbox 735 2863 801 2902; x_wconf 82' lang='lat' dir='ltr'><strong>ex</strong></span> <span class='ocrx_word' id='word_1_377' title='bbox 824 2846 967 2920; x_wconf 83' lang='lat' dir='ltr'><strong>lege,</strong></span> <span class='ocrx_word' id='word_1_378' title='bbox 993 2847 1164 2903; x_wconf 92' lang='lat' dir='ltr'><strong>multo</strong></span> <span class='ocrx_word' id='word_1_379' title='bbox 1192 2846 1371 2901; x_wconf 90' lang='lat' dir='ltr'><strong>minus</strong></span> <span class='ocrx_word' id='word_1_380' title='bbox 1393 2863 1541 2914; x_wconf 90' lang='lat' dir='ltr'><strong>caro,</strong></span> <span class='ocrx_word' id='word_1_381' title='bbox 1577 2848 1631 2903; x_wconf 92' lang='lat' dir='ltr'><strong>id</strong></span> <span class='ocrx_word' id='word_1_382' title='bbox 1662 2857 1743 2903; x_wconf 91' lang='lat' dir='ltr'><strong>est</strong></span> <span class='ocrx_word' id='word_1_383' title='bbox 1770 2859 2028 2920; x_wconf 90' lang='lat' dir='ltr'><strong>peccator</strong></span> 
     </span>
    </p>
   </div>
   <div class='ocr_carea' id='block_1_45' title="bbox 429 2935 2025 3008">
    <p class='ocr_par' dir='ltr' id='par_1_45' title="bbox 429 2935 2025 3008">
     <span class='ocr_line' id='line_1_45' title="bbox 429 2935 2025 3008; baseline 0.002 -18"><span class='ocrx_word' id='word_1_384' title='bbox 429 2950 497 2990; x_wconf 89' lang='lat' dir='ltr'><strong>ex</strong></span> <span class='ocrx_word' id='word_1_385' title='bbox 526 2935 804 3007; x_wconf 83' lang='lat' dir='ltr'><strong>gentibus.</strong></span> <span class='ocrx_word' id='word_1_386' title='bbox 827 2936 1026 2990; x_wconf 89' lang='lat' dir='ltr'><strong>Probat</strong></span> <span class='ocrx_word' id='word_1_387' title='bbox 1056 2935 1252 2991; x_wconf 88' lang='lat' dir='ltr'><strong>iterum</strong></span> <span class='ocrx_word' id='word_1_388' title='bbox 1283 2936 1426 2990; x_wconf 90' lang='lat' dir='ltr'><strong>idem</strong></span> <span class='ocrx_word' id='word_1_389' title='bbox 1456 2953 1556 3007; x_wconf 90' lang='lat' dir='ltr'><strong>per</strong></span> <span class='ocrx_word' id='word_1_390' title='bbox 1606 2937 1943 3008; x_wconf 90' lang='lat' dir='ltr'><strong>impossibile</strong></span> <span class='ocrx_word' id='word_1_391' title='bbox 1974 2948 2025 2993; x_wconf 90' lang='lat' dir='ltr'><strong>et</strong></span> 
     </span>
    </p>
   </div>
   <div class='ocr_carea' id='block_1_46' title="bbox 427 3021 2024 3095">
    <p class='ocr_par' dir='ltr' id='par_1_46' title="bbox 427 3021 2024 3095">
     <span class='ocr_line' id='line_1_46' title="bbox 427 3021 2024 3095; baseline 0.003 -18"><span class='ocrx_word' id='word_1_392' title='bbox 427 3021 848 3079; x_wconf 82' lang='lat' dir='ltr'><strong>inconveniens.</strong></span> <span class='ocrx_word' id='word_1_393' title='bbox 888 3024 1022 3079; x_wconf 90' lang='lat' dir='ltr'><strong>Dico</strong></span> <span class='ocrx_word' id='word_1_394' title='bbox 1056 3024 1200 3095; x_wconf 90' lang='lat' dir='ltr'><strong>quod</strong></span> <span class='ocrx_word' id='word_1_395' title='bbox 1237 3040 1301 3078; x_wconf 91' lang='lat' dir='ltr'><strong>ex</strong></span> <span class='ocrx_word' id='word_1_396' title='bbox 1334 3023 1442 3079; x_wconf 83' lang='lat' dir='ltr'><strong>fide</strong></span> <span class='ocrx_word' id='word_1_397' title='bbox 1490 3025 1688 3080; x_wconf 91' lang='lat' dir='ltr'><strong>Christi</strong></span> <span class='ocrx_word' id='word_1_398' title='bbox 1712 3026 2024 3094; x_wconf 85' lang='lat' dir='ltr'><strong>justificabi-</strong></span> 
     </span>
    </p>
   </div>
   <div class='ocr_carea' id='block_1_47' title="bbox 428 3110 2021 3184">
    <p class='ocr_par' dir='ltr' id='par_1_47' title="bbox 428 3110 2021 3184">
     <span class='ocr_line' id='line_1_47' title="bbox 428 3110 2021 3184; baseline 0.003 -19"><span class='ocrx_word' id='word_1_399' title='bbox 428 3126 592 3179; x_wconf 91' lang='lat' dir='ltr'><strong>mur;</strong></span> <span class='ocrx_word' id='word_1_400' title='bbox 625 3110 768 3182; x_wconf 85' lang='lat' dir='ltr'><strong>quod</strong></span> <span class='ocrx_word' id='word_1_401' title='bbox 802 3111 848 3165; x_wconf 94' lang='lat' dir='ltr'><strong>si</strong></span> <span class='ocrx_word' id='word_1_402' title='bbox 879 3111 953 3165; x_wconf 88' lang='lat' dir='ltr'><strong>ita</strong></span> <span class='ocrx_word' id='word_1_403' title='bbox 978 3127 1086 3167; x_wconf 91' lang='lat' dir='ltr'><strong>non</strong></span> <span class='ocrx_word' id='word_1_404' title='bbox 1119 3118 1220 3181; x_wconf 90' lang='lat' dir='ltr'><strong>est,</strong></span> <span class='ocrx_word' id='word_1_405' title='bbox 1252 3112 1355 3166; x_wconf 89' lang='lat' dir='ltr'><strong>hoc</strong></span> <span class='ocrx_word' id='word_1_406' title='bbox 1377 3121 1459 3167; x_wconf 90' lang='lat' dir='ltr'><strong>est</strong></span> <span class='ocrx_word' id='word_1_407' title='bbox 1509 3114 1656 3184; x_wconf 92' lang='lat' dir='ltr'><strong>quod</strong></span> <span class='ocrx_word' id='word_1_408' title='bbox 1700 3114 1809 3168; x_wconf 90' lang='lat' dir='ltr'><strong>ait:</strong></span> <span class='ocrx_word' id='word_1_409' title='bbox 1836 3116 1892 3171; x_wconf 88' lang='lat' dir='ltr'><strong>Si</strong></span> <span class='ocrx_word' id='word_1_410' title='bbox 1922 3131 2021 3170; x_wconf 91' lang='lat' dir='ltr'><strong>nos</strong></span> 
     </span>
    </p>
   </div>
   <div class='ocr_carea' id='block_1_48' title="bbox 425 3200 2017 3273">
    <p class='ocr_par' dir='ltr' id='par_1_48' title="bbox 425 3200 2017 3273">
     <span class='ocr_line' id='line_1_48' title="bbox 425 3200 2017 3273; baseline 0.002 -18"><span class='ocrx_word' id='word_1_411' title='bbox 425 3203 741 3271; x_wconf 71' lang='lat' dir='ltr'><strong>quaerentes</strong></span> <span class='ocrx_word' id='word_1_412' title='bbox 780 3200 1095 3270; x_wconf 80' lang='lat' dir='ltr'><strong>justiﬁcari</strong></span> <span class='ocrx_word' id='word_1_413' title='bbox 1134 3202 1197 3255; x_wconf 87' lang='lat' dir='ltr'><strong>in</strong></span> <span class='ocrx_word' id='word_1_414' title='bbox 1252 3200 1491 3267; x_wconf 83' lang='lat' dir='ltr'><strong>Christo,</strong></span> <span class='ocrx_word' id='word_1_415' title='bbox 1514 3202 1567 3255; x_wconf 87' lang='lat' dir='ltr'><strong>id</strong></span> <span class='ocrx_word' id='word_1_416' title='bbox 1597 3209 1680 3256; x_wconf 90' lang='lat' dir='ltr'><strong>est</strong></span> <span class='ocrx_word' id='word_1_417' title='bbox 1710 3218 1810 3273; x_wconf 91' lang='lat' dir='ltr'><strong>per</strong></span> <span class='ocrx_word' id='word_1_418' title='bbox 1856 3202 2017 3258; x_wconf 78' lang='lat' dir='ltr'><strong>{idem</strong></span> 
     </span>
    </p>
   </div>
   <div class='ocr_carea' id='block_1_49' title="bbox 421 3286 2016 3359">
    <p class='ocr_par' dir='ltr' id='par_1_49' title="bbox 421 3286 2016 3359">
     <span class='ocr_line' id='line_1_49' title="bbox 421 3286 2016 3359; baseline 0.003 -18"><span class='ocrx_word' id='word_1_419' title='bbox 421 3286 642 3354; x_wconf 90' lang='lat' dir='ltr'><strong>Christi,</strong></span> <span class='ocrx_word' id='word_1_420' title='bbox 673 3303 782 3342; x_wconf 90' lang='lat' dir='ltr'><strong>non</strong></span> <span class='ocrx_word' id='word_1_421' title='bbox 813 3287 937 3343; x_wconf 91' lang='lat' dir='ltr'><strong>dico</strong></span> <span class='ocrx_word' id='word_1_422' title='bbox 996 3289 1170 3359; x_wconf 88' lang='lat' dir='ltr'><strong>putati</strong></span> <span class='ocrx_word' id='word_1_423' title='bbox 1220 3289 1677 3345; x_wconf 88' lang='lat' dir='ltr'><strong>existimationem</strong></span> <span class='ocrx_word' id='word_1_424' title='bbox 1725 3290 2016 3346; x_wconf 88' lang='lat' dir='ltr'><strong>stultorum</strong></span> 
     </span>
    </p>
   </div>
   <div class='ocr_carea' id='block_1_50' title="bbox 425 3376 2016 3450">
    <p class='ocr_par' dir='ltr' id='par_1_50' title="bbox 425 3376 2016 3450">
     <span class='ocr_line' id='line_1_50' title="bbox 425 3376 2016 3450; baseline 0.003 -21"><span class='ocrx_word' id='word_1_425' title='bbox 425 3391 536 3431; x_wconf 89' lang='lat' dir='ltr'><strong>non</strong></span> <span class='ocrx_word' id='word_1_426' title='bbox 567 3391 717 3442; x_wconf 91' lang='lat' dir='ltr'><strong>curo,</strong></span> <span class='ocrx_word' id='word_1_427' title='bbox 745 3376 843 3431; x_wconf 92' lang='lat' dir='ltr'><strong>sed</strong></span> <span class='ocrx_word' id='word_1_428' title='bbox 874 3376 919 3430; x_wconf 94' lang='lat' dir='ltr'><strong>si</strong></span> <span class='ocrx_word' id='word_1_429' title='bbox 949 3394 1050 3448; x_wconf 91' lang='lat' dir='ltr'><strong>per</strong></span> <span class='ocrx_word' id='word_1_430' title='bbox 1080 3376 1240 3434; x_wconf 83' lang='lat' dir='ltr'><strong>ﬁdem</strong></span> <span class='ocrx_word' id='word_1_431' title='bbox 1285 3378 1484 3433; x_wconf 88' lang='lat' dir='ltr'><strong>Christi</strong></span> <span class='ocrx_word' id='word_1_432' title='bbox 1515 3386 1818 3450; x_wconf 69' lang='lat' dir='ltr'><strong>quazrentes</strong></span> <span class='ocrx_word' id='word_1_433' title='bbox 1849 3380 2016 3449; x_wconf 90' lang='lat' dir='ltr'><strong>justi-</strong></span> 
     </span>
    </p>
   </div>
   <div class='ocr_carea' id='block_1_51' title="bbox 425 3462 2018 3541">
    <p class='ocr_par' dir='ltr' id='par_1_51' title="bbox 425 3462 2018 3541">
     <span class='ocr_line' id='line_1_51' title="bbox 425 3462 2018 3541; baseline 0.003 -23"><span class='ocrx_word' id='word_1_434' title='bbox 425 3462 735 3521; x_wconf 86' lang='lat' dir='ltr'><strong>ﬁcationem</strong></span> <span class='ocrx_word' id='word_1_435' title='bbox 767 3466 992 3521; x_wconf 84' lang='lat' dir='ltr'><strong>inventi</strong></span> <span class='ocrx_word' id='word_1_436' title='bbox 1016 3482 1210 3523; x_wconf 88' lang='lat' dir='ltr'><strong>sumus</strong></span> <span class='ocrx_word' id='word_1_437' title='bbox 1234 3475 1288 3522; x_wconf 86' lang='lat' dir='ltr'><strong>ut</strong></span> <span class='ocrx_word' id='word_1_438' title='bbox 1308 3467 1542 3539; x_wconf 90' lang='lat' dir='ltr'><strong>gentiles</strong></span> <span class='ocrx_word' id='word_1_439' title='bbox 1589 3469 1763 3523; x_wconf 84' lang='lat' dir='ltr'><strong>etiam</strong></span> <span class='ocrx_word' id='word_1_440' title='bbox 1789 3484 1890 3523; x_wconf 89' lang='lat' dir='ltr'><strong>nos</strong></span> <span class='ocrx_word' id='word_1_441' title='bbox 1912 3470 2018 3541; x_wconf 84' lang='lat' dir='ltr'><strong>ipsi</strong></span> 
     </span>
    </p>
   </div>
   <div class='ocr_carea' id='block_1_52' title="bbox 419 3553 2015 3626">
    <p class='ocr_par' dir='ltr' id='par_1_52' title="bbox 419 3553 2015 3626">
     <span class='ocr_line' id='line_1_52' title="bbox 419 3553 2015 3626; baseline 0.001 -18"><span class='ocrx_word' id='word_1_442' title='bbox 419 3557 763 3624; x_wconf 79' lang='lat' dir='ltr'><strong>peccatores,</strong></span> <span class='ocrx_word' id='word_1_443' title='bbox 790 3553 915 3626; x_wconf 89' lang='lat' dir='ltr'><strong>quia</strong></span> <span class='ocrx_word' id='word_1_444' title='bbox 944 3554 1124 3626; x_wconf 89' lang='lat' dir='ltr'><strong>legem</strong></span> <span class='ocrx_word' id='word_1_445' title='bbox 1162 3556 1524 3621; x_wconf 88' lang='lat' dir='ltr'><strong>deseruimus,</strong></span> <span class='ocrx_word' id='word_1_446' title='bbox 1557 3556 1629 3611; x_wconf 90' lang='lat' dir='ltr'><strong>ad</strong></span> <span class='ocrx_word' id='word_1_447' title='bbox 1660 3554 1823 3611; x_wconf 81' lang='lat' dir='ltr'><strong>fidem</strong></span> <span class='ocrx_word' id='word_1_448' title='bbox 1854 3556 2015 3612; x_wconf 90' lang='lat' dir='ltr'><strong>Chri-</strong></span> 
     </span>
    </p>
   </div>
   <div class='ocr_carea' id='block_1_53' title="bbox 421 3641 2015 3717">
    <p class='ocr_par' dir='ltr' id='par_1_53' title="bbox 421 3641 2015 3717">
     <span class='ocr_line' id='line_1_53' title="bbox 421 3641 2015 3717; baseline 0.003 -22"><span class='ocrx_word' id='word_1_449' title='bbox 421 3641 489 3695; x_wconf 89' lang='lat' dir='ltr'><strong>sti</strong></span> <span class='ocrx_word' id='word_1_450' title='bbox 524 3648 911 3709; x_wconf 84' lang='lat' dir='ltr'><strong>transeuntes;</strong></span> <span class='ocrx_word' id='word_1_451' title='bbox 953 3643 998 3696; x_wconf 91' lang='lat' dir='ltr'><strong>si</strong></span> <span class='ocrx_word' id='word_1_452' title='bbox 1029 3644 1151 3710; x_wconf 90' lang='lat' dir='ltr'><strong>hoc,</strong></span> <span class='ocrx_word' id='word_1_453' title='bbox 1178 3645 1419 3717; x_wconf 92' lang='lat' dir='ltr'><strong>inquam,</strong></span> <span class='ocrx_word' id='word_1_454' title='bbox 1473 3652 1574 3709; x_wconf 91' lang='lat' dir='ltr'><strong>est,</strong></span> <span class='ocrx_word' id='word_1_455' title='bbox 1612 3652 1739 3699; x_wconf 91' lang='lat' dir='ltr'><strong>tunc</strong></span> <span class='ocrx_word' id='word_1_456' title='bbox 1769 3645 2015 3699; x_wconf 88' lang='lat' dir='ltr'><strong>Christus</strong></span> 
     </span>
    </p>
   </div>
   <div class='ocr_carea' id='block_1_54' title="bbox 413 3729 2013 3803">
    <p class='ocr_par' dir='ltr' id='par_1_54' title="bbox 413 3729 2013 3803">
     <span class='ocr_line' id='line_1_54' title="bbox 413 3729 2013 3803; baseline 0.004 -20"><span class='ocrx_word' id='word_1_457' title='bbox 413 3729 663 3785; x_wconf 88' lang='lat' dir='ltr'><strong>minister</strong></span> <span class='ocrx_word' id='word_1_458' title='bbox 693 3739 775 3785; x_wconf 92' lang='lat' dir='ltr'><strong>est</strong></span> <span class='ocrx_word' id='word_1_459' title='bbox 803 3731 1054 3803; x_wconf 87' lang='lat' dir='ltr'><strong>peccati;</strong></span> <span class='ocrx_word' id='word_1_460' title='bbox 1087 3733 1204 3803; x_wconf 92' lang='lat' dir='ltr'><strong>ipse</strong></span> <span class='ocrx_word' id='word_1_461' title='bbox 1268 3732 1414 3787; x_wconf 90' lang='lat' dir='ltr'><strong>enim</strong></span> <span class='ocrx_word' id='word_1_462' title='bbox 1474 3732 1660 3787; x_wconf 90' lang='lat' dir='ltr'><strong>docuit</strong></span> <span class='ocrx_word' id='word_1_463' title='bbox 1687 3732 1867 3803; x_wconf 90' lang='lat' dir='ltr'><strong>legem</strong></span> <span class='ocrx_word' id='word_1_464' title='bbox 1904 3750 2013 3789; x_wconf 91' lang='lat' dir='ltr'><strong>non</strong></span> 
     </span>
    </p>
   </div>
   <div class='ocr_carea' id='block_1_55' title="bbox 413 3818 2012 3889">
    <p class='ocr_par' dir='ltr' id='par_1_55' title="bbox 413 3818 2012 3889">
     <span class='ocr_line' id='line_1_55' title="bbox 413 3818 2012 3889; baseline 0.004 -18"><span class='ocrx_word' id='word_1_465' title='bbox 413 3833 536 3872; x_wconf 91' lang='lat' dir='ltr'><strong>esse</strong></span> <span class='ocrx_word' id='word_1_466' title='bbox 582 3819 905 3885; x_wconf 88' lang='lat' dir='ltr'><strong>tenendam,</strong></span> <span class='ocrx_word' id='word_1_467' title='bbox 935 3819 1032 3874; x_wconf 92' lang='lat' dir='ltr'><strong>sed</strong></span> <span class='ocrx_word' id='word_1_468' title='bbox 1079 3835 1144 3875; x_wconf 83' lang='lat' dir='ltr'><strong>ex</strong></span> <span class='ocrx_word' id='word_1_469' title='bbox 1183 3818 1289 3875; x_wconf 87' lang='lat' dir='ltr'><strong>fide</strong></span> <span class='ocrx_word' id='word_1_470' title='bbox 1335 3836 1458 3875; x_wconf 92' lang='lat' dir='ltr'><strong>esse</strong></span> <span class='ocrx_word' id='word_1_471' title='bbox 1499 3836 1715 3875; x_wconf 91' lang='lat' dir='ltr'><strong>omnem</strong></span> <span class='ocrx_word' id='word_1_472' title='bbox 1749 3820 2012 3889; x_wconf 87' lang='lat' dir='ltr'><strong>justiﬁca-</strong></span> 
     </span>
    </p>
   </div>
   <div class='ocr_carea' id='block_1_56' title="bbox 413 3904 2010 3979">
    <p class='ocr_par' dir='ltr' id='par_1_56' title="bbox 413 3904 2010 3979">
     <span class='ocr_line' id='line_1_56' title="bbox 413 3904 2010 3979; baseline 0.004 -20"><span class='ocrx_word' id='word_1_473' title='bbox 413 3904 639 3960; x_wconf 89' lang='lat' dir='ltr'><strong>tionem.</strong></span> <span class='ocrx_word' id='word_1_474' title='bbox 681 3906 790 3961; x_wconf 91' lang='lat' dir='ltr'><strong>Sed</strong></span> <span class='ocrx_word' id='word_1_475' title='bbox 814 3907 941 3979; x_wconf 90' lang='lat' dir='ltr'><strong>quia</strong></span> <span class='ocrx_word' id='word_1_476' title='bbox 964 3908 1293 3963; x_wconf 87' lang='lat' dir='ltr'><strong>exhorrebat</strong></span> <span class='ocrx_word' id='word_1_477' title='bbox 1331 3908 1603 3963; x_wconf 88' lang='lat' dir='ltr'><strong>Christum</strong></span> <span class='ocrx_word' id='word_1_478' title='bbox 1636 3909 1815 3965; x_wconf 91' lang='lat' dir='ltr'><strong>dicere</strong></span> <span class='ocrx_word' id='word_1_479' title='bbox 1844 3910 2010 3965; x_wconf 87' lang='lat' dir='ltr'><strong>mini-</strong></span> 
     </span>
    </p>
   </div>
   <div class='ocr_carea' id='block_1_57' title="bbox 414 3994 2009 4065">
    <p class='ocr_par' dir='ltr' id='par_1_57' title="bbox 414 3994 2009 4065">
     <span class='ocr_line' id='line_1_57' title="bbox 414 3994 2009 4065; baseline 0.006 -18"><span class='ocrx_word' id='word_1_480' title='bbox 414 3999 583 4048; x_wconf 88' lang='lat' dir='ltr'><strong>strum</strong></span> <span class='ocrx_word' id='word_1_481' title='bbox 611 3994 839 4065; x_wconf 89' lang='lat' dir='ltr'><strong>peccati,</strong></span> <span class='ocrx_word' id='word_1_482' title='bbox 873 3995 1004 4051; x_wconf 91' lang='lat' dir='ltr'><strong>dicit</strong></span> <span class='ocrx_word' id='word_1_483' title='bbox 1035 3996 1139 4052; x_wconf 93' lang='lat' dir='ltr'><strong>hoc</strong></span> <span class='ocrx_word' id='word_1_484' title='bbox 1160 3996 1259 4050; x_wconf 92' lang='lat' dir='ltr'><strong>sub</strong></span> <span class='ocrx_word' id='word_1_485' title='bbox 1308 3996 1662 4052; x_wconf 89' lang='lat' dir='ltr'><strong>admiratione</strong></span> <span class='ocrx_word' id='word_1_486' title='bbox 1696 3998 1773 4053; x_wconf 92' lang='lat' dir='ltr'><strong>sic</strong></span> <span class='ocrx_word' id='word_1_487' title='bbox 1806 4016 1818 4052; x_wconf 92' lang='lat'>:</span> <span class='ocrx_word' id='word_1_488' title='bbox 1853 4000 2009 4056; x_wconf 83' lang='lat' dir='ltr'><strong>Nun-</strong></span> 
     </span>
    </p>
   </div>
   <div class='ocr_carea' id='block_1_58' title="bbox 411 4081 2007 4158">
    <p class='ocr_par' dir='ltr' id='par_1_58' title="bbox 411 4081 2007 4158">
     <span class='ocr_line' id='line_1_58' title="bbox 411 4081 2007 4158; baseline 0.005 -21"><span class='ocrx_word' id='word_1_489' title='bbox 411 4082 546 4153; x_wconf 83' lang='lat' dir='ltr'><strong>quid</strong></span> <span class='ocrx_word' id='word_1_490' title='bbox 577 4081 773 4154; x_wconf 91' lang='lat' dir='ltr'><strong>aliquis</strong></span> <span class='ocrx_word' id='word_1_491' title='bbox 802 4083 1111 4138; x_wconf 90' lang='lat' dir='ltr'><strong>insensatus</strong></span> <span class='ocrx_word' id='word_1_492' title='bbox 1142 4085 1303 4139; x_wconf 90' lang='lat' dir='ltr'><strong>audet</strong></span> <span class='ocrx_word' id='word_1_493' title='bbox 1332 4084 1516 4141; x_wconf 90' lang='lat' dir='ltr'><strong>dicere</strong></span> <span class='ocrx_word' id='word_1_494' title='bbox 1556 4086 1703 4158; x_wconf 92' lang='lat' dir='ltr'><strong>quod</strong></span> <span class='ocrx_word' id='word_1_495' title='bbox 1753 4086 2007 4145; x_wconf 85' lang='lat' dir='ltr'><strong>Christus</strong></span> 
     </span>
    </p>
   </div>
   <div class='ocr_carea' id='block_1_59' title="bbox 412 4170 2006 4244">
    <p class='ocr_par' dir='ltr' id='par_1_59' title="bbox 412 4170 2006 4244">
     <span class='ocr_line' id='line_1_59' title="bbox 412 4170 2006 4244; baseline 0.004 -19"><span class='ocrx_word' id='word_1_496' title='bbox 412 4170 682 4227; x_wconf 86' lang='lat' dir='ltr'><strong>minister</strong></span> <span class='ocrx_word' id='word_1_497' title='bbox 710 4175 797 4227; x_wconf 87' lang='lat' dir='ltr'><strong>est</strong></span> <span class='ocrx_word' id='word_1_498' title='bbox 816 4174 1039 4244; x_wconf 86' lang='lat' dir='ltr'><strong>peccati</strong></span> <span class='ocrx_word' id='word_1_499' title='bbox 1062 4172 1090 4227; x_wconf 80' lang='lat'><strong>?</strong></span> <span class='ocrx_word' id='word_1_500' title='bbox 1127 4172 1285 4229; x_wconf 84' lang='lat' dir='ltr'><strong>Absit</strong></span> <span class='ocrx_word' id='word_1_501' title='bbox 1314 4173 1419 4230; x_wconf 89' lang='lat' dir='ltr'><strong>hoc</strong></span> <span class='ocrx_word' id='word_1_502' title='bbox 1448 4182 1505 4229; x_wconf 93' lang='lat' dir='ltr'><strong>ut</strong></span> <span class='ocrx_word' id='word_1_503' title='bbox 1533 4174 1780 4230; x_wconf 90' lang='lat' dir='ltr'><strong>Christus</strong></span> <span class='ocrx_word' id='word_1_504' title='bbox 1809 4175 2006 4231; x_wconf 89' lang='lat' dir='ltr'><strong>minis-</strong></span> 
     </span>
    </p>
   </div>
   <div class='ocr_carea' id='block_1_60' title="bbox 410 4258 864 4331">
    <p class='ocr_par' dir='ltr' id='par_1_60' title="bbox 410 4258 864 4331">
     <span class='ocr_line' id='line_1_60' title="bbox 410 4258 864 4331; baseline 0.009 -20"><span class='ocrx_word' id='word_1_505' title='bbox 410 4264 493 4314; x_wconf 91' lang='lat' dir='ltr'><strong>ter</strong></span> <span class='ocrx_word' id='word_1_506' title='bbox 521 4258 590 4313; x_wconf 90' lang='lat' dir='ltr'><strong>sit</strong></span> <span class='ocrx_word' id='word_1_507' title='bbox 619 4260 831 4331; x_wconf 90' lang='lat' dir='ltr'><strong>peccati</strong></span> <span class='ocrx_word' id='word_1_508' title='bbox 851 4259 864 4315; x_wconf 81' lang='grc' dir='ltr'>ι</span> 
     </span>
    </p>
   </div>
   <div class='ocr_carea' id='block_1_61' title="bbox 480 4348 2003 4426">
    <p class='ocr_par' dir='ltr' id='par_1_61' title="bbox 480 4348 2003 4426">
     <span class='ocr_line' id='line_1_61' title="bbox 480 4348 2003 4426; baseline 0.003 -22"><span class='ocrx_word' id='word_1_509' title='bbox 480 4348 625 4404; x_wconf 91' lang='lat' dir='ltr'><strong>Vere</strong></span> <span class='ocrx_word' id='word_1_510' title='bbox 654 4348 900 4404; x_wconf 89' lang='lat' dir='ltr'><strong>Christus</strong></span> <span class='ocrx_word' id='word_1_511' title='bbox 929 4364 1041 4404; x_wconf 89' lang='lat' dir='ltr'><strong>non</strong></span> <span class='ocrx_word' id='word_1_512' title='bbox 1072 4357 1156 4405; x_wconf 91' lang='lat' dir='ltr'><strong>est</strong></span> <span class='ocrx_word' id='word_1_513' title='bbox 1193 4350 1441 4407; x_wconf 91' lang='lat' dir='ltr'><strong>minister</strong></span> <span class='ocrx_word' id='word_1_514' title='bbox 1468 4352 1695 4423; x_wconf 88' lang='lat' dir='ltr'><strong>peccati.</strong></span> <span class='ocrx_word' id='word_1_515' title='bbox 1727 4353 1869 4409; x_wconf 88' lang='lat' dir='ltr'><strong>Nam</strong></span> <span class='ocrx_word' id='word_1_516' title='bbox 1896 4369 2003 4426; x_wconf 87' lang='lat' dir='ltr'><strong>ego</strong></span> 
     </span>
    </p>
   </div>
   <div class='ocr_carea' id='block_1_62' title="bbox 411 4435 2002 4512">
    <p class='ocr_par' dir='ltr' id='par_1_62' title="bbox 411 4435 2002 4512">
     <span class='ocr_line' id='line_1_62' title="bbox 411 4435 2002 4512; baseline 0.003 -21"><span class='ocrx_word' id='word_1_517' title='bbox 411 4435 657 4493; x_wconf 86' lang='lat' dir='ltr'><strong>destruxi</strong></span> <span class='ocrx_word' id='word_1_518' title='bbox 686 4436 888 4511; x_wconf 89' lang='lat' dir='ltr'><strong>legem,</strong></span> <span class='ocrx_word' id='word_1_519' title='bbox 943 4453 1107 4510; x_wconf 88' lang='lat' dir='ltr'><strong>quam</strong></span> <span class='ocrx_word' id='word_1_520' title='bbox 1161 4455 1272 4495; x_wconf 89' lang='lat' dir='ltr'><strong>non</strong></span> <span class='ocrx_word' id='word_1_521' title='bbox 1321 4439 1615 4512; x_wconf 74' lang='lat' dir='ltr'><strong>rezediﬁco,</strong></span> <span class='ocrx_word' id='word_1_522' title='bbox 1647 4457 1718 4497; x_wconf 92' lang='lat' dir='ltr'><strong>ne</strong></span> <span class='ocrx_word' id='word_1_523' title='bbox 1748 4458 1835 4497; x_wconf 91' lang='lat' dir='ltr'><strong>me</strong></span> <span class='ocrx_word' id='word_1_524' title='bbox 1864 4458 2002 4498; x_wconf 90' lang='lat' dir='ltr'><strong>con-</strong></span> 
     </span>
    </p>
   </div>
   <div class='ocr_carea' id='block_1_63' title="bbox 406 4524 2002 4603">
    <p class='ocr_par' dir='ltr' id='par_1_63' title="bbox 406 4524 2002 4603">
     <span class='ocr_line' id='line_1_63' title="bbox 406 4524 2002 4603; baseline 0.004 -24"><span class='ocrx_word' id='word_1_525' title='bbox 406 4524 623 4581; x_wconf 88' lang='lat' dir='ltr'><strong>stituam</strong></span> <span class='ocrx_word' id='word_1_526' title='bbox 641 4526 1138 4598; x_wconf 68' lang='lat' dir='ltr'><strong>praevaricatorem.</strong></span> <span class='ocrx_word' id='word_1_527' title='bbox 1172 4527 1227 4583; x_wconf 95' lang='lat' dir='ltr'><strong>Si</strong></span> <span class='ocrx_word' id='word_1_528' title='bbox 1258 4528 1405 4584; x_wconf 91' lang='lat' dir='ltr'><strong>enim</strong></span> <span class='ocrx_word' id='word_1_529' title='bbox 1457 4529 1791 4586; x_wconf 89' lang='lat' dir='ltr'><strong>destructam</strong></span> <span class='ocrx_word' id='word_1_530' title='bbox 1817 4530 2002 4603; x_wconf 88' lang='lat' dir='ltr'><strong>legem</strong></span> 
     </span>
    </p>
   </div>
   <div class='ocr_carea' id='block_1_64' title="bbox 2139 2049 3729 2124">
    <p class='ocr_par' dir='ltr' id='par_1_64' title="bbox 2139 2049 3729 2124">
     <span class='ocr_line' id='line_1_64' title="bbox 2139 2049 3729 2124; baseline 0.004 -23"><span class='ocrx_word' id='word_1_531' title='bbox 2139 2049 2523 2115; x_wconf 91' lang='lat' dir='ltr'><strong>membrorum,</strong></span> <span class='ocrx_word' id='word_1_532' title='bbox 2557 2066 2679 2120; x_wconf 74' lang='lat' dir='ltr'><strong>quae</strong></span> <span class='ocrx_word' id='word_1_533' title='bbox 2708 2050 3003 2105; x_wconf 90' lang='lat' dir='ltr'><strong>secundum</strong></span> <span class='ocrx_word' id='word_1_534' title='bbox 3032 2060 3275 2107; x_wconf 89' lang='lat' dir='ltr'><strong>veterem</strong></span> <span class='ocrx_word' id='word_1_535' title='bbox 3293 2052 3575 2107; x_wconf 86' lang='lat' dir='ltr'><strong>hominem</strong></span> <span class='ocrx_word' id='word_1_536' title='bbox 3602 2069 3729 2124; x_wconf 87' lang='lat' dir='ltr'><strong>pas-</strong></span> 
     </span>
    </p>
   </div>
   <div class='ocr_carea' id='block_1_65' title="bbox 2138 2136 3725 2210">
    <p class='ocr_par' dir='ltr' id='par_1_65' title="bbox 2138 2136 3725 2210">
     <span class='ocr_line' id='line_1_65' title="bbox 2138 2136 3725 2210; baseline 0.003 -20"><span class='ocrx_word' id='word_1_537' title='bbox 2138 2136 2311 2191; x_wconf 91' lang='lat' dir='ltr'><strong>sibilis</strong></span> <span class='ocrx_word' id='word_1_538' title='bbox 2341 2146 2393 2191; x_wconf 90' lang='lat' dir='ltr'><strong>et</strong></span> <span class='ocrx_word' id='word_1_539' title='bbox 2422 2138 2661 2192; x_wconf 87' lang='lat' dir='ltr'><strong>mortalis</strong></span> <span class='ocrx_word' id='word_1_540' title='bbox 2694 2156 2864 2210; x_wconf 88' lang='lat' dir='ltr'><strong>usque</strong></span> <span class='ocrx_word' id='word_1_541' title='bbox 2885 2140 2952 2193; x_wconf 95' lang='lat' dir='ltr'><strong>ad</strong></span> <span class='ocrx_word' id='word_1_542' title='bbox 2985 2140 3129 2195; x_wconf 92' lang='lat' dir='ltr'><strong>diem</strong></span> <span class='ocrx_word' id='word_1_543' title='bbox 3160 2141 3335 2196; x_wconf 90' lang='lat' dir='ltr'><strong>crucis</strong></span> <span class='ocrx_word' id='word_1_544' title='bbox 3379 2141 3725 2206; x_wconf 85' lang='lat' dir='ltr'><strong>sustinuerat,</strong></span> 
     </span>
    </p>
   </div>
   <div class='ocr_carea' id='block_1_66' title="bbox 2135 2226 3730 2295">
    <p class='ocr_par' dir='ltr' id='par_1_66' title="bbox 2135 2226 3730 2295">
     <span class='ocr_line' id='line_1_66' title="bbox 2135 2226 3730 2295; baseline 0.004 -17"><span class='ocrx_word' id='word_1_545' title='bbox 2135 2232 2191 2279; x_wconf 87' lang='lat' dir='ltr'><strong>ut</strong></span> <span class='ocrx_word' id='word_1_546' title='bbox 2222 2226 2359 2281; x_wconf 90' lang='lat' dir='ltr'><strong>sicut</strong></span> <span class='ocrx_word' id='word_1_547' title='bbox 2402 2227 2650 2281; x_wconf 89' lang='lat' dir='ltr'><strong>membra</strong></span> <span class='ocrx_word' id='word_1_548' title='bbox 2692 2243 2792 2282; x_wconf 90' lang='lat' dir='ltr'><strong>sua</strong></span> <span class='ocrx_word' id='word_1_549' title='bbox 2846 2227 3089 2295; x_wconf 81' lang='lat' dir='ltr'><strong>conﬁxa,</strong></span> <span class='ocrx_word' id='word_1_550' title='bbox 3149 2229 3449 2285; x_wconf 90' lang='lat' dir='ltr'><strong>secundum</strong></span> <span class='ocrx_word' id='word_1_551' title='bbox 3479 2230 3730 2285; x_wconf 81' lang='lat' dir='ltr'><strong>virtutem</strong></span> 
     </span>
    </p>
   </div>
   <div class='ocr_carea' id='block_1_67' title="bbox 2134 2314 3730 2390">
    <p class='ocr_par' dir='ltr' id='par_1_67' title="bbox 2134 2314 3730 2390">
     <span class='ocr_line' id='line_1_67' title="bbox 2134 2314 3730 2390; baseline 0.004 -23"><span class='ocrx_word' id='word_1_552' title='bbox 2134 2314 2369 2368; x_wconf 92' lang='lat' dir='ltr'><strong>hominis</strong></span> <span class='ocrx_word' id='word_1_553' title='bbox 2418 2315 2488 2369; x_wconf 89' lang='lat' dir='ltr'><strong>ad</strong></span> <span class='ocrx_word' id='word_1_554' title='bbox 2544 2316 2756 2387; x_wconf 89' lang='lat' dir='ltr'><strong>aliquos</strong></span> <span class='ocrx_word' id='word_1_555' title='bbox 2812 2323 2964 2371; x_wconf 91' lang='lat' dir='ltr'><strong>actus</strong></span> <span class='ocrx_word' id='word_1_556' title='bbox 3024 2318 3317 2372; x_wconf 88' lang='lat' dir='ltr'><strong>extendere</strong></span> <span class='ocrx_word' id='word_1_557' title='bbox 3372 2334 3482 2373; x_wconf 90' lang='lat' dir='ltr'><strong>non</strong></span> <span class='ocrx_word' id='word_1_558' title='bbox 3542 2318 3730 2390; x_wconf 91' lang='lat' dir='ltr'><strong>potuit,</strong></span> 
     </span>
    </p>
   </div>
   <div class='ocr_carea' id='block_1_68' title="bbox 2134 2403 3724 2476">
    <p class='ocr_par' dir='ltr' id='par_1_68' title="bbox 2134 2403 3724 2476">
     <span class='ocr_line' id='line_1_68' title="bbox 2134 2403 3724 2476; baseline 0.004 -20"><span class='ocrx_word' id='word_1_559' title='bbox 2134 2403 2279 2473; x_wconf 92' lang='lat' dir='ltr'><strong>quod</strong></span> <span class='ocrx_word' id='word_1_560' title='bbox 2311 2403 2365 2457; x_wconf 88' lang='lat' dir='ltr'><strong>in</strong></span> <span class='ocrx_word' id='word_1_561' title='bbox 2398 2404 2489 2458; x_wconf 91' lang='lat' dir='ltr'><strong>illa</strong></span> <span class='ocrx_word' id='word_1_562' title='bbox 2518 2420 2681 2459; x_wconf 85' lang='lat' dir='ltr'><strong>cruce</strong></span> <span class='ocrx_word' id='word_1_563' title='bbox 2727 2404 2805 2460; x_wconf 90' lang='lat' dir='ltr'><strong>sic</strong></span> <span class='ocrx_word' id='word_1_564' title='bbox 2835 2404 3145 2475; x_wconf 86' lang='lat' dir='ltr'><strong>configebat</strong></span> <span class='ocrx_word' id='word_1_565' title='bbox 3175 2406 3451 2462; x_wconf 89' lang='lat' dir='ltr'><strong>hominem</strong></span> <span class='ocrx_word' id='word_1_566' title='bbox 3477 2408 3724 2476; x_wconf 70' lang='lat' dir='ltr'><strong>justitize,</strong></span> 
     </span>
    </p>
   </div>
   <div class='ocr_carea' id='block_1_69' title="bbox 2133 2491 3726 2565">
    <p class='ocr_par' dir='ltr' id='par_1_69' title="bbox 2133 2491 3726 2565">
     <span class='ocr_line' id='line_1_69' title="bbox 2133 2491 3726 2565; baseline 0.004 -21"><span class='ocrx_word' id='word_1_567' title='bbox 2133 2499 2190 2544; x_wconf 89' lang='lat' dir='ltr'><strong>ut</strong></span> <span class='ocrx_word' id='word_1_568' title='bbox 2221 2492 2459 2562; x_wconf 87' lang='lat' dir='ltr'><strong>quandiu</strong></span> <span class='ocrx_word' id='word_1_569' title='bbox 2490 2491 2653 2547; x_wconf 83' lang='lat' dir='ltr'><strong>fidem</strong></span> <span class='ocrx_word' id='word_1_570' title='bbox 2683 2492 2882 2547; x_wconf 89' lang='lat' dir='ltr'><strong>Christi</strong></span> <span class='ocrx_word' id='word_1_571' title='bbox 2900 2509 3007 2549; x_wconf 89' lang='lat' dir='ltr'><strong>non</strong></span> <span class='ocrx_word' id='word_1_572' title='bbox 3024 2494 3253 2549; x_wconf 87' lang='lat' dir='ltr'><strong>violaret</strong></span> <span class='ocrx_word' id='word_1_573' title='bbox 3279 2494 3349 2549; x_wconf 89' lang='lat' dir='ltr'><strong>ad</strong></span> <span class='ocrx_word' id='word_1_574' title='bbox 3380 2503 3562 2550; x_wconf 89' lang='lat' dir='ltr'><strong>actum</strong></span> <span class='ocrx_word' id='word_1_575' title='bbox 3585 2496 3726 2565; x_wconf 68' lang='lat' dir='ltr'><strong>inju-</strong></span> 
     </span>
    </p>
   </div>
   <div class='ocr_carea' id='block_1_70' title="bbox 2131 2579 3722 2653">
    <p class='ocr_par' dir='ltr' id='par_1_70' title="bbox 2131 2579 3722 2653">
     <span class='ocr_line' id='line_1_70' title="bbox 2131 2579 3722 2653; baseline 0.004 -21"><span class='ocrx_word' id='word_1_576' title='bbox 2131 2579 2290 2634; x_wconf 68' lang='lat' dir='ltr'><strong>stitiaa</strong></span> <span class='ocrx_word' id='word_1_577' title='bbox 2325 2580 2599 2635; x_wconf 90' lang='lat' dir='ltr'><strong>declinare</strong></span> <span class='ocrx_word' id='word_1_578' title='bbox 2656 2597 2764 2636; x_wconf 92' lang='lat' dir='ltr'><strong>non</strong></span> <span class='ocrx_word' id='word_1_579' title='bbox 2811 2590 3016 2653; x_wconf 90' lang='lat' dir='ltr'><strong>posset.</strong></span> <span class='ocrx_word' id='word_1_580' title='bbox 3078 2581 3334 2638; x_wconf 84' lang='lat' dir='ltr'><strong>Conﬁxus</strong></span> <span class='ocrx_word' id='word_1_581' title='bbox 3382 2600 3503 2637; x_wconf 89' lang='lat' dir='ltr'><strong>sum</strong></span> <span class='ocrx_word' id='word_1_582' title='bbox 3559 2584 3722 2651; x_wconf 87' lang='lat' dir='ltr'><strong>cruci,</strong></span> 
     </span>
    </p>
   </div>
   <div class='ocr_carea' id='block_1_71' title="bbox 2131 2669 3720 2744">
    <p class='ocr_par' dir='ltr' id='par_1_71' title="bbox 2131 2669 3720 2744">
     <span class='ocr_line' id='line_1_71' title="bbox 2131 2669 3720 2744; baseline 0.003 -21"><span class='ocrx_word' id='word_1_583' title='bbox 2131 2683 2357 2723; x_wconf 90' lang='lat' dir='ltr'><strong>cessans</strong></span> <span class='ocrx_word' id='word_1_584' title='bbox 2377 2684 2409 2723; x_wconf 91' lang='lat' dir='ltr'><strong>a</strong></span> <span class='ocrx_word' id='word_1_585' title='bbox 2439 2669 2604 2724; x_wconf 91' lang='lat' dir='ltr'><strong>malo.</strong></span> <span class='ocrx_word' id='word_1_586' title='bbox 2646 2671 2767 2726; x_wconf 83' lang='lat' dir='ltr'><strong>Vivo</strong></span> <span class='ocrx_word' id='word_1_587' title='bbox 2786 2674 2982 2726; x_wconf 87' lang='lat' dir='ltr'><strong>autem</strong></span> <span class='ocrx_word' id='word_1_588' title='bbox 3010 2672 3136 2739; x_wconf 86' lang='lat' dir='ltr'><strong>jam</strong></span> <span class='ocrx_word' id='word_1_589' title='bbox 3157 2688 3273 2727; x_wconf 77' lang='lat' dir='ltr'><strong>non</strong></span> <span class='ocrx_word' id='word_1_590' title='bbox 3312 2688 3430 2742; x_wconf 87' lang='lat' dir='ltr'><strong>ego,</strong></span> <span class='ocrx_word' id='word_1_591' title='bbox 3454 2673 3549 2744; x_wconf 90' lang='lat' dir='ltr'><strong>qui</strong></span> <span class='ocrx_word' id='word_1_592' title='bbox 3572 2689 3720 2728; x_wconf 90' lang='lat' dir='ltr'><strong>eram</strong></span> 
     </span>
    </p>
   </div>
   <div class='ocr_carea' id='block_1_72' title="bbox 2131 2757 3723 2828">
    <p class='ocr_par' dir='ltr' id='par_1_72' title="bbox 2131 2757 3723 2828">
     <span class='ocr_line' id='line_1_72' title="bbox 2131 2757 3723 2828; baseline 0.003 -18"><span class='ocrx_word' id='word_1_593' title='bbox 2131 2757 2430 2811; x_wconf 87' lang='lat' dir='ltr'><strong>secundum</strong></span> <span class='ocrx_word' id='word_1_594' title='bbox 2460 2757 2677 2828; x_wconf 89' lang='lat' dir='ltr'><strong>legem;</strong></span> <span class='ocrx_word' id='word_1_595' title='bbox 2712 2759 2808 2813; x_wconf 84' lang='lat' dir='ltr'><strong>sed</strong></span> <span class='ocrx_word' id='word_1_596' title='bbox 2846 2760 2985 2813; x_wconf 84' lang='lat' dir='ltr'><strong>vivit</strong></span> <span class='ocrx_word' id='word_1_597' title='bbox 3031 2760 3094 2814; x_wconf 86' lang='lat' dir='ltr'><strong>in</strong></span> <span class='ocrx_word' id='word_1_598' title='bbox 3125 2776 3212 2815; x_wconf 88' lang='lat' dir='ltr'><strong>me</strong></span> <span class='ocrx_word' id='word_1_599' title='bbox 3244 2760 3523 2827; x_wconf 83' lang='lat' dir='ltr'><strong>Christus,</strong></span> <span class='ocrx_word' id='word_1_600' title='bbox 3557 2762 3614 2816; x_wconf 92' lang='lat' dir='ltr'><strong>id</strong></span> <span class='ocrx_word' id='word_1_601' title='bbox 3644 2769 3723 2817; x_wconf 85' lang='lat' dir='ltr'><strong>est</strong></span> 
     </span>
    </p>
   </div>
   <div class='ocr_carea' id='block_1_73' title="bbox 2126 2844 3724 2918">
    <p class='ocr_par' dir='ltr' id='par_1_73' title="bbox 2126 2844 3724 2918">
     <span class='ocr_line' id='line_1_73' title="bbox 2126 2844 3724 2918; baseline 0.003 -20"><span class='ocrx_word' id='word_1_602' title='bbox 2126 2844 2254 2917; x_wconf 88' lang='lat' dir='ltr'><strong>vigo</strong></span> <span class='ocrx_word' id='word_1_603' title='bbox 2295 2861 2401 2917; x_wconf 87' lang='lat' dir='ltr'><strong>ego</strong></span> <span class='ocrx_word' id='word_1_604' title='bbox 2432 2845 2549 2917; x_wconf 91' lang='lat' dir='ltr'><strong>ipse</strong></span> <span class='ocrx_word' id='word_1_605' title='bbox 2580 2845 2753 2902; x_wconf 79' lang='lat' dir='ltr'><strong>factus</strong></span> <span class='ocrx_word' id='word_1_606' title='bbox 2784 2847 3031 2902; x_wconf 91' lang='lat' dir='ltr'><strong>Christus</strong></span> <span class='ocrx_word' id='word_1_607' title='bbox 3061 2864 3159 2918; x_wconf 92' lang='lat' dir='ltr'><strong>per</strong></span> <span class='ocrx_word' id='word_1_608' title='bbox 3187 2848 3650 2918; x_wconf 86' lang='lat' dir='ltr'><strong>conformitatem,</strong></span> <span class='ocrx_word' id='word_1_609' title='bbox 3672 2858 3724 2905; x_wconf 90' lang='lat' dir='ltr'><strong>et</strong></span> 
     </span>
    </p>
   </div>
   <div class='ocr_carea' id='block_1_74' title="bbox 2123 2934 3721 3007">
    <p class='ocr_par' dir='ltr' id='par_1_74' title="bbox 2123 2934 3721 3007">
     <span class='ocr_line' id='line_1_74' title="bbox 2123 2934 3721 3007; baseline 0.003 -19"><span class='ocrx_word' id='word_1_610' title='bbox 2123 2949 2223 3003; x_wconf 91' lang='lat' dir='ltr'><strong>per</strong></span> <span class='ocrx_word' id='word_1_611' title='bbox 2266 2934 2406 2989; x_wconf 89' lang='lat' dir='ltr'><strong>hanc</strong></span> <span class='ocrx_word' id='word_1_612' title='bbox 2461 2942 2670 3005; x_wconf 91' lang='lat' dir='ltr'><strong>partem</strong></span> <span class='ocrx_word' id='word_1_613' title='bbox 2732 2934 2993 2990; x_wconf 88' lang='lat' dir='ltr'><strong>habemus</strong></span> <span class='ocrx_word' id='word_1_614' title='bbox 3048 2937 3268 3007; x_wconf 87' lang='lat' dir='ltr'><strong>operari</strong></span> <span class='ocrx_word' id='word_1_615' title='bbox 3314 2937 3541 2993; x_wconf 90' lang='lat' dir='ltr'><strong>bonum.</strong></span> <span class='ocrx_word' id='word_1_616' title='bbox 3588 2939 3721 2994; x_wconf 86' lang='lat' dir='ltr'><strong>Vivo</strong></span> 
     </span>
    </p>
   </div>
   <div class='ocr_carea' id='block_1_75' title="bbox 2124 3020 3721 3095">
    <p class='ocr_par' dir='ltr' id='par_1_75' title="bbox 2124 3020 3721 3095">
     <span class='ocr_line' id='line_1_75' title="bbox 2124 3020 3721 3095; baseline 0.004 -21"><span class='ocrx_word' id='word_1_617' title='bbox 2124 3020 2309 3092; x_wconf 91' lang='lat' dir='ltr'><strong>utique</strong></span> <span class='ocrx_word' id='word_1_618' title='bbox 2346 3022 2462 3077; x_wconf 91' lang='lat' dir='ltr'><strong>Deo</strong></span> <span class='ocrx_word' id='word_1_619' title='bbox 2492 3039 2592 3092; x_wconf 90' lang='lat' dir='ltr'><strong>per</strong></span> <span class='ocrx_word' id='word_1_620' title='bbox 2633 3021 2817 3089; x_wconf 83' lang='lat' dir='ltr'><strong>fidem,</strong></span> <span class='ocrx_word' id='word_1_621' title='bbox 2839 3039 2938 3094; x_wconf 91' lang='lat' dir='ltr'><strong>per</strong></span> <span class='ocrx_word' id='word_1_622' title='bbox 2957 3023 3325 3091; x_wconf 92' lang='lat' dir='ltr'><strong>dilectionem,</strong></span> <span class='ocrx_word' id='word_1_623' title='bbox 3347 3042 3446 3095; x_wconf 91' lang='lat' dir='ltr'><strong>per</strong></span> <span class='ocrx_word' id='word_1_624' title='bbox 3465 3026 3721 3082; x_wconf 88' lang='lat' dir='ltr'><strong>traditio-</strong></span> 
     </span>
    </p>
   </div>
   <div class='ocr_carea' id='block_1_76' title="bbox 2123 3110 3720 3184">
    <p class='ocr_par' dir='ltr' id='par_1_76' title="bbox 2123 3110 3720 3184">
     <span class='ocr_line' id='line_1_76' title="bbox 2123 3110 3720 3184; baseline 0.006 -22"><span class='ocrx_word' id='word_1_625' title='bbox 2123 3124 2267 3163; x_wconf 90' lang='lat' dir='ltr'><strong>nem.</strong></span> <span class='ocrx_word' id='word_1_626' title='bbox 2304 3111 2416 3165; x_wconf 88' lang='lat' dir='ltr'><strong>Hoc</strong></span> <span class='ocrx_word' id='word_1_627' title='bbox 2446 3110 2517 3165; x_wconf 87' lang='lat' dir='ltr'><strong>ita</strong></span> <span class='ocrx_word' id='word_1_628' title='bbox 2549 3110 2641 3165; x_wconf 87' lang='lat' dir='ltr'><strong>ait.</strong></span> <span class='ocrx_word' id='word_1_629' title='bbox 2670 3112 2791 3183; x_wconf 91' lang='lat' dir='ltr'><strong>Ego</strong></span> <span class='ocrx_word' id='word_1_630' title='bbox 2821 3112 2964 3177; x_wconf 89' lang='lat' dir='ltr'><strong>vivo;</strong></span> <span class='ocrx_word' id='word_1_631' title='bbox 2997 3112 3140 3184; x_wconf 86' lang='lat' dir='ltr'><strong>quod</strong></span> <span class='ocrx_word' id='word_1_632' title='bbox 3159 3117 3355 3168; x_wconf 83' lang='lat' dir='ltr'><strong>autem</strong></span> <span class='ocrx_word' id='word_1_633' title='bbox 3388 3130 3547 3170; x_wconf 84' lang='lat' dir='ltr'><strong>nunc</strong></span> <span class='ocrx_word' id='word_1_634' title='bbox 3578 3118 3720 3180; x_wconf 88' lang='lat' dir='ltr'><strong>vivo,</strong></span> 
     </span>
    </p>
   </div>
   <div class='ocr_carea' id='block_1_77' title="bbox 2120 3197 3719 3274">
    <p class='ocr_par' dir='ltr' id='par_1_77' title="bbox 2120 3197 3719 3274">
     <span class='ocr_line' id='line_1_77' title="bbox 2120 3197 3719 3274; baseline 0.004 -23"><span class='ocrx_word' id='word_1_635' title='bbox 2120 3197 2331 3267; x_wconf 88' lang='lat' dir='ltr'><strong>positus</strong></span> <span class='ocrx_word' id='word_1_636' title='bbox 2362 3200 2425 3253; x_wconf 86' lang='lat' dir='ltr'><strong>in</strong></span> <span class='ocrx_word' id='word_1_637' title='bbox 2455 3215 2647 3264; x_wconf 83' lang='lat' dir='ltr'><strong>carne,</strong></span> <span class='ocrx_word' id='word_1_638' title='bbox 2682 3200 2811 3270; x_wconf 89' lang='lat' dir='ltr'><strong>quia</strong></span> <span class='ocrx_word' id='word_1_639' title='bbox 2838 3198 2964 3255; x_wconf 90' lang='lat' dir='ltr'><strong>licet</strong></span> <span class='ocrx_word' id='word_1_640' title='bbox 2985 3216 3113 3255; x_wconf 89' lang='lat' dir='ltr'><strong>caro</strong></span> <span class='ocrx_word' id='word_1_641' title='bbox 3141 3200 3425 3274; x_wconf 87' lang='lat' dir='ltr'><strong>impugnet</strong></span> <span class='ocrx_word' id='word_1_642' title='bbox 3444 3202 3719 3272; x_wconf 85' lang='lat' dir='ltr'><strong>spiritum,</strong></span> 
     </span>
    </p>
   </div>
   <div class='ocr_carea' id='block_1_78' title="bbox 2120 3286 3719 3361">
    <p class='ocr_par' dir='ltr' id='par_1_78' title="bbox 2120 3286 3719 3361">
     <span class='ocr_line' id='line_1_78' title="bbox 2120 3286 3719 3361; baseline 0.004 -22"><span class='ocrx_word' id='word_1_643' title='bbox 2120 3293 2301 3342; x_wconf 90' lang='lat' dir='ltr'><strong>tamen</strong></span> <span class='ocrx_word' id='word_1_644' title='bbox 2333 3286 2553 3357; x_wconf 87' lang='lat' dir='ltr'><strong>spiritus</strong></span> <span class='ocrx_word' id='word_1_645' title='bbox 2584 3287 2637 3341; x_wconf 90' lang='lat' dir='ltr'><strong>in</strong></span> <span class='ocrx_word' id='word_1_646' title='bbox 2666 3304 2754 3342; x_wconf 92' lang='lat' dir='ltr'><strong>me</strong></span> <span class='ocrx_word' id='word_1_647' title='bbox 2785 3287 2935 3353; x_wconf 89' lang='lat' dir='ltr'><strong>vivit,</strong></span> <span class='ocrx_word' id='word_1_648' title='bbox 2969 3296 3021 3343; x_wconf 92' lang='lat' dir='ltr'><strong>et</strong></span> <span class='ocrx_word' id='word_1_649' title='bbox 3044 3288 3257 3361; x_wconf 89' lang='lat' dir='ltr'><strong>jugulat</strong></span> <span class='ocrx_word' id='word_1_650' title='bbox 3286 3290 3559 3345; x_wconf 89' lang='lat' dir='ltr'><strong>desideria</strong></span> <span class='ocrx_word' id='word_1_651' title='bbox 3592 3307 3719 3347; x_wconf 87' lang='lat' dir='ltr'><strong>car-</strong></span> 
     </span>
    </p>
   </div>
   <div class='ocr_carea' id='block_1_79' title="bbox 2118 3373 3717 3448">
    <p class='ocr_par' dir='ltr' id='par_1_79' title="bbox 2118 3373 3717 3448">
     <span class='ocr_line' id='line_1_79' title="bbox 2118 3373 3717 3448; baseline 0.006 -21"><span class='ocrx_word' id='word_1_652' title='bbox 2118 3373 2221 3439; x_wconf 90' lang='lat' dir='ltr'><strong>nis,</strong></span> <span class='ocrx_word' id='word_1_653' title='bbox 2248 3375 2394 3446; x_wconf 91' lang='lat' dir='ltr'><strong>quod</strong></span> <span class='ocrx_word' id='word_1_654' title='bbox 2425 3375 2739 3431; x_wconf 88' lang='lat' dir='ltr'><strong>miraculum</strong></span> <span class='ocrx_word' id='word_1_655' title='bbox 2772 3384 2856 3431; x_wconf 91' lang='lat' dir='ltr'><strong>est</strong></span> <span class='ocrx_word' id='word_1_656' title='bbox 2909 3376 2981 3430; x_wconf 87' lang='lat' dir='ltr'><strong>ita</strong></span> <span class='ocrx_word' id='word_1_657' title='bbox 3032 3377 3214 3433; x_wconf 88' lang='lat' dir='ltr'><strong>vivere</strong></span> <span class='ocrx_word' id='word_1_658' title='bbox 3261 3378 3316 3432; x_wconf 89' lang='lat' dir='ltr'><strong>in</strong></span> <span class='ocrx_word' id='word_1_659' title='bbox 3346 3394 3532 3434; x_wconf 89' lang='lat' dir='ltr'><strong>carne.</strong></span> <span class='ocrx_word' id='word_1_660' title='bbox 3570 3380 3717 3448; x_wconf 85' lang='lat' dir='ltr'><strong>Quia</strong></span> 
     </span>
    </p>
   </div>
   <div class='ocr_carea' id='block_1_80' title="bbox 2117 3463 3711 3535">
    <p class='ocr_par' dir='ltr' id='par_1_80' title="bbox 2117 3463 3711 3535">
     <span class='ocr_line' id='line_1_80' title="bbox 2117 3463 3711 3535; baseline 0.003 -17"><span class='ocrx_word' id='word_1_661' title='bbox 2117 3478 2250 3518; x_wconf 90' lang='lat' dir='ltr'><strong>vero</strong></span> <span class='ocrx_word' id='word_1_662' title='bbox 2279 3463 2358 3519; x_wconf 92' lang='lat' dir='ltr'><strong>sic</strong></span> <span class='ocrx_word' id='word_1_663' title='bbox 2387 3463 2509 3519; x_wconf 88' lang='lat' dir='ltr'><strong>vivo</strong></span> <span class='ocrx_word' id='word_1_664' title='bbox 2539 3464 2601 3519; x_wconf 85' lang='lat' dir='ltr'><strong>in</strong></span> <span class='ocrx_word' id='word_1_665' title='bbox 2631 3465 2759 3533; x_wconf 83' lang='lat' dir='ltr'><strong>ﬁde,</strong></span> <span class='ocrx_word' id='word_1_666' title='bbox 2793 3464 2849 3519; x_wconf 91' lang='lat' dir='ltr'><strong>id</strong></span> <span class='ocrx_word' id='word_1_667' title='bbox 2877 3472 2960 3520; x_wconf 88' lang='lat' dir='ltr'><strong>est</strong></span> <span class='ocrx_word' id='word_1_668' title='bbox 2980 3481 3079 3535; x_wconf 89' lang='lat' dir='ltr'><strong>per</strong></span> <span class='ocrx_word' id='word_1_669' title='bbox 3099 3464 3263 3521; x_wconf 84' lang='lat' dir='ltr'><strong>ﬁdem</strong></span> <span class='ocrx_word' id='word_1_670' title='bbox 3288 3468 3423 3522; x_wconf 80' lang='lat' dir='ltr'><strong>Filii</strong></span> <span class='ocrx_word' id='word_1_671' title='bbox 3445 3468 3548 3523; x_wconf 86' lang='lat' dir='ltr'><strong>Dei</strong></span> <span class='ocrx_word' id='word_1_672' title='bbox 3572 3471 3711 3534; x_wconf 88' lang='lat' dir='ltr'><strong>vivo,</strong></span> 
     </span>
    </p>
   </div>
   <div class='ocr_carea' id='block_1_81' title="bbox 2117 3553 3719 3625">
    <p class='ocr_par' dir='ltr' id='par_1_81' title="bbox 2117 3553 3719 3625">
     <span class='ocr_line' id='line_1_81' title="bbox 2117 3553 3719 3625; baseline 0.004 -20"><span class='ocrx_word' id='word_1_673' title='bbox 2117 3559 2170 3606; x_wconf 91' lang='lat' dir='ltr'><strong>et</strong></span> <span class='ocrx_word' id='word_1_674' title='bbox 2200 3566 2309 3607; x_wconf 88' lang='lat' dir='ltr'><strong>non</strong></span> <span class='ocrx_word' id='word_1_675' title='bbox 2337 3568 2437 3623; x_wconf 88' lang='lat' dir='ltr'><strong>per</strong></span> <span class='ocrx_word' id='word_1_676' title='bbox 2466 3568 2632 3622; x_wconf 88' lang='lat' dir='ltr'><strong>opera</strong></span> <span class='ocrx_word' id='word_1_677' title='bbox 2658 3553 2797 3623; x_wconf 89' lang='lat' dir='ltr'><strong>legis</strong></span> <span class='ocrx_word' id='word_1_678' title='bbox 2818 3597 2831 3619; x_wconf 95' lang='lat'><strong>,</strong></span> <span class='ocrx_word' id='word_1_679' title='bbox 2862 3554 2959 3609; x_wconf 92' lang='lat' dir='ltr'><strong>sed</strong></span> <span class='ocrx_word' id='word_1_680' title='bbox 2980 3570 3080 3625; x_wconf 91' lang='lat' dir='ltr'><strong>per</strong></span> <span class='ocrx_word' id='word_1_681' title='bbox 3109 3554 3457 3610; x_wconf 91' lang='lat' dir='ltr'><strong>dilectionem</strong></span> <span class='ocrx_word' id='word_1_682' title='bbox 3489 3556 3719 3623; x_wconf 86' lang='lat' dir='ltr'><strong>Christi,</strong></span> 
     </span>
    </p>
   </div>
   <div class='ocr_carea' id='block_1_82' title="bbox 2116 3641 3713 3713">
    <p class='ocr_par' dir='ltr' id='par_1_82' title="bbox 2116 3641 3713 3713">
     <span class='ocr_line' id='line_1_82' title="bbox 2116 3641 3713 3713; baseline 0.003 -18"><span class='ocrx_word' id='word_1_683' title='bbox 2116 3642 2211 3703; x_wconf 85' lang='lat' dir='ltr'><strong>qui</strong></span> <span class='ocrx_word' id='word_1_684' title='bbox 2241 3641 2450 3697; x_wconf 75' lang='lat' dir='ltr'><strong>dilexit</strong></span> <span class='ocrx_word' id='word_1_685' title='bbox 2472 3657 2582 3707; x_wconf 87' lang='lat' dir='ltr'><strong>me,</strong></span> <span class='ocrx_word' id='word_1_686' title='bbox 2624 3641 2899 3696; x_wconf 91' lang='lat' dir='ltr'><strong>hominem</strong></span> <span class='ocrx_word' id='word_1_687' title='bbox 2954 3643 3318 3713; x_wconf 89' lang='lat' dir='ltr'><strong>personaliter</strong></span> <span class='ocrx_word' id='word_1_688' title='bbox 3358 3644 3557 3699; x_wconf 79' lang='lat' dir='ltr'><strong>aniens</strong></span> <span class='ocrx_word' id='word_1_689' title='bbox 3588 3645 3713 3700; x_wconf 91' lang='lat' dir='ltr'><strong>sibi.</strong></span> 
     </span>
    </p>
   </div>
   <div class='ocr_carea' id='block_1_83' title="bbox 2114 3728 3719 3802">
    <p class='ocr_par' dir='ltr' id='par_1_83' title="bbox 2114 3728 3719 3802">
     <span class='ocr_line' id='line_1_83' title="bbox 2114 3728 3719 3802; baseline 0.005 -19"><span class='ocrx_word' id='word_1_690' title='bbox 2114 3728 2250 3784; x_wconf 90' lang='lat' dir='ltr'><strong>Vivo</strong></span> <span class='ocrx_word' id='word_1_691' title='bbox 2280 3729 2439 3784; x_wconf 90' lang='lat' dir='ltr'><strong>etiam</strong></span> <span class='ocrx_word' id='word_1_692' title='bbox 2470 3733 2527 3785; x_wconf 90' lang='lat' dir='ltr'><strong>et</strong></span> <span class='ocrx_word' id='word_1_693' title='bbox 2553 3746 2652 3800; x_wconf 92' lang='lat' dir='ltr'><strong>per</strong></span> <span class='ocrx_word' id='word_1_694' title='bbox 2679 3729 3045 3797; x_wconf 88' lang='lat' dir='ltr'><strong>traditionem,</strong></span> <span class='ocrx_word' id='word_1_695' title='bbox 3079 3731 3206 3802; x_wconf 89' lang='lat' dir='ltr'><strong>quia</strong></span> <span class='ocrx_word' id='word_1_696' title='bbox 3238 3732 3485 3787; x_wconf 89' lang='lat' dir='ltr'><strong>Christus</strong></span> <span class='ocrx_word' id='word_1_697' title='bbox 3529 3734 3719 3790; x_wconf 88' lang='lat' dir='ltr'><strong>tradi-</strong></span> 
     </span>
    </p>
   </div>
   <div class='ocr_carea' id='block_1_84' title="bbox 2113 3816 3720 3891">
    <p class='ocr_par' dir='ltr' id='par_1_84' title="bbox 2113 3816 3720 3891">
     <span class='ocr_line' id='line_1_84' title="bbox 2113 3816 3720 3891; baseline 0.005 -21"><span class='ocrx_word' id='word_1_698' title='bbox 2113 3816 2199 3871; x_wconf 90' lang='lat' dir='ltr'><strong>dit</strong></span> <span class='ocrx_word' id='word_1_699' title='bbox 2229 3819 2594 3889; x_wconf 89' lang='lat' dir='ltr'><strong>semetipsum</strong></span> <span class='ocrx_word' id='word_1_700' title='bbox 2648 3818 2704 3872; x_wconf 89' lang='lat' dir='ltr'><strong>in</strong></span> <span class='ocrx_word' id='word_1_701' title='bbox 2748 3826 2981 3875; x_wconf 90' lang='lat' dir='ltr'><strong>mortem</strong></span> <span class='ocrx_word' id='word_1_702' title='bbox 3010 3836 3111 3891; x_wconf 85' lang='lat' dir='ltr'><strong>pro</strong></span> <span class='ocrx_word' id='word_1_703' title='bbox 3162 3836 3270 3886; x_wconf 89' lang='lat' dir='ltr'><strong>me,</strong></span> <span class='ocrx_word' id='word_1_704' title='bbox 3322 3821 3656 3877; x_wconf 89' lang='lat' dir='ltr'><strong>redimendo</strong></span> <span class='ocrx_word' id='word_1_705' title='bbox 3686 3837 3720 3878; x_wconf 89' lang='lat' dir='ltr'><strong>a</strong></span> 
     </span>
    </p>
   </div>
   <div class='ocr_carea' id='block_1_85' title="bbox 2110 3906 3717 3982">
    <p class='ocr_par' dir='ltr' id='par_1_85' title="bbox 2110 3906 3717 3982">
     <span class='ocr_line' id='line_1_85' title="bbox 2110 3906 3717 3982; baseline 0.004 -24"><span class='ocrx_word' id='word_1_706' title='bbox 2110 3913 2307 3971; x_wconf 91' lang='lat' dir='ltr'><strong>morte,</strong></span> <span class='ocrx_word' id='word_1_707' title='bbox 2340 3906 2487 3977; x_wconf 90' lang='lat' dir='ltr'><strong>quod</strong></span> <span class='ocrx_word' id='word_1_708' title='bbox 2517 3922 2628 3961; x_wconf 89' lang='lat' dir='ltr'><strong>non</strong></span> <span class='ocrx_word' id='word_1_709' title='bbox 2654 3914 2868 3977; x_wconf 89' lang='lat' dir='ltr'><strong>poterat</strong></span> <span class='ocrx_word' id='word_1_710' title='bbox 2916 3906 3055 3963; x_wconf 77' lang='lat' dir='ltr'><strong>efﬁci</strong></span> <span class='ocrx_word' id='word_1_711' title='bbox 3117 3924 3219 3979; x_wconf 91' lang='lat' dir='ltr'><strong>per</strong></span> <span class='ocrx_word' id='word_1_712' title='bbox 3245 3907 3447 3981; x_wconf 90' lang='lat' dir='ltr'><strong>legem.</strong></span> <span class='ocrx_word' id='word_1_713' title='bbox 3474 3910 3546 3963; x_wconf 89' lang='lat' dir='ltr'><strong>Et</strong></span> <span class='ocrx_word' id='word_1_714' title='bbox 3588 3911 3717 3982; x_wconf 88' lang='lat' dir='ltr'><strong>quia</strong></span> 
     </span>
    </p>
   </div>
   <div class='ocr_carea' id='block_1_86' title="bbox 2109 3992 3716 4069">
    <p class='ocr_par' dir='ltr' id='par_1_86' title="bbox 2109 3992 3716 4069">
     <span class='ocr_line' id='line_1_86' title="bbox 2109 3992 3716 4069; baseline 0.004 -21"><span class='ocrx_word' id='word_1_715' title='bbox 2109 4009 2207 4063; x_wconf 89' lang='lat' dir='ltr'><strong>per</strong></span> <span class='ocrx_word' id='word_1_716' title='bbox 2233 3992 2396 4047; x_wconf 85' lang='lat' dir='ltr'><strong>ﬁdem</strong></span> <span class='ocrx_word' id='word_1_717' title='bbox 2425 3994 2570 4060; x_wconf 87' lang='lat' dir='ltr'><strong>vivo,</strong></span> <span class='ocrx_word' id='word_1_718' title='bbox 2605 4002 2658 4050; x_wconf 94' lang='lat' dir='ltr'><strong>et</strong></span> <span class='ocrx_word' id='word_1_719' title='bbox 2688 4010 2797 4049; x_wconf 92' lang='lat' dir='ltr'><strong>non</strong></span> <span class='ocrx_word' id='word_1_720' title='bbox 2824 4011 2925 4065; x_wconf 90' lang='lat' dir='ltr'><strong>per</strong></span> <span class='ocrx_word' id='word_1_721' title='bbox 2954 3995 3155 4067; x_wconf 87' lang='lat' dir='ltr'><strong>legem,</strong></span> <span class='ocrx_word' id='word_1_722' title='bbox 3180 3995 3344 4069; x_wconf 89' lang='lat' dir='ltr'><strong>igitur</strong></span> <span class='ocrx_word' id='word_1_723' title='bbox 3369 4012 3480 4051; x_wconf 89' lang='lat' dir='ltr'><strong>non</strong></span> <span class='ocrx_word' id='word_1_724' title='bbox 3500 3999 3716 4055; x_wconf 89' lang='lat' dir='ltr'><strong>reduco</strong></span> 
     </span>
    </p>
   </div>
   <div class='ocr_carea' id='block_1_87' title="bbox 2108 4080 3717 4156">
    <p class='ocr_par' dir='ltr' id='par_1_87' title="bbox 2108 4080 3717 4156">
     <span class='ocr_line' id='line_1_87' title="bbox 2108 4080 3717 4156; baseline 0.004 -21"><span class='ocrx_word' id='word_1_725' title='bbox 2108 4080 2309 4154; x_wconf 89' lang='lat' dir='ltr'><strong>legem.</strong></span> <span class='ocrx_word' id='word_1_726' title='bbox 2343 4081 2500 4151; x_wconf 93' lang='lat' dir='ltr'><strong>Quod</strong></span> <span class='ocrx_word' id='word_1_727' title='bbox 2538 4090 2721 4137; x_wconf 90' lang='lat' dir='ltr'><strong>tamen</strong></span> <span class='ocrx_word' id='word_1_728' title='bbox 2751 4082 2829 4138; x_wconf 89' lang='lat' dir='ltr'><strong>sic</strong></span> <span class='ocrx_word' id='word_1_729' title='bbox 2858 4083 3010 4154; x_wconf 90' lang='lat' dir='ltr'><strong>ponit</strong></span> <span class='ocrx_word' id='word_1_730' title='bbox 3043 4099 3055 4137; x_wconf 92' lang='lat'><strong>:</strong></span> <span class='ocrx_word' id='word_1_731' title='bbox 3091 4085 3211 4140; x_wconf 83' lang='lat' dir='ltr'><strong>Non</strong></span> <span class='ocrx_word' id='word_1_732' title='bbox 3234 4084 3433 4155; x_wconf 86' lang='lat' dir='ltr'><strong>abjicio</strong></span> <span class='ocrx_word' id='word_1_733' title='bbox 3456 4089 3717 4156; x_wconf 84' lang='lat' dir='ltr'><strong>gratiam</strong></span> 
     </span>
    </p>
   </div>
   <div class='ocr_carea' id='block_1_88' title="bbox 2105 4170 3714 4244">
    <p class='ocr_par' dir='ltr' id='par_1_88' title="bbox 2105 4170 3714 4244">
     <span class='ocr_line' id='line_1_88' title="bbox 2105 4170 3714 4244; baseline 0.005 -20"><span class='ocrx_word' id='word_1_734' title='bbox 2105 4172 2227 4237; x_wconf 87' lang='lat' dir='ltr'><strong>Dei,</strong></span> <span class='ocrx_word' id='word_1_735' title='bbox 2272 4170 2400 4241; x_wconf 90' lang='lat' dir='ltr'><strong>quia</strong></span> <span class='ocrx_word' id='word_1_736' title='bbox 2438 4170 2698 4225; x_wconf 85' lang='lat' dir='ltr'><strong>reducere</strong></span> <span class='ocrx_word' id='word_1_737' title='bbox 2744 4170 2944 4241; x_wconf 88' lang='lat' dir='ltr'><strong>legem,</strong></span> <span class='ocrx_word' id='word_1_738' title='bbox 2981 4170 3225 4228; x_wconf 71' lang='lat'><strong>212</strong></span> <span class='ocrx_word' id='word_1_739' title='bbox 3255 4180 3403 4227; x_wconf 89' lang='lat' dir='ltr'><strong>esset</strong></span> <span class='ocrx_word' id='word_1_740' title='bbox 3460 4174 3714 4244; x_wconf 87' lang='lat' dir='ltr'><strong>abjicere</strong></span> 
     </span>
    </p>
   </div>
   <div class='ocr_carea' id='block_1_89' title="bbox 2104 4258 3715 4336">
    <p class='ocr_par' dir='ltr' id='par_1_89' title="bbox 2104 4258 3715 4336">
     <span class='ocr_line' id='line_1_89' title="bbox 2104 4258 3715 4336; baseline 0.005 -24"><span class='ocrx_word' id='word_1_741' title='bbox 2104 4258 2362 4330; x_wconf 88' lang='lat' dir='ltr'><strong>gratiam.</strong></span> <span class='ocrx_word' id='word_1_742' title='bbox 2383 4258 2510 4314; x_wconf 89' lang='lat' dir='ltr'><strong>Ideo</strong></span> <span class='ocrx_word' id='word_1_743' title='bbox 2538 4274 2648 4314; x_wconf 90' lang='lat' dir='ltr'><strong>non</strong></span> <span class='ocrx_word' id='word_1_744' title='bbox 2666 4259 2869 4315; x_wconf 89' lang='lat' dir='ltr'><strong>reduco</strong></span> <span class='ocrx_word' id='word_1_745' title='bbox 2890 4260 3090 4332; x_wconf 88' lang='lat' dir='ltr'><strong>legem,</strong></span> <span class='ocrx_word' id='word_1_746' title='bbox 3113 4261 3239 4331; x_wconf 90' lang='lat' dir='ltr'><strong>quia</strong></span> <span class='ocrx_word' id='word_1_747' title='bbox 3258 4276 3366 4316; x_wconf 90' lang='lat' dir='ltr'><strong>non</strong></span> <span class='ocrx_word' id='word_1_748' title='bbox 3388 4276 3490 4331; x_wconf 90' lang='lat' dir='ltr'><strong>per</strong></span> <span class='ocrx_word' id='word_1_749' title='bbox 3519 4262 3715 4336; x_wconf 84' lang='lat' dir='ltr'><strong>legem</strong></span> 
     </span>
    </p>
   </div>
   <div class='ocr_carea' id='block_1_90' title="bbox 2097 4346 3717 4422">
    <p class='ocr_par' dir='ltr' id='par_1_90' title="bbox 2097 4346 3717 4422">
     <span class='ocr_line' id='line_1_90' title="bbox 2097 4346 3717 4422; baseline 0.006 -22"><span class='ocrx_word' id='word_1_750' title='bbox 2097 4346 2325 4415; x_wconf 90' lang='lat' dir='ltr'><strong>justitia.</strong></span> <span class='ocrx_word' id='word_1_751' title='bbox 2363 4348 2422 4403; x_wconf 88' lang='lat' dir='ltr'><strong>Si</strong></span> <span class='ocrx_word' id='word_1_752' title='bbox 2450 4349 2603 4403; x_wconf 87' lang='lat' dir='ltr'><strong>enim</strong></span> <span class='ocrx_word' id='word_1_753' title='bbox 2635 4364 2739 4419; x_wconf 83' lang='lat' dir='ltr'><strong>per</strong></span> <span class='ocrx_word' id='word_1_754' title='bbox 2768 4349 2945 4419; x_wconf 88' lang='lat' dir='ltr'><strong>legem</strong></span> <span class='ocrx_word' id='word_1_755' title='bbox 2968 4355 3114 4403; x_wconf 91' lang='lat' dir='ltr'><strong>esset</strong></span> <span class='ocrx_word' id='word_1_756' title='bbox 3135 4350 3395 4421; x_wconf 86' lang='lat' dir='ltr'><strong>justitia,</strong></span> <span class='ocrx_word' id='word_1_757' title='bbox 3417 4366 3514 4422; x_wconf 87' lang='lat' dir='ltr'><strong>ego</strong></span> <span class='ocrx_word' id='word_1_758' title='bbox 3539 4352 3717 4409; x_wconf 88' lang='lat' dir='ltr'><strong>Chri-</strong></span> 
     </span>
    </p>
   </div>
   <div class='ocr_carea' id='block_1_91' title="bbox 2099 4436 3720 4507">
    <p class='ocr_par' dir='ltr' id='par_1_91' title="bbox 2099 4436 3720 4507">
     <span class='ocr_line' id='line_1_91' title="bbox 2099 4436 3720 4507; baseline 0.004 -17"><span class='ocrx_word' id='word_1_759' title='bbox 2099 4439 2225 4491; x_wconf 87' lang='lat' dir='ltr'><strong>stus</strong></span> <span class='ocrx_word' id='word_1_760' title='bbox 2253 4437 2455 4507; x_wconf 86' lang='lat' dir='ltr'><strong>gratis,</strong></span> <span class='ocrx_word' id='word_1_761' title='bbox 2479 4436 2532 4490; x_wconf 93' lang='lat' dir='ltr'><strong>id</strong></span> <span class='ocrx_word' id='word_1_762' title='bbox 2557 4442 2639 4490; x_wconf 90' lang='lat' dir='ltr'><strong>est</strong></span> <span class='ocrx_word' id='word_1_763' title='bbox 2655 4436 2932 4507; x_wconf 81' lang='lat' dir='ltr'><strong>superﬂue</strong></span> <span class='ocrx_word' id='word_1_764' title='bbox 2960 4441 3220 4494; x_wconf 86' lang='lat' dir='ltr'><strong>mortuus</strong></span> <span class='ocrx_word' id='word_1_765' title='bbox 3241 4442 3345 4505; x_wconf 88' lang='lat' dir='ltr'><strong>est,</strong></span> <span class='ocrx_word' id='word_1_766' title='bbox 3379 4446 3436 4492; x_wconf 93' lang='lat' dir='ltr'><strong>ut</strong></span> <span class='ocrx_word' id='word_1_767' title='bbox 3445 4439 3720 4507; x_wconf 82' lang='lat' dir='ltr'><strong>justifica-</strong></span> 
     </span>
    </p>
   </div>
   <div class='ocr_carea' id='block_1_92' title="bbox 2099 4525 3716 4596">
    <p class='ocr_par' dir='ltr' id='par_1_92' title="bbox 2099 4525 3716 4596">
     <span class='ocr_line' id='line_1_92' title="bbox 2099 4525 3716 4596; baseline 0.004 -18"><span class='ocrx_word' id='word_1_768' title='bbox 2099 4531 2198 4589; x_wconf 89' lang='lat' dir='ltr'><strong>ret,</strong></span> <span class='ocrx_word' id='word_1_769' title='bbox 2232 4539 2354 4580; x_wconf 90' lang='lat' dir='ltr'><strong>cum</strong></span> <span class='ocrx_word' id='word_1_770' title='bbox 2384 4540 2485 4596; x_wconf 90' lang='lat' dir='ltr'><strong>per</strong></span> <span class='ocrx_word' id='word_1_771' title='bbox 2512 4525 2694 4596; x_wconf 91' lang='lat' dir='ltr'><strong>legem</strong></span> <span class='ocrx_word' id='word_1_772' title='bbox 2716 4525 2987 4581; x_wconf 91' lang='lat' dir='ltr'><strong>habeatur</strong></span> <span class='ocrx_word' id='word_1_773' title='bbox 3010 4526 3261 4595; x_wconf 86' lang='lat' dir='ltr'><strong>justitia;</strong></span> <span class='ocrx_word' id='word_1_774' title='bbox 3296 4527 3395 4582; x_wconf 91' lang='lat' dir='ltr'><strong>sed</strong></span> <span class='ocrx_word' id='word_1_775' title='bbox 3425 4526 3716 4585; x_wconf 89' lang='lat' dir='ltr'><strong>Christum</strong></span> 
     </span>
    </p>
   </div>
   <div class='ocr_carea' id='block_1_93' title="bbox 406 4608 3339 4686">
    <p class='ocr_par' dir='ltr' id='par_1_93' title="bbox 406 4608 3339 4686">
     <span class='ocr_line' id='line_1_93' title="bbox 406 4608 3339 4686; baseline -0 -17"><span class='ocrx_word' id='word_1_776' title='bbox 406 4613 769 4683; x_wconf 65' lang='lat' dir='ltr'><strong>reasdiﬁcans,</strong></span> <span class='ocrx_word' id='word_1_777' title='bbox 802 4614 927 4671; x_wconf 90' lang='lat' dir='ltr'><strong>ideo</strong></span> <span class='ocrx_word' id='word_1_778' title='bbox 976 4616 1441 4686; x_wconf 66' lang='lat' dir='ltr'><strong>praavaricationis</strong></span> <span class='ocrx_word' id='word_1_779' title='bbox 1497 4634 1627 4673; x_wconf 89' lang='lat' dir='ltr'><strong>reus</strong></span> <span class='ocrx_word' id='word_1_780' title='bbox 1675 4634 1815 4673; x_wconf 91' lang='lat' dir='ltr'><strong>sum.</strong></span> <span class='ocrx_word' id='word_1_781' title='bbox 1850 4608 2072 4675; x_wconf 89' lang='lat' dir='ltr'><strong>TuncD</strong></span> <span class='ocrx_word' id='word_1_782' title='bbox 2104 4611 2393 4685; x_wconf 86' lang='lat' dir='ltr'><strong>superﬂue,</strong></span> <span class='ocrx_word' id='word_1_783' title='bbox 2443 4621 2715 4670; x_wconf 89' lang='lat' dir='ltr'><strong>mortuum</strong></span> <span class='ocrx_word' id='word_1_784' title='bbox 2763 4614 2981 4670; x_wconf 90' lang='lat' dir='ltr'><strong>nolletis</strong></span> <span class='ocrx_word' id='word_1_785' title='bbox 3014 4615 3339 4672; x_wconf 90' lang='lat' dir='ltr'><strong>concedere.</strong></span> 
     </span>
    </p>
   </div>
   <div class='ocr_carea' id='block_1_94' title="bbox 401 4701 1996 4779">
    <p class='ocr_par' dir='ltr' id='par_1_94' title="bbox 401 4701 1996 4779">
     <span class='ocr_line' id='line_1_94' title="bbox 401 4701 1996 4779; baseline 0.003 -22"><span class='ocrx_word' id='word_1_786' title='bbox 401 4701 541 4758; x_wconf 89' lang='lat' dir='ltr'><strong>bene</strong></span> <span class='ocrx_word' id='word_1_787' title='bbox 563 4702 809 4776; x_wconf 90' lang='lat' dir='ltr'><strong>sequitur</strong></span> <span class='ocrx_word' id='word_1_788' title='bbox 838 4703 986 4775; x_wconf 91' lang='lat' dir='ltr'><strong>quod</strong></span> <span class='ocrx_word' id='word_1_789' title='bbox 1035 4704 1303 4773; x_wconf 87' lang='lat' dir='ltr'><strong>Christus,</strong></span> <span class='ocrx_word' id='word_1_790' title='bbox 1354 4705 1478 4778; x_wconf 90' lang='lat' dir='ltr'><strong>quia</strong></span> <span class='ocrx_word' id='word_1_791' title='bbox 1508 4706 1692 4779; x_wconf 85' lang='lat' dir='ltr'><strong>legem</strong></span> <span class='ocrx_word' id='word_1_792' title='bbox 1746 4706 1996 4776; x_wconf 90' lang='lat' dir='ltr'><strong>exclusit,</strong></span> 
     </span>
    </p>
   </div>
   <div class='ocr_carea' id='block_1_95' title="bbox 399 4791 2001 4867">
    <p class='ocr_par' dir='ltr' id='par_1_95' title="bbox 399 4791 2001 4867">
     <span class='ocr_line' id='line_1_95' title="bbox 399 4791 2001 4867; baseline 0.004 -23"><span class='ocrx_word' id='word_1_793' title='bbox 399 4805 509 4847; x_wconf 92' lang='lat' dir='ltr'><strong>non</strong></span> <span class='ocrx_word' id='word_1_794' title='bbox 540 4799 623 4847; x_wconf 91' lang='lat' dir='ltr'><strong>est</strong></span> <span class='ocrx_word' id='word_1_795' title='bbox 642 4791 889 4846; x_wconf 87' lang='lat' dir='ltr'><strong>minister</strong></span> <span class='ocrx_word' id='word_1_796' title='bbox 909 4792 1147 4864; x_wconf 88' lang='lat' dir='ltr'><strong>peccati.</strong></span> <span class='ocrx_word' id='word_1_797' title='bbox 1170 4792 1311 4861; x_wconf 91' lang='lat' dir='ltr'><strong>Quia</strong></span> <span class='ocrx_word' id='word_1_798' title='bbox 1333 4794 1412 4850; x_wconf 92' lang='lat' dir='ltr'><strong>sic</strong></span> <span class='ocrx_word' id='word_1_799' title='bbox 1441 4793 1513 4849; x_wconf 92' lang='lat' dir='ltr'><strong>ait</strong></span> <span class='ocrx_word' id='word_1_800' title='bbox 1537 4796 1624 4852; x_wconf 86' lang='lat' dir='ltr'><strong>:Si</strong></span> <span class='ocrx_word' id='word_1_801' title='bbox 1654 4794 1849 4863; x_wconf 83' lang='lat' dir='ltr'><strong>legalia</strong></span> <span class='ocrx_word' id='word_1_802' title='bbox 1878 4812 2001 4867; x_wconf 76' lang='lat' dir='ltr'><strong>quae</strong></span> 
     </span>
    </p>
   </div>
   <div class='ocr_carea' id='block_1_96' title="bbox 398 4878 1998 4952">
    <p class='ocr_par' dir='ltr' id='par_1_96' title="bbox 398 4878 1998 4952">
     <span class='ocr_line' id='line_1_96' title="bbox 398 4878 1998 4952; baseline 0.003 -18"><span class='ocrx_word' id='word_1_803' title='bbox 398 4878 664 4937; x_wconf 66' lang='lat' dir='ltr'><strong>destrusci</strong></span> <span class='ocrx_word' id='word_1_804' title='bbox 713 4878 828 4937; x_wconf 76' lang='lat' dir='ltr'><strong>haec</strong></span> <span class='ocrx_word' id='word_1_805' title='bbox 871 4882 1082 4937; x_wconf 85' lang='lat' dir='ltr'><strong>iterum</strong></span> <span class='ocrx_word' id='word_1_806' title='bbox 1127 4882 1492 4952; x_wconf 79' lang='lat' dir='ltr'><strong>recediﬁcabo,</strong></span> <span class='ocrx_word' id='word_1_807' title='bbox 1517 4883 1722 4938; x_wconf 89' lang='lat' dir='ltr'><strong>docens</strong></span> <span class='ocrx_word' id='word_1_808' title='bbox 1761 4898 1827 4937; x_wconf 91' lang='lat' dir='ltr'><strong>ea</strong></span> <span class='ocrx_word' id='word_1_809' title='bbox 1875 4899 1998 4939; x_wconf 91' lang='lat' dir='ltr'><strong>esse</strong></span> 
     </span>
    </p>
   </div>
   <div class='ocr_carea' id='block_1_97' title="bbox 398 4968 1997 5044">
    <p class='ocr_par' dir='ltr' id='par_1_97' title="bbox 398 4968 1997 5044">
     <span class='ocr_line' id='line_1_97' title="bbox 398 4968 1997 5044; baseline 0.003 -22"><span class='ocrx_word' id='word_1_810' title='bbox 398 4968 653 5037; x_wconf 90' lang='lat' dir='ltr'><strong>tenenda,</strong></span> <span class='ocrx_word' id='word_1_811' title='bbox 678 4974 807 5024; x_wconf 87' lang='lat' dir='ltr'><strong>tunc</strong></span> <span class='ocrx_word' id='word_1_812' title='bbox 827 4968 1074 5040; x_wconf 89' lang='lat' dir='ltr'><strong>profecto</strong></span> <span class='ocrx_word' id='word_1_813' title='bbox 1095 4972 1379 5027; x_wconf 85' lang='lat' dir='ltr'><strong>constituo</strong></span> <span class='ocrx_word' id='word_1_814' title='bbox 1395 4986 1485 5026; x_wconf 88' lang='lat' dir='ltr'><strong>me</strong></span> <span class='ocrx_word' id='word_1_815' title='bbox 1498 4972 1997 5044; x_wconf 77' lang='lat' dir='ltr'><strong>praevaricatorem</strong></span> 
     </span>
    </p>
   </div>
   <div class='ocr_carea' id='block_1_98' title="bbox 399 5055 1995 5130">
    <p class='ocr_par' dir='ltr' id='par_1_98' title="bbox 399 5055 1995 5130">
     <span class='ocr_line' id='line_1_98' title="bbox 399 5055 1995 5130; baseline 0.003 -19"><span class='ocrx_word' id='word_1_816' title='bbox 399 5055 560 5127; x_wconf 91' lang='lat' dir='ltr'><strong>legis,</strong></span> <span class='ocrx_word' id='word_1_817' title='bbox 593 5071 755 5128; x_wconf 91' lang='lat' dir='ltr'><strong>quam</strong></span> <span class='ocrx_word' id='word_1_818' title='bbox 780 5058 1006 5114; x_wconf 91' lang='lat' dir='ltr'><strong>reduco.</strong></span> <span class='ocrx_word' id='word_1_819' title='bbox 1031 5059 1153 5130; x_wconf 88' lang='lat' dir='ltr'><strong>Ipsa</strong></span> <span class='ocrx_word' id='word_1_820' title='bbox 1173 5058 1321 5114; x_wconf 89' lang='lat' dir='ltr'><strong>enim</strong></span> <span class='ocrx_word' id='word_1_821' title='bbox 1349 5058 1437 5114; x_wconf 85' lang='lat' dir='ltr'><strong>lex</strong></span> <span class='ocrx_word' id='word_1_822' title='bbox 1485 5058 1729 5129; x_wconf 68' lang='lat' dir='ltr'><strong>praecipit</strong></span> <span class='ocrx_word' id='word_1_823' title='bbox 1759 5076 1817 5113; x_wconf 91' lang='lat' dir='ltr'><strong>se</strong></span> <span class='ocrx_word' id='word_1_824' title='bbox 1857 5076 1995 5115; x_wconf 90' lang='lat' dir='ltr'><strong>con-</strong></span> 
     </span>
    </p>
   </div>
   <div class='ocr_carea' id='block_1_99' title="bbox 397 5143 1990 5219">
    <p class='ocr_par' dir='ltr' id='par_1_99' title="bbox 397 5143 1990 5219">
     <span class='ocr_line' id='line_1_99' title="bbox 397 5143 1990 5219; baseline 0.003 -20"><span class='ocrx_word' id='word_1_825' title='bbox 397 5143 587 5212; x_wconf 88' lang='lat' dir='ltr'><strong>temni,</strong></span> <span class='ocrx_word' id='word_1_826' title='bbox 611 5152 902 5217; x_wconf 90' lang='lat' dir='ltr'><strong>postquam</strong></span> <span class='ocrx_word' id='word_1_827' title='bbox 930 5146 1141 5202; x_wconf 89' lang='lat' dir='ltr'><strong>venerit</strong></span> <span class='ocrx_word' id='word_1_828' title='bbox 1170 5147 1365 5219; x_wconf 86' lang='lat' dir='ltr'><strong>gratia,</strong></span> <span class='ocrx_word' id='word_1_829' title='bbox 1386 5154 1445 5201; x_wconf 91' lang='lat' dir='ltr'><strong>ut</strong></span> <span class='ocrx_word' id='word_1_830' title='bbox 1476 5146 1551 5200; x_wconf 93' lang='lat' dir='ltr'><strong>ibi</strong></span> <span class='ocrx_word' id='word_1_831' title='bbox 1584 5163 1684 5218; x_wconf 90' lang='lat' dir='ltr'><strong>per</strong></span> <span class='ocrx_word' id='word_1_832' title='bbox 1720 5148 1944 5218; x_wconf 84' lang='lat' dir='ltr'><strong>Moysen</strong></span> <span class='ocrx_word' id='word_1_833' title='bbox 1976 5166 1990 5203; x_wconf 88' lang='lat'><strong>:</strong></span> 
     </span>
    </p>
   </div>
   <div class='ocr_carea' id='block_1_100' title="bbox 400 5233 1992 5304">
    <p class='ocr_par' dir='ltr' id='par_1_100' title="bbox 400 5233 1992 5304">
     <span class='ocr_line' id='line_1_100' title="bbox 400 5233 1992 5304; baseline 0.003 -17"><span class='ocrx_word' id='word_1_834' title='bbox 400 5254 423 5280; x_wconf 78' lang='grc' dir='ltr'><strong>ιι</strong></span> <span class='ocrx_word' id='word_1_835' title='bbox 459 5233 787 5304; x_wconf 89' lang='lat' dir='ltr'><strong>Prophetam</strong></span> <span class='ocrx_word' id='word_1_836' title='bbox 818 5234 1102 5291; x_wconf 89' lang='lat' dir='ltr'><strong>suscitabit</strong></span> <span class='ocrx_word' id='word_1_837' title='bbox 1130 5234 1288 5289; x_wconf 80' lang='lat' dir='ltr'><strong>vobis</strong></span> <span class='ocrx_word' id='word_1_838' title='bbox 1304 5234 1451 5289; x_wconf 90' lang='lat' dir='ltr'><strong>Deus</strong></span> <span class='ocrx_word' id='word_1_839' title='bbox 1483 5234 1551 5289; x_wconf 90' lang='lat' dir='ltr'><strong>de</strong></span> <span class='ocrx_word' id='word_1_840' title='bbox 1581 5233 1841 5291; x_wconf 80' lang='lat' dir='ltr'><strong>fratribus</strong></span> <span class='ocrx_word' id='word_1_841' title='bbox 1862 5252 1992 5292; x_wconf 88' lang='lat' dir='ltr'><strong>ves-</strong></span> 
     </span>
    </p>
   </div>
   <div class='ocr_carea' id='block_1_101' title="bbox 395 5319 1986 5394">
    <p class='ocr_par' dir='ltr' id='par_1_101' title="bbox 395 5319 1986 5394">
     <span class='ocr_line' id='line_1_101' title="bbox 395 5319 1986 5394; baseline 0 -19"><span class='ocrx_word' id='word_1_842' title='bbox 395 5319 494 5375; x_wconf 87' lang='lat' dir='ltr'><strong>tris</strong></span> <span class='ocrx_word' id='word_1_843' title='bbox 518 5340 532 5388; x_wconf 93' lang='lat'><strong>;</strong></span> <span class='ocrx_word' id='word_1_844' title='bbox 556 5320 735 5393; x_wconf 91' lang='lat' dir='ltr'><strong>ipsum</strong></span> <span class='ocrx_word' id='word_1_845' title='bbox 755 5322 985 5378; x_wconf 89' lang='lat' dir='ltr'><strong>audietis</strong></span> <span class='ocrx_word' id='word_1_846' title='bbox 1024 5329 1282 5394; x_wconf 89' lang='lat' dir='ltr'><strong>tanquam</strong></span> <span class='ocrx_word' id='word_1_847' title='bbox 1320 5323 1614 5391; x_wconf 85' lang='lat' dir='ltr'><strong>me(Deut.</strong></span> <span class='ocrx_word' id='word_1_848' title='bbox 1640 5325 1935 5393; x_wconf 74' lang='lat' dir='ltr'><strong>xvm,15).</strong></span> <span class='ocrx_word' id='word_1_849' title='bbox 1965 5346 1986 5375; x_wconf 79' lang='grc' dir='ltr'><strong><em>ι</em></strong></span> 
     </span>
    </p>
   </div>
   <div class='ocr_carea' id='block_1_102' title="bbox 394 5407 1991 5478">
    <p class='ocr_par' dir='ltr' id='par_1_102' title="bbox 394 5407 1991 5478">
     <span class='ocr_line' id='line_1_102' title="bbox 394 5407 1991 5478; baseline 0.004 -15"><span class='ocrx_word' id='word_1_850' title='bbox 394 5407 562 5478; x_wconf 88' lang='lat' dir='ltr'><strong>Quasi</strong></span> <span class='ocrx_word' id='word_1_851' title='bbox 581 5409 816 5466; x_wconf 87' lang='lat' dir='ltr'><strong>diceret:</strong></span> <span class='ocrx_word' id='word_1_852' title='bbox 838 5410 1063 5465; x_wconf 90' lang='lat' dir='ltr'><strong>Interim</strong></span> <span class='ocrx_word' id='word_1_853' title='bbox 1089 5410 1265 5465; x_wconf 91' lang='lat' dir='ltr'><strong>donec</strong></span> <span class='ocrx_word' id='word_1_854' title='bbox 1293 5410 1492 5478; x_wconf 87' lang='lat' dir='ltr'><strong>veniat,</strong></span> <span class='ocrx_word' id='word_1_855' title='bbox 1517 5410 1697 5467; x_wconf 89' lang='lat' dir='ltr'><strong>audite</strong></span> <span class='ocrx_word' id='word_1_856' title='bbox 1721 5428 1830 5468; x_wconf 91' lang='lat' dir='ltr'><strong>me.</strong></span> <span class='ocrx_word' id='word_1_857' title='bbox 1855 5412 1991 5468; x_wconf 91' lang='lat' dir='ltr'><strong>Cum</strong></span> 
     </span>
    </p>
   </div>
   <div class='ocr_carea' id='block_1_103' title="bbox 389 5496 1989 5571">
    <p class='ocr_par' dir='ltr' id='par_1_103' title="bbox 389 5496 1989 5571">
     <span class='ocr_line' id='line_1_103' title="bbox 389 5496 1989 5571; baseline 0.004 -19"><span class='ocrx_word' id='word_1_858' title='bbox 389 5497 599 5554; x_wconf 87' lang='lat' dir='ltr'><strong>venerit</strong></span> <span class='ocrx_word' id='word_1_859' title='bbox 638 5498 749 5571; x_wconf 86' lang='lat' dir='ltr'><strong>(me</strong></span> <span class='ocrx_word' id='word_1_860' title='bbox 779 5497 1071 5569; x_wconf 88' lang='lat' dir='ltr'><strong>derelicto)</strong></span> <span class='ocrx_word' id='word_1_861' title='bbox 1103 5496 1380 5570; x_wconf 88' lang='lat' dir='ltr'><strong>confugite</strong></span> <span class='ocrx_word' id='word_1_862' title='bbox 1420 5498 1490 5553; x_wconf 90' lang='lat' dir='ltr'><strong>ad</strong></span> <span class='ocrx_word' id='word_1_863' title='bbox 1518 5515 1662 5555; x_wconf 91' lang='lat' dir='ltr'><strong>eum.</strong></span> <span class='ocrx_word' id='word_1_864' title='bbox 1695 5500 1989 5559; x_wconf 75' lang='lat' dir='ltr'><strong>Reaediﬁco</strong></span> 
     </span>
    </p>
   </div>
   <div class='ocr_carea' id='block_1_104' title="bbox 388 5584 1987 5662">
    <p class='ocr_par' dir='ltr' id='par_1_104' title="bbox 388 5584 1987 5662">
     <span class='ocr_line' id='line_1_104' title="bbox 388 5584 1987 5662; baseline 0.004 -22"><span class='ocrx_word' id='word_1_865' title='bbox 388 5584 515 5643; x_wconf 90' lang='lat' dir='ltr'><strong>ideo</strong></span> <span class='ocrx_word' id='word_1_866' title='bbox 545 5585 676 5642; x_wconf 90' lang='lat' dir='ltr'><strong>dicit</strong></span> <span class='ocrx_word' id='word_1_867' title='bbox 710 5603 725 5640; x_wconf 91' lang='lat'><strong>:</strong></span> <span class='ocrx_word' id='word_1_868' title='bbox 764 5585 1123 5657; x_wconf 84' lang='lat' dir='ltr'><strong>Imponebant</strong></span> <span class='ocrx_word' id='word_1_869' title='bbox 1142 5585 1286 5641; x_wconf 90' lang='lat' dir='ltr'><strong>enim</strong></span> <span class='ocrx_word' id='word_1_870' title='bbox 1307 5584 1411 5658; x_wconf 91' lang='lat' dir='ltr'><strong>ipsi</strong></span> <span class='ocrx_word' id='word_1_871' title='bbox 1432 5587 1651 5659; x_wconf 88' lang='lat' dir='ltr'><strong>quidam</strong></span> <span class='ocrx_word' id='word_1_872' title='bbox 1672 5591 1814 5662; x_wconf 92' lang='lat' dir='ltr'><strong>quod</strong></span> <span class='ocrx_word' id='word_1_873' title='bbox 1837 5591 1987 5662; x_wconf 87' lang='lat' dir='ltr'><strong>prius</strong></span> 
     </span>
    </p>
   </div>
   <div class='ocr_carea' id='block_1_105' title="bbox 389 5671 1986 5747">
    <p class='ocr_par' dir='ltr' id='par_1_105' title="bbox 389 5671 1986 5747">
     <span class='ocr_line' id='line_1_105' title="bbox 389 5671 1986 5747; baseline 0.006 -19"><span class='ocrx_word' id='word_1_874' title='bbox 389 5671 551 5731; x_wconf 81' lang='lat' dir='ltr'><strong>stulte</strong></span> <span class='ocrx_word' id='word_1_875' title='bbox 580 5672 856 5730; x_wconf 89' lang='lat' dir='ltr'><strong>docuisset</strong></span> <span class='ocrx_word' id='word_1_876' title='bbox 883 5672 1063 5744; x_wconf 87' lang='lat' dir='ltr'><strong>legem</strong></span> <span class='ocrx_word' id='word_1_877' title='bbox 1092 5689 1203 5731; x_wconf 90' lang='lat' dir='ltr'><strong>non</strong></span> <span class='ocrx_word' id='word_1_878' title='bbox 1231 5691 1354 5732; x_wconf 89' lang='lat' dir='ltr'><strong>esse</strong></span> <span class='ocrx_word' id='word_1_879' title='bbox 1374 5677 1706 5747; x_wconf 87' lang='lat' dir='ltr'><strong>tenendam;</strong></span> <span class='ocrx_word' id='word_1_880' title='bbox 1740 5680 1839 5735; x_wconf 90' lang='lat' dir='ltr'><strong>sed</strong></span> <span class='ocrx_word' id='word_1_881' title='bbox 1866 5696 1986 5737; x_wconf 91' lang='lat' dir='ltr'><strong>mo-</strong></span> 
     </span>
    </p>
   </div>
   <div class='ocr_carea' id='block_1_106' title="bbox 389 5761 1985 5842">
    <p class='ocr_par' dir='ltr' id='par_1_106' title="bbox 389 5761 1985 5842">
     <span class='ocr_line' id='line_1_106' title="bbox 389 5761 1985 5842; baseline 0.005 -23"><span class='ocrx_word' id='word_1_882' title='bbox 389 5761 462 5820; x_wconf 91' lang='lat' dir='ltr'><strong>do</strong></span> <span class='ocrx_word' id='word_1_883' title='bbox 491 5768 796 5833; x_wconf 87' lang='lat' dir='ltr'><strong>correctus,</strong></span> <span class='ocrx_word' id='word_1_884' title='bbox 826 5762 1126 5823; x_wconf 88' lang='lat' dir='ltr'><strong>reducebat</strong></span> <span class='ocrx_word' id='word_1_885' title='bbox 1152 5764 1355 5839; x_wconf 87' lang='lat' dir='ltr'><strong>legem.</strong></span> <span class='ocrx_word' id='word_1_886' title='bbox 1390 5767 1531 5826; x_wconf 87' lang='lat' dir='ltr'><strong>Vere</strong></span> <span class='ocrx_word' id='word_1_887' title='bbox 1561 5767 1608 5824; x_wconf 92' lang='lat' dir='ltr'><strong>si</strong></span> <span class='ocrx_word' id='word_1_888' title='bbox 1634 5768 1820 5842; x_wconf 86' lang='lat' dir='ltr'><strong>legem</strong></span> <span class='ocrx_word' id='word_1_889' title='bbox 1839 5785 1985 5827; x_wconf 69' lang='lat' dir='ltr'><strong>rea:-</strong></span> 
     </span>
    </p>
   </div>
   <div class='ocr_carea' id='block_1_107' title="bbox 2676 4817 3025 4875">
    <p class='ocr_par' dir='ltr' id='par_1_107' title="bbox 2676 4817 3025 4875">
     <span class='ocr_line' id='line_1_107' title="bbox 2676 4817 3025 4875; baseline -0.003 -2"><span class='ocrx_word' id='word_1_890' title='bbox 2676 4817 2901 4875; x_wconf 83' lang='lat' dir='ltr'><strong>CAPUT</strong></span> <span class='ocrx_word' id='word_1_891' title='bbox 2931 4818 3025 4873; x_wconf 91' lang='lat' dir='ltr'><strong>III.</strong></span> 
     </span>
    </p>
   </div>
   <div class='ocr_carea' id='block_1_108' title="bbox 2191 4974 3708 5048">
    <p class='ocr_par' dir='ltr' id='par_1_108' title="bbox 2191 4974 3708 5048">
     <span class='ocr_line' id='line_1_108' title="bbox 2191 4974 3708 5048; baseline 0.005 -18"><span class='ocrx_word' id='word_1_892' title='bbox 2191 4997 2213 5023; x_wconf 80' lang='grc' dir='ltr'>ιι</span> <span class='ocrx_word' id='word_1_893' title='bbox 2248 4974 2295 5031; x_wconf 94' lang='grc' dir='ltr'>Ο</span> <span class='ocrx_word' id='word_1_894' title='bbox 2322 4974 2585 5031; x_wconf 90' lang='lat' dir='ltr'><strong>insensati</strong></span> <span class='ocrx_word' id='word_1_895' title='bbox 2631 4975 2856 5042; x_wconf 68' lang='lat' dir='ltr'><strong>Galatae,</strong></span> <span class='ocrx_word' id='word_1_896' title='bbox 2905 4975 3026 5048; x_wconf 89' lang='lat' dir='ltr'><strong>quis</strong></span> <span class='ocrx_word' id='word_1_897' title='bbox 3083 4992 3183 5033; x_wconf 87' lang='lat' dir='ltr'><strong>vos</strong></span> <span class='ocrx_word' id='word_1_898' title='bbox 3248 4976 3540 5034; x_wconf 87' lang='lat' dir='ltr'><strong>fascinavit</strong></span> <span class='ocrx_word' id='word_1_899' title='bbox 3588 4996 3708 5037; x_wconf 89' lang='lat' dir='ltr'><strong>non</strong></span> 
     </span>
    </p>
   </div>
   <div class='ocr_carea' id='block_1_109' title="bbox 2101 5063 3714 5137">
    <p class='ocr_par' dir='ltr' id='par_1_109' title="bbox 2101 5063 3714 5137">
     <span class='ocr_line' id='line_1_109' title="bbox 2101 5063 3714 5137; baseline 0.006 -21"><span class='ocrx_word' id='word_1_900' title='bbox 2101 5083 2125 5114; x_wconf 72' lang='grc' dir='ltr'>ε</span> <span class='ocrx_word' id='word_1_901' title='bbox 2158 5063 2384 5120; x_wconf 91' lang='lat' dir='ltr'><strong>obedire</strong></span> <span class='ocrx_word' id='word_1_902' title='bbox 2412 5064 2629 5120; x_wconf 87' lang='lat' dir='ltr'><strong>veritati</strong></span> <span class='ocrx_word' id='word_1_903' title='bbox 2660 5072 2784 5120; x_wconf 89' lang='lat' dir='ltr'><strong>ante</strong></span> <span class='ocrx_word' id='word_1_904' title='bbox 2807 5081 3037 5137; x_wconf 89' lang='lat' dir='ltr'><strong>quorum</strong></span> <span class='ocrx_word' id='word_1_905' title='bbox 3059 5065 3251 5122; x_wconf 89' lang='lat' dir='ltr'><strong>oculos</strong></span> <span class='ocrx_word' id='word_1_906' title='bbox 3270 5066 3428 5121; x_wconf 75' lang='lat' dir='ltr'><strong>Iesus</strong></span> <span class='ocrx_word' id='word_1_907' title='bbox 3450 5067 3714 5125; x_wconf 89' lang='lat' dir='ltr'><strong>Christus</strong></span> 
     </span>
    </p>
   </div>
   <div class='ocr_carea' id='block_1_110' title="bbox 2067 5143 3709 5223">
    <p class='ocr_par' dir='ltr' id='par_1_110' title="bbox 2067 5143 3709 5223">
     <span class='ocr_line' id='line_1_110' title="bbox 2067 5143 3709 5223; baseline 0.006 -20"><span class='ocrx_word' id='word_1_908' title='bbox 2067 5143 2073 5148; x_wconf 65' lang='grc'><strong>“</strong></span> <span class='ocrx_word' id='word_1_909' title='bbox 2099 5172 2122 5203; x_wconf 75' lang='grc' dir='ltr'>ι</span> <span class='ocrx_word' id='word_1_910' title='bbox 2155 5152 2495 5223; x_wconf 88' lang='lat' dir='ltr'><strong>proscriptus</strong></span> <span class='ocrx_word' id='word_1_911' title='bbox 2523 5161 2625 5221; x_wconf 90' lang='lat' dir='ltr'><strong>est,</strong></span> <span class='ocrx_word' id='word_1_912' title='bbox 2659 5161 2713 5209; x_wconf 92' lang='lat' dir='ltr'><strong>et</strong></span> <span class='ocrx_word' id='word_1_913' title='bbox 2742 5154 2799 5208; x_wconf 88' lang='lat' dir='ltr'><strong>in</strong></span> <span class='ocrx_word' id='word_1_914' title='bbox 2815 5152 2972 5209; x_wconf 91' lang='lat' dir='ltr'><strong>vobis</strong></span> <span class='ocrx_word' id='word_1_915' title='bbox 3002 5153 3296 5209; x_wconf 65' lang='lat' dir='ltr'><strong>cruciﬁxus</strong></span> <span class='ocrx_word' id='word_1_916' title='bbox 3315 5154 3343 5209; x_wconf 86' lang='lat'><strong>?</strong></span> <span class='ocrx_word' id='word_1_917' title='bbox 3374 5155 3491 5211; x_wconf 89' lang='lat' dir='ltr'><strong>Hoc</strong></span> <span class='ocrx_word' id='word_1_918' title='bbox 3519 5156 3709 5213; x_wconf 89' lang='lat' dir='ltr'><strong>solum</strong></span> 
     </span>
    </p>
   </div>
   <div class='ocr_carea' id='block_1_111' title="bbox 2097 5240 3711 5315">
    <p class='ocr_par' dir='ltr' id='par_1_111' title="bbox 2097 5240 3711 5315">
     <span class='ocr_line' id='line_1_111' title="bbox 2097 5240 3711 5315; baseline 0.004 -21"><span class='ocrx_word' id='word_1_919' title='bbox 2097 5262 2119 5287; x_wconf 79' lang='grc' dir='ltr'><strong>«ι</strong></span> <span class='ocrx_word' id='word_1_920' title='bbox 2154 5256 2185 5294; x_wconf 91' lang='lat' dir='ltr'><strong>a</strong></span> <span class='ocrx_word' id='word_1_921' title='bbox 2212 5240 2369 5296; x_wconf 85' lang='lat' dir='ltr'><strong>vobis</strong></span> <span class='ocrx_word' id='word_1_922' title='bbox 2394 5240 2519 5296; x_wconf 91' lang='lat' dir='ltr'><strong>volo</strong></span> <span class='ocrx_word' id='word_1_923' title='bbox 2550 5241 2782 5298; x_wconf 91' lang='lat' dir='ltr'><strong>discere.</strong></span> <span class='ocrx_word' id='word_1_924' title='bbox 2834 5243 2919 5296; x_wconf 83' lang='lat' dir='ltr'><strong>An</strong></span> <span class='ocrx_word' id='word_1_925' title='bbox 2949 5257 3015 5296; x_wconf 85' lang='lat' dir='ltr'><strong>ex</strong></span> <span class='ocrx_word' id='word_1_926' title='bbox 3046 5242 3304 5313; x_wconf 90' lang='lat' dir='ltr'><strong>operibus</strong></span> <span class='ocrx_word' id='word_1_927' title='bbox 3353 5242 3495 5315; x_wconf 88' lang='lat' dir='ltr'><strong>legis</strong></span> <span class='ocrx_word' id='word_1_928' title='bbox 3526 5244 3711 5315; x_wconf 88' lang='lat' dir='ltr'><strong>spiri-</strong></span> 
     </span>
    </p>
   </div>
   <div class='ocr_carea' id='block_1_112' title="bbox 2096 5328 3710 5400">
    <p class='ocr_par' dir='ltr' id='par_1_112' title="bbox 2096 5328 3710 5400">
     <span class='ocr_line' id='line_1_112' title="bbox 2096 5328 3710 5400; baseline 0.004 -17"><span class='ocrx_word' id='word_1_929' title='bbox 2096 5351 2118 5376; x_wconf 75' lang='grc' dir='ltr'><strong><em>α</em></strong></span> <span class='ocrx_word' id='word_1_930' title='bbox 2153 5336 2267 5383; x_wconf 90' lang='lat' dir='ltr'><strong>tum</strong></span> <span class='ocrx_word' id='word_1_931' title='bbox 2295 5328 2603 5400; x_wconf 89' lang='lat' dir='ltr'><strong>accepistis,</strong></span> <span class='ocrx_word' id='word_1_932' title='bbox 2636 5345 2708 5384; x_wconf 89' lang='lat' dir='ltr'><strong>an</strong></span> <span class='ocrx_word' id='word_1_933' title='bbox 2736 5344 2803 5385; x_wconf 87' lang='lat' dir='ltr'><strong>ex</strong></span> <span class='ocrx_word' id='word_1_934' title='bbox 2832 5329 3020 5385; x_wconf 89' lang='lat' dir='ltr'><strong>auditu</strong></span> <span class='ocrx_word' id='word_1_935' title='bbox 3051 5328 3180 5385; x_wconf 80' lang='lat' dir='ltr'><strong>fidei</strong></span> <span class='ocrx_word' id='word_1_936' title='bbox 3200 5331 3229 5386; x_wconf 81' lang='lat'><strong>?</strong></span> <span class='ocrx_word' id='word_1_937' title='bbox 3260 5330 3349 5386; x_wconf 91' lang='lat' dir='ltr'><strong>Sic</strong></span> <span class='ocrx_word' id='word_1_938' title='bbox 3380 5329 3532 5385; x_wconf 89' lang='lat' dir='ltr'><strong>stulti</strong></span> <span class='ocrx_word' id='word_1_939' title='bbox 3563 5334 3710 5389; x_wconf 90' lang='lat' dir='ltr'><strong>estis</strong></span> 
     </span>
    </p>
   </div>
   <div class='ocr_carea' id='block_1_113' title="bbox 2100 5418 3709 5488">
    <p class='ocr_par' dir='ltr' id='par_1_113' title="bbox 2100 5418 3709 5488">
     <span class='ocr_line' id='line_1_113' title="bbox 2100 5418 3709 5488; baseline 0.003 -17"><span class='ocrx_word' id='word_1_940' title='bbox 2100 5437 2121 5471; x_wconf 76' lang='grc' dir='ltr'><strong><em>ι</em></strong></span> <span class='ocrx_word' id='word_1_941' title='bbox 2149 5425 2227 5487; x_wconf 88' lang='lat' dir='ltr'><strong>ut,</strong></span> <span class='ocrx_word' id='word_1_942' title='bbox 2259 5432 2383 5473; x_wconf 92' lang='lat' dir='ltr'><strong>cum</strong></span> <span class='ocrx_word' id='word_1_943' title='bbox 2440 5418 2630 5488; x_wconf 87' lang='lat' dir='ltr'><strong>spiritu</strong></span> <span class='ocrx_word' id='word_1_944' title='bbox 2686 5418 2982 5488; x_wconf 88' lang='lat' dir='ltr'><strong>coeperitis,</strong></span> <span class='ocrx_word' id='word_1_945' title='bbox 3032 5434 3176 5474; x_wconf 89' lang='lat' dir='ltr'><strong>nunc</strong></span> <span class='ocrx_word' id='word_1_946' title='bbox 3231 5434 3398 5474; x_wconf 89' lang='lat' dir='ltr'><strong>carne</strong></span> <span class='ocrx_word' id='word_1_947' title='bbox 3430 5434 3709 5476; x_wconf 87' lang='lat' dir='ltr'><strong>consum-</strong></span> 
     </span>
    </p>
   </div>
   <div class='ocr_carea' id='block_1_114' title="bbox 2093 5506 3709 5577">
    <p class='ocr_par' dir='ltr' id='par_1_114' title="bbox 2093 5506 3709 5577">
     <span class='ocr_line' id='line_1_114' title="bbox 2093 5506 3709 5577; baseline 0.002 -17"><span class='ocrx_word' id='word_1_948' title='bbox 2093 5528 2114 5553; x_wconf 73' lang='grc' dir='ltr'><strong>ει</strong></span> <span class='ocrx_word' id='word_1_949' title='bbox 2150 5506 2419 5561; x_wconf 79' lang='lat' dir='ltr'><strong>memini?</strong></span> <span class='ocrx_word' id='word_1_950' title='bbox 2447 5507 2614 5561; x_wconf 88' lang='lat' dir='ltr'><strong>Tanta</strong></span> <span class='ocrx_word' id='word_1_951' title='bbox 2638 5507 2787 5577; x_wconf 90' lang='lat' dir='ltr'><strong>passi</strong></span> <span class='ocrx_word' id='word_1_952' title='bbox 2821 5507 2953 5561; x_wconf 90' lang='lat' dir='ltr'><strong>estis</strong></span> <span class='ocrx_word' id='word_1_953' title='bbox 3003 5506 3120 5562; x_wconf 90' lang='lat' dir='ltr'><strong>sine</strong></span> <span class='ocrx_word' id='word_1_954' title='bbox 3151 5522 3318 5562; x_wconf 91' lang='lat' dir='ltr'><strong>causa</strong></span> <span class='ocrx_word' id='word_1_955' title='bbox 3339 5507 3370 5562; x_wconf 71' lang='grc'><strong>7</strong></span> <span class='ocrx_word' id='word_1_956' title='bbox 3412 5506 3459 5562; x_wconf 92' lang='lat' dir='ltr'><strong>si</strong></span> <span class='ocrx_word' id='word_1_957' title='bbox 3507 5515 3709 5566; x_wconf 90' lang='lat' dir='ltr'><strong>tamen</strong></span> 
     </span>
    </p>
   </div>
   <div class='ocr_carea' id='block_1_115' title="bbox 2093 5594 3713 5667">
    <p class='ocr_par' dir='ltr' id='par_1_115' title="bbox 2093 5594 3713 5667">
     <span class='ocr_line' id='line_1_115' title="bbox 2093 5594 3713 5667; baseline 0.006 -22"><span class='ocrx_word' id='word_1_958' title='bbox 2093 5615 2116 5645; x_wconf 71' lang='grc' dir='ltr'><strong><em>α</em></strong></span> <span class='ocrx_word' id='word_1_959' title='bbox 2151 5594 2269 5650; x_wconf 90' lang='lat' dir='ltr'><strong>sine</strong></span> <span class='ocrx_word' id='word_1_960' title='bbox 2316 5609 2499 5650; x_wconf 88' lang='lat' dir='ltr'><strong>causa.</strong></span> <span class='ocrx_word' id='word_1_961' title='bbox 2553 5594 2659 5663; x_wconf 90' lang='lat' dir='ltr'><strong>Qui</strong></span> <span class='ocrx_word' id='word_1_962' title='bbox 2708 5609 2843 5667; x_wconf 87' lang='lat' dir='ltr'><strong>ergo</strong></span> <span class='ocrx_word' id='word_1_963' title='bbox 2898 5595 3086 5650; x_wconf 88' lang='lat' dir='ltr'><strong>tribuit</strong></span> <span class='ocrx_word' id='word_1_964' title='bbox 3131 5596 3287 5651; x_wconf 87' lang='lat' dir='ltr'><strong>vobis</strong></span> <span class='ocrx_word' id='word_1_965' title='bbox 3322 5594 3612 5667; x_wconf 88' lang='lat' dir='ltr'><strong>Spiritum,</strong></span> <span class='ocrx_word' id='word_1_966' title='bbox 3651 5608 3713 5654; x_wconf 88' lang='lat' dir='ltr'><strong>et</strong></span> 
     </span>
    </p>
   </div>
   <div class='ocr_carea' id='block_1_116' title="bbox 2091 5682 3711 5758">
    <p class='ocr_par' dir='ltr' id='par_1_116' title="bbox 2091 5682 3711 5758">
     <span class='ocr_line' id='line_1_116' title="bbox 2091 5682 3711 5758; baseline 0.003 -19"><span class='ocrx_word' id='word_1_967' title='bbox 2091 5705 2114 5731; x_wconf 76' lang='grc' dir='ltr'>α</span> <span class='ocrx_word' id='word_1_968' title='bbox 2148 5691 2406 5755; x_wconf 87' lang='lat' dir='ltr'><strong>operatur</strong></span> <span class='ocrx_word' id='word_1_969' title='bbox 2425 5683 2652 5740; x_wconf 87' lang='lat' dir='ltr'><strong>virtutes</strong></span> <span class='ocrx_word' id='word_1_970' title='bbox 2673 5682 2729 5738; x_wconf 89' lang='lat' dir='ltr'><strong>in</strong></span> <span class='ocrx_word' id='word_1_971' title='bbox 2753 5682 2931 5751; x_wconf 88' lang='lat' dir='ltr'><strong>vobis,</strong></span> <span class='ocrx_word' id='word_1_972' title='bbox 2958 5700 3024 5739; x_wconf 83' lang='lat' dir='ltr'><strong>ex</strong></span> <span class='ocrx_word' id='word_1_973' title='bbox 3047 5684 3307 5755; x_wconf 89' lang='lat' dir='ltr'><strong>operibus</strong></span> <span class='ocrx_word' id='word_1_974' title='bbox 3335 5683 3498 5758; x_wconf 84' lang='lat' dir='ltr'><strong>legis,</strong></span> <span class='ocrx_word' id='word_1_975' title='bbox 3524 5700 3603 5741; x_wconf 88' lang='lat' dir='ltr'><strong>an</strong></span> <span class='ocrx_word' id='word_1_976' title='bbox 3633 5703 3711 5744; x_wconf 84' lang='lat' dir='ltr'><strong>ex</strong></span> 
     </span>
    </p>
   </div>
   <div class='ocr_carea' id='block_1_117' title="bbox 2090 5771 3710 5844">
    <p class='ocr_par' dir='ltr' id='par_1_117' title="bbox 2090 5771 3710 5844">
     <span class='ocr_line' id='line_1_117' title="bbox 2090 5771 3710 5844; baseline 0.006 -20"><span class='ocrx_word' id='word_1_977' title='bbox 2090 5792 2115 5823; x_wconf 76' lang='grc' dir='ltr'><strong><em>ι</em></strong></span> <span class='ocrx_word' id='word_1_978' title='bbox 2148 5771 2339 5830; x_wconf 87' lang='lat' dir='ltr'><strong>auditu</strong></span> <span class='ocrx_word' id='word_1_979' title='bbox 2363 5771 2529 5830; x_wconf 73' lang='lat' dir='ltr'><strong>ﬁdei?</strong></span> <span class='ocrx_word' id='word_1_980' title='bbox 2571 5771 2721 5829; x_wconf 90' lang='lat' dir='ltr'><strong>Sicut</strong></span> <span class='ocrx_word' id='word_1_981' title='bbox 2749 5771 3014 5844; x_wconf 88' lang='lat' dir='ltr'><strong>scriptum</strong></span> <span class='ocrx_word' id='word_1_982' title='bbox 3045 5781 3128 5830; x_wconf 90' lang='lat' dir='ltr'><strong>est</strong></span> <span class='ocrx_word' id='word_1_983' title='bbox 3152 5791 3166 5828; x_wconf 91' lang='lat'><strong>:</strong></span> <span class='ocrx_word' id='word_1_984' title='bbox 3190 5795 3211 5822; x_wconf 81' lang='grc' dir='ltr'>α</span> <span class='ocrx_word' id='word_1_985' title='bbox 3239 5772 3488 5831; x_wconf 86' lang='lat' dir='ltr'><strong>Credidit</strong></span> <span class='ocrx_word' id='word_1_986' title='bbox 3508 5773 3710 5834; x_wconf 79' lang='lat' dir='ltr'><strong>Abra-</strong></span> 
     </span>
    </p>
   </div>
  </div>
