3932 6440
128 443 221 497 293

775 437 1157 495 ΕΧΡΟΞΙΤΙΟ
1198 439 1271 494 ΙΝ
1311 437 1687 494 EPISTOLAS

1830 435 1951 491 ULI.
1997 464 2066 474 —
2105 433 2180 489 IN
2216 433 2436 488 EPIST.
2479 433 2574 488 AD
2614 432 2773 490 GAL.

3324 435 3428 490 29L

134 587 153 615 ι
186 565 307 618 ham
339 564 472 631 Deo,
506 571 556 618 et
588 571 894 634 reputatum
933 574 1013 619 est
1053 565 1102 620 ei
1149 565 1219 620 ad
1253 565 1515 634 justitiam
1548 565 1710 635 (Gen.
1735 564 1786 623 A
1818 560 1887 615 ei.
1915 560 2224 614 Fascinatos
2254 558 2416 624 dicit,
2469 573 2734 613 accusans
2780 557 3149 628 insipientiam
3191 573 3422 624 eorum;

138 677 156 701 ιι
190 668 282 721 xv,
309 657 378 718 6;
413 655 565 708 Rom.
598 668 676 718 tv,
711 654 784 720 3).
824 677 845 701 υ
881 652 1210 725 Cognoscite
1253 670 1409 724 ergo,
1458 653 1582 725 quia
1629 652 1721 724 qui

135 764 154 792 ι
188 757 250 796 ex
278 739 385 796 ﬁde
407 748 548 807 sunt,
583 740 637 794 hi
669 749 793 794 sunt
839 741 933 795 ﬁlii
965 742 1222 797 Abrahae.
1273 742 1573 797 Providens
1620 759 1720 796 au-

136 852 156 881 ι
189 838 292 884 tem
323 829 618 899 Scriptura,
652 829 775 900 quia
813 847 878 884 ex
911 829 1017 885 ﬁde
1042 830 1297 900 justiﬁcat
1318 839 1512 903 gentes
1551 832 1717 897 Deus,

137 943 156 966 α
190 918 562 989 praenuntiavit
602 918 852 985 Abrahte,
896 919 1022 991 quia
1073 941 1094 970 ι
1143 920 1535 974 benedicentur
1575 919 1628 972 in
1670 929 1721 974 te

139 1029 160 1058 ι
191 1023 376 1062 omnes
406 1015 603 1079 gentes
634 1008 791 1076 (Gen.
832 1023 936 1077 xn,
991 1009 1066 1077 3).
1107 1031 1128 1056 ιι
1163 1009 1334 1081 Igitur
1376 1009 1466 1080 qui
1497 1025 1562 1062 ex
1615 1007 1721 1063 ﬁde

138 1118 158 1146 ι
185 1104 303 1150 sunt
333 1096 727 1151 benedicentur
766 1112 889 1152 cum
938 1095 1083 1152 ﬁdeli
1127 1099 1422 1151 Abraham.
1475 1097 1720 1166 Quicun-

139 1206 158 1232 ι
190 1200 289 1255 que
318 1184 461 1239 enim
494 1201 558 1238 ex
609 1185 868 1256 operibus
905 1185 1046 1258 legis
1094 1195 1237 1252 sunt,
1288 1186 1388 1240 sub
1431 1185 1721 1242 maledicto

136 1279 330 1326 «sunt.
391 1273 661 1344 Scriptum
718 1282 800 1328 est
857 1274 1051 1328 enim:
1090 1297 1111 1320 «
1167 1275 1486 1331 Maledictus
1544 1275 1721 1329 omnis

137 1384 156 1407 α
181 1360 383 1433 [homo]
413 1361 504 1434 qui
535 1378 644 1417 non
671 1363 1032 1433 permanserit
1063 1363 1116 1416 in
1149 1364 1403 1418 omnibus
1435 1380 1557 1435 qua:
1579 1364 1721 1419 scri-

137 1473 156 1496 α
190 1459 277 1520 pta
320 1459 444 1504 sunt
486 1450 542 1504 in
587 1450 726 1506 libro
757 1451 917 1522 legis,
953 1459 1007 1505 ut
1053 1451 1210 1506 faciat
1233 1469 1294 1507 ea
1325 1453 1511 1524 (Deut.
1537 1468 1718 1522 xxvu,

137 1559 157 1588 ι
189 1540 297 1607 26).
337 1564 358 1586 ››
396 1537 665 1606 Quoniam
714 1549 889 1595 autem
919 1540 975 1593 in
1022 1540 1146 1613 lege
1197 1558 1358 1596 nemo
1400 1540 1725 1611 justiﬁcatur

135 1649 155 1674 «ε
188 1627 332 1697 apud
366 1628 560 1694 Deum,
593 1627 932 1683 manifestum
962 1637 1063 1694 est,
1100 1629 1228 1700 quia
1261 1653 1282 1676 ‹‹
1313 1631 1491 1698 justus
1541 1646 1606 1684 ex
1655 1629 1720 1682 ﬁ-

138 1738 158 1760 α
183 1715 249 1770 de
277 1715 406 1771 vivit
437 1717 662 1785 (Ilabac.
697 1733 754 1783 tt,
803 1720 871 1782 4;
907 1720 1058 1774 Rom.
1107 1734 1145 1782 ι,
1200 1719 1309 1789 1⁸7).
1351 1743 1372 1767 ››
1414 1720 1521 1773 Lex
1543 1727 1722 1774 autem

136 1827 156 1849 «
191 1819 299 1859 non
319 1811 403 1859 est
433 1821 497 1859 ex
527 1803 635 1860 ﬁde
669 1821 680 1860 :
716 1806 812 1860 sed
847 1830 868 1853 ‹‹
905 1806 996 1878 qui
1027 1806 1217 1862 fecerit
1247 1823 1332 1876 ea,
1366 1807 1510 1863 vivet
1539 1807 1591 1860 in
1615 1807 1724 1862 illis

137 1915 155 1937 «
193 1894 388 1960 (Leuit.
440 1908 598 1959 xvm,
651 1895 726 1963 5).
768 1919 788 1943 »
825 1894 1075 1949 Christus
1119 1903 1302 1950 autem
1348 1911 1448 1950 nos
1491 1897 1723 1951 redemit

137 2004 156 2027 α
191 1981 258 2036 de
287 1981 582 2038 maledicto
611 1982 751 2053 legis
781 1997 792 2036 :
826 1982 1001 2038 factus
1032 2001 1131 2054 pro
1161 1985 1319 2040 nobis
1349 1985 1721 2053 maledictum,

137 2093 156 2114 «
191 2070 314 2142 quia
344 2071 603 2142 scriptum
645 2080 727 2126 est
757 2089 770 2125 :
801 2073 1120 2128 Maledictus
1170 2073 1348 2128 omnis
1393 2074 1598 2146 [homo]
1637 2075 1728 2146 qui

134 2179 153 2207 ι
181 2159 382 2229 pendet
438 2160 494 2213 in
523 2159 674 2232 ligno
706 2162 890 2229 (Deut.
926 2177 1048 2228 XXI,
1080 2162 1192 2233 23),
1233 2187 1253 2209 υ
1289 2171 1346 2216 ut
1389 2164 1445 2216 in
1476 2164 1729 2235 gentibus

136 2270 155 2290 ιι
191 2245 499 2302 benedictio
530 2249 764 2303 Abrahae
790 2248 946 2305 ﬁeret
993 2251 1045 2304 in
1078 2251 1296 2305 Christo
1323 2253 1471 2316 Jesu,
1517 2259 1572 2305 ut
1604 2252 1728 2323 pol-

137 2357 156 2378 «
190 2334 543 2391 licitationem
586 2337 808 2408 spiritus
838 2339 1173 2410 accipiamus
1213 2357 1310 2410 per
1355 2339 1544 2395 ﬁdem.
1596 2341 1728 2395 Fra-

135 2447 154 2470 «
194 2432 304 2480 tres
365 2426 690 2495 (secundum
731 2428 1006 2483 hominem
1060 2429 1204 2499 dico)
1266 2437 1447 2484 tamen
1493 2430 1729 2484 hominis

134 2535 153 2558 «
195 2512 577 2570 conﬁrmatum
617 2524 1000 2572 testamentum
1030 2533 1190 2573 nemo
1223 2518 1450 2588 spernit,
1488 2527 1581 2573 aut
1630 2536 1727 2573 su-

133 2624 151 2645 «
184 2603 501 2673 perordinat
559 2605 744 2675 (Hebr.
805 2621 886 2671 Ix,
941 2606 1050 2675 i7).
1103 2607 1335 2661 Abrahae
1393 2607 1552 2663 dictae
1608 2616 1731 2662 sunt

134 2713 153 2734 «
186 2692 600 2760 promissiones,
635 2701 688 2747 et
716 2693 908 2748 semini
938 2695 1074 2764 ejus.
1109 2696 1230 2750 Non
1254 2695 1384 2750 dicit
1417 2704 1469 2750 et
1499 2696 1728 2750 semini-

135 2802 154 2824 α
188 2778 308 2848 bus,
343 2781 500 2852 quasi
531 2781 586 2835 in
627 2782 833 2850 multis,
866 2784 966 2838 sed
995 2784 1153 2855 quasi
1183 2784 1238 2837 in
1277 2800 1405 2853 uno,
1442 2793 1495 2840 et
1535 2786 1729 2840 semini

134 2887 154 2916 ι
186 2874 277 2923 tuo
309 2870 402 2940 qui
432 2878 516 2925 est
546 2870 813 2926 Christus.
860 2873 976 2928 Hoc
1011 2880 1190 2927 autem
1239 2873 1382 2943 dico,
1435 2881 1728 2930 testamen-

133 2974 152 2997 «
185 2959 295 3006 tum
327 2953 699 3009 conﬁrmatum
731 2973 759 3009 a
781 2956 917 3011 Deo.
969 2957 1103 3025 Quae
1131 2966 1255 3028 post
1297 2957 1731 3029 quadringentor

132 3062 151 3084 «
185 3049 236 3094 et
256 3042 482 3114 triginta
519 3058 694 3098 annos
725 3042 866 3100 facta
913 3053 995 3100 est
1035 3045 1142 3115 lex,
1177 3062 1288 3100 non
1335 3046 1550 3102 irritum
1598 3047 1729 3103 facit

134 3151 154 3173 σε
187 3128 254 3183 ad
304 3132 680 3186 evacuandam
725 3133 1163 3203 promissionem.
1215 3135 1354 3189 Nam
1397 3136 1443 3189 si
1492 3152 1556 3190 ex
1605 3135 1728 3208 lege

133 3239 152 3261 «
187 3217 500 3286 hereditas,
527 3221 640 3290 jam
678 3237 785 3276 non
816 3238 880 3277 ex
912 3223 1297 3294 promissione.
1348 3225 1585 3280 Abrahae
1632 3241 1728 3280 au-

1825 665 1933 704 non
1963 648 2106 703 enim
2138 647 2395 702 differunt
2423 663 2455 702 a
2484 648 2707 713 vetulis,
2743 665 2865 719 qua:
2895 648 3127 704 credunt
3157 648 3426 719 quosdam

1824 737 2183 793 fascinatores
2215 737 2333 791 solo
2354 737 2475 792 visu
2498 753 2660 807 posse
2692 752 3041 807 corrumpere
3063 753 3202 808 quos
3223 737 3426 793 volunt.

1829 828 1936 881 Vos
1966 826 2091 882 dico
2120 825 2414 880 fascinatos
2439 830 2575 880 ante
2597 827 2786 881 oculos
2814 842 3050 897 quorum
3082 825 3233 896 (quia
3251 826 3426 897 ipsam

1823 916 2110 970 veritatem
2151 915 2362 969 habetis
2392 921 2441 969 et
2471 914 2827 986 cognoscitis)
2858 923 2909 968 et
2940 915 2992 968 in
3026 914 3198 970 oculis
3226 915 3428 970 vestris

1827 1003 2084 1060 Christus
2121 1005 2280 1060 Jesus
2305 1005 2656 1076 proscriptus
2695 1008 2794 1059 est.
2831 1003 3170 1074 Proscriptus
3208 1004 3424 1071 dicitur,

1824 1093 1915 1164 qui
1961 1109 1990 1146 a
2039 1109 2212 1165 regno
2259 1101 2311 1148 et
2338 1092 2649 1147 haereditate
2682 1108 2780 1146 sua
2822 1092 3126 1162 depellitur.
3161 1093 3202 1147 Ii
3247 1101 3427 1149 autem

1824 1181 2098 1235 Christum
2127 1198 2156 1235 a
2174 1197 2349 1254 regno
2379 1190 2432 1237 et
2450 1181 2766 1236 haereditate
2789 1196 2888 1235 sua
2908 1181 3271 1252 depellabant,
3296 1183 3427 1237 dum

1823 1271 2037 1340 seipsos
2080 1271 2135 1324 in
2165 1271 2362 1341 quibus
2393 1285 2626 1342 regnare
2657 1269 2912 1336 debebat,
2956 1278 3008 1325 et
3031 1270 3122 1341 qui
3143 1271 3258 1339 ejus
3280 1279 3430 1326 erant

1823 1359 2131 1425 hzereditas,
2182 1359 2397 1414 Christo
2428 1359 2831 1414 subducebant.
2887 1359 3010 1414 Non
3049 1359 3225 1414 solum
3267 1376 3429 1430 pros-

1824 1449 2064 1518 criptus;
2100 1447 2197 1503 sed
2226 1447 2385 1503 etiam
2417 1447 2665 1502 Christus
2711 1455 2793 1502 est
2822 1449 2884 1502 in
2917 1448 3064 1503 vobis
3093 1449 3426 1518 cruciﬁxus.

1823 1538 1946 1592 Non
1977 1536 2120 1591 enim
2151 1537 2328 1610 magis
2367 1536 2520 1592 viluit
2569 1535 2808 1592 213
2859 1537 3108 1592 Christus
3151 1537 3206 1592 in
3254 1538 3430 1594 oculis

1822 1626 2134 1681 Judieorum
2183 1634 2236 1680 et
2262 1625 2438 1692 Pilati,
2459 1641 2620 1697 quam
2651 1625 2704 1678 in
2736 1625 2908 1693 vobis,
2934 1626 3024 1697 qui
3047 1627 3127 1682 sic
3155 1643 3280 1681 eum
3297 1643 3429 1683 con-

1826 1715 2087 1769 temnitis.
2136 1714 2232 1770 Vel
2279 1715 2387 1768 ita:
2435 1716 2573 1768 Ante
2641 1714 2830 1769 oculos
2878 1731 3112 1786 quorum
3180 1716 3429 1770 Christus

1826 1805 2164 1874 proscriptus
2195 1810 2277 1858 est
2307 1805 2360 1856 in
2390 1803 2527 1869 aliis,
2565 1818 2702 1874 quos
2749 1803 2893 1858 malo
2941 1803 3192 1875 exemplo
3239 1805 3433 1876 depra-

1752 1922 1806 1984 Β
1829 1893 2017 1959 vastis,
2051 1901 2103 1946 et
2125 1892 2287 1946 etiam
2315 1891 2371 1945 in
2392 1892 2548 1946 vobis
2577 1891 2728 1962 ipsis,
2766 1891 2856 1963 qui
2904 1892 3178 1947 Christum
3208 1893 3432 1964 repelli-

1828 1981 1897 2035 tis
1927 1998 1956 2035 a
1988 1981 2169 2037 vobis.
2211 1982 2277 2035 Et
2307 1981 2435 2036 licet
2477 1981 2551 2034 ita
2582 1980 2650 2034 sit
2679 1980 3038 2051 proscriptus,
3090 1989 3273 2036 tamen
3315 1982 3434 2054 ipse

1827 2086 1928 2141 pro
1956 2070 2112 2126 vobis
2141 2077 2224 2124 est
2254 2067 2562 2139 cruciﬁxus,
2596 2085 2697 2124 nec
2728 2069 2800 2123 ita
2821 2077 2967 2124 esset
2985 2070 3429 2140 proscribendus.

1829 2160 1944 2215 Hoc
1975 2159 2258 2214 evidenter
2295 2158 2542 2214 inseruit.
2575 2159 2736 2213 Modo
2767 2159 3051 2214 revertitur
3080 2160 3150 2214 ad
3195 2159 3350 2215 illud.
3385 2161 3432 2216 Ο

1829 2265 1930 2304 vos
1962 2248 2244 2314 insensati,
2298 2247 2426 2303 licet
2463 2247 2626 2302 modo
2675 2247 2804 2302 satis
2861 2248 3210 2318 probaverim
3268 2247 3432 2304 ﬁdem

1828 2337 2029 2403 valere,
2064 2337 2244 2408 legem
2275 2336 2488 2390 irritam
2517 2352 2654 2402 esse,
2689 2344 2743 2390 et
2781 2336 2908 2391 licet
2935 2352 3034 2391 vos
3064 2337 3325 2393 insensati
3352 2338 3434 2393 si-

1829 2427 1916 2493 tis,
1951 2434 2130 2480 tamen
2161 2441 2260 2480 vos
2284 2425 2433 2496 ipsos
2463 2424 2657 2480 faciam
2688 2423 2930 2481 conﬁteri
2959 2433 3010 2480 et
3031 2427 3269 2496 probare
3286 2427 3431 2498 quod

1831 2531 1895 2568 ex
1925 2514 2032 2569 ﬁde
2075 2515 2142 2568 sit
2181 2514 2405 2584 justitia,
2439 2521 2492 2568 et
2538 2529 2646 2569 non
2685 2530 2751 2568 ex
2799 2513 2948 2584 lege.
2991 2513 3150 2582 Quod
3184 2515 3264 2572 sic
3307 2516 3426 2572 ait:

1830 2603 1994 2657 Multa
2024 2603 2126 2657 alia
2157 2610 2449 2658 occurrunt
2477 2618 2577 2672 per
2618 2603 2879 2674 quaehoc
2925 2603 3159 2673 probare
3190 2620 3430 2675 possem,

1831 2693 1928 2747 sed
1960 2692 2059 2747 hoc
2087 2693 2270 2748 solum
2303 2691 2515 2760 sufﬁcit,
2548 2700 2601 2746 et
2620 2693 2726 2747 hoc
2754 2693 2872 2747 volo
2894 2692 3105 2748 discere
3127 2711 3162 2749 α
3187 2695 3334 2750 vobis
3355 2714 3433 2753 an

1829 2782 2129 2853 accepistis
2157 2781 2436 2853 Spiritum
2482 2785 2747 2836 sanctum
2797 2797 2870 2837 ea:
2903 2782 3039 2852 lege,
3089 2799 3166 2837 an
3196 2799 3271 2838 ea:
3298 2785 3429 2853 ﬁde.

1829 2871 1910 2924 Ex
1941 2870 2064 2941 lege
2098 2886 2224 2938 non,
2261 2869 2386 2940 quia
2422 2885 2532 2935 vos,
2571 2869 2823 2940 gentiles,
2852 2869 3032 2940 legem
3062 2886 3172 2925 non
3200 2872 3432 2928 habuis-

1830 2959 1919 3012 tis.
1953 2960 2021 3012 Et
2052 2974 2160 3013 non
2193 2958 2262 3013 ita
2295 2958 2613 3029 simpliciter
2639 2958 2810 3029 ponit,
2857 2959 2955 3013 sed
2984 2959 3154 3014 addit.
3177 2961 3261 3015 Ex
3291 2977 3433 3033 ope-

1831 3049 1985 3102 ribus
2032 3047 2193 3120 legis,
2234 3064 2303 3101 an
2342 3065 2407 3102 ex
2455 3047 2639 3102 auditu
2689 3046 2834 3116 ﬁdei,
2873 3047 3187 3118 deprimens
3227 3050 3430 3122 legem,

1831 3138 1985 3206 cujus
2015 3152 2186 3208 Opera
2216 3145 2365 3191 erant
2394 3137 2782 3207 importabilia,
2811 3138 3202 3192 commendans
3233 3139 3393 3194 ﬁdem
3413 3185 3431 3209 ,

1833 3243 1954 3298 qua}
1984 3225 2236 3282 facillime
2267 3243 2332 3281 ex
2354 3225 2473 3281 solo
2494 3227 2676 3281 auditu
2704 3226 2954 3281 habetur.
2987 3228 3055 3281 Et
3076 3243 3202 3282 cum
3232 3245 3297 3283 ex
3327 3228 3434 3286 ﬁde

132 3326 152 3350 ιε
186 3313 292 3361 tem
323 3324 428 3378 per
450 3288 931 3379 repromissionem
962 3311 1183 3366 donavit
1210 3313 1377 3368 Deus.
1431 3311 1575 3381 Quid
1618 3314 1728 3386 igi-
1751 3288 1798 3348 Ο
1832 3288 2090 3381 Spiritum
2141 3311 2451 3381 accepistis,
2503 3313 2583 3366 sic
2613 3310 2776 3365 modo
2822 3313 2991 3367 stulti
3021 3315 3154 3368 estis
3190 3317 3255 3368 ut
3301 3330 3434 3370 cum

133 3416 151 3438 «
179 3401 261 3448 tur
286 3396 376 3451 lex
401 3398 430 3452 ?
464 3398 694 3469 Propter
721 3400 1214 3473 transgressionem
1259 3401 1438 3471 posita
1486 3409 1586 3470 est,
1621 3403 1725 3458 do-

131 3503 150 3526 «ι
175 3498 275 3539 nec
304 3485 524 3540 veniret
553 3503 759 3553 semen,
807 3489 894 3544 cui
941 3489 1286 3560 promiserat,
1338 3491 1581 3545 ordinata
1629 3508 1729 3562 per

130 3591 150 3620 ι
184 3573 417 3645 angelos
496 3575 552 3629 in
606 3592 770 3631 manu
827 3577 1154 3633 Mediatoris.
1228 3578 1493 3634 Mediator
1548 3589 1729 3635 autem

133 3661 333 3716 «unius
363 3679 481 3719 non
522 3672 641 3730 est;
672 3665 819 3720 Deus
867 3674 1049 3722 autem
1087 3683 1226 3722 unus
1274 3676 1375 3723 est.
1437 3669 1544 3723 Lex
1592 3685 1728 3742 ergo

126 3771 144 3792 ιι
180 3750 448 3807 adversus
478 3754 747 3823 promissa
779 3755 926 3810 Dei?
957 3755 1148 3811 Absit!
1183 3756 1239 3811 Si
1260 3757 1403 3812 enim
1428 3759 1553 3813 data
1583 3767 1730 3814 esset

129 3857 149 3886 ι
179 3837 283 3904 lex,
319 3858 448 3912 quae
482 3850 669 3912 posset
699 3843 973 3900 viviﬁcare
1000 3863 1014 3911 ;
1044 3861 1173 3902 vere
1201 3863 1268 3901 ex
1298 3846 1424 3919 lege
1457 3856 1598 3903 esset
1634 3848 1728 3917 ju-

129 3947 148 3968 ε
181 3927 340 3984 stitia.
378 3931 498 3985 Sed
527 3931 790 3986 conclusit
819 3933 1095 4004 Scriptura
1127 3935 1311 3989 omnia
1344 3936 1446 3990 sub
1475 3945 1726 4007 peccato,

128 4036 146 4060 ιι
179 4024 233 4069 ut
252 4018 560 4088 promissio
591 4036 656 4075 ex
689 4019 796 4076 ﬁde
840 4023 970 4077 Jesu
1000 4023 1199 4078 Christi
1246 4023 1467 4080 daretur
1494 4026 1728 4081 creden-

126 4126 144 4148 «
177 4103 338 4161 tibus.
372 4108 542 4162 Prius
573 4118 753 4176 amem
783 4127 946 4182 quam
995 4111 1206 4168 veniret
1249 4112 1404 4180 ﬁdes,
1459 4115 1561 4169 sub
1605 4115 1730 4188 lege

129 4213 148 4236 ει
179 4195 668 4264 custodiebamur;
703 4199 946 4254 conclusi
975 4199 1030 4254 in
1061 4216 1184 4255 eam
1221 4201 1384 4256 tidem
1416 4219 1536 4274 quae
1568 4219 1729 4259 reve-

131 4301 148 4323 α
181 4279 340 4338 landa
368 4294 517 4340 erat.
563 4285 750 4358 Itaque
797 4287 882 4342 lex
921 4288 1257 4361 paedagogus
1303 4299 1492 4346 noster
1534 4291 1634 4346 fuit
1677 4293 1732 4347 in

130 4370 417 4440 «Christo,
452 4383 514 4428 ut
545 4391 612 4429 ex
641 4374 748 4430 ﬁde
788 4375 1167 4445 justiﬁcemur.
1213 4382 1281 4434 At
1330 4380 1423 4434 ubi
1472 4381 1617 4436 venit
1663 4380 1731 4434 ﬁ-

131 4478 149 4501 ει
181 4457 295 4529 des,
330 4462 448 4531 jam
481 4479 596 4518 non
628 4480 816 4519 sumus
846 4466 948 4520 sub
976 4467 1306 4540 paedagogo.
1342 4468 1548 4524 Omnes
1587 4470 1732 4525 enim

132 4568 150 4586 υ
179 4545 269 4602 ﬁlii
299 4551 402 4606 Dei
435 4551 575 4607 estis
604 4568 705 4623 per
736 4553 917 4622 ﬁdem,
961 4555 1018 4610 in
1045 4557 1258 4612 Christo
1304 4559 1454 4613 Jesu.
1489 4558 1730 4627 Quicun-

133 4655 149 4678 υ
181 4652 284 4708 que
313 4640 467 4696 enim
498 4641 557 4696 in
589 4641 805 4698 Christo
842 4644 1093 4716 baptizati
1141 4646 1292 4714 estis,
1326 4647 1601 4704 Christum
1638 4649 1728 4703 in-

132 4739 153 4772 ι
181 4725 389 4784 duistis.
425 4731 559 4786 Non
591 4739 675 4799 est
702 4731 942 4799 Iudaeus,
978 4749 1156 4806 neque
1187 4734 1454 4804 Graecus;
1487 4752 1597 4793 non
1647 4746 1728 4793 est

135 4833 152 4855 ε
183 4829 392 4886 servus,
435 4835 626 4890 neque
670 4819 848 4888 liber;
905 4838 1016 4878 non
1082 4831 1166 4878 est
1203 4825 1498 4892 masculus,
1547 4843 1729 4899 neque

135 4901 400 4962 «femina.
435 4907 654 4964 Omnes
695 4910 838 4964 enim
886 4927 985 4967 vos
1024 4929 1193 4967 unum
1242 4913 1374 4969 estis
1415 4914 1471 4968 in
1514 4916 1730 4972 Christo

137 5010 154 5031 α
184 4991 322 5049 Jesu.
365 4996 426 5052 Si
458 5004 654 5053 autem
684 5014 781 5054 vos
817 4999 1038 5068 Christi,
1091 5017 1224 5075 ergo
1271 5018 1461 5060 semen
1499 5005 1730 5061 Abrahm

138 5097 158 5126 ι
187 5083 329 5154 estis,
361 5086 681 5143 secundum
710 5088 1133 5159 promissionem
1164 5091 1431 5148 haeredes.
1470 5116 1491 5142 υ

775 5344 1094 5389 EXPOSI'HO.

199 5515 259 5572 Et
279 5521 734 5594 quandoquidem
758 5539 858 5594 per
884 5525 1048 5580 ﬁdem
1065 5525 1291 5595 justitia,
1308 5534 1362 5582 et
1391 5543 1500 5584 non
1530 5544 1630 5600 per
1653 5527 1732 5583 le-

138 5618 267 5673 gem,
296 5627 324 5664 ο
347 5613 644 5667 insensati
669 5612 906 5681 Galatae,
936 5616 1030 5686 qui
1070 5630 1161 5669 vos
1191 5618 1502 5686 fascinavit
1530 5623 1732 5674 utnon

139 5696 421 5755 crederetis
453 5701 699 5756 veritati
723 5705 746 5754 ἵ
775 5701 1063 5758 Veritatem
1084 5704 1296 5760 habetis
1325 5705 1381 5760 in
1409 5705 1584 5772 vobis,
1619 5705 1733 5762 sci-

140 5777 247 5841 licet
274 5786 436 5846 ﬁdem
468 5788 702 5860 Christi,
727 5806 848 5863 quae
862 5808 993 5850 vere
1007 5792 1284 5864 justiﬁcat,
1310 5801 1363 5851 et
1381 5809 1494 5853 non
1512 5793 1733 5853 creditis

1828 3416 1930 3472 per
1965 3401 2248 3471 Spiritum
2270 3401 2554 3472 cwperitis
2586 3399 2807 3465 salvari,
2839 3417 2995 3456 nunc
3023 3417 3216 3469 carne,
3249 3402 3304 3457 id
3351 3412 3435 3460 est

1830 3503 1927 3559 per
1955 3488 2228 3543 carnalem
2258 3487 2441 3560 legem
2462 3489 2958 3555 consum-memini,
2993 3489 3045 3544 id
3077 3498 3159 3544 est
3185 3490 3436 3561 perﬁcia-

1829 3577 1981 3631 mini.
2017 3577 2312 3631 Plurimum
2344 3577 2589 3648 desipitis
2630 3593 2754 3632 cum
2783 3577 2915 3631 illud
2947 3579 3091 3648 quod
3139 3579 3317 3634 minus
3348 3589 3432 3636 est

1831 3665 2062 3734 (scilicet
2091 3666 2354 3736 incipere)
2389 3665 2611 3736 Spiritui
2641 3666 2804 3734 datis,
2838 3674 2890 3720 et
2928 3667 3058 3721 illud
3090 3669 3236 3738 quod
3256 3670 3433 3738 majus

1832 3755 1908 3826 (id
1930 3763 2012 3810 est
2039 3755 2324 3825 perﬁcere)
2355 3755 2644 3810 attribuitis
2666 3754 2837 3810 carni.
2863 3755 2931 3810 Et
2951 3755 3078 3827 quia
3096 3773 3197 3827 per
3211 3773 3433 3814 carnem

1831 3844 2352 3900 consummationem
2401 3844 2663 3916 quaeritis,
2712 3847 2835 3900 sine
2872 3861 3046 3901 causa
3094 3849 3230 3902 estis
3279 3849 3436 3919 passi

1835 3937 2022 3988 tanta.
2052 3935 2163 3988 Vos
2193 3933 2416 4005 quidem
2447 3933 2617 3988 multa
2646 3934 2792 4004 passi
2825 3934 2958 3989 estis
2985 3935 3056 3990 ab
3085 3934 3395 3992 inﬁdelibus
3417 3979 3433 4005 ,

1833 4022 1929 4077 sed
1952 4021 2173 4076 frustra.
2213 4023 2347 4078 Sine
2391 4039 2565 4078 causa
2595 4023 2718 4078 dico
2764 4038 2863 4078 vos
2912 4030 3052 4078 tanta
3091 4039 3324 4095 passos;
3358 4033 3438 4081 ta-

1831 4127 1959 4165 men
1991 4112 2094 4166 hac
2124 4111 2454 4179 conditione,
2489 4113 2539 4168 si
2567 4113 2693 4168 sine
2714 4129 2906 4178 causa,
2940 4112 2995 4166 id
3025 4121 3109 4168 est
3138 4115 3184 4167 si
3204 4113 3438 4170 incorri-

1833 4199 2030 4271 gibiles
2062 4201 2213 4254 estis.
2249 4200 2304 4255 Si
2335 4201 2479 4256 enim
2511 4199 2838 4271 poeniteatis,
2873 4210 3074 4272 praesto
3123 4210 3206 4257 est
3252 4202 3438 4259 indul-

1833 4288 2044 4361 gentia.
2084 4289 2152 4342 Et
2183 4288 2263 4344 sic
2300 4289 2489 4345 dicens
2525 4289 2727 4344 revelat
2758 4305 2911 4360 spem
2937 4306 3144 4346 eorum.
3181 4292 3282 4346 Per
3308 4291 3436 4349 illos

1834 4393 1973 4448 quos
2000 4394 2066 4432 ex
2114 4376 2222 4432 ﬁde
2272 4377 2387 4433 sola
2434 4377 2684 4449 probavit
2729 4379 2935 4434 habere
2982 4379 3263 4450 Spiritum,
3309 4382 3437 4452 quia

1833 4481 2110 4538 nunquam
2147 4465 2327 4538 legem
2356 4467 2674 4521 habuerant.
2713 4466 2840 4521 Vult
2869 4468 3033 4524 modo
3079 4469 3316 4540 probare
3365 4471 3437 4528 de

1835 4570 1894 4610 se
1925 4555 2091 4626 quod,
2126 4571 2247 4610 cum
2280 4563 2571 4627 utrumque
2607 4555 2877 4621 habuerit,
2908 4556 3088 4627 legem
3131 4565 3186 4612 et
3217 4556 3380 4613 ﬁdem
3415 4577 3432 4627 ;

1757 4647 1812 4708 D
1833 4659 1932 4715 per
1959 4643 2122 4699 ﬁdem
2167 4651 2346 4699 tamen
2377 4643 2634 4716 Spiritum
2670 4645 2900 4715 accepit,
2947 4660 3057 4700 non
3103 4663 3202 4718 per
3228 4645 3434 4719 legem.

1833 4731 1993 4802 Quod
2025 4733 2130 4787 nisi
2160 4733 2438 4804 probaret,
2473 4733 2806 4788 dubietatem
2838 4733 3194 4806 relinqueret.

1903 4822 2059 4878 Unde
2099 4822 2174 4878 sic
2206 4822 2280 4877 ait
2311 4839 2324 4876 :
2358 4821 2813 4894 Quandoquidem
2836 4838 2930 4880 vos
2951 4839 3016 4879 ex
3039 4822 3147 4880 ﬁde
3177 4824 3438 4896 Spiritum

1832 4910 2144 4982 accepistis,
2175 4918 2227 4966 et
2259 4926 2368 4966 non
2399 4928 2465 4966 ex
2509 4912 2652 4983 lege,
2685 4928 2813 4984 ergo
2859 4912 3052 4968 Paulus
3090 4915 3188 4986 qui
3231 4915 3441 4973 tribuit

1831 4999 1980 5055 vobis
2010 4999 2288 5070 Spiritum,
2335 4999 2390 5054 id
2438 5008 2522 5055 est
2570 5017 2670 5071 per
2708 5015 2902 5056 manus
2947 5003 3102 5072 cujus
3147 5003 3440 5075 accepistis

1833 5088 2092 5159 Spiritum
2119 5097 2389 5155 sanctum,
2423 5096 2475 5144 et
2497 5089 2590 5160 qui
2618 5094 2889 5163 aperatur
2917 5091 3161 5148 virtutes
3190 5101 3245 5148 et
3272 5093 3442 5150 mira-

1832 5177 1956 5233 cula
1986 5179 2050 5233 in
2090 5179 2256 5244 vobis,
2289 5177 2452 5234 dicite
2485 5179 2652 5234 modo
2682 5195 2752 5234 an
2783 5196 2857 5235 ex
2887 5181 3144 5254 operibus
3176 5183 3311 5255 legis
3340 5183 3443 5240 ha-

1833 5266 1947 5322 buit
1978 5267 2267 5338 Spiritum,
2301 5285 2377 5323 an
2425 5284 2499 5323 ea:
2542 5269 2747 5326 auditu
2791 5270 2972 5339 ﬁdei?
3009 5271 3091 5325 Ex
3138 5271 3294 5328 vobis
3335 5288 3442 5344 per

1834 5355 2010 5412 simile
2033 5357 2284 5425 judicare
2313 5357 2566 5427 potestis,
2597 5356 2724 5430 quia
2755 5373 2821 5413 ex
2865 5357 2971 5414 ﬁde
3019 5374 3130 5415 non
3170 5377 3238 5415 ex
3288 5359 3436 5435 lege,

1831 5443 1960 5500 licet
1989 5453 2276 5518 utrumque
2304 5445 2579 5502 habuerit.
2631 5448 2713 5502 Ex
2761 5445 2868 5503 ﬁde
2907 5448 3138 5504 habetur
3180 5448 3436 5520 Spiritus.

1834 5535 1914 5588 Ex
1945 5532 2051 5589 ﬁde
2082 5535 2313 5591 habetur
2334 5535 2560 5604 justitia,
2593 5543 2646 5592 et
2675 5552 2741 5592 ex
2762 5534 2868 5591 ﬁde
2888 5537 3200 5608 promissio.
3221 5538 3441 5596 Littera

1836 5622 1914 5679 sic
1938 5623 2188 5696 jungitur
2219 5642 2232 5679 :
2268 5625 2350 5680 Ex
2381 5623 2488 5680 ﬁde
2518 5625 2598 5681 sic
2627 5626 2860 5680 habetur
2889 5627 3138 5698 Spiritus,
3189 5628 3328 5684 sicut
3371 5645 3438 5684 ex

1835 5711 2025 5768 eadem
2064 5711 2172 5768 ﬁde
2205 5713 2433 5769 habetur
2454 5713 2688 5783 justitia.
2725 5714 2939 5770 Iustitia
2978 5715 3166 5789 utique
3195 5731 3262 5771 ex
3294 5715 3428 5773 ﬁde.

1833 5802 1976 5858 Nam
2003 5801 2290 5860 Abraham
2315 5804 2559 5860 credidit
2585 5806 2714 5874 Deo,
2739 5802 2795 5860 id
2824 5811 2908 5861 est
2937 5804 3102 5862 ﬁdem
3133 5803 3341 5875 habuit,
3385 5813 3440 5862 et
