3932 6454
463 415 570 470 ἳθὸ

1000 415 1054 469 S.
1091 413 1442 471 BRUNONIS
1480 411 2129 470 CARTHUSIANORUM
2183 413 2668 472 INSTITUTORIS
2721 415 2872 472 OPP.
2934 416 3110 473 PARS
3139 417 3215 472 II.

3663 419 3763 472 296

469 538 574 593 hoc
595 538 840 603 credere,
861 543 1186 612 reputatum
1208 543 1292 594 est
1315 540 1365 594 ei
1384 537 1734 594 suﬁiciensad
1755 537 2058 593 habendam
2079 539 2133 598 Α
2163 552 2299 593 onus
2331 539 2487 609 legis,
2532 548 2792 612 quantum
2832 555 2933 597 nec
2962 540 3066 612 ipsi
3094 547 3279 612 patres
3310 555 3503 596 eorum
3543 547 3763 612 portare

459 628 777 698 justitiam.
811 628 875 681 Et
907 628 1035 698 quia
1065 628 1337 682 Abraham
1367 645 1464 698 per
1494 628 1656 682 ﬁdem
1683 627 1870 682 habuit
1901 626 2058 696 justi-

465 714 612 783 tiam,
644 732 769 787 ergo
794 717 1106 787 cognoscite
1140 717 1288 788 quia,
1320 720 1636 790 quicunque
1661 724 1786 770 sunt
1815 732 1888 770 ea:
1917 717 2024 784 ﬁde
2046 757 2058 781 ,

462 811 514 858 et
543 819 651 859 non
682 821 748 858 ex
768 804 890 876 lege
914 805 1072 873 (sicut
1103 821 1203 860 nec
1224 806 1497 860 Abraham
1549 814 1676 860 tunc
1707 807 1844 873 erat)
1894 807 1938 859 ii
1965 820 2064 874 per

461 891 622 947 ﬁdem
644 897 780 947 sunt
800 893 910 961 ﬁlii
950 893 1204 958 Abrahtr,
1239 893 1291 947 id
1323 901 1403 947 est
1427 894 1578 962 justi,
1613 893 1738 964 quia
1769 893 2061 947 imitatores

458 978 584 1035 ﬁdei
623 989 748 1035 sunt
782 981 1034 1036 Abrahm.
1079 982 1220 1036 Nom
1263 981 1439 1036 solum
1477 998 1574 1052 per
1621 981 1783 1036 ﬁdem
1829 981 2061 1035 habetur

459 1069 690 1140 Spiritus
720 1078 772 1124 et
787 1070 1009 1138 justitia,
1044 1070 1142 1124 sed
1173 1070 1337 1124 etiam
1378 1071 1431 1124 in
1481 1069 1587 1124 ﬁde
1618 1070 1842 1125 habetur
1885 1069 2058 1124 bene-

453 1158 640 1222 dictio,
674 1158 814 1214 sicut
844 1157 917 1212 ibi
946 1158 1164 1227 legitur.
1217 1158 1263 1213 Ο
1315 1159 1586 1213 Abraham
1631 1160 1692 1213 in
1745 1163 1818 1224 te,
1872 1159 1926 1212 id
1976 1165 2057 1212 est

454 1246 508 1301 in
540 1246 890 1302 similitudine
931 1247 1054 1301 fidei
1091 1255 1232 1313 ture,
1284 1247 1684 1302 benedicentur
1725 1262 1832 1301 non
1882 1245 2056 1300 solum

451 1335 644 1400 Judaei,
680 1335 777 1390 sed
807 1335 971 1390 etiam
999 1352 1190 1391 omnes
1219 1340 1439 1406 gentes.
1480 1335 1587 1390 Sed
1619 1344 1911 1407 antequam
1961 1351 2058 1404 po-

453 1432 548 1479 nat
595 1425 734 1480 hanc
771 1425 1185 1492 auctoritatem,
1233 1423 1493 1494 praedicit,
1533 1424 1806 1496 quomodo
1855 1423 2056 1477 intelli-

454 1513 695 1584 gendum
725 1512 794 1566 sit
822 1512 977 1579 illud,
1001 1515 1064 1568 in
1094 1517 1165 1577 te,
1190 1513 1379 1567 dicens
1414 1530 1426 1566 :
1459 1513 1753 1584 Scriptura
1777 1512 1830 1566 in
1853 1511 2056 1566 Genesi

446 1602 770 1674 providens,
803 1601 856 1655 id
905 1609 987 1656 est
1034 1601 1331 1656 ostendens
1379 1602 1553 1655 Deum
1603 1601 1943 1672 providisse;
1978 1600 2055 1655 sic

451 1690 595 1745 enim
642 1689 711 1744 ab
767 1697 992 1744 azterno.
1051 1690 1198 1744 Deus
1222 1688 1566 1755 deliberavit,
1599 1688 1919 1758 providens,
1973 1687 2055 1741 in-

454 1793 638 1850 quam,
673 1778 775 1832 hoc
823 1779 976 1850 quia,
1027 1776 1082 1830 id
1125 1784 1206 1830 est
1250 1776 1392 1849 quod
1437 1779 1583 1832 Deus
1631 1777 1903 1844 iustiﬁcat
1946 1792 2055 1830 non

2164 636 2476 697 potuerunt.

2234 717 2482 772 Probavit
2513 717 2693 784 modo,
2728 735 2826 789 per
2855 717 3130 773 Abraham
3162 727 3214 773 et
3235 718 3482 789 Moysen,
3499 717 3764 787 justitiam

2162 806 2354 861 haberi
2384 823 2447 861 ex
2480 806 2607 872 ﬁde,
2642 816 2693 861 et
2723 806 3160 863 benedictionem
3207 808 3351 876 (Act.
3379 823 3471 874 xv,
3511 809 3625 876 tt),
3664 808 3764 862 hoc

2160 902 2446 966 utrumque
2480 911 2602 950 esse
2630 912 2695 950 ex
2736 893 2840 950 ﬁde
2870 895 3062 950 iterum
3096 895 3287 966 probat
3330 911 3432 966 per
3470 896 3760 951 Habacuc.

2160 983 2225 1037 Et
2255 983 2710 1039 considerandum
2741 993 2820 1038 est
2851 983 3122 1055 quomodo
3152 982 3314 1039 ﬁdem
3347 999 3572 1054 semper
3617 1001 3762 1054 pra:-

2161 1071 2293 1126 ferat
2340 1072 2468 1144 legi,
2499 1081 2549 1128 et
2579 1089 2677 1143 per
2708 1073 2978 1127 Abraham
3030 1077 3122 1144 qui
3153 1071 3250 1126 fuit
3292 1080 3415 1127 ante
3459 1071 3670 1143 legem,
3713 1081 3764 1127 et

2158 1177 2257 1231 per
2284 1162 2507 1232 Moysen
2538 1162 2783 1230 ejusdem
2812 1161 2951 1233 legis
2981 1161 3250 1224 datorem,
3283 1168 3334 1216 et
3354 1176 3454 1232 per
3474 1161 3760 1223 Habacuc.

2159 1249 2257 1302 sub
2285 1249 2399 1320 ipsa
2437 1249 2559 1321 lege
2592 1250 2880 1305 viventem.
2911 1250 2992 1304 Ex
3030 1248 3136 1304 ﬁde
3165 1248 3393 1303 habetur
3414 1248 3760 1317 justiﬁcatio.

2161 1338 2300 1404 Quia
2322 1343 2512 1393 autem
2535 1340 2595 1393 in
2627 1340 2740 1409 lege
2761 1354 2922 1394 nemo
2943 1337 3445 1409 justiﬁcatur(non
3467 1337 3596 1392 dico
3614 1338 3764 1408 apud

2158 1426 2610 1481 existimationem
2641 1427 2942 1496 hominum)
2967 1426 3063 1480 sed
3084 1426 3234 1498 apud
3253 1427 3450 1493 Deum,
3480 1428 3766 1487 manifes-

2160 1519 2283 1570 tum
2305 1521 2386 1570 est
2417 1515 2471 1570 in
2503 1515 2776 1581 Habacuc,
2809 1517 2940 1588 quia
2971 1515 3045 1570 ait
3074 1515 3220 1586 quod
3251 1531 3324 1570 ea:
3364 1515 3472 1584 ﬁde
3503 1513 3563 1568 ﬁt
3592 1515 3761 1570 homo

2145 1607 2360 1675 justus,
2394 1613 2445 1659 et
2473 1604 2564 1675 qui
2607 1605 2783 1672 justus
2835 1612 2936 1667 est,
2991 1605 3145 1669 vivit,
3192 1603 3248 1658 id
3299 1611 3381 1658 est
3425 1604 3762 1674 promissam

2157 1692 2593 1748 benedictionem
2623 1692 2994 1763 apprehendit,
3029 1700 3083 1748 et
3110 1691 3156 1746 si
3186 1708 3252 1746 ex
3288 1690 3393 1746 ﬁde
3425 1692 3540 1746 sola
3575 1692 3762 1761 justus

2156 1781 2304 1847 vivit,
2331 1790 2456 1836 tunc
2486 1797 2596 1835 non
2626 1798 2692 1835 ex
2723 1781 2867 1853 lege.
2901 1779 3214 1850 Opponeret
3243 1780 3334 1834 ille
3370 1797 3383 1834 :
3418 1780 3623 1835 Verum
3640 1779 3764 1852 qui-

451 1866 626 1921 solum
657 1864 797 1920 ﬁlios
824 1865 1003 1920 carnis
1032 1865 1285 1931 Abrahae,
1321 1865 1417 1919 sed
1450 1865 1612 1920 etiam
1644 1869 1859 1936 gentes,
1890 1864 2051 1932 justi-
2073 1894 2125 1954 Β
2155 1869 2299 1936 dem,
2350 1870 2495 1941 quod
2525 1886 2623 1940 per
2653 1868 2813 1924 ﬁdem
2858 1877 3069 1939 oportet
3098 1867 3385 1938 justiﬁcari
3431 1869 3720 1925 hominem
3746 1887 3760 1936 ;

452 1953 596 2021 ﬁcat,
630 1954 772 2021 dico,
801 1969 909 2009 non
940 1970 1006 2009 ex
1045 1953 1190 2025 lege,
1225 1954 1321 2008 sed
1363 1969 1436 2008 ex
1469 1955 1602 2022 ﬁde.
1653 1953 1749 2006 llla
1771 1953 2048 2022 Scriptura

453 2042 619 2116 longe
648 2051 772 2098 ante
817 2050 1029 2113 tempus
1079 2041 1269 2113 gratiae
1298 2041 1698 2112 praenuntiavit,
1738 2041 1791 2094 id
1841 2050 1922 2095 est
1951 2057 2048 2096 os-

451 2131 623 2188 tendit
653 2133 826 2186 Deum
865 2130 1257 2201 praenuntiasse
1301 2130 1553 2195 Abrahae,
1605 2129 1727 2200 quia
1769 2129 1823 2184 in
1855 2138 1904 2185 te
1950 2147 2050 2200 per

455 2220 719 2275 imitatam
769 2219 930 2276 ﬁdem
981 2218 1372 2275 benedicentur
1415 2233 1605 2274 omnes
1649 2225 1842 2290 gentes
1881 2219 2044 2289 (Gen.

455 2323 558 2379 xu,
592 2313 668 2380 3).

517 2485 828 2543 Notandum
854 2493 938 2541 est
963 2484 1130 2557 quod,
1167 2499 1289 2540 cum
1345 2483 1542 2539 debeat
1582 2483 1809 2555 probare
1852 2483 1920 2538 de
1953 2483 2046 2538 be-

448 2578 774 2645 nedictione,
797 2576 870 2631 ait
904 2591 916 2630 :
948 2573 1211 2631 Justiﬁcat
1261 2591 1323 2630 ex
1361 2573 1487 2639 ﬁde,
1539 2573 1849 2646 intelligens
1898 2574 2046 2645 quod

442 2667 532 2723 ubi
562 2666 817 2738 praecedit
839 2664 1062 2734 justitia,
1096 2664 1170 2718 ibi
1203 2680 1267 2719 ex
1298 2663 1625 2718 necessitate
1667 2663 1913 2734 sequitur
1941 2663 2043 2717 be-

442 2755 698 2812 nedictio.
731 2754 890 2823 Quod
937 2753 1025 2808 hic
1067 2761 1220 2808 vocat
1267 2751 1727 2820 benedictionem,
1779 2751 1925 2806 idem
1953 2751 2042 2805 in-

442 2844 632 2917 telligit
669 2842 1127 2915 promissionem”,
1169 2848 1550 2896 testamentum
1575 2881 1588 2908 ,
1649 2840 2040 2895 hmreditatem.

441 2934 711 2988 Praeterea
738 2930 1034 2986 videndum
1062 2937 1145 2984 est
1173 2929 1320 3000 quod
1360 2944 1469 2983 non
1508 2929 1814 3000 incongruo
1853 2927 2042 2982 ordine

434 3037 500 3078 ex
531 3019 638 3075 ﬁde
671 3019 820 3090 prius
858 3018 1086 3072 habetur
1134 3016 1387 3086 Spiritus,
1437 3016 1637 3071 dehinc
1679 3015 1910 3084 justitia.
1955 3015 2038 3070 Ad

439 3109 689 3165 ultimum
717 3106 1042 3162 benedictio.
1079 3105 1205 3160 Post
1253 3103 1414 3158 ﬁdem
1463 3103 1609 3158 enim
1659 3103 1837 3158 statim
1882 3104 2041 3158 datur

441 3197 692 3269 Spiritus,
727 3195 844 3249 sine
875 3209 982 3266 quo
1011 3208 1173 3248 nemo
1203 3201 1381 3263 potest
1411 3193 1549 3247 bene
1571 3192 1804 3263 operari.
1829 3192 2039 3248 Dehinc

438 3252 536 3358 per
562 3252 909 3353 adjuvanteni
936 3252 1220 3352 Spiritum,
1247 3289 1548 3351 sequuntur
1588 3252 1754 3351 dpera
1795 3281 2034 3350 justitiae.
2061 3252 2108 3312 Ο

442 3375 569 3429 Post
596 3371 860 3442 justitiam
917 3370 1161 3441 sequitur
1215 3369 1521 3424 benedictio
1547 3413 1560 3434 ,
1606 3368 1828 3426 214
1867 3369 1920 3422 id
1956 3377 2040 3424 est

432 3463 700 3531 justorum
755 3475 982 3531 operum
1023 3458 1324 3514 retributio.
1368 3458 1436 3512 Et
1492 3457 1583 3528 qui
1629 3457 1909 3528 Scriptura
1959 3458 2038 3514 sic

442 3551 514 3606 ait
542 3567 642 3623 per
662 3549 822 3604 ﬁdem
853 3548 1142 3615 mediante,
1169 3547 1378 3616 justitia
1422 3546 1855 3602 benedictionem
1898 3562 2033 3602 con-

442 3641 615 3712 sequi,
645 3641 824 3711 igitur
851 3639 894 3693 ii
913 3640 1008 3711 qui
1028 3641 1166 3692 sunt
1189 3653 1262 3691 ex
1282 3635 1410 3704 ﬁde,
1434 3636 1490 3690 id
1508 3643 1589 3689 est
1613 3635 1704 3706 qui
1728 3651 1849 3689 esse
1878 3651 2032 3689 suum

439 3729 708 3786 collocant
734 3728 790 3782 in
828 3725 954 3791 ﬁde,
989 3725 1136 3797 quod
1192 3725 1377 3796 utique
1425 3724 1596 3778 David
1643 3732 1694 3778 et
1742 3723 1894 3777 multi
1941 3723 2034 3778 alii

437 3833 560 3874 cum
592 3823 776 3872 essent
805 3815 904 3868 sub
933 3814 1088 3885 lege,
1122 3812 1424 3867 subsistere
1456 3820 1636 3866 tamen
1667 3812 1939 3866 habebant
1966 3828 2032 3866 ex

436 3905 562 3961 ﬁde.
604 3905 645 3958 li
679 3904 867 3975 utique
898 3902 990 3972 qui
1045 3908 1169 3955 sunt
1205 3917 1272 3955 ex
1318 3899 1424 3954 ﬁde
1455 3900 1860 3955 benedicentur
1902 3917 2032 3955 cum

433 3994 737 4058 Abraham,
769 4006 880 4045 non
907 3988 1248 4053 circumciso,
1279 3989 1376 4043 sed
1399 3989 1575 4056 ﬁdeli,
1610 3987 1664 4042 id
1693 3995 1775 4042 est
1803 4004 1910 4043 non
1932 4005 2032 4058 per

431 4083 633 4155 legem,
667 4080 763 4135 sed
793 4095 893 4150 per
927 4077 1110 4132 ﬁdem.
1159 4078 1274 4132 Nec
1321 4078 1423 4132 hoc
1469 4077 1905 4147 praetereundum
1949 4084 2031 4132 est

433 4169 580 4243 quod
609 4169 886 4224 Abraham
915 4183 980 4222 ex
1009 4165 1115 4221 ﬁde
1139 4163 1463 4235 justiﬁcatus
1495 4165 1564 4218 sit
1593 4165 1908 4237 priusquam
1929 4165 2030 4220 cir-

431 4258 706 4316 cumcisus
721 4256 900 4312 fuerit.
937 4257 1078 4311 Vere
1109 4270 1175 4310 ex
1206 4253 1312 4310 ﬁde
1353 4253 1534 4310 solum
1583 4254 1813 4309 habetur
1854 4255 2028 4309 bene-

431 4348 597 4404 dictio
624 4367 638 4413 ;
672 4362 796 4401 nam
827 4362 894 4400 ex
918 4345 1041 4417 lege
1071 4359 1179 4399 non
1208 4344 1458 4410 habetur,
1510 4343 1607 4398 sed
1639 4343 1818 4413 potius
1862 4342 2030 4398 male-

428 4437 613 4494 dictio.
652 4436 975 4507 Quicunque
1006 4435 1158 4490 e-nim
1201 4437 1357 4502 sunt,
1404 4431 1461 4487 id
1487 4440 1570 4486 est
1627 4432 1926 4486 subsistere
1967 4447 2026 4486 se

427 4525 656 4582 credunt
709 4540 783 4581 ex
803 4523 1060 4595 aperibus
1085 4523 1238 4595 legis,
1268 4521 1305 4576 ii
1335 4529 1459 4575 sunt
1479 4521 1581 4576 sub
1602 4520 1926 4576 maledicto.
1959 4521 2024 4573 Et

2156 1959 2252 2011 sed
2285 1967 2460 2013 tamen
2489 1959 2573 2013 lex
2604 1959 2820 2027 adjuvat
2867 1957 3049 2023 ﬁdem,
3111 1967 3163 2012 et
3199 1957 3604 2028 quodammodo
3653 1974 3759 2013 ne-

2149 2047 2387 2103 cessaria
2435 2055 2517 2101 est
2581 2046 2724 2102 ﬁdei.
2777 2047 2935 2114 Quod
2985 2047 3061 2101 ita
3108 2045 3299 2102 infert.
3332 2046 3414 2100 Ex
3464 2045 3572 2101 ﬁde
3620 2047 3760 2101 vivit

2141 2137 2340 2204 justus,
2387 2152 2494 2190 non
2525 2152 2590 2190 ex
2622 2136 2764 2205 lege.
2800 2137 2914 2191 Lex
2943 2140 3137 2190 autem
3167 2153 3281 2189 non
3311 2140 3414 2200 est,
3451 2134 3507 2188 id
3538 2143 3759 2190 estnon

2147 2225 2344 2294 pendet
2375 2240 2448 2280 ea:
2475 2225 2602 2293 ﬁde,
2636 2240 2736 2278 nec
2766 2223 2934 2278 ullum
2955 2223 3328 2293 adjumentum
3349 2231 3430 2277 est
3459 2221 3608 2278 ﬁdei.
3646 2223 3757 2278 Sed

2148 2312 2308 2367 vultis
2357 2315 2497 2368 scire
2543 2312 2672 2382 quid
2717 2312 2910 2366 melius
2968 2311 3180 2368 faciat?
3225 2311 3360 2376 Hoc,
3392 2311 3623 2378 scilicet,
3656 2315 3761 2384 qui

2145 2403 2347 2472 fecerit
2362 2417 2445 2466 ea,
2477 2417 2597 2472 quae
2618 2401 2704 2456 lex
2723 2400 2988 2472 praecipit,
3014 2401 3157 2455 vivet
3179 2401 3239 2454 in
3262 2401 3401 2465 illis,
3427 2399 3481 2454 id
3497 2408 3583 2456 est
3599 2401 3754 2472 quod

2145 2490 2306 2545 habet
2337 2490 2635 2544 dimittetur
2664 2489 2714 2544 ei
2739 2509 2752 2555 ;
2788 2489 2886 2544 sed
2916 2489 3050 2543 nihil
3080 2489 3270 2544 merito
3300 2488 3440 2559 legis
3476 2503 3753 2560 augmen-

2146 2578 2346 2632 tabitur
2377 2578 2445 2633 ei.
2479 2578 2618 2646 Quia
2638 2578 2846 2632 dixerat
2877 2577 3129 2647 superius
3165 2592 3177 2631 :
3213 2576 3533 2633 Maledictus
3566 2578 3753 2632 omnis

2147 2666 2238 2737 qui
2268 2681 2375 2721 non
2408 2665 2595 2721 fecerit
2623 2675 2899 2736 praecepta
2944 2665 3107 2738 legis,
3141 2665 3349 2720 diceret
3391 2665 3481 2720 ille
3516 2683 3529 2719 :
3561 2663 3751 2732 Quan-

2144 2755 2437 2826 doquidem
2458 2756 2674 2825 Moyses
2705 2755 2784 2810 sic
2803 2755 2876 2810 ait
2905 2754 3051 2810 Licet
3083 2754 3250 2808 simus
3271 2755 3326 2808 in
3354 2755 3481 2822 ﬁde,
3515 2769 3750 2810 necesse

2145 2847 2325 2894 tamen
2347 2849 2427 2894 est
2456 2847 2511 2893 ut
2538 2839 2796 2895 faciamus
2825 2839 3028 2911 legem,
3061 2854 3130 2894 ne
3175 2838 3521 2894 maledictum
3569 2839 3752 2910 Moysi

2143 2927 2498 2984 incurramus.
2531 2928 2726 2983 Contra
2756 2929 2860 2984 hoc
2893 2926 3092 2982 Paulus
3127 2927 3312 2983 :Licet
3356 2928 3574 2998 Moyses
3616 2942 3746 2982 ma-

2143 3016 2387 3072 ledixerit
2417 3017 2563 3072 omni
2593 3033 2700 3072 non
2734 3015 2952 3071 facienti
2998 3016 3198 3088 legem,
3245 3031 3354 3071 non
3401 3024 3585 3070 tamen
3617 3015 3746 3071 ideo

2142 3105 2464 3160 adhaereatis
2494 3105 2631 3175 legi;
2683 3106 2940 3161 Christus
2983 3105 3127 3159 enim
3147 3105 3384 3160 redemit
3415 3120 3517 3158 nos
3548 3104 3618 3158 de
3650 3103 3746 3160 illo

2140 3195 2441 3249 maledicto
2474 3195 2628 3265 legis.
2664 3193 2818 3262 Quod
2852 3202 2904 3248 et
2934 3195 3150 3264 Moyses
3195 3208 3320 3249 cum
3362 3192 3741 3258 malediceret,

2138 3282 2418 3337 intellexit.
2454 3282 2701 3338 Redemit
2720 3298 2822 3336 nos
2853 3282 3100 3336 Christus
3127 3285 3322 3352 factus
3345 3297 3447 3353 pro
3468 3282 3629 3338 nobis
3655 3297 3745 3336 re-

2138 3371 2428 3438 dimendis,
2461 3387 2569 3426 non
2599 3370 2776 3425 solum
2814 3370 3156 3436 maledictus,
3205 3370 3300 3424 sed
3349 3369 3506 3424 etiam
3558 3371 3743 3425 male-

2139 3459 2371 3514 dictum.
2409 3460 2465 3514 Si
2509 3460 2632 3531 quis
2675 3459 2820 3514 enim
2861 3457 3296 3529 cruciﬁgentium
3337 3457 3615 3512 Christum
3646 3472 3740 3512 vo-

2137 3547 2232 3602 luit
2264 3547 2592 3602 maledicere
2623 3547 2804 3617 alicui,
2836 3547 3212 3614 maledicebat,
3245 3546 3435 3602 dicens
3468 3562 3480 3600 :
3519 3546 3612 3601 Sic
3642 3546 3742 3600 tibi

2135 3636 2442 3708 contingat,
2479 3636 2754 3708 quomodo
2801 3635 2878 3690 illi
2919 3633 3198 3690 cruciﬁxo.
3261 3635 3401 3690 Vere
3447 3649 3548 3705 pro
3576 3634 3741 3690 nobis

2134 3723 2309 3780 factus
2342 3732 2424 3779 est
2446 3725 2819 3789 maledictum,
2851 3725 2982 3795 quia
3003 3725 3281 3794 scriptum
3311 3727 3396 3778 est
3428 3722 3484 3776 in
3525 3723 3738 3778 Deute-

2133 3814 2377 3868 ronomio
2411 3831 2423 3868 :
2460 3836 2481 3860 α
2509 3812 2700 3868 Omnis
2730 3813 2822 3884 qui
2850 3812 3051 3882 pendet
3099 3812 3154 3866 in
3183 3810 3334 3884 ligno
3383 3810 3451 3864 sit
3503 3810 3738 3866 maledi-

2131 3911 2248 3956 ctus
2280 3905 2465 3973 (Deut.
2497 3917 2620 3969 xxx,
2652 3901 2763 3971 25).
2807 3925 2828 3949 υ
2850 3901 3096 3956 Christus
3126 3909 3308 3955 autem
3338 3900 3392 3953 in
3416 3899 3570 3972 ligno
3591 3915 3738 3970 pen-

2131 3991 2288 4056 dens,
2321 4007 2430 4045 non
2460 3990 2643 4062 utique
2676 4006 2740 4044 ex
2770 3989 2930 4060 culpa
2951 3989 3152 4060 proprii
3174 3987 3438 4054 criminis,
3467 3988 3569 4044 sed
3589 3987 3646 4042 in
3668 4003 3737 4044 eo

2131 4079 2248 4134 solo
2287 4079 2624 4145 maledictus,
2675 4079 2819 4150 quod
2865 4093 3083 4149 pmnam
3131 4077 3407 4132 maledicti
3450 4076 3731 4132 sustinuit.

2129 4168 2344 4239 Moyses
2369 4168 2512 4222 enim
2534 4175 2886 4237 praeceperat,
2911 4175 2968 4220 ut
2998 4166 3044 4219 si
3065 4165 3185 4237 quis
3205 4181 3332 4220 reus
3349 4165 3725 4229 damnaretur,

2128 4256 2183 4310 in
2214 4256 2334 4326 ipsa
2363 4256 2706 4310 damnatione
2727 4255 2830 4326 ipsi
2851 4254 3288 4310 malediceretur.
3324 4253 3420 4308 Vel
3454 4253 3528 4307 ita
3549 4253 3734 4309 omnis

2128 4344 2219 4416 qui
2247 4345 2450 4415 pendet
2479 4344 2535 4399 in
2562 4344 2711 4414 ligno
2743 4344 2810 4398 sit
2839 4343 3180 4399 maledictus.
3217 4344 3361 4398 Deus
3382 4341 3529 4397 enim
3548 4342 3733 4412 primo

2127 4433 2346 4488 homine
2376 4441 2578 4499 creato,
2612 4433 2888 4488 benedixit
2919 4432 2989 4497 ei,
3026 4432 3072 4486 si
3104 4431 3158 4485 in
3197 4431 3507 4486 obedientia
3535 4431 3735 4501 persti-

2127 4521 2279 4577 tisset
2303 4541 2316 4589 ;
2343 4521 2440 4578 sed
2483 4522 2611 4593 quia
2639 4521 2899 4592 peccavit,
2933 4519 3212 4575 maledixit
3242 4520 3320 4586 ei;
3353 4518 3512 4587 Quod
3555 4518 3733 4573 male-

426 4615 531 4671 hoc
561 4614 755 4686 probat
787 4630 800 4670 :
837 4614 977 4668 Vere
1000 4619 1124 4667 sunt
1153 4611 1256 4665 sub
1285 4609 1606 4675 maledicto;
1635 4625 1772 4663 nam
1794 4608 1865 4662 ita
1886 4608 2024 4663 scri-
2047 4611 2101 4670 D
2128 4609 2309 4666 dicere
2339 4610 2472 4665 nihil
2500 4610 2644 4664 aliud
2677 4609 2773 4665 fuit
2803 4609 2907 4663 nisi
2941 4609 3176 4679 spoliare
3207 4624 3332 4663 eum
3365 4607 3434 4662 de
3463 4622 3733 4663 concessa

423 4707 589 4776 ptum
617 4707 703 4759 est
729 4702 785 4756 in
821 4698 1265 4764 Deuteronomio,
1314 4697 1370 4752 id
1409 4704 1492 4752 est
1532 4697 1587 4750 in
1615 4695 2025 4750 abbreviatione

422 4791 584 4865 legis,
618 4789 835 4864 quando
863 4791 1079 4859 Moyses
1111 4788 1293 4842 datam
1325 4786 1507 4856 legem
1538 4783 1778 4838 breviter
1805 4783 2023 4854 recapi-

421 4879 643 4948 tulavit,
675 4887 728 4934 et
755 4877 1007 4933 omnibus
1053 4873 1344 4946 praeceptis
1392 4872 1632 4928 collectis
1679 4879 1868 4942 postea
1903 4871 1974 4925 ait
2006 4887 2022 4926 :

426 4969 619 5024 Omnis
647 4967 748 5022 ille
781 4965 879 5038 qui
921 4980 1037 5019 non
1072 4961 1460 5035 permanserit
1498 4963 1563 5015 in
1609 4959 1868 5015 omnibus
1901 4977 2024 5032 quae

417 5056 630 5126 scripta
651 5056 789 5109 sunt
821 5053 885 5107 in
921 5051 1059 5106 libro
1085 5051 1219 5121 legis
1252 5049 1422 5120 hujus
1453 5049 1586 5118 (non
1613 5047 1735 5104 dico
1764 5063 2020 5119 perman-

421 5143 555 5199 serit
585 5142 857 5198 voluntate
887 5156 901 5193 :
932 5139 1031 5194 sed
1068 5138 1138 5192 ita
1167 5146 1224 5192 ut
1256 5136 1419 5193 faciat
1447 5136 1630 5191 omnia
1659 5138 1746 5207 ea)
1797 5160 1818 5183 «
1854 5136 2022 5193 male-

419 5232 596 5288 dictus
624 5230 693 5284 sit
714 5231 905 5301 (Deut.
943 5243 1128 5293 xxvu,
1159 5228 1272 5294 26).
1312 5246 1334 5276 ι
1365 5227 1431 5281 Et
1451 5227 1556 5281 hoc
1586 5225 1773 5282 dicens
1804 5226 2018 5298 Moyses

415 5320 562 5375 idem
585 5326 705 5374 erat
726 5333 791 5374 ac
820 5317 867 5371 si
894 5316 1102 5372 diceret
1135 5333 1148 5369 :
1183 5316 1334 5370 Hanc
1368 5315 1548 5387 legem
1579 5331 1688 5370 non
1729 5315 1883 5370 trado
1921 5330 2017 5369 vo-

415 5408 519 5475 bis,
552 5407 623 5463 ad
653 5406 956 5462 habendam
985 5405 1038 5458 in
1069 5420 1132 5460 ea
1162 5402 1630 5473 iustiﬁcationem;
1668 5404 1764 5460 sed
1794 5404 1865 5458 ad
1912 5404 2014 5459 de-

413 5495 758 5567 primendam
787 5493 1043 5550 duritiam
1071 5500 1326 5549 vestram.
1359 5493 1428 5547 Et
1455 5492 1647 5549 scitote
1695 5491 2014 5564 fugiendum

411 5584 567 5642 vobis
595 5600 716 5641 esse
743 5584 812 5639 ad
841 5583 1085 5656 gratiam,
1120 5590 1175 5637 ut
1215 5582 1565 5640 maledictum
1594 5581 1736 5654 legis
1785 5589 2015 5638 evacuet

410 5674 590 5748 gratia
619 5672 836 5731 Christi.
867 5673 990 5746 Ipse
1025 5672 1186 5729 etiam
1235 5672 1425 5728 Petrus
1467 5670 1595 5728 dicit
1638 5677 1843 5726 tantum
1887 5686 2011 5726 esse

2127 4699 2557 4770 impassibilitate
2588 4707 2640 4754 et
2669 4697 3094 4754 immortalitate.
3128 4696 3379 4752 Christus
3409 4711 3560 4761 vero,
3595 4711 3730 4752 car-

2125 4803 2252 4842 nem
2309 4787 2506 4844 veteris
2537 4787 2668 4842 Ada':
2705 4803 3019 4852 assumens,
3064 4785 3164 4841 fuit
3208 4784 3548 4850 maledictus,
3598 4785 3734 4857 quia

2124 4875 2402 4946 passibilis
2430 4885 2483 4931 et
2518 4875 2782 4930 mortalis.
2828 4873 2988 4943 Quod
3017 4873 3074 4928 in
3113 4889 3178 4930 eo
3209 4873 3389 4944 palam
3430 4871 3558 4938 fuit,
3593 4872 3728 4926 dum

2123 4963 2178 5018 in
2208 4965 2357 5036 ligno
2384 4963 2675 5036 pependit;
2707 4963 2814 5035 pati
2854 4962 3002 5018 enim
3051 4977 3161 5017 non
3191 4968 3408 5033 posset,
3439 4959 3486 5015 si
3525 4959 3729 5030 impas-

2123 5052 2294 5107 sibilis
2323 5061 2488 5108 esset.
2522 5051 2794 5121 Objiceret
2842 5051 2932 5106 ille
2981 5050 3200 5122 gentilis
3234 5067 3248 5104 :
3282 5050 3347 5104 Et
3388 5048 3434 5103 si
3474 5048 3723 5103 Christus

2123 5141 2283 5197 solvit
2309 5141 2653 5197 maledictum
2683 5140 2843 5211 legis,
2866 5139 3025 5195 nobis
3055 5154 3155 5194 nos
3186 5137 3508 5193 habentibus
3538 5137 3722 5207 legem

2119 5229 2254 5284 nihil
2283 5230 2501 5301 profuit.
2555 5231 2754 5285 Contra
2775 5229 2881 5284 hoc
2911 5227 3109 5282 Paulus
3143 5245 3154 5283 :
3195 5227 3453 5284 Christus
3475 5225 3726 5281 redemit

2118 5336 2240 5384 nos,
2276 5323 2341 5376 ut
2371 5319 2511 5375 sicut
2568 5319 2622 5374 in
2671 5317 2896 5383 Iudaeis,
2943 5317 3023 5372 sic
3059 5317 3123 5372 in
3153 5315 3414 5386 gentibus
3473 5312 3717 5370 215

2115 5409 2278 5477 ﬁeret
2299 5407 2628 5475 benedictio,
2661 5406 2715 5460 id
2736 5413 2817 5460 est
2835 5404 3193 5476 repromissio
3214 5401 3449 5458 Abrahae
3465 5401 3725 5457 habenda

2115 5497 2178 5552 in
2211 5496 2430 5552 Christo
2459 5497 2620 5562 Jesu,
2654 5511 2762 5550 non
2795 5510 2892 5564 per
2939 5493 3146 5566 legem.
3199 5491 3379 5546 Fieret
3415 5490 3540 5546 dico
3583 5505 3720 5561 pro-

2114 5584 2330 5650 missio,
2361 5585 2434 5639 ita
2461 5589 2526 5640 ut
2565 5584 2912 5654 accipiamus
2964 5581 3478 5654 pollicitationem,
3529 5577 3586 5634 id
3637 5585 3724 5635 est

2114 5688 2230 5730 rem
2258 5672 2575 5746 frequenter
2603 5670 2924 5746 pollicitam.
