3932 6434
119 366 228 421 29⁵7

784 364 1164 423 EXPOSITIO
1204 364 1278 420 IN
1315 362 1698 420 EPISTOLAS
1738 361 1965 419 PAULI.
1997 365 2168 421 -ΙΝ
2205 365 2420 422 EPIST.
2462 366 2557 422 AD
2591 366 2751 422 GAL.

3338 369 3443 424 298

212 491 666 549 Pollicitationem
709 491 830 546 dico
861 490 1111 561 Spiritus,
1144 489 1199 544 id
1230 497 1314 544 est
1343 489 1540 546 factam
1583 486 1742 542 nobis
1762 489 1814 547 A
1847 489 1981 560 lege,
2015 489 2162 560 quod
2193 497 2371 546 tamen
2403 507 2525 545 esse
2554 490 2761 562 nequit,
2797 490 2842 544 si
2870 506 2945 546 ex
2977 492 3115 560 lege,
3163 490 3289 560 jam
3327 504 3446 544 non

143 599 244 653 per
275 582 532 652 Spiritum
559 600 572 647 ;
606 580 692 636 vel
731 580 983 651 Spiritus,
1018 579 1142 651 quia
1167 580 1275 648 jam
1327 578 1584 649 Spiritum
1614 593 1748 631 san-

144 680 294 727 ctum
327 687 424 742 per
453 686 613 741 quem
620 669 728 738 jam
752 669 948 740 partim
971 667 1287 723 deiticamur
1302 668 1521 722 arrham
1544 666 1750 721 haben-

146 759 234 814 dae
281 759 628 813 beatitudinis
675 758 1008 828 accepimus.
1061 756 1404 827 Accipiamus
1446 756 1590 820 dico,
1640 769 1745 810 non

147 864 250 918 per
279 847 479 918 legem,
515 847 610 902 sed
639 864 742 919 per
769 847 957 914 ﬁdem.
992 845 1150 913 Quod
1179 846 1342 900 modo
1371 844 1619 915 probavit
1648 858 1749 913 per

149 936 524 991 auctoritatem
575 935 716 1006 legis
760 943 812 990 et
855 936 1155 1006 prophetae,
1191 933 1400 989 scilicet
1447 949 1546 1004 per
1585 931 1749 986 ﬁdem

148 1025 402 1096 accipere
431 1025 888 1090 benedictionem,
915 1024 1059 1078 idem
1089 1023 1281 1093 probat
1311 1039 1408 1092 per
1437 1022 1619 1094 legem
1649 1021 1750 1075 hu-

148 1131 326 1170 manae
355 1113 784 1178 consuetudinis,
818 1113 1008 1168 dicens
1043 1128 1055 1166 :
1090 1111 1229 1181 Quia
1279 1111 1417 1167 sicut
1447 1119 1747 1166 testamen-

148 1212 266 1257 tum
294 1203 579 1272 cujuslibet
604 1202 839 1257 hominis
870 1201 1122 1274 legaliter
1150 1200 1355 1256 factum
1404 1199 1610 1254 destrui
1641 1214 1751 1254 non

143 1300 346 1364 potest,
379 1291 454 1346 ita
483 1291 570 1346 lex
600 1299 982 1346 testamentum
1028 1289 1129 1345 Dei
1161 1290 1371 1344 irritum
1416 1288 1599 1343 facere
1640 1303 1748 1342 non

145 1389 346 1452 potest.
379 1379 539 1448 Quod
585 1380 631 1434 si
677 1379 937 1449 objiciunt
984 1379 1166 1448 legem
1212 1394 1336 1432 esse
1386 1377 1749 1448 antiquiorem

146 1471 251 1526 hoc
282 1477 624 1534 testamento,
649 1477 703 1524 et
732 1477 886 1524 vetus
915 1484 1024 1522 non
1056 1469 1257 1522 debere
1287 1466 1492 1522 destrui
1522 1482 1622 1536 per
1651 1480 1750 1520 no-

148 1575 299 1623 vum,
355 1558 490 1612 nihil
536 1558 742 1624 dicunt,
795 1573 916 1612 cum
973 1557 1092 1612 haec
1143 1557 1435 1627 promissio
1493 1556 1628 1610 facta
1685 1554 1754 1607 sit

148 1647 388 1702 Abi-aha
434 1647 598 1719 longe
654 1655 776 1700 ante
830 1646 1031 1716 legem.
1078 1646 1276 1700 Littera
1323 1644 1401 1700 sic
1443 1643 1692 1715 jungitur
1735 1656 1746 1696 :

1847 577 2081 632 habetur
2110 595 2185 634 ex
2216 581 2670 650 repromissione.
2691 578 2826 648 Quia
2858 578 2902 633 si
2924 595 3032 634 non
3055 595 3119 634 ex
3142 577 3448 649 repromis-

1850 665 2021 733 sione,
2056 666 2226 722 falsus
2257 676 2340 722 est
2369 670 2517 723 Deus
2550 668 2642 740 qui
2668 668 2938 738 promisit.
2972 667 3133 735 Quod
3162 667 3208 722 si
3238 667 3312 722 ita
3342 676 3442 732 est,

1850 771 1983 827 ergo
2015 773 2116 812 nec
2162 757 2274 812 ullo
2302 758 2465 812 modo
2514 757 2763 811 habetur.
2801 757 2908 812 Sed
2962 773 3124 811 verus
3165 764 3250 812 est
3297 757 3446 811 Dens

1850 845 1939 915 qui
1971 845 2238 915 promisit.
2281 847 2432 918 Ergo
2464 862 2530 902 ex
2568 845 2991 916 repromissione
3021 846 3138 914 ejus
3167 854 3219 900 et
3254 861 3362 900 non
3384 860 3451 899 ex

1850 932 1994 1005 lege.
2030 935 2086 989 Si
2117 952 2184 989 ex
2214 935 2359 1007 lege,
2394 951 2504 990 non
2537 952 2603 990 ex
2633 935 3097 1006 repromissione;
3130 934 3229 989 sed
3257 950 3322 989 ex
3354 949 3450 989 re-

1850 1023 2211 1092 promissione
2255 1025 2504 1081 habetur.
2544 1026 2683 1080 Vere
2731 1041 2794 1078 ex
2842 1023 3286 1094 repromissione,
3323 1022 3453 1095 quia

1850 1113 2088 1167 Abrahae
2118 1113 2351 1168 donavit
2382 1115 2526 1168 Deus
2546 1113 2915 1169 haereditatem
2934 1130 3039 1184 per
3067 1113 3454 1185 repromissio-

1851 1218 2002 1256 nem.
2039 1203 2190 1274 Ergo
2221 1218 2329 1256 non
2359 1218 2460 1273 per
2479 1202 2680 1274 legem.
2707 1203 2774 1255 Et
2793 1201 2920 1273 quia
2941 1201 3113 1271 probo
3129 1217 3229 1272 per
3248 1201 3451 1273 legem,

1851 1307 1953 1346 nec
1994 1290 2274 1359 justitiam,
2310 1307 2378 1345 ne
2409 1291 2598 1345 haberi
2643 1289 3096 1346 benedictionem.
3131 1291 3310 1361 Igitur
3350 1305 3455 1360 op-

1851 1394 2023 1450 pones
2053 1379 2184 1433 mihi
2213 1379 2346 1452 quid
2391 1379 2594 1450 profuit
2626 1380 2767 1434 lex?
2802 1380 3026 1434 Frustra
3071 1378 3286 1434 videtur
3331 1393 3456 1433 esse

1851 1469 1994 1533 data,
2055 1485 2178 1524 cum
2235 1484 2411 1540 neque
2459 1467 2716 1537 justiﬁcet
2765 1485 2944 1540 neque
3003 1468 3194 1523 salvet.
3256 1469 3454 1523 Verum

1851 1557 2071 1628 quidem
2121 1556 2195 1612 ait
2238 1556 2458 1623 Paulus,
2510 1557 2654 1628 quod
2719 1573 2897 1628 neque
2951 1556 3226 1626 justificat,
3277 1573 3456 1628 neque

1853 1645 2057 1711 salvat,
2115 1661 2218 1701 nec
2276 1654 2457 1700 tamen
2504 1646 2627 1701 ideo
2674 1646 2906 1712 inutilis,
2958 1646 3082 1717 quia
3123 1648 3312 1718 posita
3369 1650 3455 1701 est

149 1737 314 1803 Quod
344 1752 443 1806 per
483 1736 834 1791 auctoritates
881 1735 1045 1789 modo
1082 1734 1329 1804 probavi,
1363 1733 1510 1787 idem
1540 1735 1753 1803 fratres
1847 1739 2080 1806 propter
2109 1737 2589 1804 transgressiones
2611 1734 3294 1805 multiplicandas,addidit
3314 1733 3461 1788 enim

149 1841 297 1879 nunc
327 1825 448 1881 dico
478 1824 789 1880 secundum
820 1823 1123 1888 hominem,
1158 1823 1212 1876 id
1244 1831 1323 1877 est
1353 1838 1452 1892 per
1481 1821 1750 1875 humanas
1769 1846 1822 1905 B
1852 1832 2134 1893 peccatum
2166 1823 2627 1893 praevaricationis
2648 1823 2793 1894 quod
2822 1838 2932 1878 nou
2963 1831 3099 1878 erat.
3133 1824 3200 1877 Et
3229 1838 3458 1878 necesse

149 1913 577 1968 consuetudines
607 1911 815 1966 affirmo
845 1912 922 1966 sic
955 1927 968 1965 :
1008 1914 1429 1966 Testamentum
1481 1909 1744 1977 hominis,

153 2001 280 2056 licet
311 2002 379 2055 sit
424 2001 712 2070 cujuslibet
755 2001 880 2056 vilis
925 2000 1179 2065 hominis,
1217 2004 1411 2054 tamen
1451 2005 1751 2052 testamen-

146 2099 259 2144 tum
290 2090 395 2146 hoc
410 2090 833 2157 conﬁrmatum,
855 2089 909 2143 id
937 2097 1019 2143 est
1047 2088 1298 2159 legaliter
1322 2087 1542 2154 factum,
1569 2095 1626 2140 ut
1647 2085 1752 2140 sint

149 2178 223 2233 ibi
254 2188 422 2233 testes
452 2194 464 2232 :
500 2178 785 2233 Moriturus
815 2186 1058 2245 testator,
1088 2185 1190 2232 etc.
1226 2178 1342 2232 Hoc
1371 2183 1753 2230 testamentum

152 2284 320 2323 nemo
347 2270 590 2339 spernit,
617 2275 673 2321 ut
702 2266 1031 2337 inexpletum
1062 2267 1297 2320 deserat.
1328 2268 1441 2320 Aut
1471 2281 1634 2321 nemo
1657 2281 1753 2320 su-

149 2373 252 2429 per
281 2357 406 2422 boc,
436 2355 585 2411 aliud
617 2363 996 2410 testamentum
1028 2354 1276 2410 ordinat.
1309 2355 1379 2408 Et
1411 2354 1550 2409 sicut
1580 2360 1752 2407 testa-

149 2454 392 2499 mentum
435 2444 670 2499 hominis
721 2460 881 2499 nemo
919 2444 1168 2509 destruit,
1202 2443 1272 2496 ita
1317 2443 1406 2497 lex
1454 2450 1754 2497 testamen-

151 2542 268 2588 tum
298 2533 398 2588 Dei
439 2549 549 2588 non
597 2533 725 2589 facit
773 2532 1008 2587 irritum.
1057 2535 1358 2603 Antequam
1409 2532 1514 2586 hoc
1563 2539 1750 2601 ponat,

151 2624 432 2694 praemittit
461 2622 607 2693 quod
656 2638 785 2677 vere
807 2629 1191 2676 testamentum
1222 2620 1323 2675 Dei
1354 2619 1552 2675 factum
1583 2620 1669 2684 sit,
1704 2627 1756 2673 et

156 2720 348 2782 postea
378 2713 523 2783 quod
555 2718 938 2766 testamentum
969 2709 1240 2781 antiquius
1282 2709 1406 2781 lege
1437 2708 1612 2763 fuerit.
1646 2709 1754 2763 Te-

153 2808 484 2855 stamentum
514 2799 749 2854 hominis
778 2815 941 2854 nemo
980 2798 1206 2870 spernit,
1241 2805 1624 2853 testamentum
1653 2813 1756 2851 au-

154 2897 261 2943 tem
293 2904 327 2942 a
372 2890 486 2944 Deo
535 2888 735 2944 factum
781 2896 883 2954 est,
934 2889 1058 2959 quia
1106 2888 1344 2942 Abrahae
1391 2887 1561 2943 dicta:
1618 2891 1757 2941 sunt

153 2979 578 3049 promissiones.
630 2979 751 3033 Non
797 2977 925 3033 dicit
969 2977 1116 3048 quod
1159 2977 1228 3031 de
1277 2976 1511 3031 diversis
1558 2975 1759 3030 fuerint

153 3067 570 3137 promissiones,
605 3066 701 3121 sed
739 3066 885 3121 idem
938 3065 1123 3120 multis
1154 3065 1567 3135 repetitionibus
1597 3072 1650 3118 et
1677 3063 1760 3117 di-

154 3155 332 3210 versis
361 3155 694 3226 temporibus
725 3163 807 3209 est
836 3154 1156 3225 pollicitum.
1190 3155 1426 3208 Abrahae
1457 3153 1616 3209 dictae
1636 3159 1761 3206 sunt

155 3243 572 3313 promissiones,
606 3249 664 3299 et
709 3259 809 3314 per
856 3244 1133 3298 Abraham
1177 3243 1334 3298 dicta:
1382 3250 1506 3296 sunt
1551 3242 1760 3297 semini

155 3334 295 3402 ejus,
333 3332 389 3387 id
416 3341 499 3386 est
525 3332 758 3387 Christo.
795 3332 942 3388 Sicut
989 3332 1209 3403 quando
1257 3331 1590 3402 promittitur
1619 3329 1760 3401 patri

155 3419 464 3475 fecunditas
513 3419 765 3486 ﬁliorum,
817 3430 1166 3491 augmentum
1227 3419 1580 3485 haereditatis,
1632 3417 1760 3473 licet

157 3508 300 3564 filius
333 3511 449 3578 ejus
478 3511 719 3565 nondum
760 3509 847 3574 sit,
881 3519 1063 3564 tamen
1093 3510 1148 3563 in
1177 3519 1334 3580 patre
1379 3507 1672 3579 promissio
1702 3506 1762 3562 fit

157 3598 285 3654 filio.
323 3599 618 3653 Promissio
667 3599 802 3654 facta
847 3607 928 3653 est
959 3599 1174 3663 semini,
1208 3600 1311 3653 hoc
1360 3598 1507 3663 dicit,
1541 3604 1597 3652 et
1643 3614 1760 3654 non

155 3687 304 3753 dicit,
341 3686 486 3742 facta
516 3696 598 3741 est
626 3689 956 3744 seminibus.
992 3687 1090 3743 Vel
1119 3687 1188 3740 ita
1214 3702 1225 3740 :
1254 3687 1457 3742 Semini
1479 3686 1627 3752 dicit,
1651 3701 1762 3741 non

157 3776 304 3840 dicit,
330 3777 388 3830 in
421 3776 719 3830 seminibus
749 3778 909 3848 quasi
939 3779 1001 3832 in
1031 3777 1232 3831 multis
1263 3776 1498 3831 debeant
1528 3775 1760 3830 haeredi-

156 3872 273 3919 tare
296 3873 514 3935 gentes,
539 3866 633 3920 sed
662 3867 824 3937 quasi
852 3868 916 3920 in
945 3881 1079 3931 uno,
1099 3865 1153 3918 id
1186 3873 1267 3918 est
1286 3866 1502 3920 semine
1535 3869 1630 3919 tuo
1650 3864 1761 3918 haz-

157 3955 710 4026 reditabuntgentes;
742 3956 838 4027 qui
867 3971 1054 4009 semen
1088 3959 1173 4010 est
1208 3954 1481 4009 Christus.
1509 3955 1658 4008 Bona
1679 3960 1763 4007 est

155 4042 366 4110 relatio,
405 4059 513 4113 qua
541 4043 825 4114 proprium
873 4043 1135 4114 sequitur.
1171 4043 1268 4097 Hic
1298 4043 1538 4097 ostendit
1587 4049 1761 4096 testa-

158 4140 402 4186 mentum
434 4131 534 4185 Dei
566 4130 770 4186 factum
802 4149 925 4186 esse
955 4132 1022 4185 ad
1053 4133 1345 4199 Abraham,
1379 4147 1524 4187 nunc
1571 4138 1762 4185 osten-

159 4219 234 4274 dit
262 4228 649 4274 testamentum
682 4237 804 4275 esse
853 4220 1130 4291 antiquius
1158 4221 1300 4293 lege.
1341 4221 1476 4274 Dico
1521 4219 1763 4290 promis-

160 4309 342 4364 siones
373 4308 542 4364 factas
591 4309 842 4377 Abrahze,
877 4310 945 4364 de
985 4310 1179 4364 eodem
1226 4318 1405 4364 autem
1452 4311 1574 4366 dico
1621 4308 1764 4381 quod

164 4398 260 4453 hoc
311 4402 727 4454 testamentum
773 4399 1175 4467 conﬁrmatum
1220 4403 1303 4454 est
1333 4416 1367 4453 a
1395 4399 1522 4464 Deo,
1565 4397 1766 4468 juravit

159 4487 300 4540 enim
333 4488 484 4542 Deus
516 4487 648 4540 illud
679 4503 738 4542 se
768 4487 1138 4558 impleturum.
1172 4489 1308 4554 Hoc,
1335 4488 1573 4559 inquam,
1593 4495 1764 4542 testa-

1854 1920 1972 1968 erat
2024 1920 2081 1966 ut
2140 1912 2481 1967 abundarent
2545 1911 3036 1984 transgressiones.
3075 1935 3096 1959 ιι
3164 1911 3268 1967 Ubi
3312 1911 3456 1966 enim

1853 2001 2152 2056 abundavit
2199 2001 2485 2065 delictum,
2545 2000 3003 2071 superabundavit
3050 2000 3230 2072 gratia
3277 2000 3455 2071 (Rom.

1854 2107 1906 2154 ν,
1937 2091 2049 2161 20).
2088 2114 2110 2137 ››
2147 2090 2244 2144 Vel
2288 2089 2364 2144 ita
2399 2105 2409 2143 :
2445 2089 2627 2144 Posita
2673 2096 2755 2143 est
2801 2089 2888 2143 lex
2934 2097 3154 2160 propter
3210 2088 3458 2144 vitandas

1856 2177 2098 2234 216
2119 2177 2593 2250 transgressiones
2616 2196 2631 2243 ;
2656 2177 2742 2233 lex
2772 2177 2914 2232 enim
2937 2177 3169 2250 puniens
3200 2194 3375 2247 reum,
3401 2177 3464 2233 ti-

1854 2284 2001 2322 mere
2033 2266 2158 2322 facit
2186 2275 2494 2338 peccatum.
2526 2269 2727 2322 Iterum
2758 2266 2850 2320 ille
2885 2281 2897 2320 :
2933 2267 2987 2322 Si
3019 2276 3240 2337 propter
3268 2275 3456 2321 trans-

1853 2356 2173 2427 gressiones
2216 2375 2230 2422 ;
2286 2372 2422 2429 ergo
2476 2356 2562 2411 lex
2618 2356 2765 2411 utilis
2812 2355 3064 2410 tenenda.
3113 2356 3334 2411 Minime
3384 2355 3461 2411 ait

1854 2445 2071 2515 Paulus,
2096 2445 2224 2517 quia
2252 2445 2341 2499 lex
2373 2445 2443 2500 ad
2466 2454 2678 2516 tempus
2707 2445 2881 2515 posita
2909 2453 3011 2510 est,
3033 2445 3206 2500 donec
3238 2445 3459 2501 veniret

1855 2551 2067 2599 semen,
2100 2534 2154 2588 id
2187 2542 2266 2588 est
2299 2534 2566 2598 Christus,
2601 2534 2668 2587 de
2699 2549 2806 2604 quo
2856 2533 2931 2587 ait
2965 2549 2977 2586 :
3011 2534 3072 2587 In
3103 2534 3311 2588 semine
3341 2541 3455 2602 tuo,

1855 2631 1960 2677 etc.
1971 2664 1985 2690 ,
2019 2624 2112 2678 cui
2143 2621 2340 2677 semini
2381 2623 2745 2694 promiserat,
2781 2621 2837 2676 id
2867 2630 2948 2676 est
2977 2621 3269 2692 promissio
3316 2622 3459 2678 facta

1855 2711 2051 2766 fuerat.
2086 2712 2194 2766 Lex
2224 2712 2348 2767 dico
2379 2712 2665 2776 ordinata,
2698 2710 2752 2764 id
2785 2718 2866 2765 est
2905 2726 3014 2765 non
3060 2727 3456 2780 permansura;

1857 2800 1954 2853 sed
1985 2800 2283 2855 secundum
2314 2799 2563 2854 ordinem
2612 2815 2770 2853 suum
2801 2798 2856 2852 in
2883 2807 3127 2869 tempore
3167 2799 3456 2870 disposita.

1856 2888 2014 2943 Prius
2061 2888 2207 2943 enim
2239 2888 2324 2943 lex
2369 2888 2667 2954 naturalis;
2701 2889 2900 2943 dehinc
2949 2888 3054 2943 ista
3098 2888 3184 2944 lex
3235 2889 3456 2960 scripta.

1856 2978 1940 3032 Ad
1970 2978 2218 3032 ultimum
2269 2977 2462 3049 gratia,
2497 2977 2784 3043 ordinata,
2819 2977 2963 3042 dico,
2993 2994 3096 3050 per
3124 2979 3369 3049 angelos,
3405 2977 3460 3032 id

1859 3075 1941 3120 est
1985 3083 2087 3137 per
2134 3068 2361 3138 Moysen
2391 3074 2444 3121 et
2471 3069 2677 3130 Aaron,
2729 3066 2820 3138 qui
2872 3065 3090 3120 fuerunt
3139 3066 3313 3121 nuntii
3359 3066 3461 3122 Dei

1857 3157 1926 3210 ad
1980 3155 2241 3227 populum
2279 3175 2293 3221 ;
2346 3155 2454 3225 vel,
2507 3172 2606 3225 per
2649 3155 2903 3210 caelestes
2945 3155 3194 3228 angelos,
3230 3171 3463 3227 quorum

1859 3245 2163 3300 ministerio
2199 3244 2400 3298 tradita
2431 3243 2526 3298 fuit
2558 3244 2642 3298 lex
2679 3243 2870 3314 Moysi.
2905 3245 3109 3298 Iterum
3140 3244 3230 3299 ille
3257 3259 3270 3298 :
3302 3244 3464 3313 Quod

1861 3351 1960 3405 per
1992 3333 2220 3406 angelos
2251 3332 2452 3388 factum
2483 3341 2585 3398 est,
2615 3333 2902 3387 destruere
2940 3332 3145 3387 malum
3176 3341 3277 3388 est.
3312 3333 3464 3388 Con-

1862 3431 1946 3478 tra
1978 3423 2081 3478 hoc
2110 3422 2343 3477 Paulus:
2368 3424 2441 3476 Ita
2473 3421 2596 3476 dico
2626 3438 2726 3492 per
2754 3421 2980 3492 angelos
3011 3422 3262 3476 ordinata
3290 3431 3348 3476 ut
3378 3438 3468 3477 es-

1864 3521 1946 3568 set
1976 3515 2039 3568 in
2070 3529 2268 3579 manu,
2303 3511 2354 3565 id
2389 3520 2470 3566 est
2501 3511 2556 3566 in
2584 3519 2850 3581 potestate
2902 3512 3218 3567 Mediatoris
3262 3511 3465 3566 Christi

1862 3601 2060 3673 Angeli
2109 3600 2254 3655 enim
2320 3600 2632 3671 quicunque
2691 3599 2937 3664 fuissent,
2988 3600 3090 3654 hoc
3152 3600 3463 3666 voluerunt,

1863 3698 1939 3755 ut,
1963 3688 2214 3745 veniente
2237 3688 2364 3756 ﬁde,
2389 3696 2744 3743 evacuaretur
2765 3688 2871 3742 lex.
2905 3689 2972 3742 Et
2992 3687 3114 3759 quia
3134 3688 3296 3742 modo
3314 3688 3468 3744 dixe-

1863 3787 1946 3832 rat
1975 3777 2332 3844 mediatoris;
2368 3777 2457 3848 qui
2490 3777 2635 3831 enim
2678 3777 2892 3830 medius
2921 3784 3005 3831 est
3034 3777 3172 3831 duas
3202 3777 3468 3832 extremi-

1865 3876 2005 3922 tates
2057 3867 2416 3938 conjungens,
2450 3866 2665 3920 videtur
2694 3866 2946 3921 diversus
2995 3882 3117 3920 esse
3149 3865 3219 3920 ab
3249 3866 3314 3920 iis
3346 3883 3469 3938 quas

1865 3955 2176 4026 conjungit,
2234 3973 2302 4009 ne
2356 3941 2639 4025 putaretur
2697 3954 2970 4020 Christus,
3025 3954 3151 4008 dum
3200 3955 3474 4011 mediator

1865 4053 2011 4099 esset
2049 4044 2191 4099 inter
2238 4045 2411 4098 Deum
2439 4052 2491 4098 et
2520 4043 2818 4107 hominem,
2851 4043 2938 4098 vel
2987 4059 3098 4098 non
3128 4059 3251 4098 esse
3300 4045 3468 4112 Deus,

1867 4133 1965 4189 sed
1995 4133 2142 4188 aliud
2175 4149 2208 4187 a
2238 4134 2372 4199 Deo,
2409 4133 2501 4205 qui
2549 4132 2918 4205 conjungebat
2965 4133 3262 4188 hominem.
3295 4133 3394 4188 Vel
3427 4133 3474 4189 si

1866 4225 2012 4278 Deus
2058 4230 2222 4288 esset,
2252 4228 2575 4292 putarentur
2621 4222 2749 4287 duo,
2783 4238 2925 4275 unus
2975 4221 3065 4293 qui
3114 4222 3476 4295 conjungeret

1865 4312 2079 4366 medius
2112 4311 2219 4366 duo
2251 4319 2532 4376 extrema;
2564 4309 2701 4365 alter
2729 4311 2897 4377 Deus,
2929 4310 3016 4366 cui
3047 4310 3478 4383 conjungeretur

1865 4402 2048 4456 homo.

1939 4491 2006 4544 Et
2031 4489 2101 4543 ad
2129 4489 2518 4544 removendum
2551 4488 2656 4544 hoc
2688 4487 2866 4542 subdit
2898 4501 2910 4541 :
2938 4487 3072 4544 Dico
3101 4487 3424 4544 mediatoris
3459 4507 3475 4558 ;

158 4584 396 4630 mentum
429 4577 515 4631 lex
548 4592 657 4630 non
711 4575 836 4630 facit
865 4575 1077 4630 irritum
1102 4595 1116 4644 ;
1147 4594 1270 4648 ρυλε
1310 4580 1435 4648 post
1483 4577 1760 4648 quadrin-
1781 4567 1835 4628 D
1865 4578 2138 4634 Mediator
2157 4582 2352 4634 autem
2375 4577 2616 4633 concedo
2640 4577 2784 4648 quod
2804 4593 2920 4632 non
2942 4581 3026 4632 est
3049 4580 3220 4633 unius
3243 4579 3327 4634 rei
3347 4587 3477 4634 tau-

149 4669 338 4734 gentos
369 4669 426 4720 et
464 4665 704 4735 triginta
721 4681 901 4721 annos
926 4668 1084 4736 facta
1104 4669 1208 4720 est.
1226 4665 1281 4720 Si
1303 4665 1756 4720 enimtestamen-

162 4761 271 4807 tum
337 4753 628 4822 cujuslibet
687 4753 925 4808 hominis
978 4769 1088 4808 non
1137 4753 1194 4807 fit
1269 4754 1503 4818 irritum,
1555 4762 1760 4826 quanto

155 4842 328 4914 magis
359 4849 744 4897 testamentum
772 4842 892 4908 Dei,
929 4842 1074 4914 quod
1104 4857 1228 4897 cum
1255 4844 1567 4912 juramento
1596 4843 1761 4915 polli-

161 4931 290 4985 citus
335 4931 455 4996 fuit,
493 4939 543 4986 et
574 4932 804 4987 Abrahae
854 4939 1001 4986 tanto
1049 4931 1188 4999 viro,
1241 4940 1295 4987 et
1334 4940 1486 4988 tanta
1525 4932 1761 5004 antiqui-

165 5026 267 5075 tate
296 5020 560 5090 temporis
589 5020 799 5074 irritum
829 5036 939 5075 non
967 5021 1071 5075 erit
1104 5019 1115 5075 l
1149 5023 1269 5076 Lex
1300 5039 1415 5077 non
1444 5024 1591 5094 facit
1621 5023 1760 5078 irri-

165 5110 280 5162 tum
300 5110 373 5164 ad
392 5110 780 5165 evacuandam
798 5112 1253 5182 promissionem,
1268 5111 1322 5166 id
1353 5119 1436 5166 est
1450 5119 1506 5166 ut
1522 5126 1759 5168 evacue-

169 5202 249 5250 tur
278 5198 574 5268 promissio
586 5239 600 5252 .

234 5284 390 5352 Quod
420 5287 494 5342 ait
522 5287 608 5341 lex
643 5302 750 5342 non
783 5285 912 5343 facit
941 5287 1175 5355 irritum,
1210 5288 1286 5344 sic
1318 5288 1582 5344 debemus
1612 5288 1764 5345 intel-

165 5369 330 5444 ligere
361 5375 488 5432 facit
517 5376 746 5442 irritum,
770 5385 828 5431 ut
856 5378 976 5448 ipsa
1006 5377 1092 5432 lex
1116 5377 1394 5447 justiticet,
1428 5378 1763 5434 benedictio-

169 5477 286 5517 nem
333 5465 554 5533 tribuat,
603 5465 742 5520 sicut
785 5483 883 5537 per
929 5466 1095 5522 fidem
1143 5468 1257 5522 tieri
1285 5467 1620 5538 promissum
1679 5475 1763 5522 est

168 5550 409 5608 Abrahae.
444 5554 587 5609 Vere
619 5563 909 5610 evacuetur
935 5555 1251 5626 promissio,
1285 5557 1330 5611 si
1374 5564 1762 5612 testamentum

170 5639 235 5694 sit
261 5640 469 5700 irritum
499 5658 602 5715 per
622 5643 820 5716 legem.
853 5645 996 5702 Nam
1025 5648 1077 5702 si
1107 5645 1409 5704 hcereditas
1439 5646 1669 5702 habetur
1689 5663 1764 5703 ea:

309 5819 552 5877 ΡΑτιιοι..
594 5819 773 5877 CLIII.

1870 4677 1981 4723 tum
2013 4667 2303 4736 mediator,
2339 4667 2436 4722 sed
2467 4667 2697 4722 duarum
2729 4666 3150 4732 extremitatum,
3186 4667 3308 4738 quia
3337 4683 3477 4738 pro-

1869 4765 1991 4828 pter
2039 4772 2206 4811 unum
2252 4772 2363 4810 non
2405 4755 2678 4811 diceretur
2724 4754 2956 4809 medius.
2993 4756 3078 4821 Et,
3113 4753 3236 4810 licet
3267 4772 3377 4811 non
3409 4757 3481 4813 sit

1870 4846 2031 4901 unius
2081 4845 2368 4910 mediator,
2401 4845 2497 4900 sed
2529 4844 2780 4910 duorum,
2817 4852 2997 4899 tamen
3044 4853 3333 4915 propterea
3363 4861 3476 4901 non

1872 4935 2120 5006 sequitur
2149 4935 2295 5006 quod
2346 4933 2453 4988 sint
2497 4934 2606 4989 duo
2655 4933 2748 5001 dii,
2800 4933 2895 4989 sed
2941 4951 3091 4989 unus
3140 4941 3349 4989 tantum
3392 4939 3480 4992 est

1871 5025 2036 5080 Deus.
2070 5024 2168 5078 Vel
2199 5023 2391 5078 aliter:
2415 5025 2521 5079 Lex
2553 5031 2635 5078 est
2653 5023 2833 5095 posita
2860 5022 2916 5076 in
2940 5039 3105 5078 manu
3127 5023 3476 5093 mediatoris;

1871 5112 1959 5168 hic
1987 5120 2166 5166 autem
2215 5112 2483 5168 mediator
2535 5128 2644 5167 non
2691 5119 2774 5166 est
2818 5111 2999 5177 unius,
3034 5111 3088 5166 id
3140 5121 3220 5167 est
3268 5113 3481 5171 Judaici
3544 5152 3554 5165 .

1869 5201 2054 5274 populi
2083 5207 2286 5256 tantum
2315 5220 2330 5266 ;
2364 5202 2460 5257 sed
2517 5210 2600 5257 est
2644 5218 2805 5266 unus,
2838 5201 2894 5255 id
2925 5209 3007 5256 est
3056 5218 3209 5274 aeque
3257 5203 3480 5276 gentilis

1872 5291 2012 5347 sicut
2051 5291 2238 5360 judsei.
2272 5291 2388 5347 Hoc
2434 5291 2562 5346 inde
2611 5298 2838 5358 constat,
2875 5290 3003 5362 quia
3051 5299 3133 5346 est
3175 5293 3322 5348 Deus
3366 5300 3478 5349 tam

1871 5381 2011 5436 bene
2057 5380 2277 5451 gentilis
2324 5380 2461 5436 sicut
2505 5379 2698 5435 Judaei.
2752 5377 2922 5434 Infert
2946 5395 2976 5434 a
3006 5381 3269 5452 superiori
3304 5399 3317 5437 :
3352 5382 3479 5454 quia

1875 5473 2287 5525 testa-mentum
2310 5469 2555 5526 hominis
2581 5485 2745 5525 nemo
2768 5469 3009 5540 spernit,
3026 5475 3129 5525 aut
3154 5471 3479 5544 superordi-

1872 5562 1998 5613 nat.
2022 5558 2430 5613 Testamentum
2449 5566 2628 5614 autem
2647 5546 2772 5612 ante
2794 5557 2973 5627 legem
2997 5557 3199 5614 factum
3211 5568 3312 5615 est.
3327 5559 3477 5632 Ergo

1872 5647 1961 5703 lex
1992 5663 2101 5702 non
2129 5647 2357 5704 destruit
2383 5647 2654 5719 promissa
2682 5646 2802 5704 Dei.
2837 5646 2947 5703 Sed
2976 5647 3081 5704 hoc
3102 5648 3204 5703 sub
3234 5649 3476 5705 interro-

3243 5826 3309 5878 10
