3932 6414
412 263 517 318 299

948 260 1005 317 S.
1045 259 1400 317 BRUNONIS
1446 255 2090 316 CARTHUSIANORUM
2133 257 2618 317 INSTITUTORIS
2656 259 2808 317 OPP.
2869 261 3043 317 PARS
3098 259 3167 316 Ii.

3602 263 3711 316 300

415 384 633 456 gatione
675 383 755 441 sic
792 385 941 455 ponit
972 403 986 439 :
1020 386 1105 440 An
1153 384 1429 440 fatendum
1477 393 1557 439 est
1605 384 1752 455 quod
1800 386 1894 440 lea:
1940 382 2007 436 sit
2030 384 2079 444 Α
2113 385 2402 440 masculus
2426 402 2603 458 neque
2634 388 2871 456 femina,
2895 385 2949 439 id
2971 394 3177 440 estnon
3196 385 3361 451 natio,
3385 402 3495 441 non
3517 385 3712 442 condi-

416 473 684 529 adversus
707 474 987 545 promissa
1014 474 1132 539 Dei,
1168 482 1225 528 ut
1254 490 1351 544 per
1380 473 1557 544 legem
1580 474 1846 528 habeatur
1866 471 2013 543 quod

416 577 512 632 per
539 560 702 617 ﬁdem
730 562 1056 632 promittitur
1074 561 1102 616 ἳ
1133 561 1289 617 Absit
1320 563 1424 617 hoc
1453 570 1509 615 ut
1537 561 1623 615 lex
1653 562 1731 617 sic
1749 561 2011 615 adverse-

417 657 503 704 tur
551 649 835 720 promissis
889 650 1007 717 Dei,
1040 657 1098 704 ut
1145 648 1344 705 efﬁciat
1388 649 1840 717 benedictionem,
1892 664 2013 720 qua:

415 753 517 807 per
541 736 704 793 ﬁdem
746 737 1113 808 promittitur!
1150 739 1287 793 Vere
1332 738 1417 793 lex
1465 753 1573 792 non
1624 746 1706 792 est
1752 738 2013 792 adversus

412 826 685 896 promissa
714 826 832 893 Dei,
865 834 923 881 ut
960 827 1131 897 possit
1175 826 1611 882 benedictionem
1655 826 1809 881 dare.
1868 826 2010 883 Nam

414 918 466 969 si
497 915 591 970 lea:
618 915 753 970 data
773 919 917 970 esset
936 931 1060 987 qum
1080 917 1255 985 possit
1276 916 1578 983 viviﬁcare,
1605 914 1658 968 id
1683 922 1763 968 est
1786 914 2015 985 promis-

416 1018 531 1057 sam
580 1002 1013 1059 benedictionem
1058 1003 1211 1069 dare,
1258 1011 1381 1057 tunc
1429 1020 1552 1058 vere
1586 1004 1821 1073 justitia
1869 1006 2012 1057 esset

415 1107 490 1146 ex
540 1092 674 1163 lege,
707 1091 811 1145 nisi
858 1090 1002 1145 enim
1040 1091 1247 1159 justitia
1294 1092 1655 1161 praecesserit,
1706 1090 2011 1145 benedictio

416 1178 605 1251 nequit
651 1179 990 1250 apprehendi
1027 1198 1041 1245 ;
1093 1179 1190 1233 sed
1241 1195 1304 1233 ex
1354 1178 1477 1250 lege
1525 1195 1633 1233 non
1663 1188 1746 1233 est
1784 1178 2008 1246 justitia.

414 1267 715 1339 Scriptura
738 1267 885 1322 enim
923 1269 1222 1335 conclusit,
1256 1267 1309 1321 id
1339 1276 1421 1322 est
1450 1267 1685 1322 ostendit
1732 1266 2008 1322 conclusa.

415 1355 513 1411 Vel
543 1354 839 1426 Scriptura,
874 1356 926 1410 id
958 1363 1039 1409 est
1085 1356 1278 1410 eadem
1326 1355 1433 1419 lex,
1473 1364 1545 1419 et,
1598 1372 1698 1426 per
1743 1356 2009 1420 additum,

414 1451 701 1514 peccatum
734 1443 887 1515 quasi
912 1443 1177 1498 violenter
1208 1444 1494 1509 conclusit,
1520 1451 1574 1498 et
1604 1442 1858 1498 conclusa
1889 1458 2012 1497 esse

414 1532 650 1587 ostendit
680 1532 1000 1587 omnia‘sub
1042 1536 1291 1604 peccato.
1347 1532 1478 1586 ideo
1526 1532 1708 1586 omnia
1756 1531 2012 1587 conclusa

417 1628 541 1675 sunt
571 1620 673 1674 sub
715 1628 961 1691 peccato,
994 1625 1059 1676 ut
1090 1620 1168 1676 sic
1196 1620 1436 1676 conclusi
1482 1621 1789 1687 crederent,
1824 1628 1876 1673 et
1906 1619 2013 1673 illis

415 1708 639 1763 tandem
663 1709 1033 1773 credentibus,
1065 1708 1302 1764 daretur
1331 1708 1645 1779 promissio,
1678 1708 1734 1762 id
1765 1715 1848 1762 est
1877 1723 2011 1777 pro-

416 1796 585 1850 missa
631 1796 960 1864 benedictio,
1000 1811 1109 1850 non
1155 1812 1221 1850 ex
1266 1795 1411 1867 lege,
1462 1795 1559 1850 sed
1604 1811 1677 1851 ea:
1723 1795 1831 1865 ﬁde
1882 1797 2014 1851 Jesu

420 1883 674 1950 Christi;
720 1891 908 1953 posset
964 1882 1109 1938 enim
1164 1883 1336 1953 putari
1403 1883 1575 1953 quod,
1627 1882 1753 1937 licet
1816 1882 2014 1938 crede-

417 1978 560 2039 rent,
612 1986 722 2025 non
781 1979 963 2026 tamen
1011 1970 1204 2026 merito
1251 1968 1379 2025 fidei
1423 1971 1734 2041 acciperent
1783 1970 2015 2025 benedi-

417 2058 675 2115 ctionem.

488 2146 628 2202 Nota
651 2161 664 2200 :
688 2146 813 2201 ideo
842 2145 1109 2203 conclusit
1130 2146 1308 2202 omnia
1339 2146 1440 2200 sub
1468 2154 1712 2217 peccato,
1736 2154 1790 2201 ut
1824 2146 2014 2202 crede-

418 2243 581 2301 rent;
614 2234 718 2289 nisi
748 2235 893 2289 enim
923 2236 1171 2289 homines
1199 2234 1275 2290 ita
1302 2234 1607 2306 ligarentur
1653 2236 1752 2289 sub
1798 2234 2015 2289 vinculo

418 2323 649 2394 peccati,
693 2323 837 2394 quod
884 2339 985 2378 nec
1034 2323 1240 2377 viribus
1288 2323 1402 2377 suis
1452 2323 1721 2393 respirare
1767 2329 2013 2393 possent,

418 2428 695 2483 nunquam
743 2411 813 2466 ad
872 2411 1302 2466 misericordiam
1350 2427 1471 2482 qua:
1526 2411 1582 2465 in
1628 2410 1735 2466 tide
1780 2419 2013 2479 censtat,

424 2499 804 2573 confugerent.
838 2499 943 2555 Sed
975 2500 1219 2570 quamvis
1250 2498 1335 2554 lex
1375 2497 1651 2554 vivificare
1681 2514 1788 2553 non
1820 2499 2011 2569 possit,

420 2597 602 2644 tamen
624 2595 929 2659 opportuna
946 2588 1039 2641 fuit
1062 2605 1076 2651 ;
1100 2588 1242 2658 quia,
1266 2589 1596 2660 priusquam
1616 2590 1834 2643 veniret
1856 2588 2011 2656 ﬁdes,

420 2692 522 2732 nos
547 2676 720 2730 Judaei
751 2676 911 2746 positi
941 2675 1041 2731 sub
1075 2678 1189 2746 lege
1217 2676 1687 2743 custodiebamur,
1721 2675 1775 2729 id
1803 2683 1884 2730 est
1914 2675 2015 2728 sub

422 2764 666 2821 custodia
690 2764 831 2834 legis
881 2764 1252 2818 nutriebamur
1297 2763 1368 2818 ad
1414 2772 1698 2818 venturam
1745 2763 2006 2834 gratiam.

424 2854 536 2909 Sub
566 2852 689 2924 lege
719 2852 843 2908 dico
886 2846 1158 2916 conclusi,
1192 2851 1247 2905 id
1278 2860 1361 2906 est
1404 2851 1684 2907 constricti
1713 2850 1766 2905 in
1795 2866 2016 2906 carcere

419 2941 567 2997 velut
596 2940 759 2995 servi.
792 2940 1090 2994 Minabatur
1117 2939 1262 2993 enim
1308 2955 1550 3009 poenam,
1582 2955 1689 2993 non
1731 2938 2016 3009 promitte-

419 3029 513 3085 bat
540 3028 806 3099 requiem.
853 3027 1306 3082 Custodiebamur
1351 3027 1495 3095 dico,
1528 3043 1593 3081 ex
1623 3027 1723 3081 hac
1769 3027 2014 3081 custodia

419 3116 699 3170 transituri
716 3118 777 3171 in
798 3131 923 3170 eam
951 3115 1120 3183 ﬁdem
1149 3132 1272 3186 qua:
1302 3123 1427 3170 tunc
1448 3113 1791 3186 ﬁgurislegis
1813 3114 2008 3180 velata,

422 3208 547 3259 erat
574 3203 876 3258 revelanda
897 3219 993 3272 per
1012 3202 1311 3257 Christum.
1342 3204 1408 3257 Et
1430 3203 1557 3273 quia
1577 3203 1814 3274 sublege
1836 3212 2014 3258 custo-

420 3292 705 3346 diebamur
734 3291 789 3345 in
818 3289 999 3357 ﬁdem,
1032 3292 1223 3362 itaque
1263 3290 1360 3345 lea:
1388 3293 1504 3360 fuit
1550 3291 1887 3363 paedagogus
1916 3306 2008 3345 no-

420 3385 558 3447 ster,
609 3379 855 3433 nutriens
904 3395 1005 3433 nos
1054 3378 1337 3449 ponendos
1384 3380 1447 3433 in
1499 3379 1740 3443 Christo,
1789 3379 1913 3433 ideo
1959 3379 2015 3432 in

420 3466 653 3533 Christo,
690 3471 753 3524 ut
787 3484 886 3523 nos
915 3467 1087 3522 Judaei
1107 3467 1495 3537 justiﬁcemur
1541 3484 1616 3523 ea:
1653 3468 1761 3536 ﬁde
1794 3466 2011 3533 Christi,

420 3572 529 3611 non
560 3572 626 3613 ex
654 3556 797 3629 lege.
836 3556 1175 3628 Paedagogus
1216 3555 1409 3610 dicitur
1454 3555 1686 3610 nutritor
1714 3555 1885 3625 pueri,
1922 3554 2014 3626 qui

421 3661 637 3716 semper
665 3645 907 3716 sequitur
922 3644 1091 3714 pedes
1122 3644 1257 3712 ejus.
1292 3643 1551 3697 Similiter
1573 3643 1659 3698 lex
1678 3644 2015 3715 pedagogus

420 3741 609 3789 noster
640 3732 754 3798 fuit,
786 3732 1032 3787 nutriens
1060 3731 1347 3802 pueritiam
1379 3740 1431 3785 et
1480 3731 1880 3802 simplicitatem
1910 3747 2015 3786 no-

420 3828 609 3886 stram,
645 3820 784 3876 sicut
814 3820 952 3874 solet
991 3835 1127 3889 puer
1156 3819 1346 3873 nutriri
1388 3819 1706 3874 verberibus
1738 3827 1790 3874 et
1818 3820 2007 3873 minis.

420 3909 536 3963 Nos
564 3908 717 3979 pueri
760 3923 978 3962 eramus
1023 3907 1125 3961 sub
1171 3907 1498 3979 padagogo.
1550 3908 1621 3962 At
1670 3908 1784 3973 ubi,
1833 3908 1888 3962 id
1934 3916 2018 3962 est

420 4004 726 4067 postquam,
749 3994 898 4051 21
918 3995 984 4050 ’7
1023 3995 1175 4049 venit
1207 3995 1364 4063 ﬁdes,
1386 3995 1438 4048 id
1472 4004 1553 4050 est
1583 3996 1864 4049 maturitas
1892 4011 2017 4050 mo-

424 4100 563 4149 rum,
615 4092 665 4138 et
707 4084 819 4152 jam
867 4082 1035 4137 adulti
1083 4100 1304 4148 sumus;
1352 4099 1452 4138 nos
1498 4082 1688 4149 Judmi,
1724 4085 1851 4154 jam
1899 4100 2016 4139 non

422 4188 618 4227 sumus
636 4172 735 4226 sub
767 4172 1084 4243 paedagogo,
1108 4170 1161 4225 id
1179 4178 1261 4225 est
1283 4172 1384 4226 sub
1407 4171 1550 4244 lege.
1573 4172 1701 4226 Ideo
1721 4188 1821 4227 nos
1844 4172 2018 4227 Judaei

422 4260 657 4331 amplius
673 4275 780 4315 non
808 4276 997 4314 sumus
1018 4258 1117 4313 sub
1140 4259 1282 4329 lege,
1306 4261 1440 4331 quia
1471 4276 1568 4315 vos
1597 4277 1808 4328 omnes,
1844 4260 2016 4315 Gala-

421 4357 510 4415 tae,
556 4349 788 4419 gentiles
836 4349 970 4404 estis
1014 4349 1126 4417 ﬁlii
1172 4347 1272 4402 Dei
1314 4363 1417 4419 per
1461 4349 1649 4417 ﬁdem,
1683 4348 1918 4402 habitam
1961 4348 2016 4403 in

422 4437 638 4493 Christo
665 4438 792 4492 Jesu
842 4453 951 4491 non
981 4436 1160 4491 minus
1209 4450 1369 4507 quam
1401 4452 1521 4491 nos.
1572 4437 1641 4490 Et
1670 4436 1716 4490 si
1744 4436 1899 4491 vobis
1929 4437 2018 4491 ni-
2040 4430 2093 4491 D

418 4525 494 4581 hil
523 4525 702 4579 minus
741 4533 821 4580 est
867 4524 1009 4596 apud
1058 4525 1228 4579 Deum
1272 4538 1370 4594 per
1418 4522 1579 4578 ﬁdem
1630 4539 1793 4595 quam
1837 4524 2015 4591 nobis,

420 4612 620 4669 frustra
667 4622 975 4692 teneremus
1016 4613 1218 4684 legem,
1269 4627 1391 4683 quae
1437 4627 1537 4682 per
1598 4626 1697 4666 nos
1753 4612 2021 4682 probatur

420 4702 553 4757 nihil
582 4701 829 4757 conferre
860 4701 1037 4756 nobis.
1069 4701 1211 4770 Quia
1242 4700 1287 4753 si
1318 4715 1417 4754 nos
1456 4699 1629 4755 Judzei
1658 4700 1858 4772 legem,
1892 4700 2019 4771 quia

422 4789 667 4845 inutilem
709 4790 1044 4854 dimittimus,
1077 4788 1262 4859 utique
1292 4802 1390 4842 vos
1437 4787 1527 4859 qui
1573 4804 1683 4843 non
1726 4787 2014 4855 habuistis,

423 4877 635 4933 insania
665 4886 808 4932 esset
836 4876 1269 4947 apprehendere.

492 4967 635 5021 Bene
658 4965 779 5020 dico
802 4980 898 5019 vos
919 4964 1061 5017 filios
1084 4963 1182 5017 Dei
1200 4964 1253 5017 in
1274 4962 1487 5019 Christo
1505 4964 1654 5018 Jesu.
1693 4965 2019 5038 Quicunque

422 5055 576 5109 enim
607 5053 883 5125 baptizati
911 5053 1047 5107 estis
1076 5054 1140 5106 in
1172 5051 1410 5118 Christo,
1440 5052 1489 5107 id
1513 5052 1666 5106 estin
1680 5052 2017 5108 institutione

423 5141 620 5197 Christi
639 5141 666 5194 J
671 5157 787 5209 esu,
804 5141 1075 5196 induistis
1099 5139 1406 5196 Christum.
1428 5141 1661 5196 Induere
1674 5140 1825 5196 dicit.
1842 5142 2016 5197 Homo

425 5230 569 5285 enim
599 5246 697 5300 per
752 5237 1037 5300 peccatum
1069 5228 1247 5283 nudus
1294 5235 1347 5284 et
1392 5228 1674 5299 penuriam
1718 5228 1918 5298 patitur
1964 5236 2017 5284 et

420 5317 809 5389 ignominiam;
842 5317 939 5372 sed
966 5316 1022 5370 in
1068 5316 1340 5386 baptismo
1389 5316 1613 5371 veniens
1642 5316 1709 5369 ad
1742 5316 2015 5372 Christum

421 5405 593 5462 induit
639 5421 783 5469 eum,
816 5412 869 5460 et
899 5405 970 5459 ad
1002 5404 1287 5477 tegendam
1336 5404 1637 5459 nuditatem
1685 5419 1837 5459 suam
1865 5413 1918 5459 et
1946 5405 2014 5459 ad

421 5494 670 5567 gloriam.
698 5495 839 5549 Bene
861 5494 983 5549 dico
1005 5496 1321 5565 quicunque
1351 5508 1467 5548 non
1499 5496 1583 5548 est
1612 5491 1758 5546 enim
1788 5493 2015 5548 Judmus

422 5600 599 5656 neque
636 5586 878 5650 Griecus,
903 5598 1016 5638 non
1048 5587 1131 5639 est
1159 5598 1348 5639 servus
1377 5598 1556 5655 neque
1589 5580 1765 5647 liber,-
1788 5598 1902 5638 non
1932 5587 2016 5637 est

2113 470 2207 536 tio,
2240 488 2347 527 non
2379 490 2541 528 sexus
2580 473 2836 528 diﬁ'erens
2866 483 2947 528 est
2978 475 3033 528 in
3076 474 3182 529 tide
3230 475 3450 529 Christi.
3502 476 3713 530 Omnes

2113 562 2266 616 enim
2302 577 2392 616 vos
2439 578 2620 617 unum
2654 577 2856 632 corpus
2892 564 3029 617 estis
3058 577 3158 632 per
3192 560 3353 616 ﬁdem
3390 563 3455 617 in
3487 562 3713 618 Christo

2112 648 2261 703 Jesu.
2296 650 2356 705 Si
2384 655 2579 704 autem
2614 667 2702 705 vos
2749 651 2881 703 estis
2925 650 3156 718 Christi,
3190 665 3313 706 cum
3362 650 3610 705 Christus
3642 650 3715 704 sit

2113 736 2348 791 Abrahae
2374 757 2387 802 ;
2414 754 2575 808 supra
2598 738 2742 792 enim
2762 739 2967 793 dictum
2988 746 3133 792 estet
3162 739 3367 794 semini
3391 743 3486 793 tuo
3505 740 3601 811 qui
3622 743 3714 793 est

2117 824 2395 890 Christus,
2451 843 2579 896 ergo
2626 843 2724 897 per
2771 826 3038 881 Christum
3087 842 3205 891 vos,
3255 826 3519 896 gentiles,
3570 828 3716 882 estis

2113 929 2305 967 semen
2338 912 2593 968 Abrahaa.
2619 914 2687 968 Et
2709 914 2752 967 si
2775 930 2982 979 semen,
3008 931 3143 986 ergo
3175 915 3421 969 heredes
3452 915 3717 969 benedic-

2115 1000 2275 1054 tionis
2308 1001 2443 1068 ejus,
2460 1018 2568 1055 non
2592 1018 2692 1072 per
2716 1002 2916 1073 legem,
2936 1003 3030 1056 sed
3047 1003 3357 1057 secundum
3386 1004 3717 1073 promissio-

2114 1105 2266 1143 nem.
2296 1089 2354 1142 In
2387 1089 2581 1143 eodem
2610 1091 2753 1160 quod
2776 1091 3025 1160 superius
3056 1091 3303 1161 probavit
3323 1091 3500 1146 adhuc
3517 1091 3717 1146 immo-

2113 1185 2293 1240 ratur;
2326 1177 2462 1231 sicut
2494 1178 2637 1231 enim
2668 1178 2914 1248 probavit
2934 1194 3043 1233 non
3072 1178 3304 1249 amplius
3327 1180 3717 1234 revertendum

2113 1280 2233 1318 esse
2254 1265 2321 1318 ad
2344 1265 2540 1334 legem.
2566 1266 2693 1336 quia
2721 1267 3058 1339 paedagogus
3088 1266 3218 1321 fuit:
3242 1266 3350 1322 ﬁde
3376 1276 3556 1322 autem
3575 1283 3716 1338 per-

2114 1350 2288 1417 fectis,
2337 1353 2641 1425 padagogo
2688 1370 2797 1408 non
2843 1362 2925 1408 est
2964 1370 3138 1424 opus;
3172 1354 3316 1409 idem
3364 1356 3541 1411 adhuc
3587 1355 3717 1410 aliis

2117 1440 2419 1494 rationibus
2443 1442 2649 1511 probat,
2668 1442 2872 1497 scilicet
2896 1442 3115 1497 Judteos
3136 1459 3242 1497 non
3257 1443 3487 1514 amplius
3508 1443 3719 1499 debere

2113 1528 2325 1597 Operari
2339 1529 2440 1582 sub
2454 1528 2595 1599 lege,
2610 1538 2900 1600 propterea
2918 1530 3043 1601 quia
3063 1530 3148 1585 lex
3171 1531 3292 1586 loco
3306 1531 3493 1586 tutoris
3504 1539 3557 1586 et
3568 1540 3722 1587 acto-

2111 1615 2183 1669 ris
2204 1614 2303 1669 fuit
2328 1632 2341 1671 :
2367 1632 2477 1686 quo
2507 1625 2683 1672 tutore
2704 1627 2756 1671 et
2778 1626 2963 1673 actore
2985 1634 3092 1673 non
3115 1619 3321 1691 indiget
3341 1619 3630 1674 maturitas
3649 1619 3717 1674 fi-

2112 1702 2220 1759 dei.
2254 1704 2321 1758 Et
2351 1704 2455 1759 hoc
2492 1706 2683 1775 probat
2713 1722 2814 1776 per
2860 1707 3264 1761 similitudinem
3311 1707 3499 1778 pupilli
3546 1724 3715 1779 quem

2113 1800 2271 1863 pater
2315 1793 2555 1847 moriens
2603 1794 2705 1847 sub
2754 1802 2930 1849 tutore
2978 1803 3031 1849 et
3056 1804 3241 1851 actore
3289 1812 3412 1850 esse
3451 1796 3712 1866 disponit,

2115 1880 2289 1935 donec
2315 1881 2601 1935 maturitas
2630 1882 2804 1936 relatis
2833 1882 2993 1937 faciat
3022 1898 3147 1937 eum
3182 1883 3408 1955 dignum
3438 1883 3711 1940 libertate.

2113 1969 2277 2023 Tutor
2303 1969 2460 2041 pueri
2491 1969 2705 2035 dicitur,
2738 1972 2829 2041 qui
2858 1979 3049 2025 contra
3096 1971 3502 2044 impugnantum
3534 1980 3717 2027 tuetur

2116 2073 2261 2114 eum.
2294 2073 2362 2111 ne
2394 2058 2726 2113 exhaaredari
2776 2060 2968 2129 possit.
3002 2062 3166 2114 Actor
3193 2060 3348 2130 pueri
3373 2060 3585 2123 dicitur,
3622 2061 3716 2115 vel

2115 2144 2280 2213 idem,
2312 2139 2399 2199 vel
2428 2145 2607 2210 alius;
2637 2147 2733 2200 sed
2763 2162 2863 2217 pro
2894 2148 3108 2201 diversa
3138 2163 3323 2213 causa,
3345 2148 3553 2204 scilicet
3582 2149 3717 2220 quia

2115 2233 2229 2305 agit
2249 2233 2591 2303 etdispensat
2613 2234 2751 2288 bona
2774 2234 2983 2305 pupilli,
3008 2235 3165 2290 solvit
3185 2251 3402 2303 census,
3419 2238 3720 2306 respondet

2115 2336 2217 2390 pro
2248 2337 2313 2375 eo
2343 2321 2397 2374 in
2426 2322 2627 2375 causis.
2659 2322 2767 2376 Lex
2797 2323 3043 2377 similiter
3070 2331 3216 2377 tutor
3244 2332 3297 2378 et
3324 2332 3475 2379 actor
3493 2324 3715 2379 dicitur.

2119 2409 2380 2464 Homines
2411 2410 2554 2464 enim
2583 2426 2776 2480 parum
2823 2411 3090 2465 habentes
3120 2412 3315 2467 divina:
3359 2412 3714 2483 cognitionis,

2116 2506 2168 2553 et
2198 2497 2254 2551 in
2282 2498 2474 2552 eodem
2505 2499 2633 2551 satis
2663 2499 2846 2553 miseri
2877 2507 2929 2553 et
2958 2500 3166 2570 pupilli,
3198 2500 3515 2571 indigebant
3560 2502 3718 2572 prius

2116 2585 2239 2657 lege
2285 2601 2407 2656 quae
2455 2586 2856 2657 constringeret
2898 2604 2995 2642 eos
3025 2596 3083 2642 ut
3125 2604 3333 2654 servos,
3365 2597 3443 2656 ut,
3478 2590 3577 2643 sub
3609 2591 3722 2647 hac

2118 2673 2455 2729 districtione
2485 2675 2690 2739 nutriti,
2711 2676 3006 2746 migrarent
3026 2676 3096 2731 ad
3125 2677 3512 2747 perfectionem
3545 2676 3671 2734 ﬁdei
3698 2697 3715 2744 ;

2118 2770 2170 2815 et
2199 2769 2323 2817 tunc
2350 2762 2437 2817 lex
2485 2771 2596 2817 erat
2627 2764 2706 2817 eis
2735 2772 2880 2818 tutor
2908 2780 3008 2835 per
3051 2774 3325 2836 praecepta
3371 2782 3495 2837 qua:
3524 2767 3712 2834 dabat,

2119 2849 2307 2905 dicens
2341 2868 2353 2904 :
2384 2852 2467 2906 Ne
2527 2850 2697 2906 facias
2741 2852 2844 2907 hoc
2890 2861 2943 2906 et
2970 2853 3120 2907 illud.
3186 2852 3345 2922 Quod
3395 2855 3440 2908 si
3491 2853 3715 2923 feceris,

2116 2946 2292 2993 morte
2320 2937 2594 2993 morieris.
2628 2940 2716 2994 Sic
2745 2956 2845 3009 per
2865 2940 2993 2994 data
3022 2949 3293 3012 praecepta
3314 2943 3589 2997 tutabatur
3618 2960 3719 2999 eos

2119 3025 2223 3090 lex,
2258 3034 2311 3081 et
2357 3026 2682 3081 defendebat
2722 3036 2910 3082 contra
2956 3028 3213 3083 irruentia
3259 3030 3411 3097 vitia,
3444 3046 3477 3085 a
3517 3032 3721 3102 quibus

2113 3114 2308 3169 timore
2364 3115 2674 3181 cessabant,
2722 3116 2960 3170 nondum
3018 3117 3327 3173 dilectione.
3378 3120 3486 3173 Lex
3551 3120 3719 3174 etiam

2114 3211 2227 3258 erat
2257 3203 2499 3271 ejusdem
2529 3204 2714 3275 populi
2740 3213 2909 3270 actor,
2942 3221 3041 3275 per
3072 3205 3333 3261 sacriﬁcia
3356 3207 3553 3277 quibus
3582 3224 3724 3281 age-

2115 3291 2271 3345 batur
2299 3292 2439 3361 apud
2472 3292 2644 3347 Deum
2693 3300 2750 3346 ut
2777 3293 3123 3363 expiarentur
3151 3311 3182 3347 a
3211 3295 3469 3364 peccatis.
3516 3296 3719 3352 Littera

2116 3379 2193 3434 sic
2219 3380 2483 3451 jungitur.
2516 3380 2638 3435 Non
2660 3379 2835 3435 solum
2866 3397 2963 3451 per
2992 3381 3046 3435 id
3070 3382 3214 3453 quod
3245 3383 3584 3452 praemissum
3607 3394 3716 3452 est,

2116 3467 2323 3523 scilicet
2354 3467 2481 3538 quia
2501 3468 2588 3522 lex
2619 3468 2953 3539 paedagogus
2983 3468 3077 3524 fuit
3100 3470 3270 3541 probo
3299 3486 3409 3525 non
3427 3471 3569 3527 ultra
3598 3487 3721 3526 ma-

2116 3555 2353 3611 nendum
2386 3572 2508 3610 esse
2539 3557 2642 3610 sub
2671 3556 2813 3626 lege,
2850 3556 2948 3611 sed
2993 3557 3153 3613 etiam
3196 3574 3293 3628 per
3320 3560 3424 3615 hoc
3450 3560 3595 3631 quod
3625 3560 3716 3616 lex

2116 3642 2237 3699 loco
2282 3643 2472 3698 tutoris
2504 3650 2553 3697 et
2583 3645 2786 3699 actoris
2816 3644 2930 3699 fuit.
2983 3644 3197 3713 Quibus
3243 3646 3371 3717 quia
3412 3647 3556 3703 ultra
3604 3664 3720 3704 non

2115 3730 2444 3803 indigemus,
2496 3730 2676 3803 legem
2727 3740 2911 3787 tenere
2958 3733 3214 3802 injustam
3259 3742 3359 3789 est.
3414 3735 3512 3790 Vel
3559 3737 3723 3792 aliter

2110 3818 2370 3889 jungitur,
2404 3827 2462 3873 ut
2503 3819 2572 3873 sit
2614 3819 2844 3875 adversa
2891 3821 3175 3887 sententia,
3209 3821 3284 3876 ita
3314 3837 3328 3875 :
3361 3821 3501 3890 Quia
3548 3841 3721 3880 unum

2117 3923 2304 3962 sumus
2332 3906 2387 3961 in
2416 3907 2633 3962 Christo
2683 3915 2737 3963 et
2780 3925 2880 3979 per
2929 3908 3094 3965 ﬁdem
3143 3926 3330 3964 semen
3356 3911 3588 3967 Abrahae
3619 3929 3721 3968 su-

2115 4010 2257 4059 mus,
2300 4010 2490 4049 verum
2534 3995 2751 4066 quidem
2794 4005 2876 4051 est
2906 3998 3034 4068 quia
3058 4005 3285 4069 propter
3322 3997 3441 4054 haec
3469 4015 3579 4055 non
3600 4002 3718 4070 jam

2115 4082 2379 4137 debemus
2410 4090 2594 4138 tenere
2625 4083 2802 4156 legem
2830 4103 2844 4150 ;
2880 4086 2977 4139 sed
3027 4093 3207 4141 tamen
3249 4088 3565 4143 necessaria
3594 4088 3717 4157 fuit,

2116 4171 2242 4225 dum
2271 4179 2445 4226 tutore
2476 4179 2529 4225 et
2558 4179 2744 4227 actore
2770 4173 2950 4230 adhuc
2979 4174 3170 4245 pupilli
3212 4174 3615 4246 indigebamus.
3648 4180 3722 4234 Et

2115 4260 2416 4315 secundum
2475 4260 2615 4314 hanc
2665 4261 3126 4318 continuationem
3177 4278 3337 4319 causa
3386 4280 3508 4336 que
3561 4267 3721 4337 prius

2118 4363 2228 4403 non
2256 4355 2375 4402 erat
2406 4347 2614 4402 reddita
2644 4349 2809 4404 modo
2837 4350 3196 4421 supplebitur.

2742 4544 2969 4602 CAPUT
3000 4546 3089 4601 IV.

2195 4720 2217 4750 ι
2251 4699 2387 4757 Dico
2416 4709 2598 4757 autem
2632 4718 2645 4757 :
2679 4703 2894 4772 Quanto
2942 4713 3188 4776 tempore
3232 4706 3409 4763 haeres
3456 4707 3723 4778 parvulus

2124 4810 2145 4835 α
2181 4789 2431 4857 est,nihil
2460 4789 2637 4845 diﬁ‘ert
2666 4808 2695 4846 a
2718 4808 2899 4859 servo,
2924 4809 3047 4850 cum
3069 4794 3138 4849 sit
3165 4795 3416 4851 dominus
3430 4797 3675 4852 omnium
3703 4817 3719 4865 ;

2123 4899 2145 4923 α
2179 4877 2276 4931 sed
2307 4877 2408 4931 sub
2439 4879 2701 4935 tutoribus
2732 4889 2785 4935 et
2815 4881 3091 4937 actoribus
3123 4891 3207 4938 est
3252 4900 3427 4956 usque
3457 4885 3527 4940 ad
3565 4902 3718 4956 pra:-

2123 4987 2145 5012 κ
2179 4962 2389 5021 ﬁnitum
2429 4974 2643 5037 tempus
2672 4984 2705 5024 a
2734 4977 2906 5040 patre.
2942 4970 3022 5025 Ita
3051 4979 3105 5026 et
3149 4987 3251 5027 nos
3296 4988 3421 5028 cum
3467 4990 3720 5029 essemus

2122 5075 2145 5100 α
2179 5054 2413 5124 parvuli,
2446 5056 2549 5109 sub
2599 5057 2881 5113 elementis
2909 5059 3097 5114 mundi
3144 5077 3364 5116 eramus
3392 5062 3717 5119 servientes.

2123 5164 2145 5189 α
2180 5144 2247 5195 At
2276 5142 2368 5196 ubi
2411 5144 2555 5198 venit
2602 5145 2882 5214 plenitudo
2930 5147 3209 5218 temporis,
3239 5150 3385 5204 misit
3430 5151 3578 5205 Deus
3622 5152 3718 5206 Fi-

2121 5253 2142 5275 «
2178 5226 2308 5284 lium
2338 5247 2495 5286 suum
2549 5231 2753 5288 factum
2783 5250 2850 5290 ex
2896 5235 3146 5301 muliere,
3180 5235 3379 5293 factum
3424 5238 3524 5293 sub
3567 5239 3714 5312 lege,

2121 5340 2142 5364 α
2177 5327 2234 5373 ιιι
2253 5334 2349 5373 eos
2376 5320 2467 5391 qui
2488 5320 2590 5375 sub
2618 5321 2740 5394 lege
2772 5331 2929 5378 erant
2949 5324 3262 5390 redimeret,
3281 5334 3338 5381 ut
3366 5326 3720 5397 adoptionem

2121 5428 2143 5452 α
2176 5405 2411 5462 ﬁliorum
2448 5409 2836 5478 reciperemus.
2869 5409 3141 5479 Quoniam
3189 5422 3369 5469 autem
3416 5414 3548 5470 estis
3595 5416 3715 5472 Filli

2119 5517 2141 5542 α
2178 5494 2298 5560 Dei,
2328 5496 2475 5551 misit
2504 5498 2653 5552 Deus
2691 5498 2945 5569 Spiritum
2976 5501 3096 5556 Filii
3125 5502 3208 5557 sui
3255 5502 3309 5556 in
3338 5503 3503 5559 corda
3536 5514 3720 5560 vestra

2121 5605 2142 5629 «
2179 5582 2408 5655 [nostra]
2437 5584 2762 5642 clamantem
2792 5605 2806 5643 :
2839 5589 3015 5654 Abba,
3041 5591 3218 5646 Pater.
3254 5590 3498 5647 218
3529 5594 3720 5665 itaque
