3932 6432
132 323 224 376 301

795 319 1173 377 EXPOSITIO
1213 321 1286 376 IN
1323 317 1704 377 EPISTOLAS
1742 313 1971 374 PAULI.
1999 350 2068 362 —
2098 322 2172 378 IN
2209 321 2430 378 EPIST.
2475 315 2567 378 ΔΙ)
2607 317 2773 380 GAL.

3360 324 3465 380 302

144 470 162 493 ι
193 445 305 515 jam
335 461 452 500 non
485 453 566 501 est
619 462 832 512 servus,
881 445 979 500 sed
1023 443 1185 500 filius.
1233 445 1373 515 Quia
1423 446 1468 500 si
1500 444 1660 510 ﬁlius,
1695 446 1820 504 etA
1853 459 1995 500 suo:
2034 447 2192 511 Cum,
2243 447 2298 501 id
2358 456 2440 503 est
2474 448 2740 519 quamvis,
2796 451 3030 519 futurus
3079 449 3156 503 sit
3203 446 3468 502 dominus

147 557 167 584 σι
203 537 381 589 hazres
441 552 544 605 per
593 536 788 589 Deum.
840 534 950 589 Sed
997 543 1125 590 tunc
1171 535 1389 605 quidem
1441 535 1753 607 ignorantes

151 645 171 672 ι
205 624 396 690 Deum,
463 623 550 676 his
597 623 690 694 qui
736 631 933 677 natura
977 639 1086 677 non
1120 631 1244 677 sunt
1290 623 1365 678 dii
1394 622 1746 678 serviebatis.

153 735 173 756 α
208 713 363 767 Nunc
394 721 578 766 autem
610 729 732 766 cum
783 711 1148 782 cognoveritis
1178 713 1352 766 Deum
1384 712 1516 781 (imo
1551 710 1756 782 cogniti

154 823 174 846 α
211 800 338 855 estis
369 799 530 872 [sitis]
562 816 594 854 a
625 801 783 870 Deo),
818 801 1093 871 quomodo
1137 800 1516 856 convertimini
1564 799 1757 853 iterum

156 913 175 936 ιι
213 890 280 944 ad
311 888 525 943 infirma
557 897 607 943 et
638 905 815 961 egena
868 890 1158 958 elementa,
1195 890 1394 960 quibus
1424 890 1605 943 denuo
1637 905 1756 942 ser-

156 1003 174 1023 υ
213 979 322 1033 vire
354 978 568 1033 vultis?
627 979 754 1033 Dies
802 979 1128 1044 observatis,
1173 987 1225 1033 et
1256 995 1494 1045 menses,
1531 987 1581 1032 et
1615 985 1756 1032 tem-

156 1091 176 1112 «
213 1084 348 1138 pora
398 1078 449 1122 et
512 1083 702 1122 annos.
754 1068 942 1122 Timeo
989 1067 1128 1140 [vos]
1175 1084 1243 1122 ne
1275 1066 1410 1122 forte
1442 1067 1559 1122 sine
1589 1081 1759 1122 causa

155 1179 176 1202 u
215 1156 575 1210 laboraverim
631 1156 685 1209 in
741 1156 917 1210 vobis.
976 1158 1164 1211 Estote
1216 1156 1354 1211 sicut
1399 1171 1524 1226 ego,
1555 1155 1676 1226 quia
1709 1163 1760 1209 et

152 1268 174 1291 α
213 1261 318 1315 ego
349 1245 485 1299 sicut
530 1260 648 1310 vos,
699 1245 916 1315 fratres,
948 1245 1178 1300 obsecro
1209 1262 1326 1310 vos,
1358 1245 1492 1298 nihil
1523 1261 1610 1298 me
1659 1243 1758 1298 lae-

155 1357 177 1378 «
215 1333 380 1387 sistis.
415 1333 578 1389 Scitis
607 1342 784 1388 autem
841 1333 968 1404 quia
1023 1350 1124 1404 per
1171 1332 1540 1388 infirmitatem
1579 1332 1759 1387 carnis

156 1447 178 1468 u
215 1422 586 1494 evangelizavi
633 1422 790 1476 vobis
834 1423 1155 1493 jampridem
1188 1431 1239 1478 et
1271 1423 1625 1477 tentationem
1659 1437 1759 1476 ve-

157 1533 179 1561 α
218 1520 384 1565 stram
415 1512 467 1564 in
497 1527 661 1565 carne
691 1527 815 1565 mea
847 1527 955 1565 non
989 1512 1291 1581 sprevistis,
1325 1527 1503 1582 neque
1539 1509 1758 1580 respui-

160 1622 181 1644 ιι
215 1600 282 1653 tis
315 1619 327 1662 ;
361 1600 457 1654 sed
517 1600 655 1653 sicut
713 1599 973 1671 angelum
1033 1600 1131 1654 Dei
1162 1600 1450 1670 accepistis
1477 1615 1586 1665 me,
1619 1599 1760 1652 sicut

156 1711 178 1733 ιι
217 1688 488 1743 Christum
537 1688 742 1741 Jesum.
797 1689 896 1742 Ubi
931 1695 1012 1742 est
1043 1704 1178 1760 ergo
1211 1688 1490 1743 beatitudo
1521 1696 1703 1741 vestra
1733 1688 1761 1740 ‘P

1857 536 2136 600 omnium,
2171 536 2304 590 nihil
2323 535 2527 605 differt,
2555 537 2650 592 sed
2673 537 2913 608 pupillus
2933 537 3023 591 ille
3045 548 3131 592 est
3151 536 3247 592 sub
3273 538 3472 592 tutori-

1858 625 1976 691 bus,
2012 627 2103 697 qui
2137 634 2359 681 tuentur
2390 627 2764 681 haereditatem
2797 627 2931 695 ejus,
2953 615 3036 680 'ne
3075 624 3343 680 violenter
3369 640 3469 678 au-

1860 711 2082 783 feratur,
2118 722 2171 769 et
2200 716 2300 771 sub
2350 716 2632 770 actoribus
2684 715 2774 786 qui
2832 730 3027 770 causas
3054 729 3152 784 pro
3183 728 3249 768 eo
3281 720 3469 785 agunt,

1859 811 1913 857 et
1945 805 2013 859 de
2047 803 2369 859 haereditate
2402 805 2520 873 ejus
2549 803 2864 873 disponunt.
2897 805 2993 858 Est
3025 803 3206 874 utique
3238 802 3338 855 sub
3365 801 3472 854 illis

1861 911 2033 967 usque
2067 893 2138 949 ad
2173 898 2392 967 tempus
2424 893 2570 963 quod
2600 893 2953 964 praeﬁnitum
2985 900 3065 946 est
3096 907 3129 945 a
3166 898 3318 962 patre
3349 907 3468 954 suo,

1860 983 1913 1038 id
1947 990 2044 1050 est,
2079 983 2319 1054 quandiu
2348 990 2502 1052 pater
2533 998 2664 1036 suus
2690 981 2968 1036 constituit
2999 997 3122 1035 eum
3152 995 3276 1034 esse
3308 977 3470 1032 alieni

1853 1072 2019 1141 juris.
2054 1072 2403 1127 Consuetudo
2459 1071 2602 1125 enim
2628 1078 2744 1125 erat
2779 1086 2954 1141 usque
2985 1070 3053 1123 ad
3096 1084 3220 1124 xxu
3295 1082 3470 1122 annos

1860 1177 2091 1231 puerum
2126 1177 2248 1215 esse
2279 1160 2382 1214 sub
2410 1167 2663 1230 patrono,
2699 1175 2766 1213 ne
2797 1159 3089 1228 dissiparet
3122 1156 3304 1212 illicite
3336 1155 3471 1210 sub-

1861 1250 2114 1305 stantiam
2171 1265 2344 1304 suam.
2398 1247 2538 1316 Quia
2582 1248 2781 1303 Paulus
2819 1264 2930 1302 non
2972 1247 3195 1316 adaptat
3253 1260 3470 1300 omnem

1861 1337 2288 1404 similitudinem,
2353 1337 2553 1391 bonum
2613 1344 2696 1390 est
2743 1343 2800 1390 ut
2857 1335 3176 1405 adaptemus
3225 1332 3463 1403 singula.

1865 1428 2086 1495 Quanto
2137 1431 2382 1497 tempore
2433 1427 2561 1495 (hoc
2611 1424 2755 1479 enim
2807 1423 2904 1478 fuit
2951 1440 2984 1478 a
3027 1423 3206 1494 primo
3254 1422 3474 1476 homine

1859 1532 2034 1586 usque
2065 1515 2134 1570 ad
2188 1514 2483 1584 Christum)
2513 1513 2602 1568 hic
2633 1513 2724 1584 qui
2751 1521 2834 1568 est
2874 1512 3080 1566 futurus
3128 1513 3325 1574 haeres,
3360 1511 3472 1566 sci-

1860 1605 1986 1660 licet
2015 1603 2270 1659 Judaicus
2325 1603 2597 1673 populus:
2647 1601 2734 1658 cui
2781 1609 2900 1656 erat
2930 1600 3265 1672 repromissa
3297 1599 3468 1664 salus,

1860 1693 2096 1762 quandiu
2128 1692 2214 1747 hic
2243 1693 2423 1747 haeres
2455 1699 2536 1745 est
2566 1690 2827 1760 parvulus
2859 1690 3007 1744 omni
3037 1698 3280 1759 tempore
3298 1702 3474 1758 usque

157 1777 605 1832 «Testimonium
661 1777 805 1831 enim
863 1778 1126 1847 perhibeo
1184 1777 1360 1841 vobis,
1412 1777 1536 1848 quia
1569 1776 1612 1830 si
1643 1775 1832 1861 fieriB
1862 1781 1932 1834 ad
1987 1780 2283 1845 Christum,
2334 1780 2390 1834 in
2433 1779 2744 1849 cognitione
2793 1779 2895 1832 Dei
2953 1777 3216 1848 parvulus
3256 1775 3373 1841 fuit,
3424 1782 3477 1830 et

162 1888 181 1911 α
216 1865 481 1936 potuisset
539 1864 786 1937 [posset],
851 1867 1041 1921 oculos
1096 1874 1307 1922 vestros
1365 1866 1647 1921 eruissetis
1705 1873 1757 1919 et

159 1977 181 2000 α
217 1954 506 2009 dedissetis
554 1954 703 2008 mihi.
755 1955 903 2027 Ergo
947 1954 1196 2010 inimicus
1228 1955 1383 2010 vobis
1415 1954 1584 2011 factus
1615 1971 1754 2018 sum,

160 2068 180 2091 α
217 2059 407 2097 verum
440 2043 632 2098 dicens
680 2043 834 2098 vobis
863 2043 891 2096 ?
939 2044 1283 2098 Emulantur
1324 2059 1421 2098 vos
1452 2059 1560 2098 non
1592 2043 1753 2108 bene,

163 2156 183 2178 α
219 2132 314 2187 sed
374 2131 662 2186 excludere
712 2148 810 2187 vos
869 2132 1075 2198 volunt,
1136 2141 1191 2187 ut
1246 2132 1368 2187 illos
1397 2131 1749 2188 aemulemini.

165 2245 186 2268 α
220 2223 427 2277 Bonum
457 2229 634 2275 autem
667 2221 998 2276 aemulamini
1029 2222 1083 2275 in
1113 2221 1258 2277 bono
1289 2237 1526 2292 semper,
1567 2228 1620 2276 et
1650 2236 1760 2275 non

164 2336 183 2357 α
219 2319 425 2365 tantum
456 2326 574 2364 cum
607 2326 853 2380 praesens
884 2327 1003 2364 sum
1035 2311 1181 2382 apud
1221 2327 1344 2365 vos.
1404 2309 1578 2364 Filioli
1627 2307 1754 2377 mei,

161 2424 182 2452 «
221 2415 358 2470 quos
387 2399 583 2452 iterum
613 2398 875 2468 parturio,
916 2399 1091 2454 donec
1139 2398 1399 2454 fermetur
1427 2397 1674 2453 Christus
1705 2398 1760 2451 in

161 2512 182 2534 α
219 2488 394 2544 vobis.
430 2486 638 2541 Vellem
669 2495 848 2541 autem
881 2504 1002 2542 esse
1033 2488 1176 2558 apud
1207 2503 1304 2542 vos
1335 2487 1518 2551 modo,
1553 2495 1604 2541 et
1633 2503 1756 2540 mu-

160 2601 181 2624 «
219 2587 334 2631 tare
381 2591 572 2630 vocem
622 2591 817 2642 meam,
852 2576 1104 2648 quoniam
1144 2575 1446 2631 confundor
1476 2575 1531 2629 in
1569 2575 1751 2630 vobis.

161 2690 183 2713 «
213 2665 388 2721 Dicite
430 2663 582 2730 mihi,
625 2665 715 2736 qui
763 2666 863 2718 sub
909 2665 1034 2738 lege
1065 2666 1226 2720 vultis
1259 2681 1400 2731 esse,
1443 2664 1624 2735 legem
1653 2679 1760 2718 non

155 2754 424 2828 «legistis
467 2753 492 2814 ?
550 2757 820 2827 Scriptum
867 2763 949 2810 est
993 2755 1137 2809 enim
1185 2755 1438 2826 quoniam
1488 2754 1760 2807 Abraham

160 2871 181 2893 α
219 2849 358 2903 duos
389 2848 529 2903 ﬁlios
559 2845 767 2913 habuit,
799 2861 968 2898 unum
998 2844 1065 2898 de
1094 2843 1293 2898 ancilla
1315 2844 1480 2905 (Gen.
1509 2858 1625 2908 xvr,
1652 2841 1758 2911 15),

159 2961 182 2984 α
219 2946 272 2993 et
299 2955 465 2992 unum
509 2937 578 2992 de
625 2936 799 2989 libera
830 2934 989 3002 (Gen.
1025 2947 1149 2998 xxI,
1181 2935 1258 3003 2).
1294 2931 1402 2987 Sed
1437 2931 1528 3002 qui
1559 2930 1626 2984 de
1657 2947 1760 2983 an-

161 3049 183 3077 ‹
220 3027 346 3082 cilla
397 3025 695 3082 secundum
747 3038 963 3078 carnem
985 3030 1164 3076 ‘natus
1194 3029 1276 3075 est
1312 3035 1323 3074 :
1358 3019 1451 3091 qui
1481 3027 1663 3074 autem
1693 3019 1762 3072 de

162 3139 181 3161 ιι
219 3115 410 3182 libera,
443 3132 540 3185 per
572 3111 1092 3184 repromissionem;
1125 3126 1244 3180 quae
1274 3118 1398 3162 sunt
1428 3124 1528 3178 per
1556 3108 1766 3178 allego-

164 3227 184 3254 ι
220 3204 357 3258 riam
387 3204 552 3259 dicta.
577 3204 705 3257 Haec
733 3200 878 3258 enim
909 3208 1034 3254 sunt
1064 3199 1173 3253 duo
1204 3205 1550 3253 testamenta.
1583 3197 1759 3251 Unum

160 3316 182 3344 ι
220 3293 440 3365 quidem
488 3293 542 3346 in
574 3298 756 3345 monte
806 3289 953 3354 Sina,
999 3287 1052 3341 in
1105 3286 1420 3342 servitutem
1467 3301 1760 3357 generans,

163 3405 184 3427 α
221 3369 343 3453 qua:
398 3388 478 3436 est
528 3381 697 3452 Agar.
749 3377 878 3443 Sina
925 3376 1068 3432 enim
1090 3391 1250 3430 mons
1305 3383 1387 3429 est
1431 3374 1487 3428 in
1517 3373 1758 3428 Arabia:

162 3491 183 3513 α
225 3467 318 3537 qui
347 3465 669 3534 conjunctus
711 3471 795 3517 est
841 3462 909 3528 ei,
958 3477 1079 3532 quae
1107 3475 1252 3515 nunc
1283 3467 1365 3513 est
1397 3458 1758 3524 Hierusalem,

160 3579 180 3600 ει
217 3563 271 3609 et
299 3553 466 3608 servit
496 3568 619 3608 cum
679 3550 804 3605 filiis
853 3549 985 3604 suis.
1037 3548 1132 3603 Illa
1181 3556 1362 3602 autem
1393 3563 1515 3619 quas
1547 3562 1762 3600 sursum

161 3667 182 3692 ι
220 3652 304 3697 est
336 3641 689 3705 Hierusalem,
713 3640 882 3694 libera
938 3645 1040 3701 est,
1075 3654 1196 3708 quae
1218 3645 1301 3691 est
1352 3645 1526 3691 mater
1553 3643 1758 3690 nostra.

162 3754 184 3781 ι
224 3732 496 3802 Scriptum
558 3737 640 3784 est
671 3728 815 3784 enim
849 3746 862 3781 :
902 3751 921 3774 ιι
976 3729 1184 3782 Laetare
1230 3725 1431 3781 sterilis
1480 3741 1599 3796 quae
1655 3739 1764 3778 non

162 3843 184 3871 ι
220 3819 390 3892 paris.
423 3821 664 3888 Erumpe
694 3826 745 3872 et
775 3817 969 3882 clama,
1031 3832 1153 3886 quae
1183 3831 1293 3870 non
1321 3813 1558 3884 parturis
1589 3831 1602 3866 :
1637 3811 1764 3882 quia

163 3932 184 3960 ι
221 3909 376 3963 multi
407 3907 500 3962 filii
531 3908 782 3974 desertae,
814 3906 993 3976 magis
1051 3921 1210 3975 quam
1268 3905 1403 3973 ejus,
1450 3919 1572 3974 qua:
1603 3901 1763 3955 habet

165 4020 187 4048 ι
224 3998 401 4052 virum
427 3998 559 4068 (Isa.
594 4011 704 4063 LIV,
745 3996 818 4065 l).
856 4015 877 4044 ι
927 3995 1042 4048 Nos
1073 4001 1276 4057 autem,
1310 3991 1525 4056 fratres,
1559 4006 1763 4046 secun-

167 4109 187 4135 ι
226 4087 356 4140 dum
387 4087 538 4140 Isaac
573 4082 954 4155 promissionis
985 4080 1079 4136 ﬁlii
1109 4098 1313 4136 sumus.
1349 4080 1459 4136 Sed
1488 4077 1764 4151 quomodo

164 4200 184 4224 ι
223 4185 350 4230 tunc
379 4175 426 4228 is
455 4173 546 4244 qui
595 4172 892 4227 secundum
950 4187 1170 4225 carnem
1219 4177 1376 4224 natus
1407 4168 1598 4234 fuerat,
1630 4184 1763 4237 per-

165 4287 185 4313 ι
217 4263 548 4335 sequebatur
605 4277 727 4316 eum
784 4260 876 4332 qui
932 4259 1234 4314 secundum
1291 4258 1561 4328 spiritum,
1608 4257 1683 4311 ita
1712 4263 1766 4310 et

161 4377 182 4398 ιι
221 4368 382 4407 nunc.
417 4352 524 4406 Sed
556 4350 685 4421 quid
715 4349 845 4404 dicit
875 4349 1153 4418 Scriptura
1173 4348 1200 4400 ?
1242 4348 1390 4416 Ejice
1421 4345 1673 4401 ancillam
1712 4353 1766 4399 et

162 4465 185 4487 «
222 4441 388 4494 filium
408 4442 546 4510 ejus.
571 4440 694 4494 Non
715 4438 855 4493 enim
879 4439 1056 4492 haeres
1077 4437 1179 4492 erit
1208 4434 1350 4490 filius
1389 4435 1618 4500 ancillae,
1643 4449 1763 4488 cum

1863 1885 1988 1926 cum
2015 1869 2276 1940 parvulus
2307 1876 2409 1933 est,
2441 1868 2575 1922 nihil
2605 1866 2782 1922 differt
2827 1867 3063 1938 populus
3093 1866 3183 1920 ille
3214 1880 3247 1919 a
3277 1879 3466 1918 servo.

1866 1960 1922 2016 Si
1975 1959 2117 2014 enim
2151 1965 2424 2029 praecepta
2455 1956 2559 2011 sibi
2589 1955 2826 2022 faceret,
2858 1956 3063 2010 vitebat
3092 1969 3310 2025 pmnam
3342 1971 3358 2016 ;
3391 1951 3477 2005 sin

1862 2055 2066 2112 autem,
2119 2046 2474 2118 torquebatur
2513 2053 2570 2100 ut
2619 2061 2810 2100 survus
2859 2043 3196 2115 asperrime;
3224 2041 3356 2096 nihil
3387 2040 3477 2094 in-

1863 2137 2022 2193 terim
2076 2134 2257 2190 diﬁ‘ert
2311 2151 2339 2188 a
2398 2150 2579 2200 servo,
2641 2133 2768 2188 licet
2839 2118 2906 2188 sit
2963 2132 3172 2187 futurus
3223 2130 3478 2185 dominus

1863 2225 2109 2280 omnium
2139 2225 2410 2279 bonorum
2429 2222 2790 2289 haereditatis;
2823 2222 2901 2278 sic
2931 2221 3166 2292 populus
3199 2219 3288 2274 ille
3316 2236 3474 2290 pres-

1863 2331 1957 2369 sus
2017 2313 2278 2368 servitute
2327 2312 2491 2385 legis,
2539 2311 2586 2365 si
2631 2311 2699 2366 de
2747 2311 2871 2382 lege
2899 2310 3151 2364 transiret
3180 2309 3249 2363 ad
3282 2307 3468 2374 fidem,

1862 2403 2277 2460 constituendus
2334 2409 2452 2456 erat
2508 2400 2762 2455 dominus
2822 2399 3060 2455 caelestis
3106 2397 3466 2453 hereditatis.

1863 2493 2143 2548 Parvulas
2167 2492 2318 2547 nihil
2341 2489 2535 2560 differt
2552 2507 2584 2544 η
2607 2504 2781 2554 servo,
2798 2489 2892 2545 sed
2910 2487 3107 2543 estsub
3127 2486 3476 2543 tutoribuset

1861 2581 2162 2644 actoribus,
2193 2579 2248 2634 id
2287 2586 2369 2634 est
2400 2589 2501 2632 sub
2528 2577 2654 2649 lege
2684 2593 2807 2648 quae
2834 2585 3034 2630 tutatur
3057 2592 3181 2631 eum
3212 2591 3314 2645 per
3337 2591 3479 2645 prae-

1863 2677 2051 2739 cepta:
2084 2677 2137 2723 et
2168 2668 2282 2740 agit
2311 2683 2411 2737 pro
2439 2682 2506 2722 eo
2533 2683 2630 2736 per
2683 2665 2967 2721 sacrificia.
3002 2667 3099 2719 Est
3127 2663 3313 2735 utique
3371 2663 3475 2718 sub

1863 2758 1971 2812 illis
2003 2773 2176 2828 usque
2195 2757 2264 2812 ad
2283 2763 2498 2826 tempus
2521 2754 2665 2825 quod
2689 2753 2764 2810 2
2780 2753 2840 2810 1
2855 2752 2932 2809 9
2956 2751 3280 2824 prmfinitum
3302 2767 3334 2805 a
3354 2752 3472 2806 Deo

1864 2847 2024 2900 Patre
2054 2846 2108 2898 in
2140 2861 2248 2916 quo
2295 2852 2540 2914 tempore
2572 2843 2640 2897 de
2671 2842 2929 2897 servitute
2959 2841 3099 2913 legis
3135 2839 3470 2895 transferre-

1863 2942 1952 2988 tur
1981 2935 2046 2988 ad
2076 2933 2385 2988 libertatem
2416 2931 2561 2986 fidei.
2595 2933 2664 2985 Et
2708 2930 3166 3002 quemadmodum
3214 2929 3473 3000 parvulus

1864 3025 2038 3079 haeres
2067 3023 2164 3077 sub
2193 3022 2473 3078 tutoribus
2504 3025 2559 3077 et
2575 3021 2858 3077 actoribus
2887 3023 2990 3084 est,
3025 3020 3110 3074 ita
3132 3023 3189 3074 et
3218 3035 3319 3074 nos
3341 3033 3470 3073 eum

1866 3127 2112 3168 essemus
2130 3111 2360 3182 parvuli
2380 3111 2433 3163 in
2453 3109 2766 3181 cOgnitione
2789 3107 2907 3173 Dei,
2934 3123 3162 3164 eramus
3182 3122 3290 3162 non
3311 3104 3471 3160 liberi

1865 3201 1964 3256 sed
1994 3202 2304 3256 servientes
2335 3199 2436 3254 sub
2483 3198 2804 3265 elementis,
2831 3196 2886 3251 id
2924 3205 3006 3251 est
3036 3196 3136 3250 sub
3165 3194 3463 3266 legalibus.

1864 3287 2004 3358 Quia
2053 3288 2188 3343 sicut
2227 3303 2365 3358 puer
2404 3303 2505 3357 per
2557 3286 2825 3341 elementa
2872 3284 3146 3356 alphabeti
3178 3283 3373 3337 transit
3404 3283 3471 3336 ad

1862 3377 2230 3450 cognitionem
2264 3376 2580 3440 litterarum,
2617 3374 2695 3430 sic
2723 3391 2821 3444 per
2860 3374 3042 3442 legem
3073 3370 3470 3426 transeundum

1864 3474 1979 3521 erat
2020 3465 2088 3520 ad
2134 3464 2501 3537 cognitionem
2550 3463 2671 3531 Dei,
2719 3462 2774 3516 in
2823 3462 2930 3517 fide
2973 3461 3306 3516 habendam.
3337 3459 3471 3513 Ele-

1862 3562 2106 3609 mentum
2153 3553 2354 3609 dicitur
2416 3551 2499 3607 vel
2545 3551 2698 3622 quasi
2744 3551 3193 3615 elevamentum;
3236 3564 3333 3618 per
3363 3548 3473 3602 hoc

1864 3643 2004 3698 enim
2036 3642 2106 3697 ad
2149 3641 2429 3697 scientiam
2477 3639 2596 3711 quis
2625 3639 2888 3696 elevatur.
2922 3638 3020 3695 Vel
3051 3636 3206 3709 quasi
3235 3636 3472 3690 elimen-

1863 3740 1996 3798 tum,
2031 3731 2102 3786 ab
2131 3732 2318 3798 elimo,
2353 3731 2572 3797 elimas,
2606 3736 2710 3784 etc.
2747 3728 2843 3782 Vel
2877 3727 3032 3799 quasi
3061 3725 3466 3797 hylementum;

1863 3820 1988 3891 her
2012 3819 2155 3875 enim
2172 3819 2439 3874 materia.
2463 3819 2704 3873 Eramus
2721 3815 3134 3872 subetementis
3157 3813 3378 3878 mundi,
3414 3813 3470 3868 id

1865 3918 1965 3975 est,
2026 3924 2147 3980 quae
2201 3908 2288 3963 lex
2345 3915 2399 3963 et
2445 3906 2719 3962 mundana
2749 3905 3114 3977 promittebat,
3149 3911 3201 3958 et
3229 3901 3470 3959 carnalia

1864 3997 2122 4053 docebat.

1934 4086 2092 4140 Prius
2123 4085 2202 4141 sic
2231 4084 2415 4156 pavuli
2445 4100 2682 4140 eramus.
2709 4084 2779 4139 At
2807 4084 2923 4153 ubi,
2959 4084 3012 4139 id
3043 4093 3124 4141 est
3153 4095 3464 4160 postquam,

1864 4175 2331 4246 venitplenitudo
2361 4176 2650 4245 temporis,
2684 4172 2799 4227 sive
2831 4181 3045 4244 tempus
3071 4175 3462 4244 plenitudinis:

1863 4263 2143 4334 plenitudo
2189 4263 2334 4327 ideo,
2386 4261 2511 4332 quia
2542 4277 2879 4332 quaecunque
2909 4271 3217 4333 exspectata
3248 4265 3468 4320 fuerant

1864 4353 1920 4407 in
1975 4351 2240 4406 anteactis
2295 4350 2532 4415 saeculis,
2592 4359 2719 4405 tunc
2758 4349 2912 4405 fuere
2962 4352 3228 4422 completa
3270 4372 3285 4419 ;
3336 4362 3465 4411 tunc

1865 4440 2009 4495 enim
2065 4438 2308 4510 perfecta
2356 4436 2686 4507 justificatio,
2749 4455 2870 4509 quae
2899 4448 3055 4495 antea
3102 4456 3211 4495 non
3240 4440 3463 4510 fuerat;

162 4554 185 4582 ι
225 4529 335 4584 tilio
364 4529 570 4583 liberae.
605 4529 813 4598 Itaque,
834 4525 1053 4592 fratres,
1079 4541 1187 4580 non
1209 4541 1396 4580 sumus
1413 4523 1622 4580 ancilla:
1644 4521 1756 4588 filii,
1780 4510 1836 4577 D
1866 4538 1990 4584 tunc
2043 4544 2288 4600 presens
2320 4535 2371 4581 et
2426 4526 2590 4596 plena
2642 4525 2888 4593 salvatio,
2951 4543 3114 4599 quam
3159 4537 3285 4584 ante
3315 4530 3462 4585 diem

158 4640 180 4668 ι
216 4619 314 4674 sed
345 4618 552 4684 liberae,
587 4631 693 4688 qua
721 4615 970 4671 libertate
1001 4614 1244 4670 Christus
1275 4629 1376 4668 nos
1415 4610 1689 4668 liberavit.
1734 4635 1755 4659 η

814 4819 1132 4861 Βιροειτιο.

231 4983 438 5039 Dixerit
463 4979 684 5054 quidem
714 4994 824 5033 non
857 4976 1092 5048 amplius
1121 4990 1257 5047 opus
1285 4989 1408 5030 esse
1433 4973 1756 5046 paedagogo,

159 5075 254 5128 sed
285 5087 506 5129 causam
554 5085 663 5125 non
695 5074 954 5139 posuerat
984 5081 1172 5137 quare.
1227 5063 1403 5132 Quam
1433 5063 1520 5118 hic
1557 5061 1759 5128 subdit,

163 5163 349 5219 dicens
385 5177 396 5216 :
428 5160 578 5216 Licet
607 5174 705 5214 vos
733 5156 896 5211 modo
926 5171 1094 5210 unum
1125 5155 1178 5208 in
1209 5152 1427 5208 Christo
1456 5152 1762 5223 paedagogo

158 5269 266 5308 non
324 5249 554 5323 egeatis,
601 5256 784 5302 tamen
825 5244 946 5300 dico
987 5243 1132 5316 quod
1163 5258 1262 5298 vos
1286 5243 1397 5311 jam
1428 5239 1760 5313 indiguistis,

157 5342 293 5398 sicut
325 5338 524 5394 videtis
549 5336 715 5408 quod,
740 5337 1172 5407 quantocunque
1194 5335 1443 5402 tempore
1463 5329 1762 5384 secundum

157 5430 573 5503 dispositionem
604 5423 778 5498 patris
798 5422 1075 5495 parvulus
1104 5424 1208 5488 est,
1247 5419 1332 5474 hic
1364 5417 1456 5491 qui
1487 5426 1570 5473 est
1587 5417 1764 5473 lateres

152 5521 369 5577 futurus
399 5525 607 5591 quanto
639 5522 910 5584 tempore,
945 5511 1060 5565 sive
1090 5523 1184 5575 xx,
1221 5509 1336 5564 sive
1366 5523 1466 5573 xv,
1506 5505 1766 5578 parvulus

147 5621 257 5668 est.
297 5610 450 5667 Licet
482 5606 550 5662 sit
578 5603 884 5661 destinatus
911 5601 1110 5667 haeres,
1145 5606 1323 5653 tamen
1355 5596 1508 5652 nihil
1539 5595 1768 5667 differta

142 5718 324 5768 servo,
351 5698 478 5774 quia
508 5710 660 5767 saepe
691 5689 1107 5760 constringitur,
1127 5695 1180 5744 et
1195 5686 1514 5744 verberatur
1535 5699 1567 5739 a
1588 5690 1767 5738 tutore

1860 4618 2014 4672 illum
2043 4617 2392 4687 exspectabat
2423 4615 2702 4670 Abraham
2732 4630 2853 4670 cum
2875 4617 3087 4671 caeteris
3117 4618 3339 4676 sanctis.
3366 4619 3464 4674 Vel

1862 4707 2020 4762 aliter
2054 4722 2066 4761 :
2099 4708 2402 4778 Postquam
2420 4705 2576 4759 venit
2591 4704 2908 4775 plenitudo,
2934 4705 2989 4760 id
3010 4713 3091 4760 est
3113 4704 3235 4760 finis
3257 4715 3309 4761 et
3331 4721 3464 4763 con-

1862 4795 2149 4851 summatio
2179 4793 2458 4865 temporis,
2484 4793 2628 4865 quod
2667 4793 3015 4849 constituerat
3049 4794 3280 4865 primum
3317 4813 3464 4866 pra:-

1863 4885 2025 4940 terire
2055 4885 2221 4952 Deus,
2246 4892 2374 4939 tunc
2404 4883 2566 4938 misit
2599 4885 2745 4939 Deus
2773 4883 2986 4939 Filium
2999 4901 3188 4940 suum.
3208 4885 3345 4941 Cum
3369 4886 3462 4941 Fi-

1862 4974 1967 5029 lius
1995 4973 2096 5029 Dei
2123 4973 2322 5044 ubique
2353 4979 2498 5027 totus
2528 4979 2581 5028 et
2626 4988 2868 5043 praesens
2897 4981 3061 5039 esset,
3105 4974 3208 5029 hoc
3247 4974 3464 5031 mittere

1862 5063 1995 5118 nihil
2023 5062 2171 5117 aliud
2200 5061 2313 5127 fuit,
2349 5077 2512 5133 quam
2543 5061 2690 5132 quod
2719 5077 2842 5116 eum
2875 5062 2967 5133 qui
2997 5061 3283 5119 invisibilis
3328 5073 3462 5131 erat,

1863 5152 1918 5206 in
1947 5150 2125 5206 forma
2154 5149 2299 5205 servi
2329 5150 2580 5205 visibilen
2615 5149 2877 5205 exhibuit.
2929 5151 3121 5206 Filium
3136 5152 3280 5219 dico,
3302 5170 3465 5225 quem

1864 5241 2003 5295 adeo
2033 5238 2352 5307 humiliavit,
2384 5247 2442 5293 ut
2470 5241 2688 5309 factum
2709 5255 2783 5294 ex
2805 5240 3064 5304 muliere,
3089 5241 3141 5296 id
3164 5249 3243 5295 est
3263 5250 3319 5296 ut
3341 5259 3465 5297 eum

1867 5329 1958 5400 qui
1988 5327 2216 5383 infectus
2245 5336 2300 5382 et
2355 5327 2722 5397 sempiternus
2777 5336 2913 5394 erat,
2948 5327 3212 5385 facturam
3267 5345 3466 5386 novam

1866 5433 1932 5472 ex
1961 5417 2187 5471 muliere
2216 5416 2380 5471 vellet
2411 5415 2709 5486 suscipere.
2746 5419 2980 5472 Factum
3010 5417 3169 5472 etiam
3191 5419 3290 5473 sub
3323 5420 3463 5490 lege,

1869 5505 1993 5576 quia
2049 5504 2152 5559 sub
2207 5504 2332 5576 lege
2361 5503 2511 5568 vixit,
2545 5511 2598 5558 et
2627 5503 2810 5574 legem
2840 5505 3100 5576 implevit,
3134 5506 3262 5560 dum
3291 5507 3468 5562 hostia

1866 5609 1969 5665 pro
1999 5593 2090 5648 illo
2121 5593 2245 5648 data
2274 5591 2390 5646 fuit.
2425 5591 2554 5647 Ideo
2583 5591 2684 5646 sub
2714 5591 2858 5665 lege,
2892 5598 2957 5649 ut
2989 5593 3164 5664 pretio
3185 5595 3469 5667 sanguinis

1869 5682 1997 5738 dato
2027 5681 2330 5738 redimeret
2351 5696 2441 5736 eos
2458 5682 2554 5753 qui
2574 5684 2743 5736 erant
2760 5682 2860 5736 sub
2889 5683 3023 5754 lege.
3058 5681 3178 5736 Nisi
3198 5682 3342 5737 enim
3366 5684 3468 5737 sub
