3932 6412
456 323 560 375 303

956 319 1011 374 S.
1070 318 1425 376 BRUNONIS
1482 292 2125 375 CARTHUSIANORUM
2183 317 2667 378 INSTITUTORIS
2725 320 2876 377 OPP.
2935 321 3111 378 PARS
3167 322 3235 378 ΙΙ.

3658 320 3769 375 308

453 444 580 518 lege
608 442 781 510 ﬁeret,
814 443 1104 515 legemque
1132 452 1363 511 teneret,
1391 460 1425 499 a
1451 443 1575 516 lege
1616 444 1870 511 liberare,
1903 451 1955 499 et
1985 443 2062 498 le-
2088 445 2144 504 Α
2164 445 2328 512 idem,
2356 446 2503 518 quod
2529 446 2736 502 idolum
2794 446 2891 502 fuit
2919 447 3067 503 olim.
3102 448 3243 503 Vere
3272 444 3657 503 convertimini
3686 444 3765 500 ad

457 549 584 606 gem
612 533 893 587 destruere
920 549 1029 587 non
1062 541 1266 603 posset,
1300 533 1439 589 sicut
1468 534 1708 604 oportuit
1734 542 1792 587 ut
1820 541 2051 588 mortem

456 621 752 695 gustando,
811 612 1045 676 mortem
1100 622 1419 676 destrueret.
1460 625 1526 680 Ut
1571 622 1881 687 redimeret,
1913 630 1966 676 et
1996 628 2051 675 ut

457 710 721 781 redempti
768 712 1146 781 reciperemus
1175 710 1533 781 adoptionem
1559 711 1832 779 ﬁliorum,
1880 710 1937 765 id
1968 717 2051 764 est

457 815 702 855 essemus
732 797 827 853 ﬁlii
855 798 1217 869 suscipientes
1246 799 1611 869 adOptionem,
1646 799 1701 853 id
1717 808 1799 853 est
1814 799 2049 854 haeredi-

457 896 622 944 tatem
679 895 961 953 aeternam,
1011 903 1173 958 quam
1204 887 1363 940 nobis
1400 888 1579 959 gratia
1607 888 1708 943 Dei
1736 888 2039 958 adoptavit.

455 975 557 1032 Ubi
609 976 684 1030 ait
738 978 958 1046 factum
988 992 1063 1030 ea:
1094 976 1354 1040 muliere,
1387 976 1663 1046 qumritur,
1698 992 1822 1032 cum
1852 977 2049 1047 ubique

455 1066 604 1120 Deus
633 1072 774 1119 totus
805 1071 970 1130 esset,
1003 1064 1278 1135 quomodo
1296 1064 1474 1136 magis
1495 1064 1655 1118 fuerit
1678 1066 1733 1118 in
1754 1074 1908 1119 uturo
1931 1066 2049 1119 Vir-

450 1153 613 1225 ginis.
649 1153 815 1221 Cujus
844 1152 924 1207 rei
982 1160 1190 1222 ponunt
1218 1151 1392 1206 sancti
1423 1153 1831 1207 similitudinem
1862 1154 2049 1222 hujus-

451 1242 620 1308 modi,
653 1241 817 1313 quod,
879 1241 1019 1295 sicut
1058 1240 1256 1305 anima,
1288 1240 1416 1294 dum
1447 1249 1529 1296 est
1558 1241 1613 1295 in
1641 1257 1887 1313 corpore,
1920 1257 2049 1296 cor-

452 1346 555 1402 pus
583 1330 762 1401 ipsum
791 1328 1082 1393 sensiﬁcat,
1116 1328 1259 1399 regit
1287 1338 1339 1383 et
1357 1329 1538 1385 vivere
1557 1329 1683 1386 facit
1712 1349 1725 1394 ;
1757 1338 2048 1402 segregata

451 1435 482 1473 a
511 1433 761 1489 corpore,
792 1418 919 1473 alibi
950 1417 1172 1489 quidem
1202 1424 1311 1472 tota
1342 1418 1591 1473 similiter
1620 1427 1721 1483 est,
1746 1435 1847 1473 nec
1869 1427 2049 1473 tamen

450 1507 653 1562 ibidem
707 1506 947 1562 oﬂicium
1002 1505 1128 1561 facit
1169 1519 1183 1559 :
1218 1504 1289 1559 ita
1319 1506 1591 1576 divinitas,
1625 1507 1751 1562 licet
1779 1508 1909 1562 alibi
1938 1514 2049 1562 tota

452 1596 540 1664 sit,
574 1603 632 1651 ut
660 1596 714 1650 in
744 1604 900 1650 utero
945 1595 1202 1667 Virginis,
1250 1611 1359 1650 non
1388 1604 1573 1651 tamen
1628 1596 1875 1666 sequitur
1901 1596 2046 1667 quod

451 1685 594 1740 idem
645 1693 899 1754 operetur
940 1684 1070 1738 alibi
1115 1686 1262 1755 quod
1309 1685 1366 1739 in
1393 1692 1548 1739 utero
1580 1684 1839 1756 Virginis.
1874 1685 2047 1755 Supe-

450 1773 563 1827 rius
607 1781 829 1827 notasse
878 1772 1164 1826 debuimus
1208 1772 1375 1843 quod,
1426 1773 1881 1843 quemadmodum
1924 1790 2046 1844 par-
2075 1798 2127 1857 Β

451 1860 611 1916 vulus
667 1860 777 1926 ille,
839 1860 886 1914 si
913 1860 1065 1930 prius
1113 1876 1274 1931 quam
1306 1860 1486 1915 veniat
1514 1861 1583 1915 ad
1613 1870 1852 1916 maturos
1875 1877 2047 1916 annos

448 1948 696 2013 moritur,
728 1948 1091 2003 haereditatem
1122 1949 1332 2015 amittit;
1367 1949 1446 2004 sic
1474 1949 1565 2020 qui
1594 1949 1717 2004 dele
1735 1966 1804 2022 ge
1825 1950 1894 2004 ad
1923 1966 2046 2004 ma-

447 2037 723 2092 turitatem
751 2036 878 2091 ﬁdei
906 2037 1139 2091 transire
1169 2036 1421 2102 noluerit,
1455 2053 1648 2108 expers
1678 2036 1736 2092 ﬁt
1762 2038 2046 2093 haeredita-

450 2126 545 2181 tis.

520 2214 778 2270 Dicerent
807 2214 1051 2270 Galatas:
1086 2217 1194 2271 Vos
1241 2217 1479 2289 quidem,
1537 2216 1725 2281 Judaei,
1773 2215 2047 2286 recipietis

448 2303 794 2373 adeptionem
824 2302 1056 2358 ﬁliorum
1090 2320 1102 2358 :
1136 2306 1234 2360 sed
1283 2306 1411 2376 quid
1440 2305 1683 2376 proderit
1728 2304 1886 2359 nobis
1905 2305 1934 2359 τ
1963 2303 2047 2357 Ad

450 2393 557 2448 hoc
610 2391 806 2445 Paulus
840 2406 853 2445 :
882 2392 1005 2447 Non
1049 2393 1227 2448 solum
1275 2409 1374 2449 nos
1404 2410 1593 2448 sumus
1623 2392 1737 2460 ﬁlii,
1771 2392 1869 2447 sed
1900 2392 2046 2463 quod

444 2496 544 2535 vos
602 2480 836 2552 gentiles
884 2480 1134 2535 similiter
1183 2482 1315 2535 estis
1371 2480 1486 2535 ﬁlii.
1539 2481 1736 2536 Probat
1765 2482 1868 2535 hoc
1901 2479 2047 2550 quod

448 2570 595 2624 Deus
615 2570 772 2622 misit
794 2570 1073 2640 Spiritum
1096 2571 1227 2625 Filii
1246 2572 1355 2636 sui,
1390 2570 1444 2624 id
1477 2578 1559 2631 est
1603 2569 1856 2624 eumdem
1884 2584 2047 2639 quem

448 2656 616 2712 Filius
643 2656 850 2723 habuit,
884 2657 975 2712 vel
1004 2674 1166 2729 quem
1212 2658 1378 2715 Filius
1435 2658 1603 2713 dedit.
1637 2658 1798 2722 Misit,
1832 2657 1956 2711 dico
1984 2657 2046 2711 in

445 2745 615 2801 corda
654 2749 874 2811 nostra,
908 2746 963 2800 id
993 2753 1075 2801 est
1104 2763 1284 2802 meum
1314 2755 1368 2802 et
1394 2754 1597 2810 vestra,
1633 2744 1893 2815 Spiritum
1923 2744 2046 2800 dico

446 2834 815 2899 clamantem,
876 2834 931 2888 id
980 2842 1062 2889 est
1105 2835 1338 2890 clamare
1386 2850 1485 2889 nos
1516 2834 1801 2889 facientem
1833 2847 1845 2886 :
1878 2832 2043 2900 Abba,

444 2922 698 2987 Judasos;
759 2924 949 2990 Pater,
984 2923 1235 2994 gentiles.
1268 2924 1337 2977 Et
1365 2922 1805 2994 quandoquidem
1836 2921 2045 2992 utrique

447 3008 543 3064 ﬁlii
571 3025 760 3063 sumus
787 3018 839 3064 et
865 3009 1182 3065 clamamus.
1217 3012 1409 3083 Itaque
1429 3012 1554 3081 jam
1576 3025 1692 3065 non
1733 3014 1818 3065 est
1847 3009 2046 3080 aliquis

440 3113 651 3162 servus,
686 3098 779 3152 sed
831 3098 1006 3165 ﬁlius.
1047 3099 1189 3166 Quia
1219 3092 1268 3153 si
1308 3099 1506 3163 Filius,
1532 3099 1635 3154 erit
1663 3099 1836 3154 etiam
1866 3098 2043 3153 hteres

448 3185 621 3240 beatae
647 3185 1000 3240 beereditatis.
1066 3186 1134 3239 Et
1163 3187 1309 3256 quod
1352 3186 1427 3240 ita
1455 3186 1694 3241 futurum
1738 3187 1825 3251 sit,
1875 3194 2045 3242 testor

442 3274 599 3329 vobis
627 3290 728 3344 per
755 3274 949 3328 Deum.
988 3273 1085 3329 Vel
1112 3274 1187 3329 ita
1216 3288 1229 3328 :
1260 3276 1447 3330 Haeres
1492 3276 1596 3330 erit
1629 3292 1729 3347 per
1757 3276 1952 3341 Deum,
1986 3276 2043 3330 id

442 3370 527 3417 est
552 3378 651 3433 per
702 3361 1134 3417 misericordiam
1181 3363 1305 3429 Dei,
1350 3378 1458 3418 non
1507 3380 1607 3434 per
1651 3364 1852 3436 legem.
1888 3363 2044 3419 Nunc

444 3450 655 3506 reducit
683 3450 765 3505 eis
790 3450 859 3504 ad
889 3451 1209 3506 memoriam
1237 3451 1477 3522 priorem
1507 3460 1724 3519 statum,
1758 3469 1922 3523 quem
1950 3453 2046 3506 ha-

445 3539 677 3594 buerunt
707 3539 764 3593 in
809 3539 1024 3595 cultura
1078 3539 1369 3606 idolorum,
1426 3542 1663 3611 probans
1720 3557 1821 3612 pro
1874 3541 2043 3596 nihilo

443 3627 587 3684 idola
644 3627 943 3694 dimisisse,
995 3628 1042 3682 si
1089 3628 1270 3701 legem
1299 3629 1592 3700 accipiunt.
1624 3630 1732 3684 Lex
1764 3629 1908 3685 enim
1930 3630 2044 3697 jam

444 3726 527 3771 est
556 3716 855 3772 idololatria
886 3733 951 3771 ex
981 3732 1089 3787 quo
1144 3717 1291 3773 venit
1333 3719 1530 3789 gratia.
1565 3717 1703 3786 Quia
1733 3718 1825 3789 qui
1861 3717 2045 3790 legem

445 3812 599 3876 putat
627 3821 750 3859 esse
780 3805 848 3858 ad
872 3802 1275 3872 justiﬁcandum
1306 3806 1693 3873 necessariam,
1726 3807 2045 3879 derogando

448 3894 582 3955 Deo,
635 3893 780 3963 quod
832 3892 933 3946 Dei
988 3901 1088 3960 est,
1146 3894 1254 3963 legi
1296 3895 1552 3961 attribuit,
1586 3895 2043 3966 quemadmodum

447 3980 744 4036 idololatrae
763 3980 1129 4035 attribuebant
1159 3982 1305 4053 quod
1356 3983 1456 4038 Dei
1498 3991 1627 4051 erat,
1678 3983 1843 4038 idolo.
1889 3985 2045 4039 Nunc

447 4070 613 4125 etiam
642 4068 688 4123 si
717 4068 897 4141 legem
927 4069 1218 4140 accipiunt,
1254 4072 1494 4126 deterius
1523 4071 1625 4127 erit
1654 4087 1820 4143 quam
1845 4072 1992 4141 prius
2026 4090 2041 4137 ;

449 4165 576 4213 tunc
627 4157 772 4213 enim
826 4174 925 4228 per
979 4158 1365 4229 ignorantiam,
1396 4175 1540 4215 nunc
1570 4176 1702 4216 vero
1728 4160 1964 4215 scientes
1992 4168 2045 4215 et

449 4246 748 4317 prudentes
805 4262 1024 4301 manum
1072 4247 1282 4303 mittent
1334 4248 1391 4302 in
1446 4248 1649 4321 ignem.
1707 4248 1910 4303 Littera
1967 4249 2044 4304 sic

441 4334 730 4407 jungitur:
793 4335 949 4391 Nunc
1008 4336 1138 4390 estis
1198 4334 1312 4403 ﬁlii,
1376 4337 1473 4391 sed
1518 4345 1646 4392 tunc
1674 4337 1892 4407 quidem
1920 4345 2044 4392 ante

449 4424 861 4480 conversionem
916 4424 1240 4479 serviebatis
1272 4424 1355 4478 his
1387 4424 1480 4495 qui
1514 4439 1622 4479 non
1653 4433 1808 4479 erant
1837 4425 1938 4480 dii.
1977 4426 2045 4480 Et

2150 539 2351 610 legem;
2370 552 2504 591 nam
2525 550 2624 591 vos
2644 538 2769 608 jam
2800 536 3100 592 observatis
3114 536 3248 603 dies,
3283 535 3336 590 id
3359 544 3442 590 est
3471 534 3714 589 Sabbata
3739 552 3756 601 ;

2150 625 2459 681 observatis
2490 625 2650 679 etiam
2680 641 2918 693 menses,
2953 624 3009 679 id
3033 632 3114 679 est
3160 624 3535 679 innovationes
3563 623 3714 679 lunas
3741 640 3759 689 ;

2149 719 2205 769 et
2237 718 2510 784 tempora,
2544 712 2598 767 id
2629 721 2711 767 est
2734 713 2938 781 jejunia
2984 713 3361 778 Hebraeorum,
3394 712 3449 767 in
3482 711 3761 783 tempori-

2152 802 2251 857 bus
2290 809 2489 857 statuta
2512 820 2526 867 ;
2558 801 2857 857 observatis
2877 802 3039 856 etiam
3056 817 3255 867 annos,
3281 801 3336 855 id
3356 809 3439 856 est
3460 799 3761 871 septimum

2150 906 2373 955 annum,
2406 898 2458 945 et
2481 890 2761 959 jubilzeum
2790 906 2945 945 more
2974 890 3328 945 Hebraeorum
3349 930 3363 944 .

2221 980 2289 1033 Et
2320 979 2447 1050 quia
2478 978 2555 1034 sic
2587 979 2769 1048 agitis,
2805 980 2973 1034 timeo
3002 995 3111 1043 vos,
3143 978 3198 1033 id
3245 986 3329 1033 est
3356 977 3488 1033 nihil
3520 976 3663 1032 adeo
3695 976 3758 1031 in

2150 1067 2305 1123 vobis
2361 1068 2524 1122 timeo
2579 1066 2734 1123 sicuti
2761 1083 2884 1123 vos.
2949 1066 3157 1136 Timeo,
3192 1068 3430 1139 inquam,
3482 1083 3555 1122 ne
3595 1069 3757 1137 forte

2151 1156 2318 1227 (quod
2348 1156 2457 1211 cito
2486 1156 2804 1225 contingere
2850 1157 3051 1226 potest)
3103 1156 3473 1211 laboraverim
3504 1156 3567 1210 in
3597 1155 3758 1210 vobis

2149 1247 2273 1299 sine
2290 1261 2481 1303 causa.
2515 1243 2569 1298 id
2600 1252 2682 1298 est
2739 1243 2855 1298 sine
2884 1244 3059 1299 fructu
3116 1243 3379 1299 utilitatis.
3427 1243 3535 1299 Sed
3561 1257 3633 1298 ne
3658 1258 3760 1297 me

2150 1332 2348 1387 frustra
2378 1333 2656 1387 laborasse
2687 1333 2985 1405 contingat,
3010 1336 3184 1388 estote
3213 1334 3363 1389 sicut
3391 1348 3503 1403 ego,
3529 1347 3639 1387 non
3655 1348 3763 1387 cu-

2149 1431 2331 1475 rantes
2356 1421 2572 1493 legalia,
2608 1424 2739 1493 quia
2756 1425 2811 1477 et
2842 1438 2937 1491 ego
2967 1419 3041 1474 fui
3074 1421 3205 1476 olim
3246 1420 3438 1491 legalis
3466 1423 3619 1477 sicut
3656 1437 3761 1478 vos

2150 1525 2271 1564 esse
2301 1510 2483 1576 vultis,
2518 1518 2570 1563 et
2599 1508 2835 1564 deserui.
2869 1509 3029 1564 Modo
3061 1509 3259 1575 videte,
3294 1524 3457 1581 quam
3489 1508 3762 1580 insipien-

2148 1606 2231 1653 ter
2268 1600 2371 1654 hoc
2401 1598 2597 1653 velitis.
2659 1596 2754 1652 Vel
2784 1597 2858 1652 ita
2891 1616 2904 1652 :
2939 1598 3128 1653 Estote
3154 1599 3306 1653 sicut
3332 1614 3449 1670 ego,
3483 1598 3611 1669 quia
3642 1613 3759 1668 ego

2149 1703 2266 1740 sum
2298 1687 2432 1741 sicut
2460 1702 2577 1751 vos,
2611 1686 2887 1758 gentiliter
2919 1686 3129 1740 vivens.
3162 1687 3547 1756 Imponebatur
3577 1685 3759 1742 Paulo

2148 1776 2217 1828 ab
2246 1774 2352 1828 illis
2382 1776 2610 1844 pseudo,
2643 1774 2790 1845 quod
2819 1774 2944 1829 odio
2999 1774 3224 1829 haberet
3254 1774 3496 1839 Galatas,
3545 1782 3599 1829 et
3625 1773 3760 1831 ideo

2148 1879 2256 1917 non
2278 1863 2577 1932 aperuisset
2605 1863 2712 1916 illis
2742 1878 2961 1917 omnem
2991 1863 3294 1917 veritatem.
3337 1864 3416 1918 De
3448 1879 3551 1935 que
3580 1861 3756 1918 modo

2147 1959 2369 2007 excusat
2424 1968 2503 2017 se,
2564 1959 2616 2005 et
2672 1950 2857 2005 laudat
2885 1967 2982 2005 eos
3010 1951 3078 2005 de
3106 1951 3274 2021 priori
3305 1951 3755 2018 conversatione,

2145 2039 2202 2093 in
2232 2056 2337 2110 qua
2368 2056 2426 2094 se
2452 2039 2680 2094 multum
2733 2039 3001 2112 benignos
3045 2039 3340 2095 exhibuere
3368 2040 3557 2095 Paulo.
3618 2039 3759 2096 Ideo

2148 2128 2308 2183 etiam
2331 2128 2408 2183 sic
2439 2128 2733 2193 blanditur,
2769 2128 2895 2199 quia
2935 2135 3057 2198 post
3093 2143 3271 2198 pauca
3298 2128 3469 2183 verba
3497 2129 3759 2200 aSperius
3850 2137 3860 2145 ‘

2147 2225 2229 2271 est
2258 2233 2354 2271 eos
2400 2233 2786 2289 aggressurus.
2835 2215 3033 2271 Littera
3089 2216 3169 2272 sic
3217 2216 3511 2289 jungitur:
3559 2219 3758 2275 Estote

2146 2301 2299 2358 sicut
2340 2319 2458 2373 ego,
2491 2310 2542 2356 et
2563 2303 2779 2358 obsecro
2829 2316 2919 2357 vos
2948 2308 3007 2354 ut
3036 2300 3154 2355 sitis
3186 2304 3398 2373 fratres
3425 2302 3553 2366 mei,
3602 2301 3757 2372 piam

2148 2389 2489 2446 affectionem
2546 2390 2811 2445 habentes
2840 2406 2975 2462 erga
3004 2407 3128 2458 me;
3162 2391 3311 2447 nihil
3342 2390 3488 2446 enim
3518 2391 3755 2447 lwsistis

2146 2495 2237 2534 me
2263 2478 2316 2533 in
2347 2479 2549 2549 aliquo.
2584 2478 2768 2547 Quare
2799 2495 2903 2551 ego
2932 2480 3122 2535 odiens
3152 2495 3251 2535 vos
3272 2478 3555 2535 debuerim
3577 2478 3758 2534 subti-

2148 2566 2328 2622 cuisse
2359 2568 2659 2622 veritatem.
2693 2568 2840 2622 Nihil
2871 2584 2959 2623 me
3002 2568 3250 2633 lmsistis;
3284 2568 3384 2623 sed
3412 2567 3526 2623 scio
3546 2570 3621 2637 (et
3650 2583 3758 2623 vos

2148 2654 2287 2710 bene
2310 2657 2491 2725 scitis)
2514 2657 2646 2728 quia
2659 2658 3040 2727 euangelizavi
3058 2657 3207 2713 vobis
3220 2674 3324 2729 per
3340 2657 3756 2725 inﬁrmitatem

2146 2746 2381 2811 carnis;
2439 2760 2549 2799 non
2598 2752 2776 2798 tamen
2823 2745 3061 2815 spiritus,
3095 2745 3221 2817 quia
3264 2745 3313 2799 si
3359 2744 3675 2800 inﬁrmabar
3705 2754 3762 2801 et

2146 2832 2569 2903 contemptibilis
2624 2848 2776 2888 eram
2833 2833 3129 2888 secundum
3160 2849 3403 2900 carnem,
3446 2833 3503 2888 in
3549 2834 3757 2890 virtute

2147 2921 2379 2991 Spiritus
2432 2937 2533 2990 per
2589 2921 2855 2976 miracula
2884 2920 3036 2977 fortis
3065 2922 3417 2993 apparebam.
3450 2921 3750 2978 Praedicavi

2145 3025 2246 3079 per
2274 3007 2677 3064 inﬁrmitatem:
2737 3025 2840 3065 nec
2865 3025 3041 3080 pauco
3069 3019 3330 3081 tempore,
3355 3010 3454 3066 sed
3476 3010 3590 3079 jam
3618 3010 3747 3081 pri-

2145 3097 2254 3166 die,
2286 3097 2431 3168 quod
2461 3098 2622 3153 taedio
2652 3098 2808 3153 vobis
2838 3114 2960 3153 esse
2991 3107 3175 3169 posset
3195 3114 3319 3155 mea
3349 3097 3654 3156 inﬁrmitas.
3680 3100 3756 3155 Et

2146 3202 2269 3241 cum
2297 3178 2447 3240 tanta
2474 3201 2563 3241 me
2607 3194 2882 3257 premeret
2924 3185 3221 3257 inﬁrmitas,
3294 3204 3386 3244 vos
3421 3196 3604 3243 tamen
3632 3204 3757 3245 non

2145 3275 2434 3347 sprevistis
2458 3291 2581 3329 cum
2612 3275 3003 3345 prmdicabam,
3064 3291 3241 3347 neque
3271 3276 3577 3347 respuistis,
3624 3293 3757 3338 cum

2144 3362 2381 3433 primum
2412 3362 2482 3417 ad
2503 3363 2903 3433 praedicandum
2934 3379 3210 3431 veneram,
3246 3366 3624 3421 tentationem
3654 3381 3756 3422 ve-

2144 3456 2323 3506 stram
2355 3450 2553 3506 factam
2582 3452 2645 3507 in
2665 3468 2836 3507 carne
2856 3468 3003 3507 mea.
3030 3452 3091 3506 In
3120 3450 3429 3508 inﬁrmitate
3459 3453 3603 3508 enim
3625 3470 3757 3510 mea

2146 3540 2389 3593 tentabat
2438 3555 2539 3596 vos
2594 3540 2760 3606 Deus,
2794 3541 2951 3611 quasi
2981 3540 3188 3596 diceret
3221 3556 3234 3594 :
3267 3542 3324 3597 Si
3370 3540 3751 3598 inﬁrmitatem

2144 3627 2297 3683 Pauli
2328 3627 2605 3697 abjiciunt,
2650 3628 2730 3683 rei
2772 3638 2914 3684 sunt.
2948 3629 3005 3684 Si
3037 3627 3273 3702 benigne
3303 3629 3623 3703 suscipiunt,
3654 3631 3751 3687 di-

2145 3716 2240 3787 gni
2297 3725 2437 3773 sunt.
2489 3717 2769 3788 Respuere
2816 3718 2935 3787 plus
2985 3726 3066 3772 est
3098 3734 3264 3789 quam
3291 3734 3573 3789 spernere,
3607 3719 3753 3776 sicut

2144 3805 2359 3876 penitus
2415 3805 2651 3874 abjicere
2682 3805 2858 3877 magis
2889 3814 2974 3861 est
3001 3821 3164 3877 quam
3205 3806 3464 3877 patiendo
3492 3815 3749 3863 contem-

2145 3908 2292 3948 nere.
2327 3894 2450 3948 Non
2479 3910 2569 3949 me
2602 3893 2903 3964 sprevistis,
2923 3895 3016 3950 sed
3033 3896 3337 3967 excepisti:
3364 3897 3620 3953 mesicut
3641 3914 3751 3952 an-

2142 3984 2331 4054 gelum
2359 3983 2476 4052 Dei,
2509 3990 2562 4037 et
2585 3984 2733 4038 sicut
2753 3982 3039 4039 Christum
3055 3985 3265 4039 Iesum.
3289 3985 3355 4039 Et
3377 4000 3502 4040 cum
3521 4001 3621 4055 per
3640 3986 3750 4043 hoc

2146 4078 2411 4140 appareat
2440 4070 2642 4125 nullam
2669 4071 2798 4141 odii,
2833 4072 2931 4127 sed
2959 4072 3185 4127 multam
3212 4089 3335 4128 esse
3364 4089 3583 4128 causam
3611 4073 3755 4130 dile-

2145 4159 2359 4228 ctionis,
2416 4158 2559 4214 male
2604 4160 2766 4215 sentit
2793 4159 2883 4231 qui
2914 4160 3222 4230 suspicatur
3249 4161 3510 4217 inimicari
3554 4162 3739 4219 vobis.

2146 4248 2212 4301 Et
2241 4248 2369 4318 quia
2396 4248 2452 4301 in
2480 4248 2797 4319 exceptione
2828 4249 2935 4304 mei
2963 4249 3101 4305 adeo
3128 4248 3354 4323 benigni
3395 4248 3593 4317 fuistis,
3615 4256 3745 4323 ergo

2144 4336 2240 4391 ubi
2260 4340 2344 4391 est
2365 4336 2648 4392 beatitudo
2668 4342 2872 4404 vestra,
2899 4354 3002 4409 qua
3023 4338 3102 4394 sic
3122 4338 3270 4409 prius
3292 4339 3592 4412 Evangelio
3611 4339 3747 4396 obe-

2145 4424 2350 4479 diatis?
2403 4425 2471 4479 Et
2527 4442 2657 4480 vere
2696 4425 2989 4491 beatitudo,
3036 4427 3168 4499 quia
3206 4426 3325 4498 ipse
3354 4428 3748 4484 testimonium

451 4512 497 4566 si
527 4528 625 4583 per
651 4513 980 4583 opinionem,
1018 4512 1260 4569 220
1291 4528 1400 4567 non
1428 4521 1610 4568 tamen
1640 4530 1740 4584 per
1767 4522 2042 4569 naturam.
2078 4496 2132 4564 Π
2149 4513 2406 4584 perhibeo
2452 4513 2619 4580 vobis,
2663 4514 2806 4587 quod
2824 4514 2873 4569 si
2892 4515 3021 4583 ﬁeri
3040 4496 3535 4588 posset—eruissetis
3555 4519 3747 4575 oculos

451 4600 601 4656 Tunc
656 4601 735 4656 sic
777 4600 1115 4668 serviebatis,
1165 4602 1263 4655 sed
1318 4617 1478 4669 nunc,
1514 4619 1644 4657 cum
1682 4604 2054 4673 cognoveritis

452 4690 649 4756 Deum,
682 4698 871 4745 contra
897 4689 1001 4745 hoc
1056 4689 1202 4760 quod
1231 4690 1303 4742 ait
1346 4692 1710 4759 ignorantes;
1766 4700 1818 4746 et
1863 4691 2053 4747 dicens

456 4794 586 4833 cum
601 4778 970 4849 cognoveritis
999 4777 1222 4831 Paulum
1249 4776 1453 4833 dixisse
1482 4795 1570 4833 eos
1592 4784 1648 4834 et
1673 4781 1908 4851 corrigo,
1942 4780 2052 4836 imo

457 4879 583 4919 cum
615 4880 711 4921 vos
739 4867 972 4936 cogniti,
1006 4865 1059 4919 id
1088 4873 1171 4920 est
1215 4867 1497 4936 approbati
1527 4868 1658 4922 estis
1687 4885 1722 4923 a
1752 4870 1879 4931 Deo,
1914 4884 2052 4941 quo-

455 4953 636 5019 modo,
669 4953 723 5008 id
752 4960 836 5008 est
864 4968 973 5024 qua
1002 4953 1213 5009 ratione
1237 4956 1635 5011 convertimini
1664 4958 1894 5022 iterum,
1929 4955 2054 5028 quia

455 5041 585 5096 olim
613 5041 670 5095 in
698 5040 894 5096 eodem
924 5042 1106 5108 eratis,
1140 5043 1212 5097 ad
1240 5044 1542 5112 elementa,
1575 5043 1631 5099 id
1661 5052 1743 5099 est
1772 5045 1843 5099 ad
1870 5045 1963 5100 illa
1983 5045 2058 5100 le-

404 5150 409 5157 ·
456 5129 600 5202 galia
626 5130 879 5199 inﬁrma,
941 5129 993 5183 id
1025 5138 1107 5185 est
1135 5132 1297 5186 etiam
1322 5140 1567 5203 tempore
1596 5148 1694 5188 suo
1741 5132 2055 5204 impotentia

452 5215 756 5287 justiﬁcare
812 5218 1142 5288 quemlibet;
1183 5224 1239 5274 et
1284 5220 1444 5275 etiam
1498 5221 1554 5275 in
1608 5220 1703 5275 illa
1743 5220 2053 5276 inﬁrmitate

458 5322 620 5362 caena
642 5349 656 5371 ,
707 5305 764 5360 id
793 5313 877 5362 est
903 5306 1082 5362 alieno
1110 5308 1307 5364 auxilio
1334 5308 1574 5381 egentia.
1606 5309 1722 5364 Hoc
1752 5308 1896 5363 enim
1925 5317 2053 5364 tan-

458 5394 626 5448 tulum
660 5394 807 5465 quod
860 5394 1090 5450 faciebat
1146 5395 1348 5469 [ﬁebat]
1400 5398 1505 5452 nisi
1532 5413 1632 5468 per
1674 5396 1931 5452 auxilium
1962 5397 2054 5453 fu-

455 5489 594 5537 turae
614 5481 741 5537 fidei
767 5498 877 5539 non
904 5492 1136 5555 poterat,
1171 5486 1369 5558 quibus
1414 5485 1699 5541 elementis
1737 5486 1901 5540 modo
1931 5502 2054 5543 ser-

456 5571 575 5626 vire
632 5571 806 5627 vultis
860 5579 911 5627 et
963 5573 1171 5630 denuo.
1229 5574 1336 5630 Lex
1367 5574 1512 5629 enim
1548 5572 1745 5629 amodo
1772 5573 1928 5629 vobis
1959 5574 2056 5633 erit

2150 4605 2379 4668 vestros,
2411 4605 2467 4657 et
2488 4600 2781 4658 dedissetis
2800 4602 2962 4660 mihi.
2984 4603 3151 4659 Posse
3168 4602 3281 4660 ﬁeri
3318 4603 3570 4677 intelligit
3600 4604 3749 4677 quod

2152 4698 2515 4760 Opportunum
2545 4699 2629 4746 est
2656 4689 2792 4747 ﬁeri.
3824 4690 3829 4695 ’

2222 4779 2292 4833 Et
2322 4780 2448 4851 quia
2503 4788 2647 4835 tanta
2678 4781 2749 4844 _vi
2789 4780 3095 4837 dilectionis
3122 4782 3255 4837 mihi
3284 4781 3521 4839 devincti
3552 4782 3740 4851 eratis,

2152 4883 2284 4937 ergo
2312 4884 2413 4923 nec
2442 4868 2777 4924 credendum
2806 4878 2888 4925 est
2907 4870 3053 4941 quod
3074 4886 3177 4943 ego
3197 4874 3389 4942 factus
3404 4889 3532 4927 sum
3549 4872 3748 4928 inimi-

2151 4971 2251 5011 cus
2280 4956 2446 5012 vobis.
2480 4954 2641 5025 Quod
2668 4957 2792 5014 ideo
2822 4958 3022 5029 putatis
3052 4956 3181 5030 quia
3208 4975 3331 5014 sum
3346 4960 3539 5015 dicens
3553 4976 3751 5016 verum

2152 5045 2319 5100 vobis.
2353 5044 2411 5099 Si
2461 5045 2748 5101 veritatem
2806 5047 3113 5114 reticerem,
3151 5055 3204 5102 et
3231 5064 3330 5103 vos
3361 5047 3747 5104 blandimentis

2152 5132 2454 5204 palparem,
2489 5134 2569 5191 sic
2599 5151 2686 5190 me
2709 5134 3029 5205 judicaretis
3049 5137 3308 5192 amicum.
3344 5136 3467 5209 Ego
3497 5152 3606 5192 non
3625 5153 3748 5193 sum

2152 5220 2402 5277 inimicus
2423 5222 2617 5289 vobis;
2649 5223 2747 5279 sed
2778 5222 2854 5278 illi
2881 5225 3251 5292 wmulantur,
3311 5224 3368 5279 id
3406 5232 3489 5280 est
3517 5225 3751 5298 diligunt

2152 5324 2244 5366 vos
2270 5327 2384 5367 non
2421 5311 2596 5379 bene;
2618 5311 2716 5367 sed
2734 5312 2860 5367 ideo
2879 5311 3004 5385 quia
3027 5315 3223 5370 volunt
3243 5329 3335 5369 vos
3352 5331 3384 5370 a
3404 5314 3513 5384 ﬁde
3539 5315 3755 5372 Christi

2153 5399 2475 5465 excludere,
2508 5399 2583 5454 ita
2609 5404 2695 5467 ut,
2719 5409 3010 5471 postquam
3039 5417 3137 5456 vos
3173 5401 3387 5472 plenius
3414 5400 3469 5456 in
3502 5418 3749 5459 errorem

2153 5502 2312 5542 suum
2341 5487 2612 5559 duxerint,
2671 5504 2770 5544 vos
2799 5491 3151 5547 εειηυίεωὶπί
3180 5491 3330 5557 illos,
3365 5497 3417 5546 et
3462 5491 3690 5565 exigant
3717 5508 3753 5549 a

2152 5575 2308 5631 vobis
2328 5575 2618 5648 imperiose
2647 5577 2791 5650 quod
2819 5577 3104 5635 voluerint.
3171 5578 3281 5635 Sed
3305 5578 3471 5636 nolite
3499 5581 3752 5639 aemulari
