3932 6426
138 383 243 437 305

820 382 1204 442 EXPOSITIO
1243 384 1318 442 IN
1352 382 1735 443 EPISTOLAS
1773 382 1998 441 PAULI.
2028 415 2098 425 —
2124 386 2199 442 IN
2234 386 2455 443 EPIST.
2496 388 2592 444 AD
2631 387 2791 445 GAL.

3353 389 3458 443 306

146 503 310 572 illos;
342 506 447 562 sed
476 509 839 566 amulumini
867 517 922 565 et
964 523 1055 567 me
1097 518 1151 567 et
1198 511 1495 583 quemlibet
1525 511 1752 577 bonum,
1776 511 1830 572 Α
1857 526 2045 581 quaero
2073 527 2143 566 an
2173 511 2388 586 legistis
2419 514 2677 586 quoniam
2707 515 2828 586 ipsa
2870 514 2956 571 lex
2988 530 3048 571 se
3079 529 3189 570 non
3218 530 3342 570 esse
3372 521 3457 570 te-

148 609 253 652 neo
281 594 580 670 aliquando
605 597 663 652 in
692 598 855 666 malo,
888 599 936 654 si
963 599 1104 656 forte
1157 602 1442 669 suadeam,
1477 601 1575 657 sed
1603 616 1756 657 sem-

150 699 254 756 per
280 686 341 740 in
363 685 505 742 bono
528 707 549 755 ;
571 691 628 743 et
649 702 766 744 non
789 692 1019 745 tantum
1040 705 1171 746 cum
1188 705 1441 763 praesens
1461 705 1588 746 sum
1609 688 1759 761 apud

153 788 249 830 vos
284 774 626 831 aemulamini
660 792 769 843 me,
824 776 924 833 sed
968 778 1130 833 etiam
1180 794 1301 834 cum
1333 778 1535 835 absens
1582 776 1754 833 fuero.

156 862 309 917 Idem
338 864 488 935 quod
548 864 804 937 superius
851 850 1121 938 probavit,
1171 867 1377 923 scilicet
1422 867 1602 939 legem
1656 882 1759 922 nos

155 967 280 1006 esse
338 952 658 1021 tenendam,
718 954 895 1011 adhuc
945 955 1142 1027 probat
1197 971 1297 1028 per
1339 956 1507 1012 verba
1589 954 1759 1026 ipsius

153 1040 404 1110 ejusdem
434 1041 596 1113 legis.
631 1042 782 1099 Sicut
819 1044 965 1099 enim
1003 1052 1195 1115 postea
1233 1045 1468 1100 ostendit
1505 1044 1760 1100 veniente

153 1129 316 1185 22
332 1129 400 1186 1
428 1129 679 1187 libertate
699 1131 827 1189 ﬁdei
854 1133 1195 1204 repudianda
1217 1142 1297 1189 est
1328 1133 1564 1189 servitus
1594 1133 1756 1206 legis.

150 1218 352 1274 Littera
413 1220 494 1275 sic
543 1221 837 1293 jungitur:
890 1223 1269 1278 AEmulamini
1315 1239 1422 1290 me,
1465 1230 1517 1278 et
1572 1239 1761 1295 quem-

148 1306 283 1363 libet
314 1308 545 1364 bonum.
588 1310 715 1365 Illos
760 1326 893 1367 vero
923 1327 992 1367 ne
1021 1312 1387 1378 aemulemini;
1420 1311 1567 1383 quod
1598 1311 1643 1367 si
1663 1327 1760 1367 eos

149 1397 399 1453 aemulari
432 1398 613 1463 vultis,
640 1416 671 1455 ο
696 1400 864 1469 ﬁlioli
883 1401 1016 1467 mei,
1040 1400 1204 1457 dicite
1233 1401 1384 1456 mihi.
1419 1401 1554 1457 Illuc
1585 1417 1760 1472 usque

150 1486 361 1556 pendet
390 1488 730 1543 constructio
765 1505 778 1544 :
816 1488 925 1544 Eos
954 1489 1043 1561 qui
1072 1489 1222 1561 prius
1252 1498 1408 1545 erant
1438 1489 1531 1544 ﬁlii
1557 1505 1759 1545 secun-

153 1574 285 1630 dum
316 1575 692 1647 integritatem
725 1575 874 1647 ﬁdei,
909 1577 1227 1635 diminutive
1256 1579 1454 1635 ﬁliolos
1501 1579 1758 1650 appellat,

154 1664 287 1736 quia
319 1664 569 1720 volentes
613 1666 899 1722 adhaerere
941 1667 1237 1738 perversis,
1271 1668 1566 1739 plurimum
1597 1667 1762 1721 dimi-

153 1753 269 1809 nuti
308 1754 543 1809 erantin
572 1755 717 1811 bono
745 1754 1042 1812 ﬁliationis.
1095 1758 1284 1814 Filioli
1329 1759 1460 1825 mei,
1504 1773 1637 1830 quos
1666 1773 1760 1830 ego

148 1844 443 1916 parturio,
466 1843 522 1897 id
553 1851 634 1898 est
689 1845 760 1900 de
816 1861 1049 1917 quorum
1097 1845 1452 1903 instructione
1478 1891 1491 1913 ,
1525 1847 1759 1903 maximo

153 1939 355 1987 conatu
403 1931 615 1988 laboro.
667 1933 946 1989 Parturire
994 1935 1138 1989 enim
1212 1935 1411 1991 dicitur
1465 1936 1622 1992 labor
1645 1934 1756 2004 ille,

158 2037 323 2093 quem
372 2021 431 2075 in
461 2021 726 2077 emisione
774 2023 931 2094 pueri
962 2031 1140 2078 mater
1193 2024 1417 2094 patitur,
1450 2025 1764 2096 priusquam

154 2126 297 2181 puer
335 2118 496 2165 extra
537 2111 801 2166 mittatur.
859 2113 1000 2181 Quos
1037 2115 1306 2185 parturio
1349 2116 1605 2178 iterum,-
1634 2115 1764 2169 olim

157 2200 302 2255 enim
336 2215 465 2255 cum
497 2197 747 2256 inﬁdeles
796 2201 983 2270 eratis,
1018 2202 1246 2256 multum
1295 2202 1543 2257 laborem
1599 2204 1763 2257 habui

154 2288 210 2342 in
244 2289 430 2344 vobis.
466 2288 710 2345 Parturio
739 2298 793 2345 et
822 2290 1011 2345 laboro
1041 2291 1092 2345 in
1125 2292 1300 2358 vobis,
1324 2292 1501 2347 donec
1532 2292 1586 2346 in
1615 2292 1765 2347 Chri-

157 2386 241 2433 sto
288 2376 671 2434 reformemini
711 2378 767 2433 in
810 2378 915 2435 ﬁde
946 2380 1098 2448 cujus
1138 2379 1412 2435 reformati
1442 2381 1605 2446 estis,
1639 2381 1762 2453 quia

155 2467 265 2523 illis
294 2466 513 2538 pseudo
534 2467 722 2522 saltem
754 2468 1129 2524 consensistis.
1148 2469 1262 2525 Nec
1290 2469 1364 2524 ait
1391 2470 1563 2526 donec
1593 2469 1765 2524 refor-

155 2555 408 2624 memini,
443 2557 541 2612 sed
562 2558 736 2614 donec
761 2557 1016 2613 Christus
1042 2561 1327 2630 formetur
1344 2560 1408 2615 in
1428 2560 1592 2615 vobis.
1620 2559 1765 2614 Chri-

160 2653 276 2701 stus
306 2646 455 2702 enim
502 2645 840 2701 deformatus
871 2654 974 2713 est,
1007 2655 1061 2703 et
1089 2646 1320 2703 formam
1350 2663 1502 2702 suam
1529 2648 1765 2719 perdidit

158 2734 213 2790 in
244 2734 406 2791 vobis
440 2734 701 2791 seductis.
728 2734 846 2801 Vel,
893 2734 1230 2791 deformatus
1268 2745 1352 2792 est
1396 2736 1454 2791 in
1481 2736 1657 2803 vobis,
1708 2737 1764 2791 id

159 2832 243 2879 est
288 2825 345 2879 in
377 2823 734 2879 similitudine
766 2823 959 2879 vestri.
992 2824 1290 2881 Audientes
1321 2824 1466 2880 enim
1493 2825 1585 2880 alii
1632 2841 1765 2898 quo-

159 2913 325 2969 modo
387 2912 520 2968 ﬁdei
581 2912 778 2967 Christi
832 2913 1117 2968 detrahitis
1149 2957 1163 2979 ,
1250 2914 1437 2969 dicunt
1513 2914 1765 2985 exemplo

156 3010 341 3058 vestro
426 3000 841 3058 insuﬁicientem
928 3018 1051 3058 esse
1133 3002 1203 3057 ad
1258 3002 1516 3059 isalutem
1600 3002 1762 3059 ﬁdem

156 3090 378 3147 Christi.

226 3182 296 3237 Ut
316 3180 505 3253 magis
534 3196 632 3236 eos
659 3180 980 3247 deterreret,
1032 3181 1351 3254 aggravavit
1399 3181 1604 3237 dictum
1634 3181 1764 3236 dum

158 3269 233 3325 ait
255 3271 437 3326 donec
470 3272 755 3340 formetur
784 3268 1040 3326 Christus
1060 3311 1073 3335 ,
1106 3286 1289 3340 quem,
1351 3270 1508 3341 quasi
1536 3270 1760 3339 diceret,

156 3358 534 3415 deformastis.
568 3357 787 3413 Filiolos
817 3374 915 3414 vos
943 3358 1193 3429 appello;
1229 3359 1346 3425 sed,
1386 3358 1512 3414 licet
1543 3361 1762 3427 absens,

155 3448 337 3505 dicam
371 3446 595 3502 ﬁliolus.
655 3447 857 3502 Tamen
910 3447 1074 3502 modo
1114 3448 1319 3504 vellem
1359 3464 1479 3503 esse
1518 3464 1766 3519 praesens

156 3539 312 3611 apud
346 3553 463 3603 vos,
486 3541 541 3592 et
562 3538 645 3594 sic
663 3540 891 3592 mutare
912 3552 1098 3593 vocem
1135 3553 1340 3605 meam,
1368 3536 1492 3609 quia
1526 3536 1572 3591 si
1601 3538 1766 3593 modo

155 3643 255 3683 vos
285 3626 513 3699 appello
541 3624 761 3691 ﬁliolos,
784 3642 1031 3696 pnesens
1060 3625 1299 3682 dicerem
1326 3642 1427 3682 vos
1443 3626 1649 3682 alienos
1670 3627 1767 3683 de-

156 3716 439 3773 trahentes
456 3716 598 3781 Deo,
625 3722 678 3770 et
697 3714 863 3770 multa
899 3713 1002 3769 alia
1023 3715 1335 3786 opprobria.
1388 3713 1523 3785 Quae
1566 3716 1768 3771 Paulus

158 3806 285 3862 licet
317 3805 556 3871 diceret,
581 3804 628 3859 si
648 3819 889 3875 praesens
911 3811 1077 3869 esset,
1119 3804 1291 3860 noluit
1321 3811 1506 3860 tamen
1534 3803 1590 3858 in
1609 3804 1768 3875 Epis-

159 3896 271 3951 tola
287 3895 563 3960 scribere,
589 3893 771 3950 sciens
813 3892 1118 3964 Epistolam
1156 3909 1584 3964 permansuram,
1618 3901 1670 3949 et
1699 3894 1767 3949 de

158 3985 511 4042 correctione
540 3998 731 4038 eorum
759 3981 1073 4051 conﬁdens,
1108 3998 1336 4054 quorum
1377 3981 1769 4053 improperium

159 4075 358 4131 durare
389 4072 603 4138 noluit;
638 4080 690 4127 et
719 4070 931 4137 merito,
968 4086 1089 4127 cum
1120 4079 1303 4126 essent
1334 4071 1663 4143 corrigendi.
1712 4072 1769 4127 Si

162 4164 304 4236 apud
333 4179 437 4219 vos
504 4177 708 4228 essem,
760 4168 1026 4216 mutarem
1076 4176 1297 4225 vocem,
1330 4159 1455 4216 ideo
1499 4161 1769 4233 quoniam

161 4269 307 4309 nunc
335 4249 684 4323 confundor,
717 4248 773 4304 id
802 4257 883 4304 est
910 4249 1255 4304 verecundor
1284 4250 1346 4304 in
1362 4249 1525 4306 vobis.
1552 4249 1767 4305 Lauda-

160 4358 345 4399 veram
377 4340 530 4397 enim
573 4337 738 4393 ﬁdem
794 4345 1029 4393 vestram
1072 4338 1217 4409 apud
1275 4338 1414 4393 alias
1451 4338 1766 4407 Ecclesias,

161 4448 303 4503 qua),
333 4429 627 4486 audientes
656 4426 1060 4498 corruptionem
1094 4434 1292 4483 vestrae
1322 4425 1466 4491 ﬁdei,
1497 4427 1771 4483 aestimant

161 4537 249 4576 me
280 4535 440 4575 reum
471 4515 765 4582 mendacii,
796 4524 849 4571 et
897 4532 1065 4586 super
1092 4516 1197 4571 hoc
1238 4515 1521 4572 erubesco.
1555 4516 1666 4570 Vos
1697 4514 1767 4569 ﬁ-

1858 600 2095 655 nendam
2136 611 2327 673 aperte
2365 602 2558 658 innuit.
2614 605 2903 677 Scriptum
2957 608 3042 660 est
3065 605 3221 660 enim
3250 603 3306 658 in
3335 602 3463 675 lege

1860 689 2114 760 quoniam
2132 691 2413 747 Abraham
2435 692 2632 749 habuit
2655 693 2792 750 duos
2813 694 2962 763 ﬁlios
2977 736 2990 748 .
3018 693 3213 747 Multos
3237 692 3459 765 quidem

1858 776 1998 834 ﬁlios
2027 779 2212 834 habuit
2238 780 2535 850 Abraham,
2562 782 2660 836 sed
2680 782 2749 836 de
2781 783 2865 836 his
2889 782 3104 837 duobus
3127 780 3461 837 conveniens

1860 865 2035 939 ﬁgura
2065 867 2164 922 fuit
2203 869 2273 924 ad
2315 867 2481 924 ﬁdem
2516 878 2569 925 et
2624 870 2831 942 legem.
2884 872 3013 927 Haec
3069 879 3247 925 autem
3290 870 3461 926 verba

1860 972 1969 1011 non
2005 957 2198 1012 eadem
2228 958 2573 1013 inveniuntur
2598 959 2654 1013 in
2688 960 2891 1015 Genesi
2918 979 2931 1027 ;
2968 960 3065 1015 sed
3086 975 3241 1031 teque
3269 958 3460 1015 valen-

1860 1045 1955 1100 tia.
1993 1046 2072 1101 De
2104 1046 2299 1118 quibus
2333 1047 2547 1103 duobus
2578 1046 2704 1102 ﬁliis
2750 1051 2968 1120 Moyses
2997 1056 3168 1103 totum
3198 1048 3264 1103 ad
3296 1047 3458 1104 ﬁnem

1862 1150 2035 1206 usque
2065 1135 2378 1207 descripsit,
2412 1137 2560 1208 quod
2589 1152 2700 1192 non
2753 1135 2879 1193 fecit
2934 1138 3002 1192 de
3040 1136 3269 1193 caeteris.
3321 1135 3463 1206 Quia

1863 1223 2061 1279 Paulus
2090 1239 2200 1279 non
2232 1225 2533 1280 secundum
2573 1226 2791 1299 singula
2821 1225 3143 1299 allegoriam
3200 1226 3457 1298 sequitur,

1863 1315 2065 1369 bonum
2084 1321 2243 1368 estut
2265 1313 2473 1369 eisdem
2496 1314 2679 1370 verbis
2701 1331 2820 1370 eam
2842 1315 3166 1386 aperiamus.
3191 1315 3463 1370 Abraham

1864 1401 1955 1473 qui
1986 1402 2384 1472 interpretatur
2423 1407 2589 1475 pater
2608 1405 2929 1459 multarum
2957 1406 3236 1475 gentium,
3256 1404 3465 1459 habens

1865 1492 2003 1547 duos
2038 1490 2202 1560 ﬁlios,
2232 1491 2287 1546 id
2323 1500 2405 1547 est
2434 1492 2572 1547 duos
2593 1492 2842 1564 populos,
2864 1491 3134 1564 signiﬁcat
3164 1494 3335 1548 Deum
3366 1493 3465 1547 ha-

1863 1580 2085 1635 bentem
2121 1580 2259 1635 duos
2288 1578 2447 1645 ﬁlios,
2494 1580 2769 1636 Gentilem
2824 1581 3033 1637 scilicet
3087 1589 3142 1636 et
3180 1581 3455 1637 Judazum.

1862 1669 1984 1724 Non
2005 1677 2188 1724 tamen
2207 1670 2353 1740 quod
2375 1668 2576 1742 singuli
2599 1686 2788 1724 eorum
2804 1670 2911 1724 sint
2932 1668 3159 1737 ﬁliiDci,
3179 1670 3284 1724 nisi
3305 1669 3466 1742 quiin

1864 1766 2091 1829 utroque
2117 1757 2340 1828 populo,
2368 1757 2520 1830 digni
2541 1756 2743 1812 fuerint
2764 1758 2988 1813 inventi.
3017 1761 3165 1815 Duos
3183 1759 3331 1828 ﬁlios
3358 1760 3465 1813 ha-

1790 1874 1842 1934 Β
1865 1848 1987 1902 buit
2007 1846 2311 1910 Abraham,
2366 1863 2549 1902 unum
2579 1848 2644 1901 de
2674 1849 2910 1913 ancilla,
2945 1847 2999 1901 id
3056 1856 3140 1902 est
3170 1846 3368 1902 Ismael
3398 1847 3467 1902 de

1864 1938 2035 2005 Agar,
2072 1939 2130 1990 et
2150 1951 2330 1991 unum
2363 1935 2430 1991 de
2471 1935 2688 1997 Libera,
2715 1934 2769 1989 id
2798 1944 2881 1989 est
2908 1938 3059 1991 Isaac
3085 1936 3153 1990 de
3185 1936 3337 1991 Sara.
3372 1935 3464 1990 Fi-

1863 2023 1966 2078 lius
1996 2024 2065 2079 de
2096 2023 2297 2079 ancilla
2327 2021 2602 2096 signiﬁcat
2648 2024 2935 2079 Iudaicum
2983 2024 3267 2097 populum,
3294 2022 3467 2079 ﬁlium

1869 2112 2106 2178 ancillae,
2136 2112 2193 2167 id
2223 2120 2303 2166 est
2333 2111 2495 2185 legis,
2530 2112 2621 2183 qui
2659 2112 2798 2168 bene
2829 2112 3079 2168 dicuntur
3107 2111 3203 2167 ﬁlii
3232 2113 3462 2181 ancillae,

1869 2201 1962 2272 qui
1992 2201 2136 2256 velut
2191 2201 2334 2257 servi
2382 2201 2689 2256 serviebant
2744 2202 2940 2257 timore
2992 2216 3170 2273 parua:
3198 2211 3251 2257 et
3276 2218 3464 2259 amore

1864 2291 2166 2345 carnalium
2242 2290 2296 2344 in
2372 2290 2701 2345 carnalibus.
2762 2290 2928 2345 Filius
3003 2299 3184 2346 autem
3272 2292 3462 2347 liberae

1865 2378 2136 2450 signiﬁcat
2209 2378 2470 2451 populum
2528 2378 2747 2435 ﬁdelem
2782 2423 2794 2446 ,
2858 2380 2949 2452 qui
3000 2380 3057 2435 in
3109 2380 3361 2437 libertate
3392 2379 3462 2434 ﬁ-

1865 2468 1952 2523 dei
1993 2469 2109 2523 Deo
2165 2484 2231 2523 ex
2307 2467 2599 2524 dilectione
2684 2469 2872 2535 servit,
2937 2485 3048 2524 non
3118 2486 3184 2524 ex
3268 2470 3460 2525 timore

1864 2573 1965 2612 nec
1987 2564 2218 2627 propter
2242 2556 2561 2627 temporalia
2578 2600 2590 2623 ,
2628 2558 2726 2612 sed
2755 2566 2979 2629 propter
3005 2564 3227 2613 aeterna.
3251 2559 3319 2613 Et
3336 2559 3463 2614 licet

1866 2654 2095 2717 uterque
2124 2653 2270 2700 esset
2299 2643 2440 2700 ﬁlius
2479 2646 2731 2712 Abrahae,
2764 2655 2948 2701 tamen
2978 2646 3192 2702 diverso
3216 2646 3459 2703 222

1869 2735 2035 2789 modo
2070 2734 2204 2789 nati.
2241 2734 2347 2801 Qui
2376 2734 2521 2789 enim
2551 2733 2652 2789 fuit
2673 2734 2739 2791 de
2767 2736 3002 2802 ancilla,
3036 2736 3245 2792 scilicet
3264 2736 3465 2791 Ismael

1865 2823 1934 2879 de
1974 2825 2136 2895 Agar,
2171 2823 2258 2878 hic
2295 2828 2471 2879 natus
2502 2828 2588 2879 est
2615 2825 2927 2879 secundum
2965 2841 3217 2891 carnem,
3251 2825 3378 2896 quia
3411 2834 3466 2880 et

1865 2921 2018 2985 Agar
2041 2912 2332 2981 juvencula
2351 2920 2469 2967 erat
2501 2920 2553 2968 et
2581 2911 2835 2969 fecunda.
2868 2912 3128 2969 Similiter
3150 2913 3341 2984 legalis
3372 2929 3464 2985 po-

1866 3002 2028 3073 pulus
2057 3009 2212 3056 natus
2242 3009 2326 3057 est
2357 3002 2426 3057 de
2454 3002 2684 3067 ancilla,
2714 3001 2770 3056 id
2801 3010 2883 3057 est
2913 3001 2981 3057 de
3010 3002 3133 3075 lege
3164 3003 3467 3058 secundum

1867 3106 2114 3157 carnem,
2149 3090 2279 3162 quia
2312 3098 2364 3145 et
2401 3090 2456 3145 in
2502 3090 2810 3147 carnalibus
2840 3098 2893 3146 et
2920 3106 3108 3146 amore
3164 3091 3467 3146 carnalium

1869 3180 2144 3234 serviebat
2168 3198 2182 3245 ;
2216 3179 2262 3233 si
2291 3187 2574 3250 peccaret,
2608 3178 2787 3234 statim
2816 3178 2870 3232 in
2899 3194 3066 3234 carne
3096 3179 3274 3250 puniri
3303 3179 3466 3235 time-

1868 3270 1978 3323 bat.
2006 3267 2173 3323 Filius
2196 3272 2393 3324 autem
2422 3269 2518 3341 qui
2537 3268 2634 3322 fuit
2654 3267 2721 3323 de
2745 3268 2940 3332 libera,
2975 3268 3184 3324 scilicet
3205 3269 3375 3335 Isaac,
3396 3269 3466 3324 de

1867 3358 2003 3413 Sara
2032 3365 2192 3412 natus
2223 3366 2305 3412 est
2334 3373 2443 3413 non
2495 3357 2793 3413 secundum
2850 3373 3091 3412 carnem.
3150 3357 3288 3412 Sara
3319 3358 3467 3413 enim

1866 3446 2047 3501 vetula
2078 3454 2193 3501 erat
2224 3454 2277 3501 et
2309 3446 2526 3513 sterilis,
2561 3446 2658 3501 sed
2687 3462 2791 3518 per
2822 3446 3313 3519 repromissionem
3342 3446 3463 3501 Dei.

1866 3537 2016 3591 Deus
2046 3535 2212 3601 enim,
2246 3535 2384 3591 sicut
2416 3535 2504 3606 pie
2552 3534 2897 3606 promiserat,
2934 3534 3130 3590 virtute
3184 3551 3281 3589 sua
3310 3536 3464 3591 nasci

1865 3624 1990 3679 facit
2019 3622 2188 3678 ﬁlium
2220 3624 2288 3678 de
2318 3622 2490 3679 sterili
2529 3630 2581 3678 et
2610 3623 2905 3694 decrepita.
2940 3622 3201 3678 Similiter
3232 3623 3463 3694 populus

1866 3712 2064 3778 ﬁdelis,
2091 3713 2182 3785 qui
2213 3712 2309 3767 fuit
2329 3713 2397 3767 de
2445 3711 2639 3780 libera,
2672 3712 2728 3767 id
2758 3720 2840 3767 est
2869 3720 3028 3766 natus
3058 3728 3124 3766 ex
3181 3709 3308 3779 ﬁde,
3343 3729 3466 3785 quae

1868 3803 2042 3857 libera
2072 3811 2155 3857 est
2182 3819 2280 3874 per
2311 3802 2680 3867 dilectionem,
2713 3817 2824 3856 non
2854 3801 2993 3857 sicut
3028 3816 3100 3856 ex
3142 3801 3337 3857 ancilla
3366 3818 3467 3873 per

1867 3892 2138 3947 timorem.
2165 3892 2263 3948 llic
2284 3890 2519 3963 populus
2548 3899 2706 3945 natus
2740 3898 2823 3945 est
2843 3907 2943 3961 per
2958 3890 3463 3962 repromissionem,

1868 3980 1995 4052 quia
2025 3983 2173 4036 Deus
2193 3980 2619 4036 misericorditer
2637 3979 2963 4051 promiserat
2995 3997 3055 4035 se
3083 3996 3184 4051 per
3204 3978 3368 4036 ﬁdem
3389 3981 3470 4035 fa-

1868 4084 1992 4124 cere
2049 4070 2425 4125 salvationem.
2487 4069 2616 4125 Ideo
2664 4076 2781 4124 erat
2817 4085 2917 4139 per
2966 4068 3466 4140 repromissionem,

1870 4158 1991 4231 quia
2022 4175 2130 4214 non
2161 4158 2330 4214 servit
2360 4159 2475 4213 Deo
2504 4158 2777 4213 desiderio
2804 4157 3122 4224 carnalium,
3148 4173 3267 4230 quin
3300 4158 3465 4226 videt,

1870 4249 1967 4302 sed
1997 4262 2186 4303 amore
2236 4247 2590 4318 spiritualium
2623 4264 2743 4319 quae
2800 4262 2962 4301 nemo
3026 4245 3193 4312 vidit,
3228 4245 3327 4302 sed
3368 4264 3471 4318 per

1870 4336 2043 4391 solam
2075 4335 2559 4408 repromissionem
2590 4335 2690 4390 Dei
2728 4335 3036 4389 habiturum
3061 4351 3120 4390 se
3152 4333 3394 4390 conﬁdit.

1944 4426 2075 4493 Quae
2113 4425 2327 4491 omnia,
2387 4423 2595 4479 scilicet
2642 4423 2914 4478 Abraham
2954 4422 3209 4477 habuisse
3241 4422 3380 4477 duos
3409 4422 3473 4477 ﬁ-

1869 4514 1994 4579 lios,
2029 4515 2172 4569 hunc
2216 4513 2284 4568 de
2322 4512 2521 4568 ancilla
2576 4511 2874 4567 secundum
2916 4526 3157 4577 carnem,
3215 4511 3359 4568 hunc
3400 4512 3472 4568 de

162 4609 276 4667 lioli
306 4608 439 4675 mei,
474 4607 651 4662 dicite
698 4606 859 4661 mihi.
906 4604 1023 4669 Vel,
1058 4605 1103 4659 si
1157 4604 1357 4675 placet,
1407 4620 1517 4659 non
1558 4612 1770 4676 Oportet
1797 4598 2044 4659 Dlibcxa
2072 4619 2175 4673 per
2220 4601 2719 4673 repromissionem,
2772 4601 2890 4656 haec
2937 4600 3117 4654 omnia
3148 4599 3302 4656 diota
3331 4605 3470 4657 sunt

159 4699 287 4754 illuc
316 4712 499 4769 usque
528 4694 855 4766 protendere
885 4693 964 4750 sic
979 4693 1347 4749 continuando
1380 4708 1393 4748 :
1428 4694 1770 4749 Αἰτηηίαωὶ-

161 4790 225 4845 ni
253 4804 365 4854 me,
392 4783 545 4859 quod
572 4783 760 4855 utique
789 4782 1028 4850 debetis,
1064 4782 1188 4855 quia
1209 4798 1307 4838 vos
1336 4783 1468 4839 estis
1488 4781 1639 4837 ﬁlioli
1662 4782 1771 4837 mei

163 4893 300 4948 quos
328 4876 527 4931 iterum
551 4871 812 4944 parturio,
849 4880 959 4928 etc.
1011 4871 1292 4927 Sententia
1332 4871 1629 4927 verborum
1660 4887 1771 4925 non

160 4971 416 5021 mutatur.
450 4962 524 5018 Et
555 4960 684 5033 quia
714 4960 1035 5031 confundor
1062 4960 1127 5015 in
1151 4959 1296 5015 vobis
1326 4959 1586 5026 seductis,
1607 4959 1772 5015 modo

163 5054 323 5110 dicite
350 5062 406 5109 et
446 5049 781 5121 respondete
826 5049 957 5103 mihi
992 5064 1003 5103 :
1044 5050 1138 5106 Vos
1195 5050 1295 5121 qui
1323 5049 1423 5105 sub
1451 5050 1568 5119 lege
1596 5049 1771 5104 vultis

164 5158 301 5206 esse,
332 5157 453 5198 non
500 5139 719 5211 legistis
765 5153 857 5193 vos
918 5138 1135 5210 legem?
1166 5136 1615 5209 Complexionem
1647 5135 1774 5192 facit

167 5231 271 5285 illis
299 5230 561 5300 utrinque
585 5246 600 5293 ;
624 5225 931 5292 ferientem,
953 5226 1078 5298 quia
1100 5226 1145 5280 si
1167 5225 1346 5298 legem
1365 5241 1472 5281 non
1495 5226 1769 5297 legerunt,

167 5319 385 5375 stultum
407 5325 495 5374 est
515 5314 751 5371 transire
780 5315 848 5369 ad
869 5315 1001 5371 illud
1023 5315 1172 5387 quod
1200 5314 1470 5370 nesciunt.
1503 5314 1560 5370 Si
1589 5321 1774 5369 autem

167 5409 440 5483 legerunt,
498 5422 627 5463 cum
674 5404 868 5460 eadem
897 5404 985 5460 lex
1034 5403 1286 5460 veniente
1331 5402 1437 5459 ﬁde
1488 5403 1775 5475 prohibeat

170 5514 229 5553 se
258 5497 451 5566 teneri,
485 5493 783 5568 plurimum
838 5493 1112 5565 desipiunt
1167 5492 1259 5565 qui
1303 5509 1423 5548 eam
1453 5501 1640 5548 tenere
1671 5506 1773 5548 vo-

168 5586 299 5643 lunt.
334 5587 580 5642 Alterum
613 5591 796 5639 tamen
836 5583 1142 5639 membrum
1185 5581 1580 5655 complexionis
1610 5596 1775 5637 exse-

171 5676 367 5749 quitur,
399 5677 511 5731 hoc
552 5680 658 5742 est,
693 5672 739 5726 si
768 5671 951 5746 legem
986 5672 1266 5745 legerunt.

244 5766 505 5823 Dicerent
534 5762 613 5818 illi
646 5777 660 5817 :
696 5760 838 5832 Quid
864 5761 993 5819 inde
1025 5761 1072 5817 si
1117 5761 1301 5834 legem
1330 5759 1568 5833 legimus
1594 5763 1616 5816 ?
1646 5757 1777 5815 Ideo

1869 4709 1970 4766 per
2007 4690 2359 4762 allegoriam,
2392 4689 2445 4744 id
2477 4697 2561 4743 est
2599 4705 2698 4759 per
2740 4688 2907 4743 alium
2939 4687 3273 4744 intellectum
3304 4706 3469 4761 quam

1872 4781 1942 4836 sit
1974 4779 2222 4835 litteralis
2261 4779 2348 4834 hic
2379 4777 2711 4834 habendum.
2756 4778 2878 4848 Ipse
2910 4784 3088 4832 tamen
3136 4793 3247 4833 non
3272 4777 3470 4850 singu-

1870 4870 2047 4925 lorum
2069 4868 2385 4940 allegoriam
2410 4866 2743 4938 exsequitur,
2777 4866 2881 4921 nisi
2914 4864 3090 4922 solum
3113 4866 3179 4921 de
3202 4866 3398 4922 ancilla
3416 4874 3473 4922 et

1871 4958 2064 5013 libera.
2100 4958 2239 5014 Vere
2271 4964 2393 5012 sunt
2423 4956 2565 5011 dicta
2586 4972 2686 5028 per
2706 4954 3049 5027 allegoriam.
3075 4957 3198 5011 Hcec
3221 4956 3397 5025 enim,
3418 4955 3471 5010 id

1873 5055 1955 5103 est
1985 5045 2183 5103 ancilla
2212 5053 2266 5100 et
2296 5045 2488 5111 libera,
2549 5050 2708 5110 sunt,
2759 5044 2813 5098 id
2844 5053 2926 5100 est
2985 5043 3314 5118 signiﬁcant,
3361 5044 3472 5102 duo

1878 5139 2258 5201 Testamenta,
2286 5136 2452 5191 Vetus
2482 5142 2535 5189 et
2563 5136 2798 5190 Novum.
2831 5136 3012 5191 Unum
3032 5134 3257 5207 quidem
3288 5134 3481 5189 Testa-

1872 5233 2134 5291 mentum,
2167 5223 2221 5278 id
2258 5231 2340 5279 est
2369 5223 2547 5294 legem
2578 5239 2858 5295 generans
2879 5221 3019 5278 ﬁlios
3036 5223 3098 5277 in
3115 5224 3470 5291 servitutem,

1875 5313 2003 5387 quia
2032 5321 2085 5369 et
2115 5312 2310 5367 timore
2340 5327 2517 5383 pmnaz
2550 5320 2603 5366 et
2643 5327 2741 5383 pro
2780 5311 3095 5367 carnalibus
3124 5310 3466 5366 serviebant.

1876 5403 2015 5459 Illud
2043 5417 2210 5457 unum
2240 5400 2361 5456 dico
2384 5401 2570 5455 datum
2600 5402 2663 5455 in‘
2683 5405 2875 5456 monte
2895 5402 3072 5468 Sina;
3104 5399 3179 5454 ibi
3210 5399 3352 5455 enim
3386 5400 3471 5454 lex

1877 5492 2002 5548 data
2033 5490 2131 5546 fuit
2153 5491 2208 5545 in
2236 5490 2477 5545 deserto.
2514 5489 2644 5544 Sina
2688 5488 3080 5560 interpretatur
3108 5489 3471 5557 mandatum,

1876 5589 1930 5637 et
1968 5596 2068 5652 per
2098 5586 2339 5634 montem
2370 5578 2706 5632 altitudinem
2764 5577 3036 5648 superbiae
3065 5576 3384 5647 accipimus,
3418 5585 3476 5631 ut

1876 5670 2126 5726 dicamus
2153 5683 2431 5741 generum
2463 5667 2527 5721 in
2554 5667 2891 5723 servitutem
2918 5668 2982 5721 in
3010 5668 3205 5721 monte
3226 5666 3385 5730 Sina,
3421 5664 3477 5718 id

1877 5766 1962 5816 est
1981 5758 2036 5814 in
2060 5755 2319 5827 superbia
2347 5753 2609 5809 mandati.
2633 5753 2809 5810 Judazi
2839 5754 3004 5820 enim,
3052 5752 3145 5826 qui
3174 5752 3276 5808 soli
3297 5752 3479 5824 legem
