3932 6510
218 432 310 485 309
896 428 1279 486 EXPOSITIO
1316 429 1391 484 IN
1427 424 1808 484 EPISTOLAS
1848 424 2074 481 PAULI.
2108 457 2177 468 —
2210 426 2281 483 IN
2317 426 2538 483 EPIST.
2569 427 2664 482 AD
2710 425 2868 483 GAL.

3437 423 3543 480 310

224 571 321 627 qua
354 555 654 625 libertate,
688 554 743 610 id
771 562 854 611 est
883 570 984 626 per
1011 556 1156 610 hanc
1201 554 1509 610 libertatem
1538 568 1704 626 quam
1735 552 1846 617 ha:
1866 551 1924 610 Α
1945 567 2046 623 per
2074 551 2278 624 legem.
2311 552 2381 607 Et
2407 551 2532 607 ideo
2580 551 2708 623 quia
2756 550 2916 607 liberi
2963 550 3096 606 estis
3143 554 3328 616 state,
3360 548 3414 605 id
3464 556 3550 605 est

227 642 431 712 bemus,
469 645 738 702 Christus
773 644 984 699 habens
1014 643 1266 699 eamdem
1296 644 1561 699 liberavit
1598 658 1700 699 nos
1742 655 1844 712 per

232 748 362 788 eam.

729 846 973 904 224
1015 846 1242 903 CAPUT
1274 846 1338 901 V.

305 987 324 1012 ι
360 963 512 1019 State
542 971 599 1018 et
626 963 792 1019 nolite
839 962 1035 1018 iterum
1078 962 1217 1035 jugo
1249 960 1525 1017 servitutis
1555 958 1839 1017 contineri.

241 1074 263 1105 c
292 1053 433 1108 Ecce
465 1068 576 1125 ego
635 1051 833 1107 Paulus
863 1051 986 1107 dico
1017 1050 1173 1107 vobis
1220 1049 1500 1123 quoniam,
1533 1049 1580 1104 si
1601 1048 1841 1105 circum-

242 1164 261 1190 ι
296 1141 574 1207 cidamini,
608 1140 853 1196 Christus
884 1139 1015 1194 nihil
1064 1139 1220 1195 vobis
1266 1138 1527 1211 proderit.
1559 1136 1844 1194 Testiﬁcor

240 1250 262 1280 ι
294 1237 475 1284 autem
507 1245 721 1283 rursum
754 1227 899 1283 omni
930 1227 1135 1283 homini
1182 1226 1591 1284 circumcidenti
1616 1242 1675 1281 se
1707 1242 1843 1298 quo-

243 1344 262 1367 .
299 1320 447 1373 niam
480 1317 695 1373 debitor
715 1325 797 1373 est
820 1316 1086 1371 universae
1107 1316 1247 1388 legis
1274 1316 1557 1372 facienda).
1576 1314 1841 1371 Evacuati

242 1433 262 1455 ιι
298 1407 429 1463 estis
462 1422 493 1461 a
525 1406 763 1471 Christo,
798 1406 889 1477 qui
917 1405 972 1459 in
1002 1404 1128 1478 lege
1166 1404 1574 1474 justiﬁcamini;
1609 1420 1639 1459 a
1669 1403 1840 1476 gratia

240 1520 260 1543 α
296 1496 595 1551 excidistis.
630 1495 745 1549 Nos
778 1494 920 1549 enim
951 1493 1144 1565 spiritu
1183 1510 1247 1549 ex
1279 1492 1387 1549 ﬁde
1431 1509 1582 1565 spem
1621 1492 1841 1561 justitia:

234 1609 246 1632 ι
293 1592 693 1655 exspectamus.
725 1584 866 1637 Nam
895 1582 950 1637 in
982 1583 1200 1637 Christo
1220 1583 1368 1647 Jesu,
1403 1598 1577 1653 neque
1610 1581 1837 1637 circum-

238 1697 259 1719 α
294 1674 431 1729 cisio
461 1672 667 1744 aliquid
698 1671 869 1739 valet,
912 1687 1089 1743 neque
1135 1670 1480 1742 praeputium,
1534 1670 1631 1725 sed
1681 1668 1835 1737 ﬁdes,

236 1786 257 1809 ιι
296 1779 418 1834 quae
446 1778 547 1832 per
577 1760 892 1817 charitatem
925 1758 1315 1832 [dilectionem]
1344 1768 1619 1830 operatur.
1653 1759 1843 1814 Curre-

238 1874 260 1898 «
301 1851 445 1905 batis
476 1850 615 1905 bene
651 1864 664 1903 :
695 1849 815 1920 quis
843 1864 942 1903 vos
963 1847 1247 1903 fascinavit
1278 1846 1599 1920 [impedivit]
1630 1847 1839 1902 veritati

238 1963 260 1986 a
296 1956 408 1993 non
428 1938 653 1993 obedire
683 1938 711 1992 Ἰ
737 1936 953 1992 Nemini
974 1936 1386 1992 consenseritis.
1412 1936 1701 1992 Persuasio
1724 1936 1839 1991 haec

238 2053 259 2075 ιι
297 2043 408 2082 non
440 2034 519 2081 est
552 2043 617 2080 ex
650 2041 715 2081 eo
748 2025 840 2097 qui
886 2026 1102 2081 vocavit
1149 2040 1267 2079 vos.
1300 2024 1567 2080 Modicum
1600 2023 1838 2079 fermen-

239 2137 263 2167 ι
305 2125 418 2170 tum
450 2123 619 2169 totam
648 2130 890 2169 massam
938 2113 1233 2184 corrumpit
1264 2114 1316 2185 (Ι
1347 2113 1468 2168 Cor.
1504 2128 1557 2180 ν,
1594 2116 1669 2183 6).
1721 2114 1841 2183 Ego

237 2228 261 2253 ει
302 2203 520 2260 conﬁdo
551 2203 606 2257 in
634 2202 790 2257 vobis
831 2202 886 2256 in
928 2202 1159 2257 Domino
1203 2202 1347 2273 quod
1394 2200 1528 2256 nihil
1558 2200 1704 2256 aliud
1745 2217 1839 2255 sa-

239 2318 261 2341 α
299 2294 479 2365 pictis.
507 2291 612 2361 Qui
642 2300 822 2347 autem
850 2291 1133 2346 conturbat
1151 2307 1269 2359 vos,
1292 2290 1527 2362 portabit
1551 2289 1836 2359 judicium,

234 2407 257 2430 α
302 2382 612 2455 quicunque
645 2388 729 2436 est
756 2380 865 2435 ille.
898 2381 1018 2452 Ego
1047 2388 1247 2445 autem,
1278 2378 1487 2445 fratres,
1521 2378 1567 2434 si
1610 2379 1841 2435 circum-

234 2478 275 2519 σι’
298 2471 563 2527 cisionem
596 2470 776 2524 adhuc
804 2469 1063 2539 praedico,
1094 2468 1222 2540 quid
1271 2468 1448 2524 adhuc
1493 2467 1840 2540 persecutio-

236 2584 259 2607 ιι
301 2576 423 2615 nem
448 2558 665 2630 patior?
687 2558 833 2629 Ergo
851 2565 1172 2613 evacuatum
1199 2566 1280 2612 est
1301 2556 1617 2613 scandalum
1638 2555 1838 2612 crucis.

237 2673 262 2697 ι.
309 2648 528 2704 Utinam
561 2655 613 2702 et
641 2645 1031 2702 abscindantur
1060 2646 1152 2718 qui
1198 2661 1297 2701 vos
1340 2644 1695 2701 conturbant!
1730 2646 1840 2700 Vos

238 2761 261 2784 ιι
302 2737 446 2792 enim
479 2735 535 2790 in
562 2735 867 2789 libertatem
897 2733 1075 2790 vocati
1097 2734 1246 2800 estis,
1282 2732 1499 2801 fratres,
1532 2742 1740 2789 tantum
1770 2749 1839 2788 ne

238 2850 262 2872 κ
302 2826 603 2880 libertatem
655 2824 711 2878 in
756 2823 1102 2879 occasionem
1146 2823 1289 2878 detis
1336 2822 1552 2886 carnis,
1602 2822 1701 2877 sed
1743 2838 1842 2894 per

239 2938 261 2961 οι
302 2913 612 2969 cbaritatem
643 2911 865 2982 spiritus
913 2914 1113 2966 servite
1168 2910 1421 2967 invicem.
1472 2910 1665 2967 Omnis
1694 2911 1839 2966 enim

238 3027 261 3050 α
298 3004 383 3058 lex
414 3002 467 3056 in
500 3017 610 3058 uno
641 3016 896 3056 sermone
940 3000 1195 3071 impletur
1228 3015 1241 3054 :
1276 3000 1485 3071 Diliges
1529 3000 1840 3071 proximum

238 3116 260 3140 α
303 3101 447 3147 tuum
480 3092 619 3146 sicut
657 3090 887 3161 teipsum
918 3090 1135 3157 (Matth.
1188 3104 1332 3155 xx",
1366 3093 1477 3159 39).
1514 3089 1654 3157 Quia
1682 3089 1729 3144 si
1757 3090 1839 3144 in-

236 3203 260 3233 ι
303 3181 476 3237 vicem
506 3178 767 3235 mordetis
789 3187 841 3233 et
870 3178 1171 3245 comeditis,
1198 3178 1376 3233 videte
1416 3194 1483 3233 ne
1512 3178 1578 3232 ab
1605 3178 1838 3234 invicem

238 3291 263 3321 ι
302 3268 722 3326 consumamini.
788 3267 922 3322 Dico
982 3274 1162 3323 autem
1246 3266 1298 3321 in
1350 3266 1582 3322 Christo.
1643 3262 1921 3339 SpirituC

234 3384 259 3407 ιι
298 3358 569 3413 ambulate
601 3365 655 3411 et
684 3355 954 3411 desideria
984 3356 1162 3412 carnis
1192 3372 1299 3411 non
1347 3354 1656 3427 perﬁcietis.
1704 3357 1840 3411 Caro

237 3471 263 3496 ι
299 3447 441 3503 enim
487 3444 824 3516 concupiscit
870 3444 1134 3499 adversus
1183 3444 1449 3515 spiritum,
1490 3444 1709 3515 spiritus
1739 3461 1839 3499 au-

235 3561 261 3584 α
300 3544 405 3592 tem
438 3536 706 3591 adversus
733 3548 975 3589 carnem.
1010 3534 1139 3589 llaec
1171 3533 1313 3588 enim
1358 3534 1461 3587 sibi
1490 3533 1723 3588 invicem
1753 3533 1842 3588 ad-

234 3647 260 3676 ι
297 3632 605 3693 versantur,
637 3631 692 3677 ut
723 3638 831 3677 non
863 3637 1203 3694 quascunque
1233 3622 1325 3676 illa
1356 3621 1587 3677 faciatis.
1622 3621 1761 3691 Quia
1794 3621 1840 3676 si

235 3738 261 3761 α
298 3713 492 3787 spiritu
539 3711 833 3777 ducemini,
883 3726 991 3766 non
1038 3710 1169 3766 estis
1212 3711 1313 3766 sub
1369 3710 1513 3782 lege.
1558 3709 1840 3765 Manifesta

237 3827 262 3850 α
301 3811 480 3858 autem
510 3808 635 3856 sunt
665 3816 830 3871 opera
859 3799 1075 3865 carnis,
1097 3816 1217 3871 quae
1246 3807 1370 3854 sunt
1401 3798 1704 3869 fornicatio,
1739 3800 1840 3854 im-

236 3916 259 3939 α
301 3890 585 3955 munditia,
617 3888 965 3959 impudicitia,
999 3888 1231 3953 luxuria,
1284 3888 1550 3943 idolorum
1584 3889 1835 3955 servitus,

236 4006 261 4028 υ
301 3979 588 4045 veneﬁcia,
626 3976 942 4042 inimicitim,
991 3976 1386 4043 contentiones,
1438 3976 1835 4040 aemulationes,

235 4096 259 4118 ι.
298 4071 410 4134 ξαρ,
444 4069 592 4132 ήκω,
629 4066 1022 4135 dissensiones,
1055 4075 1237 4129 sectm,
1264 4066 1496 4132 invidiae,
1522 4065 1837 4132 homicidia,

235 4179 259 4200 -
296 4153 605 4216 ebrietates,
638 4149 1083 4214 comessationes,
1115 4157 1168 4204 et
1200 4149 1282 4203 his
1303 4148 1516 4214 similia,
1548 4164 1672 4221 qua:
1700 4165 1861 4219 praes

236 4267 261 4289 α
297 4242 422 4297 dico
453 4239 625 4304 vobis,
658 4238 794 4293 sicut
824 4237 1072 4310 prmdixi,
1098 4237 1353 4309 quoniam
1375 4237 1466 4309 qui
1488 4238 1617 4292 talia
1645 4244 1835 4310 agunt,

234 4356 258 4377 ιι
312 4345 542 4402 regnum
594 4326 694 4383 Dei
752 4341 863 4381 non
908 4334 1327 4399 consequentur.
1381 4326 1607 4381 Fructus
1655 4333 1838 4382 autem

237 4444 260 4466 α
298 4419 521 4489 spiritus
551 4424 633 4472 est
662 4414 920 4478 charitas,
953 4414 1231 4486 gaudium,
1266 4429 1390 4486 pax.
1424 4414 1700 4487 patientia,
1734 4414 1838 4470 be-

231 4534 255 4557 .
285 4507 547 4580 nignitas,
572 4504 807 4568 bonitas,
833 4503 1232 4576 longanimitas,
1274 4503 1652 4569 mansuetudo,
1680 4502 1834 4571 ﬁdes,

235 4622 259 4645 α
296 4595 585 4661 modestia,
635 4592 985 4658 continentia,
1038 4593 1277 4648 castitas.
1328 4593 1603 4648 Adversus
1644 4592 1834 4662 hujus-

236 4712 258 4733 .
297 4684 447 4741 modi
476 4699 586 4739 non
607 4690 688 4737 est
719 4681 827 4736 lex.
862 4680 964 4750 Qui
993 4689 1171 4736 autem
1203 4689 1326 4736 sunt
1354 4681 1576 4747 Christi,
1610 4697 1835 4737 carnem

236 4800 258 4822 α
288 4791 444 4830 suam
493 4768 875 4827 eruciﬁxerunt
921 4785 1043 4825 cum
1090 4770 1233 4825 vitiis
1283 4778 1336 4825 et
1379 4770 1837 4841 concupiscentiis

234 4888 256 4911 ιι
289 4864 341 4933 (I
367 4866 521 4919 Petr.
553 4875 611 4923 ιι,
649 4859 758 4928 ll).
792 4858 847 4913 Si
877 4857 1109 4913 vivimus
1130 4858 1340 4930 spiritu,
1377 4859 1571 4929 spiritu
1594 4857 1838 4914 etambu-

233 4976 255 5000 ιι
292 4954 492 5007 lemus.
526 4949 648 5005 Non
679 4945 980 5002 efﬁciamur
1006 4947 1183 5001 inanis
1213 4947 1404 5019 glorise
1454 4947 1659 5019 cupidi,
1692 4947 1836 5011 invi-

234 5065 256 5090 ι
293 5057 414 5098 cem
446 5042 831 5113 provocantes,
864 5034 1099 5091 invicem
1128 5036 1453 5091 invidentes.
1490 5061 1512 5085 η

882 5211 1197 5253 εχιιοδιτιο.

300 5347 448 5403 Licet
492 5343 642 5400 enim
694 5341 941 5397 Christus
988 5340 1088 5395 sub
1136 5340 1260 5413 lege
1289 5338 1472 5403 fuerit,
1522 5338 1609 5395 lex
1656 5346 1842 5395 tamen

225 5452 335 5491 non
366 5445 445 5491 est
476 5432 761 5489 dominata
790 5430 840 5486 ei
870 5430 959 5503 qui
998 5437 1281 5502 peccatum
1336 5444 1445 5484 non
1485 5427 1707 5494 habuit;
1741 5428 1841 5483 sed

225 5542 290 5581 ex
322 5526 439 5581 sola
486 5523 744 5580 libertate
792 5517 946 5585 fecit,
995 5517 1257 5590 quidquid
1306 5516 1451 5572 fecit.
1485 5517 1550 5572 Et
1592 5517 1716 5588 quia
1747 5515 1842 5571 ﬁlii

220 5615 411 5671 liberie
441 5627 639 5670 sumus
666 5628 681 5675 ;
716 5614 768 5664 et
790 5624 889 5679 per
911 5607 1182 5663 Christum
1204 5605 1509 5661 libertatem
1541 5606 1843 5677 apprehen-

215 5707 416 5771 dimus,
449 5702 597 5758 sicut
630 5714 699 5753 ex
731 5696 922 5751 eadem
970 5696 1095 5767 lege
1139 5702 1325 5765 aperte
1364 5693 1656 5767 colligitur,
1691 5693 1841 5747 insa-

211 5797 305 5854 nia
334 5803 420 5852 est
453 5800 533 5858 ut,
569 5786 670 5863 qui
698 5800 798 5858 per
824 5784 985 5840 ﬁdem
1017 5784 1157 5839 liber
1189 5791 1291 5850 est,
1325 5798 1544 5837 servum
1575 5798 1634 5837 se
1678 5780 1845 5839 iaciat

1860 1907 1911 1965 B

1946 649 2299 711 perseverate
2328 640 2383 695 in
2413 641 2517 696 hac
2536 640 2786 696 libertate
2807 639 2954 706 ﬁdei,
2978 645 3035 697 et
3054 632 3241 697 ‘nolite
3260 639 3550 696 contineri

1936 731 2072 800 jugo
2100 730 2419 795 servitutis,
2453 729 2508 784 id
2556 737 2640 785 est
2667 729 2825 784 atteri
2855 744 3022 785 onere
3053 728 3194 801 legis
3221 730 3454 784 iterum.
3478 727 3549 782 Et

1946 817 2084 873 bene
2100 819 2336 885 iterum,
2360 818 2484 890 quia
2505 819 2557 873 si
2576 833 2674 873 vos
2696 817 2887 872 ﬁdeles
2905 818 3016 886 jam
3037 816 3544 883 circumcidimini,

1944 905 2090 961 idem
2119 915 2202 962 est
2231 906 2379 977 quod
2407 906 2478 961 ad
2509 906 2657 960 idola
2693 906 2957 972 converti,
3005 905 3201 978 quibus
3230 913 3394 960 antea
3421 920 3546 960 ser-

1944 995 2198 1051 viebatis.
2231 996 2497 1052 Dicerent
2524 994 2600 1050 illi
2633 1013 2647 1050 :
2679 994 2947 1050 Nolumus
2977 1010 3192 1050 omnem
3221 994 3405 1065 legem
3427 1009 3551 1049 sus-

1944 1083 2130 1154 cipere
2196 1084 2301 1138 nisi
2358 1084 2531 1139 solam
2603 1084 3074 1139 circumcisionem
3138 1098 3299 1154 quam
3363 1081 3549 1137 habuit

1942 1173 2236 1239 Abraham,
2279 1172 2372 1244 qui
2415 1172 2513 1228 fuit
2562 1173 2681 1227 sine
2723 1172 2867 1244 lege.
2920 1173 3121 1227 Contra
3153 1172 3255 1227 hoc
3299 1172 3545 1226 Paulus:

1942 1261 2120 1317 Nolite
2151 1261 2421 1317 contineri
2448 1262 2584 1334 jugo
2610 1261 2767 1333 legis,
2793 1262 3061 1334 quoniam
3085 1260 3364 1326 Christus,
3386 1260 3441 1315 id
3465 1267 3549 1315 est

1944 1348 2082 1405 ﬁdes
2112 1350 2328 1416 Christi,
2361 1350 2514 1406 nihil
2530 1351 2783 1422 proderit
2808 1351 2972 1415 vobis,
2990 1349 3035 1404 si
3055 1347 3544 1417 eircumeidamini,

1943 1447 1995 1493 et
2025 1454 2155 1494 ecce
2188 1455 2281 1510 ego
2314 1440 2547 1504 Paulus,
2582 1439 2735 1507 cujus
2774 1438 3066 1494 auctoritas
3096 1438 3299 1510 ubique
3327 1437 3549 1510 vulgata

1943 1536 2044 1595 est,
2082 1528 2186 1583 hoc
2224 1529 2346 1584 dico
2376 1536 2429 1582 et
2478 1526 2683 1583 afﬁrmo
2716 1528 2864 1584 vobis
2894 1527 3038 1599 quod
3087 1527 3134 1582 si
3181 1526 3547 1583 circumcida-

1942 1616 2092 1683 mini,
2129 1615 2266 1671 ﬁdes
2294 1616 2494 1671 Christi
2533 1632 2642 1671 non
2689 1616 2933 1687 proderit
2973 1616 3146 1671 vobis.
3197 1616 3321 1671 Non
3370 1615 3546 1670 solum

1944 1704 2070 1775 quia
2098 1705 2342 1759 Christus
2372 1720 2479 1759 non
2509 1705 2752 1776 proderit
2791 1704 2966 1768 vobis,
3015 1704 3112 1760 sed
3142 1705 3301 1759 etiam
3330 1710 3551 1774 propter

1942 1792 2287 1863 importabile
2316 1808 2455 1847 onus
2485 1792 2625 1863 legis
2656 1808 2764 1847 non
2794 1792 3005 1847 debetis
3036 1792 3371 1848 circumcidi.
3405 1789 3548 1859 Quia

1942 1881 2022 1937 sic
2050 1881 2125 1935 ait
2160 1898 2174 1935 ε
2212 1881 2495 1949 Testi/icor
2524 1896 2775 1943 rursum,
2800 1880 2855 1934 id
2887 1888 2969 1935 est
2990 1880 3074 1935 vel
3100 1881 3239 1936 sicut
3268 1880 3396 1934 olim
3414 1880 3545 1933 dum

1944 1985 2091 2023 eram
2122 1968 2175 2023 in
2206 1968 2329 2041 lege
2360 1967 2700 2024 testiﬁcabar.
2735 1968 2832 2022 Vel
2861 1985 3113 2032 rursum,
3139 1968 3192 2023 id
3214 1976 3297 2023 est
3326 1968 3544 2032 iterum,

1941 2057 2046 2112 hoc
2074 2057 2290 2112 adduco
2320 2057 2390 2111 ad
2418 2057 2563 2111 idem
2609 2056 3034 2112 dissuadendum
3082 2057 3229 2128 quod
3269 2073 3370 2127 per
3397 2072 3546 2126 pra:-

1941 2145 2111 2199 missa
2141 2145 2548 2200 dissuadebam.
2570 2143 2858 2201 Testiﬁcor
2885 2147 3042 2201 omni
3063 2146 3280 2201 homini
3300 2146 3546 2200 circum-

1941 2234 2160 2290 cidenli
2180 2250 2239 2289 se
2259 2236 2548 2307 quoniam,
2575 2233 2626 2287 id
2650 2242 2733 2289 est
2752 2234 2919 2305 quod,
2942 2234 3060 2304 ipse
3072 2243 3156 2289 est
3176 2234 3395 2290 debitor
3414 2235 3547 2289 uni-

1943 2339 2119 2379 versae
2152 2324 2287 2395 legis
2313 2322 2624 2394 faciendae.
2653 2322 3009 2379 Circumcisio
3029 2322 3176 2377 enim
3196 2322 3363 2395 exigit
3383 2330 3435 2376 ut
3459 2337 3547 2375 se-

1943 2420 2177 2484 quantur
2223 2419 2425 2467 caetera
2471 2426 2643 2482 Opera
2690 2410 2850 2482 legis,
2903 2411 3362 2482 quemadmodum
3408 2408 3547 2464 ﬁdes

1941 2507 2065 2572 post
2094 2499 2417 2570 baptismum
2448 2498 2615 2569 exigit
2643 2507 2700 2553 ut
2746 2506 3045 2571 sequantur
3090 2514 3258 2569 opera
3298 2496 3444 2553 ﬁdei.
3476 2498 3547 2552 Et

1942 2604 2009 2643 ne
2040 2588 2239 2659 putetis
2268 2603 2367 2642 vos
2396 2603 2562 2658 posse
2593 2587 2926 2655 circumcidi,
2977 2587 3083 2641 nisi
3111 2603 3250 2642 onus
3279 2586 3419 2658 legis
3449 2602 3550 2657 per

1940 2677 2125 2733 omnia
2151 2675 2394 2747 portetis.
2419 2675 2561 2731 Vere
2582 2675 2829 2731 Christus
2857 2676 2987 2730 nihil
3018 2675 3260 2746 proderit
3301 2674 3541 2731 225

1941 2766 2139 2831 vobis;
2188 2781 2313 2819 nam
2363 2764 2409 2819 si
2465 2764 2971 2831 circumcidamini,
3020 2765 3281 2821 evacuati
3324 2768 3464 2819 estis
3511 2781 3546 2819 α

1944 2854 2184 2920 Christo,
2208 2853 2263 2909 id
2297 2862 2379 2909 est
2406 2853 2579 2908 inanis
2627 2852 2771 2908 facta
2818 2860 2901 2907 est
2931 2852 3085 2908 vobis
3132 2852 3268 2907 ﬁdes
3311 2851 3537 2908 Christi.

1941 2943 2199 2999 Dicerent
2230 2942 2307 2997 illi
2340 2959 2354 2997 :
2387 2941 2650 2996 Malumus
2680 2957 2712 2997 a
2741 2941 2958 2996 Christo
2980 2941 3231 2997 evacuari
3253 2956 3415 3013 quam
3436 2956 3547 2996 non

1942 3031 2275 3095 circumcidi,
2311 3030 2453 3086 sicut
2482 3031 2626 3085 Deus
2666 3030 2966 3085 mandavit.
3016 3030 3099 3085 Ad
3150 3031 3252 3084 hoc
3300 3029 3494 3084 Paulus
3530 3046 3545 3084 :

1942 3122 2063 3176 Non
2093 3120 2269 3176 solum
2301 3135 2333 3174 a
2372 3119 2610 3185 Christo,
2644 3120 2740 3174 sed
2773 3118 2937 3174 etiam
2968 3119 3269 3175 cecidistis
3299 3135 3334 3173 a
3355 3119 3544 3189 gratia

1943 3210 2043 3265 Dei
2074 3226 2191 3276 vos,
2218 3210 2540 3281 quicunque
2569 3209 2633 3263 in
2658 3209 2775 3280 lege
2786 3208 3215 3279 justiﬁcamini,
3251 3207 3306 3262 id
3336 3215 3420 3261 est
3447 3223 3545 3278 per

1942 3300 2121 3372 legem
2182 3296 2628 3366 justiﬁcitionem
2692 3296 2955 3369 quaeritis.
3021 3297 3121 3352 llic
3166 3297 3305 3350 bene
3355 3296 3544 3351 deter-

1939 3389 2105 3443 minat
2135 3386 2411 3459 quomodo
2458 3386 2748 3457 prohibeat
2795 3385 3287 3450 circumcisionem,
3338 3384 3547 3440 scilicet

1940 3486 1997 3532 ut
2029 3493 2130 3547 per
2159 3490 2282 3530 eam
2312 3491 2422 3529 non
2452 3482 2693 3546 quaerant
2717 3472 3177 3543 justiﬁeationem,
3210 3489 3331 3529 cum
3362 3482 3547 3528 tamen

1941 3582 2139 3637 passus
2180 3564 2248 3618 sit
2290 3563 2605 3620 circumcidi
2653 3563 3013 3625 Timotheum,
3065 3570 3121 3617 ut
3169 3561 3379 3617 tolleret
3408 3576 3440 3616 a
3484 3577 3547 3618 se

1941 3653 2329 3724 suspicionem,
2380 3660 2610 3723 uterque
2653 3659 2835 3707 tamen
2888 3650 3084 3705 Paulus
3132 3659 3184 3705 et
3229 3650 3546 3705 Timotheus

1939 3742 2252 3815 intelligens
2300 3740 2433 3796 nihil
2481 3740 2733 3795 conferre
2776 3740 2998 3809 justitias
3043 3738 3541 3795 circumcisionem.

1941 3832 2082 3887 Vere
2104 3845 2263 3886 nemo
2288 3828 2618 3898 justiﬁcatur
2646 3828 2699 3883 in
2730 3828 2893 3901 lege;
2942 3845 3079 3883 nam
3112 3846 3211 3885 nos
3244 3827 3418 3883 solum
3448 3828 3545 3900 qui

1941 3936 2129 3974 sumus
2158 3936 2232 3975 ex
2270 3919 2397 3987 ﬁde,
2450 3921 2849 3990 exspectamus
2881 3934 3036 3990 spem
3071 3919 3342 3989 justitia,
3375 3916 3430 3971 id
3461 3924 3549 3972 est

1940 4007 2328 4063 beatitudinem
2359 4022 2481 4079 quas
2511 4023 2575 4061 ex
2601 4006 2808 4075 justitia
2860 4015 3131 4077 speratur.
3170 4006 3232 4060 Et
3264 4005 3408 4077 quod
3441 4021 3544 4060 ex-

1940 4097 2208 4169 spectatio
2238 4104 2423 4151 nostra
2454 4103 2599 4151 certa
2633 4095 2719 4161 sit,
2750 4102 2963 4151 constat
2989 4112 3052 4149 ex
3085 4111 3151 4150 eo
3183 4094 3310 4166 quia
3337 4111 3543 4165 exspe-

1939 4195 2151 4242 clamus
2180 4201 2280 4256 per
2310 4184 2590 4255 Spiritum,
2624 4184 2702 4240 sic
2733 4200 2834 4239 nos
2881 4200 3106 4254 sperare
3154 4183 3545 4240 insinuantem.

1941 4275 2070 4330 Ideo
2101 4291 2167 4329 ex
2197 4273 2303 4329 ﬁde
2333 4281 2537 4329 tantum
2568 4290 2722 4343 spem
2744 4273 3045 4338 habemus;
3070 4290 3205 4327 nam
3224 4272 3288 4327 in
3321 4271 3546 4330 Christo

1941 4366 2094 4428 Iesu,
2126 4362 2180 4417 id
2211 4371 2294 4418 est
2324 4363 2376 4416 in
2407 4361 2512 4416 ﬁde
2543 4361 2743 4417 Christi
2780 4362 2932 4427 Jesu,
2964 4377 3142 4429 neque
3181 4360 3543 4416 circumcisio

1940 4452 2156 4524 aliquid
2190 4452 2359 4516 valet,
2386 4466 2565 4523 neque
2579 4452 2951 4521 praeputium,
2975 4450 3071 4505 sed
3092 4448 3209 4503 sola
3228 4448 3386 4518 ﬁdes,
3420 4465 3545 4519 qua

1941 4548 2119 4596 tamen
2143 4556 2250 4595 non
2274 4540 2339 4594 sit
2361 4538 2556 4605 otiosa,
2581 4538 2676 4594 sed
2688 4543 2991 4610 aperetur;
3012 4553 3112 4593 nec
3124 4535 3541 4604 contumeliose,

1854 4624 1910 4687 D
1939 4630 2035 4686 sed
2064 4646 2166 4703 per
2194 4628 2558 4684 dilectionem
2591 4627 2688 4682 Dei
2721 4635 2773 4681 et
2819 4626 3072 4697 proximi.

2012 4719 2172 4775 Fides
2202 4717 2314 4771 sola
2364 4715 2509 4770 valet
2558 4714 2614 4771 in
2660 4715 2898 4783 Christo,
2930 4722 2984 4769 et
3032 4714 3084 4768 in
3136 4714 3240 4769 hac
3290 4711 3398 4768 ﬁde
3446 4729 3547 4769 vos

1938 4807 2096 4872 bene,
2120 4806 2172 4861 id
2204 4813 2287 4861 est
2308 4821 2404 4876 per
2446 4804 2795 4860 dilectionem
2840 4803 3175 4869 currebatis,
3204 4802 3258 4856 id
3291 4810 3374 4855 est
3405 4816 3545 4872 Ope-

1940 4894 2211 4951 rabimini.
2246 4894 2354 4949 Sed
2384 4895 2509 4966 quis
2538 4892 2830 4965 impedivit
2856 4908 2943 4947 vos
2965 4891 3107 4946 male
3124 4890 3408 4945 suadendo
3429 4907 3546 4947 non

1939 4985 2158 5043 obedire
2182 4984 2434 5048 veritati,
2455 4998 2613 5054 quam
2637 4997 2667 5035 a
2688 4997 2776 5036 me
2796 4980 3064 5036 didicistis
3083 4980 3110 5034 ‘l
3135 4981 3396 5036 Utautem
3419 4979 3551 5035 obe-

1939 5074 2097 5129 diatis
2144 5071 2380 5139 veritati,
2428 5087 2496 5126 ne
2562 5069 2955 5127 consenseritis
3002 5069 3166 5124 alicui
3220 5067 3544 5137 carnalium,

1940 5162 2064 5235 quia
2095 5161 2212 5216 haec
2239 5160 2532 5233 persuasio
2562 5174 2752 5215 eorum
2782 5174 2899 5215 non
2927 5163 3010 5215 est
3041 5175 3115 5214 ex
3146 5174 3228 5224 eo,
3259 5156 3315 5212 id
3343 5165 3429 5212 est
3460 5173 3551 5213 se-

1941 5250 2179 5307 cundum
2211 5250 2405 5317 Deum,
2440 5250 2537 5321 qui
2568 5263 2668 5319 per
2696 5246 2929 5320 gratiam
2958 5262 3112 5302 suam
3145 5250 3306 5302 vocat
3334 5261 3436 5301 vos
3478 5244 3549 5301 ad

1941 5354 2198 5411 regnum.
2238 5338 2366 5393 Ideo
2398 5353 2466 5391 ne
2496 5335 2905 5404 consenseritis,
2945 5334 3075 5408 quia
3108 5335 3389 5391 modicum
3424 5338 3549 5405 fer-

1940 5431 2222 5492 mentum,
2257 5425 2311 5481 id
2341 5433 2425 5480 est
2456 5424 2543 5480 vel
2573 5423 2766 5478 saltem
2789 5439 3115 5487 consensus,
3147 5422 3233 5477 vel
3264 5422 3382 5477 sola
3415 5438 3548 5493 per-

1944 5515 2148 5579 suasio,
2181 5514 2267 5569 vel
2297 5513 2373 5569 illi
2403 5512 2561 5584 pauci
2590 5510 2731 5566 male
2762 5511 3076 5575 suadentes,
3126 5511 3248 5574 hoc,
3300 5510 3545 5581 inquam,

1944 5604 2215 5659 modicum
2246 5602 2563 5673 corrumpit
2586 5603 2765 5655 totum
2786 5616 3055 5661 massam.
3080 5607 3133 5654 et
3162 5598 3291 5654 facit
3310 5597 3548 5663 acidam,

1943 5693 1998 5748 id
2026 5699 2109 5747 est
2136 5690 2221 5745 vel
2251 5697 2415 5745 totam
2444 5687 2767 5752 Ecclesium,
2804 5687 2889 5743 vel
2920 5687 3100 5742 omnia
3147 5688 3290 5740 bona
3319 5700 3540 5739 eorum.

1943 5781 2217 5837 Modicum
2245 5778 2465 5853 quidem
2498 5775 2821 5833 fermentum
2871 5774 3172 5848 corrumpit
3200 5780 3370 5829 totam
3399 5787 3550 5828 mas-
