3932 6430
428 321 526 373 311

964 318 1026 373 S.
1088 312 1443 371 BRUNONIS
1499 298 2149 371 CARTHUSIANORUM
2204 300 2689 360 INSTITUTORIS
2718 300 2871 361 OPP.
2901 306 3079 366 PARS
3108 304 3178 360 II.

3618 310 3738 363 312

430 458 584 508 sam;
627 440 725 497 sed
755 456 854 497 vos
889 455 999 496 non
1038 439 1475 512 corrumpemini.
1500 440 1605 511 Ego
1637 439 1780 496 enim
1811 439 2026 509 conﬁdo
2047 439 2098 500 A
2131 441 2281 505 estis,
2316 441 2618 497 secundum
2666 439 2906 511 spiritum
2948 437 3310 493 ambulabitis.
3360 437 3542 493 Etiam
3590 436 3752 491 aliud

432 532 497 586 in
528 531 697 596 vobis,
727 537 781 584 et
800 530 905 585 hoc
932 530 994 584 in
1027 530 1283 593 Domino,
1315 529 1371 583 id
1402 536 1483 583 est
1510 545 1611 599 per
1639 536 2026 600 cooperantem

432 619 589 675 vobis
619 618 850 689 gratiam
879 617 997 681 Dei,
1030 618 1173 691 quod
1200 618 1349 673 nihil
1381 617 1541 673 aliud
1587 619 1821 690 sapietis
1866 632 2026 688 quam

433 708 579 779 quod
608 723 802 761 sanum
828 715 931 773 est,
964 715 1017 761 et
1048 721 1155 779 ego
1181 721 1280 762 vos
1336 705 1519 761 docui.
1572 706 1683 760 Vos
1729 721 1837 760 non
1881 704 2026 759 aliud

432 795 650 867 sapietis
674 815 688 861 ;
722 796 816 851 sed
846 795 937 849 ille
966 797 1062 868 qui
1090 794 1392 851 conturbat
1422 811 1533 861 vos,
1565 794 1619 847 id
1642 802 1724 849 est
1751 795 1843 866 qui
1870 793 2026 864 puri-

428 891 594 939 tatem
623 882 750 938 ﬁdei
781 891 975 938 vestrm
1020 883 1345 938 admistione
1393 881 1724 936 inﬁdelitatis
1756 882 2026 937 turbidam

424 971 573 1038 facit,
607 972 695 1026 ille
724 972 971 1044 portabit
996 972 1305 1042 judicium,
1340 970 1395 1025 id
1427 979 1509 1025 est
1557 970 1844 1025 sustinebit
1874 971 2026 1025 dam-

428 1061 744 1129 nationem;
776 1060 987 1115 etiamsi
1016 1060 1085 1114 sit
1126 1061 1336 1124 Petrus,
1375 1066 1465 1113 aut
1493 1060 1721 1130 angelus
1750 1059 1819 1114 de
1851 1060 2016 1115 cmlo.

430 1149 593 1205 Modo
623 1149 920 1220 respondet
948 1148 1019 1203 ad
1048 1148 1180 1202 illud
1192 1148 1342 1224 quod
1364 1148 1713 1218 imponebant
1738 1148 1841 1218 ipsi
1870 1164 2028 1218 pseu-

429 1238 520 1302 do,
550 1238 758 1293 scilicet
788 1237 934 1309 quod
976 1237 1129 1308 prius
1175 1237 1393 1308 quidem
1436 1236 1752 1291 destruebat
1788 1236 2025 1292 circum-

432 1326 733 1391 cisionem:
802 1326 897 1380 sed
922 1366 938 1393 ,
1008 1326 1174 1379 modo
1238 1325 1628 1395 Hierosolymis
1689 1333 1966 1381 correctus
1995 1341 2026 1379 a

430 1416 590 1471 Petro
620 1422 673 1471 et
702 1414 774 1469 ab
801 1414 940 1484 aliis,
971 1414 1300 1485 praedicabat
1336 1413 1828 1469 circumcisionem.
1866 1412 2025 1482 Quod

429 1503 623 1559 falsum
655 1519 779 1558 esse
805 1503 1129 1574 comprobat
1168 1502 1359 1558 dicens
1392 1518 1405 1557 :
1441 1502 1523 1557 llli
1552 1518 1651 1557 vos
1680 1502 2022 1571 conturbant,

425 1592 523 1647 sed
552 1607 658 1665 ego
688 1606 797 1647 non
826 1591 1091 1647 conturbo
1119 1606 1235 1646 vos.
1276 1592 1335 1647 Si
1364 1595 1575 1655 autem,
1612 1589 1831 1659 fratres,
1867 1590 2025 1645 sicuti

423 1680 501 1735 illi
520 1680 821 1750 imponunt,
844 1680 1028 1735 adhuc
1046 1680 1290 1751 praedico
1306 1680 1819 1743 circumcisionem,
1845 1679 2025 1734 adhuc

425 1767 571 1834 ideo,
603 1768 745 1838 quia,
782 1768 910 1821 dum
941 1775 1059 1822 erat
1087 1767 1328 1833 Judaeus,
1376 1766 1711 1837 praedicabat
1754 1782 1875 1820 eam
1910 1782 1922 1821 :
1956 1767 2019 1829 si,
2045 1790 2101 1852 Β

426 1856 669 1926 inquam,
704 1855 783 1911 sic
811 1855 1052 1926 praedico
1081 1854 1280 1919 adhuc,
1332 1854 1469 1909 sicut
1497 1870 1530 1909 a
1571 1853 1834 1925 principio
1881 1871 2028 1925 pra:-

428 1943 716 1999 dicationis
734 1943 912 2014 patior
931 1942 1371 2013 persecutionem
1400 1957 1433 1997 a
1472 1943 1691 1997 Iudaeis.
1726 1942 1861 2011 Quia
1892 1943 2031 1997 sicut

427 2032 712 2103 imponunt
740 2031 786 2085 si
816 2032 1056 2103 praedico
1104 2031 1594 2096 circumcisionem,
1629 2046 1755 2103 ergo
1786 2048 2027 2087 evacua-

432 2124 555 2177 tum
584 2124 667 2175 est
692 2120 1031 2175 scandalum
1062 2120 1268 2175 crucis.
1307 2119 1478 2174 Judaei
1510 2119 1653 2174 enim
1684 2120 2025 2174 scandaliza-

428 2208 625 2263 bantur
654 2207 710 2261 in
740 2208 846 2263 hoc
875 2207 1021 2279 quod
1050 2224 1151 2278 per
1180 2208 1349 2262 solam
1397 2223 1618 2264 crucem
1665 2208 2027 2279 przedicabam

421 2294 707 2366 justificari
737 2296 1031 2351 hominem.
1073 2294 1234 2365 Quod
1264 2296 1309 2351 si
1337 2296 1487 2352 cruci
1533 2296 1861 2351 admisceam
1912 2297 2018 2352 cir-

426 2385 836 2450 cumcisionem,
870 2393 921 2440 et
952 2401 1017 2440 ex
1049 2392 1280 2456 utroque
1311 2385 1488 2440 dicam
1506 2384 1805 2453 justificari,
1828 2385 2026 2456 placati

425 2481 551 2529 sunt
577 2474 709 2528 mihi
750 2474 943 2529 Judaei.
994 2474 1116 2545 Ego
1157 2489 1269 2528 non
1317 2488 1416 2529 vos
1465 2474 1751 2538 conturbo,
1803 2474 1899 2529 sed
1947 2474 2025 2528 illi

424 2563 745 2619 conturbant
774 2578 898 2617 vos.
938 2564 1004 2617 Et
1028 2564 1252 2621 utinam
1273 2578 1381 2617 non
1405 2562 1581 2617 solum
1600 2563 1858 2634 pellicula
1885 2579 2025 2634 prte-

424 2650 578 2722 putii,
612 2651 705 2705 sed
731 2652 965 2722 penitus
985 2651 1400 2707 abscinduntur
1427 2650 1504 2705 illi
1537 2652 1632 2723 qui
1677 2668 1769 2707 vos
1800 2656 2025 2707 contur-

423 2739 581 2795 bant.
605 2740 728 2793 Non
748 2739 1000 2812 intelligit
1024 2739 1221 2794 Paulus
1245 2739 1615 2794 membrorum
1636 2740 2020 2805 abscisionem,

423 2828 523 2882 sed
570 2827 709 2883 sicut
765 2828 967 2883 abscisi
1015 2828 1249 2882 testiculi
1296 2843 1409 2881 non
1474 2836 1760 2900 generant,
1814 2830 1892 2884 sic
1938 2828 2025 2881 isti

420 2916 831 2982 abscindantur,
866 2931 936 2970 ne
966 2916 1263 2987 quemlibet
1290 2931 1557 2987 generare
1587 2916 1799 2987 possint
1853 2916 1909 2971 in
1930 2932 2022 2971 er-

422 3020 551 3060 rore
579 3020 699 3059 suo.
731 3004 1065 3059 Conturbant
1112 3004 1298 3075 utique
1343 3020 1459 3071 vos,
1510 3005 1639 3059 dum
1687 3005 1740 3058 in
1790 3005 2024 3060 servitu—

420 3099 533 3148 tem
562 3092 703 3163 legis
731 3093 983 3164 redigere
1014 3092 1220 3147 volunt.
1256 3094 1397 3149 Nam
1426 3110 1537 3159 vos,
1570 3096 1806 3165 fratres,
1840 3094 2025 3148 vocati

423 3182 564 3238 estis
582 3181 647 3236 in
670 3181 993 3236 libertatem
1023 3181 1141 3236 Dei.
1178 3183 1293 3237 Hoc
1322 3182 1697 3237 tantummodo
1726 3183 1925 3250 videte,
1950 3198 2021 3237 ne

426 3270 745 3325 libertatem
764 3276 1002 3324 vestram
1020 3270 1166 3325 detis
1186 3272 1249 3325 in
1260 3273 1609 3326 occasionem
1632 3271 1843 3335 carnis,
1867 3269 1923 3324 id
1940 3279 2023 3325 est

422 3373 492 3412 ne
520 3364 749 3429 propter
794 3358 1098 3413 libertatem
1147 3358 1398 3414 licentius
1443 3374 1542 3414 vos
1579 3374 1744 3429 posse
1791 3374 2021 3429 peccare

422 3446 678 3504 credatis.
710 3446 826 3501 Nec
856 3446 961 3501 hoc
990 3445 1219 3512 faciatis,
1243 3448 1343 3502 sed
1363 3450 1641 3504 servitute
1662 3450 1904 3503 invicem
1921 3464 2022 3520 per

417 3535 762 3593 charitatem
788 3537 1047 3608 spiritus,
1080 3536 1134 3590 id
1162 3543 1261 3604 est,
1295 3552 1394 3608 per
1446 3536 1739 3608 spiritalem
1769 3535 2020 3592 dilectio-

417 3641 544 3680 nem
584 3632 812 3698 agentes
825 3666 837 3678 .

489 3716 731 3783 Accepta
758 3712 1052 3769 occasione
1081 3712 1197 3768 vult
1241 3713 1554 3779 ostendere,
1587 3713 1667 3767 eis
1710 3711 2020 3768 facilitatem

415 3816 575 3858 novat
590 3801 729 3873 legis
746 3818 869 3873 quae
889 3802 945 3857 in
960 3817 1068 3857 uno
1090 3818 1344 3857 sermone
1356 3802 1625 3873 impletur,
1642 3809 1693 3857 et
1708 3802 1809 3857 hac
1825 3803 2021 3857 iterum

416 3889 703 3947 occasione
732 3890 953 3962 corripit
982 3907 1077 3946 eos
1107 3907 1137 3945 a
1166 3892 1522 3955 detractione,
1555 3890 1745 3945 dicens
1769 3908 1782 3945 :
1808 3891 2018 3946 Servite

418 3979 652 4034 invicem
681 3995 778 4050 per
806 3978 1145 4035 charitatem.
1192 3980 1335 4036 Nam
1382 3980 1563 4036 omnis
1606 3980 1701 4033 lea:
1739 3981 2017 4051 impletur

427 4066 670 4125 226
702 4070 764 4123 in
794 4083 907 4123 uno
946 4084 1233 4133 sermone,
1275 4067 1331 4121 in
1378 4068 1484 4123 hoc
1528 4066 1732 4123 scilicet
1768 4082 1781 4121 :
1814 4068 2019 4139 Diliges

417 4157 747 4229 proximum
780 4160 941 4212 tuum
965 4158 1118 4213 sicut
1146 4157 1410 4228 teipsum,
1444 4155 1584 4209 sicut
1613 4154 1669 4208 in
1700 4155 1931 4227 epistola
1950 4155 2019 4211 ad

416 4244 691 4300 Romanos
723 4245 1074 4316 exposuimus
1105 4246 1284 4316 (Rom.
1322 4243 1426 4315 ιιι).
1459 4244 1569 4298 Lex
1598 4244 1846 4315 praecipit
1877 4244 2017 4299 dile-

418 4333 672 4400 ctionem,
696 4335 839 4407 quod
858 4336 908 4390 si
930 4340 1254 4405 spernentes
1276 4332 1452 4405 legem
1466 4333 1709 4388 invicem
1721 4334 2014 4399 mordetis,

419 4423 761 4479 detrahendo
789 4422 930 4478 alter
955 4422 1131 4490 alteri,
1193 4438 1294 4477 nec
1349 4421 1525 4476 solum
1580 4422 1858 4486 mordetis,
1920 4420 2017 4476 sed

2051 3145 2099 3209 Ο

2128 529 2331 584 bonum
2357 529 2484 584 inde
2505 528 2773 601 provenit,
2797 527 2924 599 quia
2944 527 3219 583 desideria
3243 529 3457 593 carnis,
3491 536 3545 581 et
3566 525 3612 580 si
3633 541 3750 596 per

2126 617 2594 690 impugnationem
2625 616 2889 679 sentiatis,
2911 632 3027 670 non
3047 623 3229 670 tamen
3248 623 3370 670 actu
3396 616 3743 687 pcr/icietis.

2129 706 2235 761 Sed
2283 706 2411 761 licet
2458 723 2567 761 non
2616 703 2928 776 perficiatis,
2979 712 3157 758 tamen
3196 720 3327 760 caro
3373 704 3749 775 concupiscit

2127 796 2392 850 adversus
2424 796 2733 867 spiritum;
2763 801 2817 848 et
2844 793 2924 847 sic
2971 792 3434 864 impugnationem
3477 792 3736 847 sentitis.

2129 883 2227 937 Vel
2275 883 2518 937 dicamus
2566 881 2758 936 iterum
2791 882 2973 936 :Bene
3029 880 3152 936 dico
3201 880 3470 937 desideria
3517 880 3744 946 carnis,

2127 988 2251 1026 nam
2281 987 2411 1026 caro
2441 970 2775 1041 concupiscit
2795 970 3055 1026 adversus
3077 969 3342 1040 spiritum,
3375 975 3430 1025 et
3459 970 3743 1041 spiritus,

2126 1059 2181 1114 id
2211 1067 2291 1115 est
2321 1060 2455 1115 ratio
2494 1059 2829 1129 concupiscit
2870 1074 2937 1113 ea
2986 1074 3106 1129 quae
3136 1066 3261 1112 sunt
3306 1058 3572 1114 adversus
3601 1074 3750 1113 car-

2128 1164 2278 1203 nem.
2316 1149 2456 1203 Vere
2487 1162 2617 1203 caro
2646 1154 2701 1203 et
2742 1146 2959 1217 spiritus
3004 1146 3141 1201 alter
3188 1146 3453 1202 adversus
3491 1146 3745 1200 alterum

2126 1236 2479 1306 concupiscit.
2511 1238 2636 1291 Ilaec
2678 1237 2851 1301 enim,
2884 1234 2938 1289 id
2970 1243 3051 1289 est
3086 1250 3214 1291 caro
3245 1243 3297 1290 et
3343 1234 3586 1305 spiritus,
3617 1235 3743 1289 ad-

2128 1329 2429 1380 versantur
2461 1326 2583 1391 sibi,
2616 1340 2724 1379 non
2754 1339 2885 1379 caro
2916 1324 3085 1390 carni,
3118 1339 3219 1378 nec
3240 1323 3460 1393 spiritus
3491 1322 3739 1393 spiritui,

2128 1414 2225 1468 sed
2255 1414 2516 1475 invicem,
2560 1412 2614 1467 id
2646 1420 2728 1467 est
2759 1428 2890 1468 caro
2911 1412 2965 1466 in
2986 1412 3255 1483 spiritum,
3281 1412 3502 1481 spiritus
3532 1412 3587 1465 in
3607 1428 3743 1467 car-

2124 1517 2270 1555 nem.
2305 1502 2697 1567 Adversantur,
2738 1500 2813 1555 ita
2841 1505 2907 1555 ut
2940 1518 3055 1557 non
3101 1501 3334 1571 faciatis
3380 1501 3571 1555 omnia
3618 1501 3744 1555 illa

2126 1606 2468 1663 quaecunque
2490 1590 2680 1655 vultis,
2708 1606 2805 1644 seu
2823 1588 3092 1654 carnales,
3116 1605 3213 1643 seu
3235 1588 3523 1659 spiritales.
3548 1589 3742 1643 Nemo

2127 1680 2269 1733 enim
2299 1678 2436 1733 adeo
2462 1679 2657 1745 justus,
2712 1677 2801 1748 qui
2832 1693 2940 1732 non
2988 1677 3056 1731 ad
3098 1677 3273 1733 vicem
3320 1677 3499 1733 cadat.
3548 1677 3741 1731 Nemo

2129 1766 2267 1821 adeo
2298 1766 2472 1820 malus
2503 1766 2594 1837 qui
2623 1781 2723 1821 nos
2762 1766 2832 1820 ab
2861 1766 3042 1838 aliquo
3072 1766 3217 1837 quod
3256 1780 3383 1821 caro
3419 1766 3633 1829 suadet,
3673 1781 3742 1820 se

2130 1854 2421 1925 aliquando
2450 1854 2719 1909 cohibeat.
2753 1854 2897 1908 Dixit
2948 1854 3093 1926 quod
3138 1855 3185 1908 si
3231 1854 3484 1919 vivimus,
3529 1854 3737 1924 spiritu

2127 1942 2409 1997 ambulare
2456 1958 2766 2013 possumus.
2819 1942 2956 2011 Quia
3009 1942 3055 1996 si
3128 1942 3376 2014 spiritum
3417 1942 3733 2014 sequimur,

2127 2030 2397 2085 desideria
2430 2032 2608 2085 carnis
2638 2047 2746 2086 non
2795 2030 3123 2101 perficimus,
3173 2031 3297 2103 quia
3340 2046 3467 2087 caro
3515 2040 3743 2102 pugnat

2125 2119 2391 2174 adversus
2425 2119 2692 2189 spiritum.
2726 2119 2807 2174 De
2846 2135 2954 2190 qua
2994 2134 3179 2190 pugna
3209 2120 3392 2175 carnis
3422 2127 3474 2175 et
3504 2120 3738 2189 spiritus

2126 2208 2289 2262 modo
2318 2208 2430 2262 vult
2458 2207 2771 2276 dijudicare,
2793 2208 2981 2263 dicens
3014 2226 3027 2262 :
3059 2209 3198 2263 Caro
3225 2216 3419 2264 contra
3434 2208 3689 2279 spiritum
3716 2228 3733 2276 ;

2126 2297 2346 2367 spiritus
2375 2304 2580 2368 pugnat
2601 2304 2793 2352 contra
2821 2312 3064 2352 carnem.
3092 2297 3232 2364 Quia
3256 2298 3306 2352 si
3336 2313 3429 2352 vos
3445 2298 3735 2353 ducimini

2124 2386 2354 2457 spiritu,
2387 2384 2438 2439 id
2472 2392 2553 2439 est
2582 2385 2807 2451 ratione,
2833 2388 2959 2457 jam
2988 2402 3104 2441 non
3134 2388 3272 2441 estis
3301 2386 3399 2441 sub
3440 2388 3578 2456 lege.
3612 2386 3732 2441 Lex

2124 2473 2269 2528 enim
2298 2473 2475 2544 posita
2505 2482 2588 2527 est
2616 2481 2675 2528 ut
2713 2483 3033 2544 peccatores
3081 2474 3352 2540 cohibeat,
3403 2475 3496 2529 sed
3548 2474 3595 2528 si
3627 2491 3732 2529 se-

2123 2562 2359 2617 cundum
2403 2562 2651 2631 spiritum
2694 2562 2872 2634 agitis,
2914 2563 3028 2631 jam
3074 2578 3182 2617 non
3224 2563 3483 2633 peccatis,
3531 2571 3586 2618 et
3633 2564 3736 2635 qui

2123 2666 2233 2705 non
2261 2659 2472 2721 peccat,
2507 2650 2647 2705 liber
2674 2659 2756 2705 est
2786 2666 2814 2704 a
2847 2650 2991 2722 lege.
3016 2650 3121 2719 Qui
3151 2651 3340 2721 spiritu
3361 2652 3593 2717 ducitur,
3613 2668 3734 2707 non

2123 2746 2205 2794 est
2236 2739 2336 2792 sub
2376 2739 2537 2811 lege;
2584 2740 2675 2810 qui
2708 2747 2890 2793 autem
2935 2756 3133 2804 carne,
3181 2739 3226 2793 is
3274 2739 3574 2810 captivatur
3621 2741 3732 2795 sub

2122 2827 2267 2899 lege.
2301 2826 2462 2895 Quod
2494 2827 2906 2899 azquipollenter
2932 2827 3005 2882 ait
3036 2844 3049 2883 :
3084 2827 3269 2898 Opera
3298 2828 3519 2899 spiritus
3548 2830 3731 2883 nemi-

2122 2932 2248 2971 nem
2280 2916 2536 2988 redigunt
2568 2916 2667 2969 sub
2696 2916 2854 2988 lege;
2888 2916 2985 2970 sed
3014 2933 3182 2988 opera
3211 2918 3405 2972 carnis
3449 2916 3540 2971 illa
3583 2923 3733 2973 sunt

2121 3006 2457 3074 manifesta,
2493 3020 2603 3059 non
2632 3012 2845 3074 Oportet
2893 3004 3263 3075 improperare
3305 3021 3389 3059 ea.
3422 3006 3733 3076 Turpitudo

2125 3092 2269 3146 enim
2300 3108 2486 3147 eorum
2517 3093 2768 3147 omnibus
2798 3101 3030 3148 estnota
3055 3101 3107 3148 et
3136 3093 3441 3164 captivitas.
3463 3094 3595 3149 Ideo
3615 3111 3733 3150 non

2121 3188 2277 3237 curat
2318 3181 2574 3236 detestari
2622 3182 2801 3236 carnis
2851 3197 3034 3252 Opera,
3082 3182 3209 3254 quia
3257 3182 3375 3237 sola
3401 3198 3588 3237 eorum
3621 3200 3734 3239 no-

2112 3270 2264 3324 mina
2294 3270 2422 3324 satis
2463 3270 2745 3342 assignant
2788 3269 3106 3326 foeditatem.
3153 3270 3331 3341 Opera
3377 3272 3557 3326 carnis
3601 3272 3734 3329 dico

2121 3375 2242 3431 quas
2263 3362 2399 3413 sunt
2416 3359 2554 3424 haec,
2572 3358 2778 3414 scilicet
2789 3361 3115 3429 fornicatio,
3130 3361 3520 3429 immunditia,
3534 3362 3612 3416 im
3618 3379 3732 3433 pu-

2120 3446 2338 3515 dicitia,
2374 3448 2630 3503 luxuria.
2668 3447 3100 3502 Fornicationem
3149 3455 3305 3503 vocat
3334 3465 3456 3503 cum
3500 3451 3731 3506 meretri

2119 3535 2293 3601 cibus,
2325 3535 2411 3590 vel
2440 3535 2746 3608 conjugatis
2776 3534 2984 3605 pollui;
3039 3535 3457 3607 immunditiam,
3488 3538 3733 3609 turpitu-
3824 3577 3855 3607 ,,

2120 3624 2303 3679 dinem
2351 3623 2497 3678 illam
2546 3640 2667 3695 qua
2711 3623 2771 3678 fit
2818 3632 3016 3695 przrter
3056 3632 3325 3679 naturam.
3371 3626 3440 3681 Et
3468 3626 3630 3681 etiam
3677 3628 3732 3682 in

2119 3711 2341 3768 incestis
2371 3712 2594 3780 osculis,
2626 3720 2679 3766 et
2708 3711 2764 3766 in
2793 3712 3111 3768 tractatione
3157 3712 3379 3783 polluta.
3430 3715 3731 3784 lmpudici—

2119 3800 2249 3855 tiam
2278 3807 2437 3857 vocat
2466 3800 2647 3867 etiam,
2683 3799 2729 3854 si
2758 3815 2868 3855 non
2899 3800 2968 3855 sit
3012 3800 3323 3866 fornicator,
3356 3801 3441 3856 vel
3485 3802 3729 3857 immun-

2121 3889 2243 3955 dus,
2278 3889 2375 3943 sed
2405 3888 2459 3943 in
2490 3889 2674 3943 verbis
2704 3896 2758 3943 et
2788 3888 2991 3957 habitu,
3026 3896 3078 3944 et
3108 3890 3405 3944 motatione
3438 3892 3728 3947 membro-

2120 3994 2241 4032 rum
2288 3992 2399 4032 non
2446 3976 2513 4031 sit
2559 3977 2755 4047 pudice
2821 3985 3174 4049 temperatus.
3224 3979 3513 4034 Luxuriam
3566 3989 3729 4037 vocat

2119 4065 2542 4137 superﬂuitatem
2581 4066 2780 4131 carnis,
2836 4066 2952 4121 sive
2983 4066 3038 4120 in
3085 4067 3237 4139 gula.
3289 4067 3404 4122 sive
3449 4068 3505 4122 in
3556 4069 3722 4124 coitu.

2104 4154 2254 4223 'Qua:
2281 4154 2494 4209 luxuria
2526 4154 2689 4209 etiam
2722 4154 2906 4210 haberi
2935 4162 3117 4226 potest
3146 4154 3201 4210 in
3247 4172 3416 4213 uxore
3446 4156 3492 4211 si
3522 4172 3726 4230 super-

2118 4242 2227 4298 tlue
2272 4259 2337 4298 ea
2384 4250 2582 4299 utatur.

2190 4330 2368 4402 Opera
2401 4330 2579 4386 carnis
2617 4331 2778 4386 etiam
2810 4339 2935 4387 sunt
2958 4334 3203 4388 servitus
3234 4333 3535 4403 idolorum,
3561 4351 3727 4392 vene-

2121 4420 2273 4489 ﬁcia,
2305 4420 2649 4485 inimicitiae,
2672 4420 2728 4474 id
2759 4428 2842 4475 est
2872 4420 3037 4493 longa
3066 4421 3212 4487 odia,
3245 4423 3637 4479 contentiones
3670 4425 3727 4479 in

419 4511 581 4568 etiam
610 4512 923 4579 comeditis,
956 4511 1009 4565 id
1042 4518 1126 4566 est
1153 4510 1295 4565 bona
1324 4509 1557 4580 proximi
1613 4525 1711 4580 per
1758 4509 2018 4565 invidiam
2046 4504 2102 4567 D
2124 4508 2327 4573 verbis,
2360 4510 2775 4574 wmulationes,
2808 4510 2952 4581 quod
2975 4510 3203 4580 quilibet
3234 4510 3485 4566 invidens
3512 4512 3727 4568 laborat

415 4600 633 4673 penitus
660 4600 954 4657 devoratis.
991 4599 1177 4655 Videte
1198 4614 1271 4653 ne
1292 4599 1728 4665 consumamini,
1762 4598 1817 4652 id
1848 4605 1926 4653 est
1948 4615 2017 4653 ne

417 4688 755 4745 devoremini
775 4691 837 4745 in
845 4689 1038 4753 vicem,
1063 4688 1119 4742 id
1136 4695 1217 4742 est
1229 4694 1305 4751 tu,
1325 4686 1448 4758 quia
1464 4686 1709 4741 detrahis
1723 4687 1973 4758 proximo
2001 4705 2017 4753 ;

416 4776 529 4846 ille,
563 4777 688 4849 quia
736 4777 969 4832 detrahit
1012 4775 1128 4830 tibi.
1180 4776 1540 4846 Posteaquam
1590 4776 1722 4830 satis
1766 4776 2019 4847 probavit

415 4865 598 4939 legem
627 4881 737 4921 non
766 4880 891 4920 esse
921 4863 1231 4929 tenendam,
1286 4863 1476 4933 incipit
1520 4878 1663 4920 nunc
1708 4864 2017 4935 approbare

415 4952 579 5010 fidem
608 4962 659 5009 et
707 4953 955 5025 gratiam.
1007 4952 1209 5007 Littera
1259 4952 1336 5007 sic
1377 4951 1666 5024 jungitur:
1715 4952 1905 5007 Videte
1949 4970 2018 5009 ne

414 5042 810 5100 consumamini
858 5041 1155 5098 secundum
1237 5040 1546 5096 suasionem
1603 5042 1797 5111 carnis,
1866 5058 2017 5097 mor-

415 5131 599 5188 dendo
629 5138 683 5186 et
711 5130 1049 5186 comedenda
1079 5144 1178 5185 vos
1207 5128 1440 5185 invicem
1465 5149 1480 5196 ;
1529 5130 1626 5186 sed
1655 5131 1775 5187 dico
1825 5132 1976 5187 vobis
1999 5149 2017 5185 :

415 5220 713 5277 Ambulate
737 5218 966 5289 spiritu,
993 5217 1047 5272 id
1070 5225 1153 5272 est
1172 5217 1418 5289 perficite
1459 5218 1599 5274 bene
1620 5221 1901 5290 operando
1931 5237 2018 5275 se-

416 5308 655 5367 cundum
694 5306 840 5377 quod
892 5306 1141 5361 hortatur
1187 5323 1285 5363 vos
1333 5307 1572 5379 spiritus,
1622 5308 1677 5362 id
1727 5317 1809 5363 est
1856 5308 2014 5363 ratio.

416 5396 715 5453 Ambulate
744 5394 868 5450 dico
892 5394 1105 5465 spiritu,
1141 5403 1190 5451 et
1212 5397 1317 5452 hoc
1337 5397 1399 5451 in
1425 5397 1661 5461 Christo,
1686 5395 1742 5450 id
1762 5404 1845 5451 est
1873 5397 2017 5468 quod

416 5491 626 5539 tantum
655 5481 779 5537 licet
808 5482 991 5539 facere
1022 5500 1119 5555 per
1148 5483 1417 5540 Christum
1451 5503 1466 5550 ;
1499 5492 1553 5539 et
1594 5500 1706 5539 non
1750 5484 1914 5551 aliud,
1962 5492 2020 5539 ut

420 5570 542 5644 quis
592 5571 893 5627 secundum
957 5572 1224 5629 rationem
1288 5579 1559 5644 operetur.
1607 5572 1663 5627 Si
1702 5572 1756 5627 in
1801 5572 2017 5629 Christo

2119 4612 2381 4667 usurpare
2430 4597 2531 4651 sibi
2577 4597 2776 4652 bonum
2835 4598 3079 4653 alterius.
3133 4599 3271 4654 Sunt
3316 4600 3478 4654 etiam
3514 4602 3637 4667 irce,
3670 4601 3726 4655 id

2119 4693 2200 4739 est
2259 4684 2451 4740 subita:
2512 4686 2907 4742 commotiones
2951 4686 3136 4741 animi.
3189 4688 3256 4742 Et
3316 4688 3384 4743 de
3430 4688 3511 4743 ira
3552 4690 3720 4753 rixae,

2120 4774 2340 4843 quando
2359 4789 2451 4829 res
2475 4773 2656 4845 agitur
2673 4774 2892 4847 pugnis.
2935 4775 3068 4830 Sunt
3104 4775 3298 4830 iterum
3324 4777 3721 4846 dissensiones,

2120 4878 2241 4933 quae
2271 4878 2416 4933 saepe
2445 4860 2577 4916 fiunt
2604 4862 2658 4917 in
2688 4863 2959 4918 Ecclesia.
3006 4864 3142 4919 Sunt
3171 4865 3333 4920 etiam
3381 4870 3566 4931 sectre,
3618 4883 3720 4937 pro

2120 4966 2227 5021 quo
2256 4950 2312 5004 in
2340 4951 2531 5005 Grzeco
2559 4951 2793 5006 habetur
2811 4952 3069 5007 haareses.
3104 4954 3241 5008 Sunt
3272 4954 3437 5008 etiam
3466 4955 3717 5021 invidiae,

2118 5038 2173 5093 id
2202 5046 2285 5093 est
2314 5038 2489 5093 malus
2515 5039 2655 5094 livor
2679 5040 2884 5107 animi;
2919 5040 3012 5111 qui
3040 5040 3166 5096 licet
3210 5058 3269 5096 se
3306 5058 3417 5097 non
3466 5058 3725 5099 consecu-

2120 5135 2300 5182 turum
2332 5128 2469 5183 sciat
2498 5144 2610 5183 rem
2640 5129 2892 5200 proximi,
2927 5129 3131 5184 invidet
3160 5137 3343 5185 tamen
3371 5130 3452 5195 ei,
3486 5148 3724 5203 eumque

2120 5232 2237 5271 eam
2268 5216 2471 5271 habere
2499 5216 2692 5272 nollet.
2727 5219 2927 5272 Iterum
2958 5217 3281 5284 homicidia,
3316 5220 3635 5285 ebrietates,
3664 5220 3718 5275 id

2120 5311 2203 5359 est
2245 5297 2519 5359 consuetae
2565 5321 2724 5375 supra
2771 5306 2992 5361 modum
3034 5307 3359 5377 potationes,
3407 5316 3459 5362 et
3501 5325 3719 5364 comes-

2118 5394 2365 5448 sationes
2386 5396 2445 5448 et
2462 5394 2675 5448 similia
2699 5394 2786 5448 his
2801 5411 2923 5467 qua:
2937 5393 3099 5449 modo
3118 5395 3359 5467 praedico
3379 5396 3544 5462 vobis,
3569 5398 3723 5453 sicut

2120 5482 2254 5551 olim
2291 5482 2558 5553 praedixi,
2614 5497 2737 5537 cum
2793 5483 2945 5537 vobis
2993 5482 3226 5554 primum
3275 5483 3571 5554 prwdicavi
3597 5527 3610 5553 ,
3665 5496 3722 5541 ut

2120 5570 2360 5626 caveatis
2414 5570 2485 5625 ab
2534 5569 2658 5635 illis,
2748 5573 3018 5644 quoniam
3083 5574 3179 5646 qui
3226 5573 3365 5628 talia
3412 5578 3618 5644 agunt,
3669 5575 3726 5632 hi
