3932 6448
151 341 250 393 313

802 335 1182 395 EXPOSITIO
1221 336 1295 393 IN
1329 336 1714 395 EPISTOLAS
1750 335 1978 393 PAULI.
2009 366 2080 378 —

2144 335 2217 392 ΙΝ
2246 336 2463 393 EPIST.
2505 337 2601 393 AD
2635 337 2794 393 GAL.
3350 337 3457 393 3η

153 480 266 520 non
310 466 727 537 consequentur
780 479 1020 535 regnum
1076 466 1193 534 Dei,
1259 462 1307 519 si
1359 463 1415 519 in
1463 463 1570 520 hoc
1627 463 1825 524 actuA
1858 484 1879 511 ι
1915 461 2059 518 enim
2088 460 2438 519 seminaverit
2466 463 2652 533 homo,
2700 464 2819 519 haec
2848 469 2902 518 et
2947 469 3139 519 metet.
3184 460 3456 532 Quoniam

157 552 394 609 227
422 552 803 625 comprehensi
833 561 981 609 sunt.
1020 554 1150 609 Haec
1177 553 1437 625 praedicta
1466 561 1592 608 sunt
1618 568 1753 624 ope—

155 658 212 697 ra
259 641 588 707 carnis;sed
634 657 806 713 opera
861 641 1083 713 spiritus
1115 646 1254 698 sunt
1317 643 1458 698 haec.
1527 643 1596 696 Et
1640 657 1751 697 non

154 730 224 786 ait
256 746 444 802 opera,
496 731 595 787 sed
663 732 732 786 ad
782 732 1336 797 commendationem,
1395 731 1471 786 ait
1523 734 1749 803 fructus

157 820 419 893 Spiritus.
452 819 549 874 His
591 820 734 875 enim
776 821 1034 891 operibus
1066 819 1169 875 frui
1216 820 1442 891 prodest
1470 828 1523 874 et
1578 836 1748 891 opor-

159 916 249 964 tet.
284 909 538 976 Fructus,
574 909 817 981 inquam,
870 909 1102 980 Spiritus
1143 916 1227 965 est
1265 909 1535 976 charitas,
1580 908 1637 964 id
1668 916 1751 963 est

156 997 369 1054 dilectio
398 997 498 1053 Dei
527 1006 580 1053 et
608 996 864 1069 proximi,
916 999 985 1053 de
1042 1014 1149 1070 qua
1196 997 1457 1055 charitate
1504 998 1751 1069 sequitur

152 1088 417 1159 gaudium
447 1092 504 1142 et
538 1104 683 1159 pax.
725 1086 995 1143 Gaudium
1023 1095 1182 1144 vocat
1227 1087 1409 1142 laetam
1457 1086 1750 1142 conscien-

154 1175 319 1241 tiam;
352 1190 546 1246 pacem
577 1176 646 1230 ad
681 1191 873 1231 omnes
921 1192 987 1231 ex
1042 1176 1334 1232 dilectione
1373 1175 1745 1232 concordiam.

153 1264 249 1318 Est
267 1264 430 1319 etiam
452 1265 681 1320 Fructus
700 1265 930 1338 Spiritus
954 1266 1385 1336 longanimitas,
1410 1265 1465 1320 id
1496 1272 1579 1320 est
1597 1270 1744 1335 spes.

152 1352 207 1408 Si
234 1353 378 1408 enim
409 1353 587 1409 tardat
619 1354 905 1409 retributio
931 1373 945 1421 ;
976 1370 1087 1410 non
1113 1362 1293 1409 tamen
1332 1355 1512 1408 minus
1545 1361 1745 1424 sperat,

151 1441 235 1497 vel
291 1441 637 1513 impatienter
693 1450 989 1513 exspectat.
1063 1444 1130 1498 Et
1184 1451 1267 1498 est
1324 1458 1459 1513 opus
1516 1441 1749 1513 Spiritus

151 1531 453 1602 patientia,
491 1547 596 1603 qua
639 1547 979 1603 quacunque
1038 1531 1334 1587 toleramus
1389 1531 1618 1586 adversa
1650 1551 1669 1597 ;
1699 1537 1751 1585 et

153 1618 392 1688 bonitas,
459 1619 515 1673 id
545 1627 628 1674 est
657 1620 747 1691 pia
775 1619 994 1676 affectio
1023 1620 1191 1675 animi
1222 1638 1238 1688 ;
1265 1620 1429 1676 etiam
1459 1619 1634 1674 sinon
1652 1619 1749 1674 ha—

152 1707 241 1762 bet
268 1707 398 1779 quid
425 1708 627 1762 tribuat
658 1709 1036 1781 ;benignitas,
1056 1709 1109 1763 id
1143 1717 1227 1764 est
1254 1708 1483 1782 largitas
1506 1724 1750 1764 commu-

1852 572 1875 602 ι
1912 551 2005 623 qui
2063 551 2296 607 seminat
2345 552 2400 606 in
2456 568 2618 608 carne
2676 568 2794 619 sua,
2848 552 2917 607 de
2965 567 3129 607 carne
3186 558 3240 606 et
3294 558 3458 607 metet

1854 661 1875 691 ι
1914 641 2360 711 corruptionem;
2397 641 2486 713 qui
2543 648 2726 696 autem
2797 641 3030 696 seminat
3100 641 3155 695 in
3230 640 3451 712 Spiritu,

1851 752 1875 778 ν
1912 730 1982 785 de
2040 729 2240 801 Spiritu
2296 738 2462 785 metet
2508 730 2675 786 vitam
2732 738 3012 786 aeternam.
3082 730 3292 785 Bonum
3348 744 3452 785 au-

1852 841 1874 866 σε
1910 827 2017 874 tem
2048 818 2311 874 facientes
2356 834 2466 874 non
2496 818 2852 886 deﬁciamus;
2883 827 3126 890 tempore
3173 819 3317 874 enim
3352 834 3451 874 suo

1853 928 1876 959 ‹
1907 915 2197 973 metemus,
2237 924 2348 963 non
2381 906 2719 964 deficientes.
2753 908 2905 981 Ergo
2934 908 3064 963 dum
3102 916 3316 979 tempus
3348 907 3448 961 ha-

1852 1017 1876 1048 c
1914 996 2127 1061 bemus,
2189 1012 2486 1067 operemur
2555 997 2759 1052 bonum
2815 996 2884 1051 ad
2940 1012 3149 1062 omnes,
3209 995 3447 1052 maxime

1852 1106 1875 1135 ι
1912 1093 2092 1140 autem
2116 1085 2186 1140 ad
2225 1085 2559 1142 domesticos
2615 1084 2760 1141 ﬁdei.
2814 1085 3003 1140 Videte
3061 1085 3310 1157 qualibus
3364 1084 3451 1139 lit-

1854 1196 1876 1222 α
1914 1174 2045 1230 teris
2078 1172 2271 1245 scripsi
2301 1175 2458 1230 vobis
2503 1190 2628 1231 mea
2683 1190 2865 1229 manu.
2934 1174 3259 1247 Quicunque
3305 1174 3451 1229 enim

1857 1286 1880 1310 α
1928 1263 2116 1319 volunt
2186 1263 2408 1334 placere
2483 1264 2538 1318 in
2592 1279 2777 1328 carne,
2836 1263 2892 1318 hi
2939 1272 3141 1336 cogunt
3195 1279 3295 1319 vos
3349 1262 3451 1319 cir-

1851 1370 1880 1402 α
1912 1351 2445 1419 cumcidi;tantum,
2504 1361 2563 1407 ut
2610 1352 2789 1409 crucis
2851 1352 3049 1406 Christi
3110 1351 3451 1423 persecutio-

1853 1461 1875 1490 ι
1911 1457 2035 1495 nem
2070 1456 2179 1495 non
2254 1440 2547 1510 patiantur.
2618 1442 2810 1513 Neque
2863 1440 3008 1495 enim
3072 1441 3164 1513 qui
3219 1441 3452 1497 circum-

1853 1550 1876 1579 ι
1912 1529 2184 1598 ciduntur,
2217 1529 2397 1603 legem
2429 1530 2762 1597 custodiunt,
2822 1530 2920 1586 sed
2967 1530 3154 1586 volunt
3182 1546 3280 1586 vos
3338 1529 3452 1585 cir-

1852 1639 1876 1669 ¢
1911 1618 2167 1685 cumcidi,
2227 1627 2285 1673 ut
2342 1619 2397 1674 in
2468 1635 2632 1675 carne
2704 1627 2884 1675 vestra
2933 1618 3259 1692 glorientur.
3323 1618 3455 1675 Mihi

1853 1729 1875 1755 α
1912 1716 2092 1762 autem
2119 1707 2261 1761 absit
2320 1707 2547 1780 gloriari
2602 1708 2709 1762 nisi
2765 1708 2821 1762 in
2858 1723 3023 1764 cruce
3076 1707 3293 1764 Domini
3348 1723 3455 1763 no-

152 1796 370 1852 nicandi
397 1813 519 1868 qua
546 1797 747 1852 habet:
782 1799 1183 1865 mansuetudo,
1232 1798 1377 1870 quod
1409 1797 1483 1852 ita
1511 1804 1823 1886 attracta-B
1855 1819 1878 1845 α
1923 1797 2022 1851 stri
2051 1797 2179 1851 Jesu
2211 1796 2432 1862 Christi,
2482 1812 2583 1868 per
2632 1813 2794 1869 quem
2850 1797 2984 1852 mihi
3027 1797 3266 1852 mundus
3322 1812 3455 1852 cru-

153 1885 273 1939 bilis
303 1893 357 1939 et
372 1883 607 1940 aﬂ'abilis
620 1894 703 1941 est
719 1886 1008 1954 omnibus;
1042 1894 1095 1941 et
1111 1887 1249 1956 ﬁdes
1272 1902 1395 1958 quae
1411 1893 1557 1942 recte
1579 1885 1752 1942 credit

150 1973 205 2027 in
234 1975 441 2041 Deum;
471 1975 769 2045 modestia,
828 1975 882 2030 id
925 1982 1007 2030 est
1048 1976 1407 2046 temperantia
1453 1975 1750 2031 verborum

150 2070 205 2117 et
233 2070 390 2119 actus
417 2081 431 2130 ;
465 2064 849 2130 continentia,
870 2080 974 2136 qua
1001 2064 1162 2118 etiam
1193 2082 1227 2119 a
1257 2063 1418 2119 licitis
1435 2063 1673 2120 continet
1691 2080 1750 2118 se

152 2150 663 2223 aliquis;castitas,
717 2152 863 2224 quod
907 2159 1054 2208 caste
1095 2153 1265 2207 utitur
1320 2152 1496 2219 licitis,
1559 2160 1616 2206 ut
1670 2152 1752 2207 vir

149 2256 339 2296 uxore.
374 2241 502 2296 Haec
532 2249 655 2295 sunt
676 2257 843 2311 opera
893 2241 1144 2313 Spiritus,
1180 2249 1231 2298 et
1272 2242 1536 2298 adversus
1583 2256 1751 2313 opera

151 2328 474 2401 hujusmodi
512 2345 629 2385 non
658 2334 744 2385 est
774 2332 868 2386 lea:
899 2350 918 2397 ;
950 2330 1089 2386 sicut
1133 2347 1295 2402 supra
1353 2330 1605 2396 diximus,
1640 2346 1748 2385 non

146 2418 278 2473 estis
308 2419 412 2473 sub
440 2418 582 2490 lege.
635 2420 761 2474 Haec
814 2427 939 2474 sunt
983 2435 1151 2490 opera
1207 2419 1403 2475 carnis.
1453 2420 1581 2475 Haec
1628 2426 1750 2474 sunt

146 2522 318 2578 opera
335 2507 569 2578 Spiritus
584 2526 599 2575 ;
613 2510 709 2580 qui
728 2512 923 2564 autem
940 2512 1077 2564 sunt
1094 2508 1321 2573 Christi,
1336 2509 1566 2581 faciunt
1581 2526 1751 2582 opera

145 2596 424 2669 Spiritus.
456 2596 617 2666 Quod
648 2597 729 2653 sic
756 2597 827 2652 ait
871 2615 884 2652 :
919 2597 1349 2668 Cruci/ﬁxerunt
1398 2599 1457 2654 hi
1481 2600 1578 2671 qui
1612 2603 1754 2654 sunt

149 2684 383 2749 Christi,
413 2701 648 2741 carnem
677 2703 860 2756 suam,
911 2687 1057 2758 quod
1099 2687 1279 2742 nullos
1319 2703 1540 2755 sensus,
1573 2704 1749 2760 quan-

142 2771 235 2827 diu
251 2772 306 2828 in
339 2774 559 2830 Christo
590 2782 733 2843 sunt,
782 2775 1050 2831 inclinare
1099 2783 1302 2848 queunt
1330 2776 1400 2831 ad
1456 2776 1606 2833 vitia.
1668 2776 1751 2831 Illi

142 2862 268 2917 dico
297 2871 571 2919 certantes
611 2880 742 2921 cum
782 2866 939 2920 vitiis
978 2872 1030 2920 et
1070 2881 1193 2920 cum
1241 2866 1739 2939 concupiscentiis.

143 2950 283 3007 Vitia
312 2952 518 3024 accipit
548 2952 604 3007 in
633 2960 756 3009 actu
782 2972 796 3021 ;
829 2953 1321 3025 concupiscentias,
1356 2955 1409 3009 in
1440 2954 1739 3011 voluntate.

141 3040 264 3095 Non
284 3040 469 3096 solum
499 3056 720 3097 carnem
759 3041 1159 3114 cruciﬁgamus,
1191 3059 1261 3099 ne
1293 3044 1497 3099 malum
1548 3059 1749 3115 opere-

141 3145 297 3197 mur;
331 3131 435 3185 sed
459 3131 622 3185 etiam
652 3132 1007 3188 ambulemus
1026 3133 1265 3206 Spiritu,
1299 3132 1353 3187 id
1388 3140 1470 3188 est
1504 3131 1751 3204 proﬁcia-

1855 1907 1877 1931 «ι
1915 1884 2107 1942 ciﬁxus
2174 1893 2275 1953 est,
2359 1893 2410 1940 et
2468 1900 2573 1957 ego
2634 1886 2836 1940 mundo
2870 1884 2883 1940 l
2916 1887 2978 1940 In
3035 1885 3252 1941 Christo
3309 1885 3456 1941 enim
3550 1880 3555 1885 ἴ

1855 1996 1878 2026 «
1912 1974 2064 2043 Jesu,
2136 1990 2315 2046 neque
2389 1974 2731 2031 circumcisio
2806 1974 3011 2046 aliquid
3062 1974 3225 2039 valet,
3279 1991 3456 2046 neque

1856 2086 1879 2110 α
1912 2063 2258 2135 praeputium,
2317 2064 2417 2119 sed
2472 2079 2612 2119 nova
2670 2071 2940 2119 creatura.
3027 2065 3094 2119 Et
3149 2062 3457 2137 quicunque

1853 2175 1876 2200 κ
1911 2153 2053 2208 hanc
2102 2153 2354 2221 regulam
2404 2152 2573 2208 secuti
2611 2152 2831 2220 fuerint,
2864 2168 2972 2223 pax
3019 2168 3187 2224 super
3233 2152 3358 2208 illos
3404 2160 3458 2209 et

1855 2261 1878 2291 ε
1915 2240 2295 2297 misericordia
2372 2249 2424 2297 et
2485 2257 2652 2313 super
2700 2241 2869 2297 Israel
2936 2241 3064 2297 Dei.
3121 2242 3202 2312 De
3256 2249 3457 2298 caztero

1855 2350 1877 2380 α
1912 2345 2076 2385 nemo
2105 2330 2238 2385 mihi
2298 2330 2563 2386 molestus
2633 2329 2721 2386 sit.
2801 2330 2921 2403 Ego
2986 2330 3132 2386 enim
3200 2330 3457 2403 stigmata

1854 2439 1877 2470 ι
1914 2419 2131 2475 Domini
2196 2421 2328 2475 Jesu
2413 2420 2468 2475 in
2523 2434 2755 2491 corpore
2818 2435 2942 2475 meo
2998 2427 3181 2491 porto.
3270 2420 3456 2475 Gratia

1854 2530 1877 2554 α
1912 2508 2129 2564 Domini
2156 2510 2287 2565 Jesu
2329 2508 2527 2564 Christi
2573 2524 2698 2565 cum
2756 2507 2948 2579 spiritu
2993 2517 3196 2580 vestro,
3235 2509 3450 2565 fratres.

1854 2618 1877 2649 ι
1912 2600 2104 2653 Amen.
2145 2621 2166 2646 ι»

2491 2683 2806 2725 EXPOSITIO.
2864 2700 2877 2709 ι

1924 2787 2166 2845 228
2200 2790 2490 2861 Postquam
2520 2788 2575 2843 in
2603 2788 2988 2845 communitate
3018 2804 3236 2845 omnem
3269 2790 3458 2848 Eccle-

1850 2877 1991 2933 siam
2011 2878 2248 2933 correxit
2278 2885 2330 2932 et
2359 2877 2633 2948 instruxit,
2650 2895 2791 2934 nunc
2813 2878 3031 2933 divisim
3043 2879 3302 2934 admonet
3319 2896 3456 2951 prte-

1849 2966 2006 3033 latos,
2032 2974 2091 3021 ut
2118 2966 2174 3021 in
2203 2966 2423 3022 lenitate
2463 2967 2730 3022 instruant
2758 2975 3047 3039 peccantes
3079 2969 3345 3035 subditos,
3404 2978 3458 3025 et

1852 3071 2155 3112 econverso
2183 3056 2442 3111 admonet
2481 3056 2729 3111 subditos
2751 3064 2807 3111 ut
2826 3072 2986 3128 sequo
3014 3057 3197 3113 animo
3223 3057 3276 3112 in
3308 3058 3458 3114 omni

1851 3144 2160 3201 obedientia
2216 3145 2435 3199 audiant
2485 3145 2755 3217 praelatos,
2816 3145 3052 3201 dicens:
3088 3145 3228 3215 Quia
3275 3146 3455 3203 vivitis

285 3193 292 3197 .
1062 3193 1077 3206 ,
1253 3193 1261 3199 .
1504 3193 1519 3204 .
1856 3193 2160 3201 -_-_------_
2217 3193 2433 3199 ﬂ”---
2485 3193 2755 3217 ,-...-----,
2820 3193 3002 3201 ---νη
3039 3193 3052 3200 -
3095 3193 3228 3215 κ---

141 3234 263 3309 inus
297 3220 441 3275 bene
474 3220 750 3291 operando
781 3221 1081 3277 secundum
1111 3222 1258 3294 QUOd
1290 3222 1546 3277 admonet
1576 3222 1709 3276 Γθῐίο
1733 3240 1748 3289 ἶ
1772 3193 1820 3254 0
1854 3234 2079 3305 Spiritu,
2113 3233 2385 3289 ambulate
2431 3233 2635 3305 Spiritu
2669 3253 2683 3300 ;
2715 3250 2807 3290 vos
2851 3241 3030 3289 autem
3077 3237 3172 3309 qui
3216 3238 3455 3308 spirita-

132 3307 342 3376 justum
402 3315 490 3364 est
536 3317 593 3362 ut
634 3309 975 3365 ambulemus
1049 3311 1274 3381 Spiritu,
1322 3313 1453 3383 quia
1517 3312 1751 3367 vivimus

139 3396 415 3468 Spiritu;
447 3398 578 3453 etsi
622 3397 897 3467 justificati
938 3399 1173 3454 vivimus
1221 3399 1443 3470 Spiritu,
1506 3400 1752 3472 sequitur

137 3493 194 3539 ut
249 3486 417 3541 etiam
497 3486 838 3542 ambulemus
903 3488 1125 3559 Spiritu.
1201 3489 1345 3544 Vivit
1425 3489 1589 3544 homo
1654 3505 1753 3559 per

130 3574 583 3641 justiﬁeationem
614 3574 762 3632 fidei.
794 3577 1052 3632 Ambulat
1078 3594 1203 3634 cum
1234 3584 1496 3648 operatur
1540 3594 1602 3632 ea
1633 3594 1752 3649 qua:

137 3660 273 3719 ﬁdes
304 3666 505 3738 exigit.
537 3665 607 3720 Et
638 3666 682 3719 si
706 3665 937 3721 vivimus
968 3674 1021 3721 et
1050 3667 1426 3733 ambulamus,
1447 3667 1501 3721 in
1514 3667 1614 3723 hac
1630 3682 1751 3721 am-

134 3752 414 3810 bulatione
446 3769 559 3809 non
588 3755 913 3825 efﬁciamur
932 3755 1126 3827 cupidi
1147 3757 1362 3823 inanis,
1396 3755 1452 3811 id
1483 3763 1563 3812 est
1593 3772 1753 3811 mun-

133 3840 287 3898 danae
318 3844 546 3916 gloriae.
587 3844 711 3899 Non
768 3852 854 3899 est
906 3852 1191 3915 peccatum
1232 3845 1277 3899 si
1326 3845 1468 3901 bene
1523 3853 1752 3917 agentes

134 3928 446 3999 laudamur,
501 3932 604 3987 sed
685 3932 732 3987 si
805 3932 1017 3988 laudari
1104 3934 1522 4005 cupimus;non
1582 3934 1753 3989 simus

132 4021 315 4090 cupidi
365 4021 554 4076 inanis
592 4020 801 4095 gloriae.
861 4023 976 4077 Nos
1018 4022 1141 4079 dico
1199 4023 1290 4095 qui
1348 4024 1452 4078 hoc
1501 4024 1752 4096 cupimus

130 4107 379 4166 invicem
408 4114 789 4183 provocantes
823 4129 837 4177 ;
871 4111 997 4182 quia
1016 4112 1272 4183 superbia
1287 4128 1409 4184 qua:
1423 4127 1532 4167 non
1551 4111 1753 4182 patitur

128 4212 340 4268 parem,
372 4199 489 4253 nisi
548 4197 879 4269 praeferatur
920 4200 1193 4268 omnibus,
1248 4201 1582 4275 indignatur,
1619 4216 1753 4272 pro-

128 4300 336 4343 vocans
368 4289 445 4344 ad
476 4288 660 4343 litem.
728 4288 795 4342 Et
830 4288 877 4342 si
921 4304 1031 4343 non
1061 4298 1245 4360 aperte
1300 4305 1602 4361 provocare
1650 4306 1751 4345 au-

126 4374 335 4444 dentes,
363 4377 569 4433 saltem
629 4376 811 4432 animo
857 4378 1179 4435 invidentes
1228 4380 1505 4446 invicem,
1567 4378 1623 4434 id
1671 4387 1753 4435 est

124 4463 254 4521 alter
280 4466 471 4522 alteri.

777 4537 1003 4594 CAPUT
1036 4538 1105 4593 VI
1119 4580 1131 4593 .

197 4675 220 4700 α
254 4654 506 4719 Fratres,
576 4659 627 4708 et
665 4653 709 4707 si
765 4662 1176 4726 praeoccupatus
1246 4654 1409 4710 fuerit
1475 4657 1640 4713 homo
1695 4656 1752 4712 in

132 4763 152 4786 ι
184 4742 365 4815 aliquo
396 4742 632 4808 delicto,
686 4758 784 4797 vos
839 4742 929 4814 qui
985 4742 1292 4815 spirituales
1342 4745 1505 4811 estis,
1561 4746 1750 4815 hujus-

135 4852 155 4874 α
188 4832 336 4887 modi
374 4831 645 4888 instruite
701 4831 758 4885 in
817 4831 1006 4903 Spiritu
1060 4832 1331 4901 lenitatis,
1391 4835 1751 4890 considerans

133 4940 154 4964 ι
187 4920 443 4992 teipsum,
480 4936 555 4976 ne
588 4927 642 4975 et
687 4926 744 4973 ut
799 4920 1042 4976 tenteris.
1104 4920 1252 4976 Alter
1296 4922 1523 4977 alterius
1580 4939 1751 4979 onera

137 5029 156 5051 ιι
188 5017 414 5079 portate,
451 5017 509 5067 et
546 5009 632 5063 sic
679 5006 1045 5078 adimplebitis
1088 5009 1272 5082 legem
1328 5010 1551 5066 Christi.
1607 5014 1750 5067 Nam

139 5120 159 5141 α
192 5098 234 5152 si
264 5100 388 5171 quis
437 5097 724 5155 existimat
764 5113 823 5152 se
868 5097 1072 5170 aliquid
1126 5114 1251 5154 esse
1307 5115 1432 5155 cum
1475 5100 1609 5156 nihil
1658 5101 1745 5170 sit,

137 5206 157 5230 «ι
199 5186 389 5259 ipsese
420 5187 667 5245 seducit.
704 5184 857 5256 Opus
887 5196 1067 5242 autem
1107 5204 1265 5242 suum
1319 5189 1517 5259 probet
1571 5208 1746 5245 unus-

139 5292 159 5316 α
191 5273 441 5346 quisque,
478 5282 536 5329 et
560 5272 646 5327 sic
675 5269 733 5326 in
781 5272 1075 5343 semetipso
1128 5280 1331 5327 tantum
1376 5273 1613 5346 gloriam
1643 5276 1748 5330 ha-

142 5380 162 5405 ι
194 5360 354 5431 bebit,
381 5371 436 5418 et
493 5377 612 5417 non
655 5359 710 5414 in
758 5359 948 5416 altero.
985 5362 1371 5434 Unusquisque
1415 5364 1559 5419 enim
1608 5380 1748 5420 onus

139 5469 161 5493 υ
194 5467 347 5506 suum
399 5449 673 5524 portabit.
729 5448 1104 5505 Communicet
1140 5458 1323 5505 autem
1359 5451 1408 5505 is
1456 5453 1549 5524 qui
1595 5462 1747 5509 cate—

140 5559 162 5583 -
193 5540 431 5595 chizatur
490 5539 705 5605 verbo,
784 5538 877 5610 qui
924 5554 982 5593 se
1038 5538 1338 5595 catechizat
1388 5540 1444 5594 in
1491 5541 1747 5596 omnibus

143 5650 162 5673 ι
197 5628 368 5686 bonis.
405 5630 598 5687 Nolite
638 5642 850 5683 errare.
902 5628 1050 5683 Deus
1104 5643 1213 5684 non
1280 5627 1550 5687 irridetur.
1612 5629 1748 5700 Quae

1854 3324 1932 3379 les
1982 3323 2148 3388 estis,
2200 3322 2254 3377 id
2313 3330 2396 3378 est
2470 3323 2678 3394 praelati
2714 3323 2929 3378 :omnis
2992 3324 3138 3379 enim
3180 3323 3456 3396 perfectus

1852 3411 2017 3467 etiam
2050 3410 2097 3465 si
2156 3410 2338 3467 officio
2404 3420 2607 3482 careat,
2666 3412 2990 3483 imperfecto
3038 3420 3216 3468 tamen
3261 3414 3457 3485 praela-

1852 3507 1938 3555 tus
1995 3506 2125 3567 est;
2172 3516 2291 3567 vos,
2345 3500 2588 3573 inquam,
2650 3501 2922 3573 spiritales
2976 3500 3103 3558 licet
3145 3504 3210 3557 in
3264 3504 3454 3576 aliquo

1853 3588 2058 3645 delicto
2089 3594 2523 3662 praeoccupatus
2552 3591 2733 3660 fuerit
2766 3591 3010 3663 aliquis;
3034 3606 3136 3646 nec
3167 3591 3365 3647 mirum
3408 3593 3455 3647 si

1850 3686 2043 3751 peccat
2098 3678 2224 3750 quia
2283 3680 2447 3733 homo
2474 3688 2922 3751 :praeoccupatus
2977 3680 3107 3736 dicit
3152 3696 3263 3737 non
3309 3682 3456 3754 quod

1852 3784 1918 3824 ex
1958 3767 2229 3823 industria
2283 3768 2608 3839 peccaverit,
2685 3768 2783 3824 sed
2839 3768 2966 3842 quia
3012 3769 3303 3841 providere
3352 3771 3458 3827 sibi

1849 3856 2097 3922 nescivit,
2125 3872 2244 3924 vos,
2291 3856 2535 3929 inquam,
2580 3857 2791 3929 praelati
2848 3859 3123 3915 instruitc
3180 3859 3459 3916 hominem

1853 3946 2179 4016 hujusmodi
2209 3948 2268 4002 in
2308 3947 2540 4019 spiritu,
2585 3961 2695 4002 non
2734 3946 2957 4014 furoris,
2993 3948 3091 4004 sed
3145 3947 3202 4003 in
3262 3949 3457 4020 spiritu

1855 4035 2135 4091 lenitatis.
2183 4035 2341 4091 Nunc
2389 4036 2458 4090 de
2502 4034 2692 4106 plurali
2723 4036 2912 4091 transit
2969 4037 3037 4092 ad
3095 4036 3455 4109 singularem,

1852 4123 2082 4195 loquens
2146 4123 2396 4179 similiter
2457 4123 2678 4180 cuilibet
2734 4124 2983 4197 praelato.
3056 4126 3192 4182 Cum
3237 4127 3457 4186 lenitate

1851 4212 2069 4285 corrige
2099 4212 2508 4285 delinquentem
2552 4220 2626 4280 tu,
2687 4214 2999 4287 quicunque
3036 4215 3275 4286 praelate,
3325 4234 3459 4274 con-

1851 4300 2111 4357 siderans
2145 4302 2411 4374 teipsum,
2450 4318 2522 4357 ne
2570 4306 2636 4358 tu
2684 4304 2863 4359 etiam
2905 4305 3145 4361 tenteris
3184 4304 3454 4363 similiter.

1854 4389 2010 4461 Stepe
2069 4390 2214 4445 enim
2290 4391 2437 4445 Deus
2492 4391 2573 4446 sic
2628 4391 2716 4462 pie
2773 4391 3013 4463 disponit
3082 4400 3158 4459 ut,
3219 4394 3311 4466 qui
3367 4394 3459 4450 in-

1852 4478 2134 4551 dignando
2162 4479 2425 4535 obhorret
2455 4495 2641 4536 casum
2672 4480 2922 4552 proximi,
2974 4482 3031 4536 in
3069 4481 3214 4537 idem
3259 4485 3459 4555 princi-

1770 4558 1824 4618 D
1854 4569 2074 4640 pitetur,
2153 4568 2241 4624 vel
2293 4568 2348 4623 in
2425 4569 2599 4640 pejus.
2647 4570 2763 4625 Nec
2814 4569 2991 4625 solum
3020 4570 3295 4628 instruatis
3350 4573 3454 4630 de-

1851 4656 2204 4729 linquentem,
2241 4658 2338 4713 sed
2371 4658 2535 4713 etiam
2564 4663 2789 4730 portate
2817 4676 2992 4715 onera
3007 4661 3158 4717 alter
3188 4663 3454 4732 alterius,

1853 4746 2108 4817 praelatus
2148 4762 2287 4802 onus
2328 4746 2548 4802 subditi.
2610 4748 2825 4804 Portate
2882 4749 3004 4804 dico
3051 4750 3454 4822 compatiendo,

1853 4835 2081 4901 orando,
2118 4843 2169 4890 et
2186 4836 2485 4905 jejunando
2516 4843 2575 4890 ut
2603 4834 2693 4891 ﬁat
2724 4836 2771 4892 ei
2805 4838 3078 4895 remissio.
3129 4842 3199 4897 Et
3246 4840 3327 4895 sic
3376 4841 3458 4896 vi-

1851 4923 2035 4979 cissim
2068 4925 2442 4996 supportando
2464 4940 2561 4980 vos
2594 4926 2976 4999 adimplebitis
3001 4929 3178 4999 legem
3224 4928 3453 4986 Christi.

1852 5011 2097 5067 Christus
2122 5014 2264 5068 enim
2297 5013 2515 5069 nescius
2553 5015 2785 5085 peccati,
2824 5015 2951 5071 dum
2991 5025 3221 5089 peccata
3268 5026 3460 5075 nostra

1850 5101 1907 5156 in
1939 5116 2102 5158 cruce
2134 5103 2388 5174 portavit,
2422 5103 2565 5159 hanc
2592 5104 2649 5159 in
2678 5121 2736 5160 se
2783 5104 2965 5177 legem
2994 5106 3189 5175 attulit,
3221 5115 3279 5162 ut
3325 5108 3462 5165 alter

1853 5190 2185 5261 sicportaret
2230 5199 2515 5262 peccatum
2559 5193 2810 5264 proximi.
2854 5195 3153 5251 Considera
3199 5196 3457 5267 teipsum,

1850 5294 1919 5334 ne
1978 5279 2224 5337 similiter
2272 5280 2520 5336 tenteris.
2580 5283 2720 5338 Nam
2783 5284 2835 5339 si
2876 5286 3000 5357 quis
3058 5285 3460 5343 inconsiderate

1849 5382 2040 5440 agens,
2065 5370 2364 5425 existimat
2387 5387 2445 5425 se
2467 5386 2584 5426 esse
2607 5372 2841 5444 aliquid,
2862 5388 2993 5428 cum
3011 5390 3076 5429 ex
3108 5389 3168 5429 se
3187 5375 3337 5430 nihil
3357 5377 3454 5442 sit,

1850 5464 1903 5511 et
1932 5455 1979 5511 si
1998 5457 2175 5529 gratia
2206 5457 2260 5512 in
2291 5474 2358 5514 eo
2394 5458 2598 5531 aliquid
2630 5460 2718 5527 sit,
2753 5461 2871 5531 ipse
2892 5462 2971 5517 sic
2991 5462 3220 5533 Opinans
3236 5464 3460 5520 seducit

1848 5545 2120 5617 seipsum,
2146 5545 2201 5602 id
2231 5556 2313 5603 est
2342 5548 2601 5603 seductor
2631 5548 2712 5603 sui
2743 5548 2915 5620 ipsius
2946 5558 3047 5606 est.
3082 5551 3263 5607 Nolite
3295 5552 3461 5607 sedu-

1850 5633 1920 5701 ci,
1937 5633 2036 5690 sed
2047 5638 2429 5711 unusquisque
2441 5636 2661 5708 probet,
2677 5637 2732 5692 id
2753 5646 2837 5693 est
2857 5638 3059 5709 videat,
3085 5654 3155 5695 an
3168 5640 3458 5711 probabile
