3932 6448
475 406 580 458 315

1034 404 1090 459 S.
1131 402 1487 460 BRUNONIS
1525 398 2170 458 CARTHUSIANORUM
2206 400 2689 458 INSTITUTORIS
2727 400 2878 458 OPP.
2921 404 3097 459 PARS
3136 404 3202 459 II.

3672 407 3771 460 316

479 529 548 584 sit
578 545 715 601 Opus
744 546 926 596 suum,
962 534 1019 585 et
1047 529 1406 600 sicprobatus
1428 527 1651 583 habebit
1677 529 1915 598 gloriam
1945 534 2067 580 tan-
2098 528 2146 586 A
2169 541 2371 580 meam.
2410 526 2578 580 Etbis
2609 543 2731 597 qua:
2760 527 2953 597 scripsi
2972 528 3198 583 obedire
3228 528 3463 596 debetis,
3498 543 3612 584 non
3644 528 3768 582 illis.

476 618 755 672 tummodo
784 619 846 673 in
876 619 1193 688 semetipso,
1225 617 1282 672 id
1309 625 1389 671 est
1420 617 1563 687 apud
1597 616 1731 671 sein
1782 614 2062 671 conscien-

480 706 571 771 tia,
606 711 662 761 et
690 721 807 761 non
825 708 888 761 in
918 709 1120 771 altera,
1154 706 1210 761 id
1229 714 1312 760 est
1339 721 1448 760 non
1469 706 1524 759 in
1545 704 1983 761 consideratione
2020 710 2071 759 et

480 802 791 865 contemptu
819 795 1058 849 alterius.
1094 796 1152 849 In
1184 810 1242 848 se
1290 794 1450 848 debet
1481 794 1705 865 gloriari
1750 808 1858 847 non
1906 792 1961 846 in
1988 791 2071 845 al-

480 889 620 936 tero.
672 884 813 938 Nam
856 885 1237 955 unusquisque
1282 899 1379 937 seu
1421 883 1617 951 justus,
1671 898 1767 936 seu
1798 888 2067 951 peccator,

476 968 725 1037 portabit
753 967 808 1021 iu
837 967 925 1021 die
954 967 1047 1022 illo
1075 984 1218 1022 onus
1264 984 1450 1032 suum,
1486 967 1541 1021 id
1596 974 1678 1020 est
1734 963 2069 1034 manipulum

475 1070 654 1119 suum,
690 1071 852 1125 quem
895 1070 1063 1126 opera
1120 1071 1218 1109 sua
1264 1055 1522 1125 colligere
1567 1054 1736 1125 digna
1793 1061 1935 1119 sunt,
1973 1068 2071 1106 seu

473 1142 696 1212 bonum,
743 1160 838 1198 seu
887 1143 1111 1198 malum.
1175 1143 1272 1199 Vel
1328 1144 1397 1198 ita
1440 1144 1509 1198 de
1548 1150 1830 1212 peccatore
1862 1150 2069 1195 tantum

474 1246 656 1286 sermo
688 1231 774 1285 sit.
808 1233 907 1297 Tu,
941 1241 996 1285 ut
1032 1233 1195 1301 juste,
1229 1248 1298 1287 ne
1346 1231 1595 1304 glorieris
1650 1231 1703 1284 in
1759 1238 2070 1299 contemptu

472 1321 795 1389 peccatoris.
888 1321 1029 1374 Nam
1080 1321 1451 1391 unusquisque
1506 1328 1762 1390 peccator
1834 1317 2070 1389 portabit

473 1422 609 1462 onus
642 1424 815 1471 suum,
850 1409 904 1463 id
935 1418 1017 1464 est
1045 1410 1260 1479 pondus
1290 1408 1497 1479 peccati
1528 1409 1634 1463 sui.

545 1496 849 1552 Admonitis
888 1498 1141 1567 praelatis,
1194 1498 1383 1568 quales
1421 1514 1481 1552 se
1527 1497 1763 1551 debeant
1811 1495 2068 1551 exhibere

471 1583 729 1647 subditis,
788 1586 1045 1640 admonet
1072 1586 1317 1641 subditos
1348 1594 1405 1641 ut
1434 1593 1751 1640 reverenter
1809 1585 2070 1639 obcdiant

472 1672 729 1742 praelatis,
761 1673 951 1728 dicens
985 1691 997 1727 :
1022 1672 1279 1728 Pra’latus
1300 1690 1423 1729 cum
1446 1674 1661 1728 lenitate
1683 1674 1911 1727 instruat
1932 1673 2067 1727 sub-

475 1760 672 1815 ditum.
717 1761 766 1815 Is
795 1767 987 1816 autem
1035 1763 1130 1834 qui
1160 1762 1613 1826 cathechizatur,
1659 1762 1713 1815 id
1743 1769 1827 1816 est
1866 1761 1956 1831 qui
1978 1760 2067 1815 in-

2173 614 2498 686 Quieunque
2509 616 2664 670 enim
2684 616 2881 670 uolunt
2900 616 3245 688 placereillis
3263 617 3469 672 Iudaeis
3490 619 3553 673 in
3573 632 3767 681 carne,

2169 702 2223 756 id
2253 709 2337 756 est
2365 702 2418 756 in
2447 702 2759 758 carnalibus
2779 704 3076 774 persuasis,
3101 704 3159 760 hi
3182 710 3387 775 cogunt
3407 722 3501 761 vos
3531 708 3774 761 circum-

2169 790 2300 845 cidi.
2347 790 2561 862 Cogunt
2587 791 2789 862 utique,
2840 793 2964 863 quia
3008 792 3318 863 importuno
3366 810 3628 850 sermone
3675 809 3772 849 vos

2169 879 2502 949 compellunt
2539 880 2607 933 ad
2649 880 2702 934 id
2749 881 2895 952 quod
2937 868 3238 936 rationibus
3280 883 3647 953 comprobare
3678 898 3772 937 ne-

2170 967 2368 1021 sciunt.
2410 968 2624 1039 Cogunt
2643 984 2741 1023 vos
2761 969 3098 1032 circumcidi,
3132 971 3236 1025 hoc
3268 972 3671 1026 tantummodo
3694 970 3772 1024 in-

2171 1055 2472 1121 tendentes,
2492 1060 2558 1111 ut
2578 1073 2693 1111 non
2714 1060 3019 1127 patiantur
3038 1073 3070 1112 a
3084 1058 3286 1114 Iudaeis
3304 1062 3768 1132 persecutionem

2169 1145 2354 1199 crucis
2388 1143 2613 1209 Christi,
2648 1162 2807 1215 quam
2828 1146 3148 1215 praedicant.
3178 1146 3355 1202 Judaei
3375 1147 3522 1202 enim
3544 1163 3769 1203 crucem

2170 1231 2368 1286 Christi
2386 1247 2508 1287 cum
2538 1233 2950 1289 circumcisione
2979 1234 3118 1289 bene
3154 1235 3527 1291 concedebant
3556 1236 3770 1306 przedi-

2169 1319 2303 1374 cari.
2336 1320 2476 1375 Vere
2508 1321 2632 1375 ideo
2652 1329 2859 1376 tantum
2889 1338 2956 1377 ne
2985 1323 3274 1393 patiantur,
3308 1323 3431 1394 quia
3471 1339 3668 1378 amore
3697 1324 3772 1379 le-

2169 1408 2256 1479 gis
2278 1408 2405 1461 nihil
2429 1408 2657 1464 faciunt.
2689 1410 2845 1476 Quod
2867 1410 2946 1465 sic
2973 1411 3046 1464 ait
3069 1427 3082 1466 :
3108 1412 3173 1465 Hi
3194 1413 3403 1481 pseudo
3418 1414 3770 1482 quicircum-

2168 1497 2259 1551 cid
2266 1501 2444 1551 untur
2453 1513 2568 1551 non
2585 1498 2914 1553 custodiunt
2925 1500 3118 1568 legem,
3134 1501 3229 1555 sed
3241 1515 3342 1569 pro
3356 1515 3421 1554 eo
3436 1500 3554 1554 solo
3570 1502 3770 1555 volunt

2170 1600 2261 1639 vos
2282 1585 2633 1649 circumcidi,
2656 1590 2721 1640 ut
2741 1588 3061 1656 glorientur
3077 1588 3221 1656 apud
3239 1588 3375 1642 alios
3403 1590 3465 1644 in
3481 1605 3660 1643 carne
3684 1604 3768 1643 ve-

2168 1677 2293 1727 stra
2322 1673 2663 1728 circumcisa.
2698 1674 2860 1728 Aiunt
2907 1674 3050 1728 enim
3088 1675 3194 1729 illis
3229 1692 3241 1730 :
3284 1675 3476 1730 Videte
3503 1685 3769 1747 quantum

2169 1761 2563 1817 incrementum
2594 1778 2690 1831 per
2720 1778 2820 1816 nos
2840 1762 2925 1816 lex
2955 1771 3138 1817 vestra
3167 1764 3384 1829 babeat,
3418 1763 3494 1818 illi
3523 1764 3769 1836 glorian—

474 1848 719 1915 struitur,
751 1848 874 1905 licet
906 1866 1013 1904 non
1044 1851 1293 1920 exemplo
1324 1850 1449 1904 boni
1470 1850 1649 1920 operis
1682 1867 1695 1904 :
1730 1850 1826 1904 sed
1874 1850 2067 1904 saltem
2090 1884 2140 1943 B
2172 1857 2256 1903 tur
2283 1849 2338 1903 in
2371 1865 2551 1905 carne.
2588 1850 2691 1906 Sed
2716 1852 2859 1905 mihi
2887 1852 3032 1905 absit
3071 1853 3327 1922 gloriari,
3352 1854 3468 1907 nisi
3498 1854 3561 1907 in
3603 1869 3770 1908 cruce

475 1936 633 1991 verbo
657 1956 674 1991 :
692 1936 757 2003 is,
791 1937 1028 2009 inquam,
1062 1939 1440 1993 communicet
1468 1946 1520 1993 et
1551 1938 1770 1992 obediat
1788 1942 1845 1993 et
1867 1938 1927 1993 in
1945 1954 2063 1992 om-

473 2023 640 2078 nibus
672 2024 831 2079 bonis
860 2041 981 2096 quze
1009 2024 1135 2081 facit
1157 2034 1207 2079 et
1225 2027 1486 2080 hortatur.
1521 2027 1586 2081 Ei
1615 2027 1738 2081 dico
1768 2028 1862 2097 qui
1889 2042 1947 2081 se
1976 2043 2069 2082 ca-

479 2112 742 2177 techizat,
770 2114 821 2166 id
855 2121 936 2167 est
966 2114 1055 2185 qui
1085 2114 1299 2168 instruit
1327 2114 1501 2168 illum.
1527 2114 1660 2169 Dico
1675 2115 2068 2169 communicate

476 2200 561 2253 his
592 2200 682 2272 qui
701 2217 801 2255 vos
830 2201 1121 2267 instruunt,
1156 2210 1207 2256 et
1238 2204 1413 2259 nolite
1443 2218 1654 2267 errare,
1689 2203 1743 2256 id
1773 2211 1853 2257 est
1901 2202 2067 2257 nolite

475 2304 572 2343 vos
594 2304 879 2354 excusare,
912 2291 1154 2345 dicentes
1182 2306 1291 2346 non
1321 2307 1442 2345 esse
1472 2291 1838 2345 obediendum
1869 2292 1948 2345 eis
1975 2291 2067 2362 qui

474 2378 644 2432 verbo
675 2378 813 2433 bene
843 2379 1058 2448 docent,
1094 2388 1144 2434 et
1176 2395 1284 2435 non
1314 2380 1392 2433 sic
1420 2389 1607 2451 agunt,
1640 2380 1764 2435 ideo
1794 2379 1958 2435 nolite
1987 2380 2067 2434 sic

474 2481 682 2531 errare,
715 2466 843 2538 quia
887 2469 1031 2522 Deus
1060 2484 1174 2523 non
1225 2467 1521 2534 irridetur,
1557 2467 1609 2521 id
1641 2476 1723 2522 est
1750 2484 1860 2522 non
1917 2468 2066 2523 calva

469 2553 759 2609 occasione
787 2554 1102 2625 decipictur.
1140 2556 1298 2623 Quod
1330 2556 1374 2609 si
1408 2556 1767 2625 deciperetur,
1792 2556 2066 2610 irrisibilis

473 2650 636 2695 esset.
672 2643 811 2697 Vere
851 2659 959 2697 non
1013 2644 1280 2709 irridetur,
1340 2646 1471 2717 quia
1523 2661 1645 2717 qua:
1699 2646 2068 2700 seminaverit

474 2731 654 2795 homo,
691 2732 806 2787 hatc
826 2733 1019 2803 utique
1050 2737 1242 2787 metet.
1278 2734 1345 2787 Et
1373 2749 1500 2788 vere
1556 2733 1822 2788 seminata
1876 2739 2061 2800 metet,

471 2821 737 2890 quoniam
761 2820 854 2891 qui
874 2821 1121 2875 seminat
1142 2822 1204 2875 in
1234 2838 1404 2876 carne
1425 2839 1549 2886 sua,
1580 2821 1632 2876 id
1656 2831 1737 2876 est
1767 2821 1856 2893 qui
1878 2836 2065 2891 opera-

471 2914 558 2960 tur
587 2908 953 2978 corruptibilia
992 2908 1168 2963 carnis
1214 2908 1503 2976 desideria,
1532 2910 1619 2964 hic
1657 2911 1843 2981 utique
1890 2912 2064 2964 metet

472 2994 539 3049 de
554 3011 726 3050 carne
739 2998 1181 3067 corruptionem,
1197 2998 1317 3067 quia
1335 2998 1620 3052 seminavit
1632 2998 2059 3069 corruptionem.

478 3084 581 3151 Qui
594 3099 720 3138 vero
748 3086 1069 3139 seminatin
1091 3086 1326 3153 Spiritu,
1370 3086 1421 3139 id
1445 3094 1525 3140 est
1556 3087 1851 3142 secundum
1900 3085 2063 3141 ratio-

473 3187 619 3235 nem,
662 3171 750 3226 hic
780 3177 953 3227 metet
973 3174 1038 3227 de
1066 3174 1283 3245 Spiritu
1311 3176 1618 3246 spiritalia,
1652 3175 1877 3243 scilicet,
1899 3174 2062 3229 vitam

470 3233 751 3314 eternam.
786 3261 1074 3332 Postquam
1102 3233 1351 3316 divisim‘
1376 3264 1650 3333 praelatos,
1700 3233 1898 3318 deinde
1927 3263 2062 3317 sub-
2087 3233 2133 3293 Ο

471 3346 613 3401 ditos
652 3347 924 3413 instruxit,
984 3349 1176 3405 iterum
1232 3366 1449 3405 omnem
1506 3351 1809 3406 licclesiam
1861 3351 2063 3405 mistim

471 3435 746 3503 admonet,
780 3435 966 3491 dicens
1001 3437 1150 3492 :Vos
1198 3437 1407 3509 praelati
1445 3438 1499 3492 in
1545 3438 1768 3494 lenitate
1817 3439 2063 3495 subditos

472 3523 737 3580 instruite.
774 3525 883 3579 Vos
915 3526 1113 3580 subditi
1143 3526 1194 3581 in
1228 3527 1375 3582 omni
1406 3527 1550 3582 bono
1591 3527 1676 3581 his
1707 3527 1797 3599 qui
1845 3544 1942 3582 vos
1976 3528 2063 3583 in-

472 3621 704 3681 struunt,
739 3615 1151 3670 communicate.
1196 3614 1401 3671 Omnes
1449 3624 1650 3683 autem,
1702 3624 1811 3670 tam
1857 3616 2065 3687 praelati

474 3717 636 3773 quam
667 3702 888 3765 subditi,
904 3719 1057 3773 teque
1073 3704 1278 3758 bonum
1298 3706 1575 3775 facientes
1598 3721 1712 3760 non
1737 3706 2063 3772 deﬁciamus

473 3791 609 3845 bene
634 3791 933 3862 aperando.
961 3793 1074 3847 Nec
1099 3791 1333 3849 deiicere
1371 3792 1634 3847 debemus
1664 3793 1718 3846 in
1760 3793 2061 3863 operando,

476 3878 601 3948 quia
632 3886 899 3933 metemus
928 3882 1233 3936 mercedem
1264 3881 1443 3951 operis
1473 3889 1718 3951 tempore
1749 3897 1867 3947 suo,
1901 3880 1955 3935 id
1984 3891 2065 3937 est

472 3974 792 4037 opportuno,
827 3983 941 4023 non
974 3969 1296 4038 deﬁcientes
1326 3969 1381 4022 in
1410 3969 1682 4024 metendo.
1715 3970 1783 4024 Et
1809 3970 1933 4040 quia
1958 3987 2067 4025 me-

469 4064 646 4110 temus
674 4072 783 4112 non
825 4055 1159 4123 deficientes,
1195 4074 1343 4129 ergo,
1381 4056 1514 4112 dum
1540 4062 1758 4129 tempus
1805 4059 2066 4129 operandi

474 4145 758 4214 habemus,
790 4145 843 4199 id
865 4154 948 4200 est
976 4146 1028 4200 in
1061 4147 1163 4201 hoc
1184 4147 1388 4199 mundo
1413 4163 1425 4199 :
1449 4162 1746 4218 operemur
1766 4146 1971 4202 bonum
1992 4147 2064 4203 ad

473 4249 687 4297 omnes,
720 4236 976 4289 maxime
1006 4239 1199 4290 tamen
1238 4234 1310 4290 ad
1340 4234 1670 4289 domesticos
1699 4235 1855 4303 ﬁdei.
1911 4235 2065 4289 Prius

472 4321 614 4376 enim
648 4320 899 4378 ﬁdelibus
921 4323 1233 4378 necessaria
1272 4322 1578 4376 ministrare
1625 4323 1910 4389 debemus,
1971 4324 2068 4378 de-

471 4409 599 4465 hinc
630 4410 675 4464 si
706 4411 1112 4481 superabundat
1140 4410 1300 4465 etiam
1318 4409 1645 4465 inﬁdelibus.

520 4494 602 4548 Ab
613 4494 716 4550 hoc
733 4493 854 4550 loco
867 4495 1155 4565 Apostolus
1167 4494 1387 4565 propria
1399 4510 1557 4548 manu
1572 4495 1905 4566 prmscripsit
1916 4495 2066 4566 Epis-

2171 1938 2397 1993 Domini
2422 1939 2603 1991 nostri
2644 1939 2775 1993 Iesu
2820 1938 3070 1994 Christi!
3099 1940 3219 2009 Ego
3253 1940 3399 1994 enim
3419 1956 3520 1996 nec
3555 1956 3766 2012 quaero,

2173 2042 2274 2079 nec
2306 2025 2541 2095 pra‘dico
2559 2025 2810 2096 gloriam,
2840 2026 2943 2079 nisi
2974 2028 3171 2082 crucis.
3189 2031 3297 2083 Per
3325 2045 3486 2101 quem
3518 2044 3764 2083 crucem.

2172 2114 2313 2167 Crux
2345 2113 2490 2167 enim
2523 2113 2818 2167 secundum
2854 2113 3209 2179 Priscianum,
3243 2116 3311 2170 de
3341 2116 3520 2170 dubiis
3543 2117 3767 2187 generi-

2171 2201 2271 2254 bus
2301 2208 2382 2255 est
2416 2220 2430 2267 ;
2462 2210 2512 2255 et
2532 2200 2831 2255 secundum
2862 2202 3201 2268 ilaimonem,
3232 2202 3286 2257 in
3318 2203 3531 2270 Graeco,
3556 2220 3768 2260 mascu

2169 2289 2296 2354 lini,
2331 2298 2384 2343 et
2430 2289 2554 2343 ideo
2596 2288 2884 2343 translator
2932 2290 3103 2345 noluit
3154 2300 3365 2347 mutare
3422 2292 3765 2348 relationem.

2169 2378 2274 2431 Per
2307 2393 2467 2448 quem
2507 2392 2746 2441 crucem,
2779 2377 2862 2431 vel
2919 2395 3019 2449 per
3049 2395 3211 2450 quem
3265 2380 3539 2434 Christum
3591 2381 3770 2435 cruci-

2172 2464 2359 2527 ﬁxum,
2387 2466 2531 2536 quod
2553 2465 2697 2519 idem
2717 2464 2881 2519 valet.
2905 2468 3145 2523 Mundus
3166 2472 3250 2523 est
3265 2468 3409 2523 mihi
3428 2470 3767 2537 cruciﬁxus,

2167 2553 2242 2608 ita
2271 2554 2417 2623 quod
2455 2552 2586 2607 nihil
2626 2553 2859 2622 amplius
2910 2554 2979 2610 de
3008 2556 3120 2610 suis
3149 2556 3532 2612 oblectamenti
3571 2556 3771 2612 oﬂ‘erat

2165 2641 2299 2696 mihi
2318 2642 2569 2696 mundus.
2586 2642 2705 2713 Ego
2723 2641 2885 2695 etiam
2907 2642 3197 2698 cruciﬁxus
3214 2659 3334 2699 sum
3355 2645 3562 2700 mundo
3585 2664 3600 2711 ;
3620 2646 3767 2716 quod

2166 2730 2212 2783 si
2242 2730 2371 2783 mihi
2394 2730 2631 2784 mundus
2654 2729 2833 2800 aliqua
2854 2729 3029 2800 oﬂ'ert,
3062 2732 3133 2786 ita
3151 2747 3279 2787 crux
3297 2733 3497 2787 Christi
3528 2750 3617 2789 me
3640 2749 3771 2789 con-

2168 2816 2438 2872 firmatum
2475 2818 2724 2874 astrinxit
2783 2820 2932 2889 quod
2968 2835 3078 2874 non
3129 2820 3334 2890 possim
3371 2821 3652 2877 declinare
3698 2822 3768 2876 ab

2164 2905 2272 2960 illa.
2298 2907 2425 2962 Ideo
2468 2907 2522 2961 in
2562 2923 2721 2963 cruce
2752 2917 2954 2963 tantum
3001 2908 3229 2980 glorior,
3275 2910 3407 2981 quia
3429 2911 3491 2965 in
3542 2910 3767 2965 Christo

2165 2997 2295 3050 Iesu
2314 3011 2488 3067 neque
2513 2997 2870 3054 circumcisio
2904 2998 3052 3052 valet
3087 2998 3322 3068 aliquid,
3353 3014 3531 3070 neque
3547 3016 3767 3070 praepu-

2168 3085 2330 3145 tium,
2351 3084 2445 3138 sed
2460 3086 2805 3143 solummodo
2826 3102 2967 3141 nova
2991 3089 3275 3151 creatura,
3297 3085 3351 3139 id
3372 3094 3455 3140 est
3484 3084 3623 3141 ﬁdes
3643 3104 3768 3159 qua:

2162 3170 2384 3225 innovat
2413 3180 2668 3237 mentem,
2699 3182 2751 3228 et
2770 3173 2931 3228 etiam
2970 3189 3186 3227 carnem
3218 3189 3383 3244 quam
3428 3173 3605 3229 facita
3642 3191 3769 3246 pec-

2166 3259 2302 3314 catis
2332 3260 2579 3315 liberam.
2614 3262 2735 3317 Non
2796 3262 2920 3316 ideo
2981 3262 3187 3316 addidit
3226 3262 3566 3332 praeputium,
3617 3264 3767 3334 quod

2168 3347 2371 3419 aliquid
2400 3357 2613 3419 putaret
2643 3349 2776 3405 illud
2806 3350 2984 3405 valere
3011 3350 3081 3405 ad
3114 3350 3296 3415 ﬁdem,
3322 3351 3419 3405 sed
3441 3359 3496 3405 ut
3517 3353 3775 3408 ostende-

2168 3444 2246 3492 ret
2313 3436 2782 3493 circumcisionem
2827 3453 2935 3492 non
2980 3438 3101 3509 plus
3160 3438 3408 3494 conferre
3436 3440 3491 3493 in
3546 3439 3769 3496 Christo

2170 3537 2335 3596 quam
2365 3526 2702 3596 prmpulium.
2736 3528 2857 3599 Ego
2899 3534 3103 3581 tantum
3137 3526 3347 3597 glorior
3398 3528 3453 3581 in
3485 3543 3672 3593 cruce,
3705 3534 3765 3584 et

2167 3616 2483 3687 quicunque
2506 3614 2651 3670 hanc
2677 3616 2934 3685 regulam
2956 3616 3136 3670 crucis
3170 3616 3349 3671 secuti
3368 3618 3609 3686 fuerint,
3634 3617 3766 3671 utin

2167 3718 2228 3757 ea
2243 3710 2443 3756 tantum
2457 3702 2775 3775 glorientur,
2788 3721 2907 3775 pax
2918 3702 2975 3756 fit
2986 3718 3156 3775 super
3168 3704 3296 3759 illos
3310 3703 3527 3758 Galatas
3545 3705 3637 3775 qui
3656 3720 3768 3760 non

2166 3798 2547 3861 peccaverunt,
2565 3792 3040 3859 etmisericordia,
3068 3791 3122 3845 id
3145 3799 3227 3846 est
3247 3792 3487 3847 secunda
3510 3793 3767 3849 remissio

2169 3879 2251 3933 his
2283 3880 2373 3950 qui
2397 3879 2531 3949 lapsi
2570 3887 2713 3933 sunt.
2745 3880 2814 3933 Et
2842 3896 2952 3935 non
2996 3887 3201 3934 tantum
3249 3896 3415 3950 super
3459 3880 3601 3947 illos,
3665 3884 3767 3936 sed

2167 3967 2329 4023 etiam
2350 3984 2520 4039 super
2564 3983 2783 4021 omnem
2831 3968 3024 4031 Israel,
3082 3984 3190 4023 non
3221 3968 3314 4040 qui
3343 3967 3503 4023 fuerit
3555 3971 3767 4037 carnis,

2168 4056 2265 4111 sed
2297 4056 2415 4111 Dei.
2441 4056 2499 4110 In
2532 4055 2743 4111 Christo
2773 4064 2980 4111 tantum
3002 4056 3226 4128 quierite
3254 4057 3507 4130 gloriam.
3542 4058 3619 4113 De
3649 4075 3767 4113 cte-

2172 4150 2305 4209 tero,
2325 4144 2377 4198 id
2400 4144 2571 4198 estde
2611 4144 3023 4199 circumcisione
3072 4146 3260 4215 (quam
3316 4144 3567 4213 excludo)
3596 4163 3768 4203 nemo

2168 4234 2311 4288 mihi
2338 4233 2608 4288 molestus
2632 4232 2727 4287 sit.
2752 4232 2848 4288 Vel
2876 4233 2950 4288 ita
2980 4233 3032 4287 in
3064 4233 3338 4303 praeterito
3371 4248 3459 4287 me
3488 4234 3769 4289 molestati

2168 4322 2319 4387 estis,
2353 4321 2448 4376 sed
2480 4321 2548 4376 de
2577 4329 2793 4387 caetero,
2828 4321 2882 4376 id
2912 4329 2995 4376 est
3025 4322 3243 4388 amodo,
3283 4322 3462 4377 videte
3512 4339 3581 4377 ne
3638 4324 3768 4394 quis

2166 4410 2299 4464 mihi
2319 4409 2581 4464 molestus
2627 4409 2713 4464 sit.
2754 4410 2871 4465 Nec
2909 4410 3121 4465 debetis
3152 4426 3239 4465 me
3276 4410 3591 4466 molestare.
3649 4414 3766 4484 Ego

2166 4501 2318 4554 enim
2340 4502 2498 4569 porto
2528 4498 2589 4552 in
2620 4514 2846 4569 corpore
2878 4514 2997 4555 meo
3052 4499 3327 4569 stigmata
3362 4499 3587 4555 Domini
3629 4501 3767 4558 Iesu

469 4582 737 4648 tolam,ne
755 4583 961 4638 Galatae
982 4582 1326 4655 ambigerem
1342 4583 1483 4638 hanc
1496 4583 1795 4654 Epistolam
1820 4584 2062 4640 229
2085 4584 2136 4643 D
2169 4587 2400 4642 Christi.
2435 4586 2644 4657 Stigma
2673 4586 2867 4641 dicitur
2887 4586 3126 4657 signum,
3168 4587 3313 4658 quod
3343 4585 3400 4640 lit
3430 4587 3612 4642 calido
3644 4587 3764 4643 fer-

468 4688 591 4726 esse
648 4671 829 4737 Pauli,
889 4671 1011 4742 quia
1068 4670 1383 4726 destruebat
1439 4672 1527 4726 hic
1572 4671 2059 4740 circumcisionem,

468 4760 536 4814 de
567 4775 673 4831 quo
702 4760 777 4814 illi
807 4760 1018 4830 pseudo
1031 4758 1492 4814 dixerantGalatis
1515 4761 1660 4832 quod
1682 4761 1842 4816 modo
1866 4761 2063 4816 Paulus

466 4850 686 4903 doceret
715 4847 1213 4903 circumcisionem.
1253 4847 1406 4903 Unde
1437 4848 1513 4904 sic
1544 4848 1618 4903 ait
1643 4850 1737 4905 :Ut
1765 4849 1881 4905 haec
1912 4866 2060 4920 prte-

469 4944 625 5007 cepta
653 4934 889 4991 credatis
908 4951 1029 4990 esse
1059 4950 1199 5000 mea,
1226 4936 1404 4991 videte
1419 4937 1677 5008 qualibus
1699 4938 1906 4993 litteris
1925 4940 2062 4993 scri-

466 5027 555 5097 psi
584 5024 753 5089 vobis,
778 5023 844 5076 ab
873 5022 999 5077 hinc
1026 5039 1149 5078 mea
1180 5024 1397 5094 propria
1430 5042 1626 5091 manu,
1659 5034 1716 5080 ut
1746 5026 2057 5097 cognitione

469 5113 751 5184 scriptura:
807 5127 943 5165 mea:
993 5111 1125 5166 certi
1180 5113 1371 5167 essetis
1409 5114 1547 5169 hanc
1604 5114 1905 5186 Epistolam
1934 5130 2057 5169 esse

2162 4691 2242 4730 ro.
2276 4676 2375 4730 Hic
2419 4682 2602 4729 autem
2642 4674 2836 4729 Paulus
2872 4682 3094 4730 catenas
3147 4684 3200 4730 et
3245 4683 3437 4730 caetera
3489 4683 3766 4733 tormenta

2163 4763 2452 4830 sustinens,
2500 4779 2600 4832 pro
2632 4762 2846 4818 Christo
2895 4762 3173 4836 stigmata,
3205 4762 3258 4817 id
3289 4771 3371 4818 est
3401 4763 3581 4835 signa,
3614 4768 3765 4837 quod

2162 4852 2320 4906 miles
2350 4851 2550 4905 Christi
2582 4858 2745 4917 esset,
2771 4850 2825 4905 in
2871 4866 3103 4922 corpore
3127 4850 3397 4921 portabat.
3432 4852 3630 4908 Gratia
3656 4856 3765 4909 Do-

2159 4941 2305 4996 mini
2326 4939 2509 4994 nostri
2527 4940 2659 4994 Iesu
2679 4939 2889 4995 Christi
2903 4942 2979 4995 sit
3011 4956 3140 4995 cum
3159 4940 3369 5012 spiritu
3391 4944 3605 5011 vestro,
3636 4944 3761 5013 fra-

2162 5036 2298 5086 tres.
2335 5029 2532 5083 Amen.

1202 5476 1694 5533 ARGUMENTUM
1734 5477 1805 5531 ΙΝ
1844 5475 2234 5532 EPISTOLAM
2274 5479 2477 5535 PAULI
2513 5479 2607 5533 AD
2646 5479 3008 5535 EPHESIOS.

536 5648 758 5728 Ephesii
790 5658 911 5728 su_nt
942 5651 1142 5728 Asiani.
1179 5653 1243 5706 Hi
1274 5661 1498 5723 accepto
1532 5652 1699 5728 Qer
1729 5651 1998 5728 veritatis,
2032 5653 2379 5722 perstiterunt
2426 5653 2481 5709 in
2529 5652 2653 5710 ﬁde.
2689 5655 2800 5711 Hos
2831 5656 3102 5711 collaudat
3156 5656 3472 5728 Apostolus,
3514 5662 3767 5719 scribens

465 5719 545 5781 eis
574 5722 642 5776 ab
671 5721 804 5777 urbe
835 5722 1004 5778 Roma
1034 5723 1102 5779 de
1133 5739 1354 5783 carcere
1375 5766 1389 5792 ,
1409 5719 1518 5797 'per
1545 5723 1823 5781 Tichicum
1852 5719 2162 5780 diaconum.
