3932 6438
169 387 298 442 317-

783 383 1163 443 EXPOSITIO
1203 385 1278 441 IN
1315 384 1698 442 EPISTOLAS
1739 386 1961 443 PAULI.
1997 417 2067 428 —
2097 387 2171 442 IN
2207 387 2432 444 EPIST.
2479 389 2573 443 AD
2614 386 2867 442 EPHES.

3380 388 3482 440 3I8

2010 546 2042 556 ο.

1034 698 1478 762 PROLOGUS
1523 702 1600 761 B.
1647 698 2069 762 BRUNONIS
2113 700 2196 760 IN
2239 699 2610 759 EAMDEM.

241 861 494 930 Ephesus
516 859 708 916 civitas
739 867 822 915 est
851 859 906 914 in
928 859 1077 914 Asia.
1099 858 1221 914 Non
1252 858 1370 913 haec
1400 867 1484 913 est
1502 859 1634 913 Asia
1654 875 1774 930 quae
1798 863 1850 920 Α
1879 858 2108 924 recidat,
2142 859 2216 913 ita
2247 875 2467 929 semper
2527 859 2686 915 habet
2719 875 2825 932 quo
2881 868 3108 915 crescat.
3164 859 3290 932 Agit
3322 857 3488 913 etiam

178 948 368 1002 dividit
401 949 615 1014 orbem,
650 949 746 1003 sed
778 955 862 1002 est
881 947 1162 1018 provincia
1183 946 1436 1018 quaadam
1464 948 1519 1001 in
1540 947 1777 1013 Graecia,

173 1037 379 1091 habens
410 1046 620 1107 septem
653 1037 923 1102 civitates,
958 1051 1186 1107 quarum
1223 1037 1472 1106 Ephesus
1503 1045 1777 1106 metropo-

174 1125 238 1180 lis
286 1135 388 1192 est,
422 1127 618 1198 quibus
666 1128 937 1191 Joannes,
1000 1125 1278 1197 relegatus
1321 1125 1376 1179 in
1406 1126 1662 1180 Pathmos
1692 1125 1780 1180 in-

172 1215 363 1278 sulam,
422 1215 637 1285 scripsit
696 1214 1106 1285 Apocalypsim.
1171 1213 1235 1268 Hi
1309 1214 1532 1284 Ephesii
1591 1214 1777 1269 audito

171 1305 338 1358 verbo
360 1302 488 1358 fidei
516 1320 550 1358 a
585 1303 769 1368 Paulo,
805 1302 1174 1364 crediderunt,
1210 1310 1262 1357 et
1292 1319 1454 1372 opera
1495 1301 1622 1357 fidei
1653 1303 1772 1357 lau-

176 1392 434 1447 dabiliter
478 1391 723 1448 230
762 1391 973 1462 operati
1003 1399 1146 1445 sunt.
1200 1390 1411 1459 Quibus
1460 1392 1775 1461 Apostolus,

175 1483 300 1536 dum
323 1483 512 1536 Roma:
541 1489 689 1536 esset
706 1481 761 1535 in
790 1495 1030 1545 carcere,
1057 1480 1276 1550 scripsit
1297 1481 1437 1534 hanc
1455 1480 1776 1550 Epistolam,

177 1570 408 1626 sollicite
435 1569 734 1640 providens
764 1569 845 1624 eis
875 1585 945 1623 ne
988 1568 1128 1624 forte
1158 1569 1226 1623 de
1271 1585 1338 1623 eo
1397 1570 1543 1640 quod
1573 1569 1627 1622 in
1672 1567 1779 1624 fide

171 1658 307 1714 bene
338 1659 698 1729 perstiterant
728 1658 1071 1728 superbirent
1091 1701 1106 1723 ,
1138 1666 1192 1712 et
1220 1657 1326 1713 hoc
1347 1658 1530 1712 virtuti
1558 1673 1669 1712 suae
1699 1673 1781 1712 as-

170 1747 462 1802 criberent.
488 1745 676 1815 Quod,
714 1746 855 1801 sicut
886 1747 1186 1816 incmperat
1215 1747 1270 1800 in
1302 1746 1380 1800 eis
1402 1746 1781 1801 misericordia

171 1836 287 1902 Dei,
320 1836 412 1906 pie
443 1835 882 1891 consummabat.
923 1836 981 1888 In
1028 1836 1132 1890 hac
1174 1843 1353 1890 autem
1383 1835 1628 1906 Epistola
1657 1850 1780 1890 ma-

170 1925 360 1980 teriam
395 1925 560 1978 habet
592 1924 859 1980 beneficia
909 1924 1032 1979 Dei.
1067 1925 1147 1979 De
1179 1924 1376 1995 quibus
1405 1925 1459 1978 in
1493 1925 1639 1980 hunc
1668 1939 1782 1979 mo-

169 2013 296 2068 dum
326 2013 463 2085 agit,
499 2014 804 2068 ostendens
835 2029 896 2067 ea
927 2027 1050 2068 esse
1081 2028 1192 2067 non
1240 2030 1306 2067 ex
1336 2013 1532 2068 merito
1598 2014 1779 2068 homi-

170 2102 270 2166 nis,
306 2103 406 2157 sed
433 2117 501 2156 ex
537 2101 878 2172 beneplacito
901 2102 1020 2158 Dei.
1042 2101 1293 2156 Ostendit
1322 2102 1486 2156 etiam
1516 2101 1782 2158 beneficia

1881 947 1989 1012 hic,
2023 947 2298 1018 quomodo
2328 957 2506 1018 patres
2535 948 2772 1003 debeant
2804 965 3044 1019 praeesse
3076 947 3231 1012 filiis,
3267 946 3484 1017 filiipa-

1882 1037 2128 1091 rentibus
2151 1036 2364 1104 subjici.
2396 1035 2655 1091 Similiter
2699 1039 2766 1092 de
2816 1038 3049 1092 dominis
3081 1045 3130 1091 et
3159 1036 3372 1101 servis;
3413 1037 3482 1090 de

1878 1125 2138 1179 uxoribus
2186 1133 2238 1180 et
2269 1125 2503 1193 maritis,
2539 1135 2739 1197 quanta
2771 1125 3240 1181 confmderatione
3266 1125 3368 1179 sibi
3398 1125 3485 1180 vi-

1880 1214 2067 1269 cissim
2106 1230 2208 1284 pro
2237 1215 2400 1269 modo
2433 1215 2761 1270 conditionis
2801 1223 2854 1270 et
2885 1231 3048 1270 sexus
3078 1215 3311 1268 debeant
3361 1214 3490 1268 sub-

1881 1303 2105 1357 servire.
2140 1304 2219 1358 De
2241 1302 2521 1358 beneficiis
2554 1304 2652 1357 Dei
2682 1304 2735 1358 in
2765 1304 2912 1359 hunc
2943 1304 3166 1358 modum
3197 1303 3318 1358 ideo
3348 1303 3482 1375 agit,

1881 1407 1948 1446 ne
1979 1391 2202 1461 Ephesii
2233 1392 2301 1446 de
2341 1392 2484 1446 bono
2506 1393 2653 1463 quod
2674 1401 2844 1463 agunt
2867 1393 3218 1448 occasionem
3248 1392 3485 1446 habeant

1881 1480 2249 1550 superbiendi,
2285 1480 2413 1534 dum
2444 1480 2574 1534 nihil
2607 1497 2672 1536 ex
2705 1498 2793 1544 se,
2829 1481 2925 1536 sed
2958 1489 3127 1536 totum
3183 1497 3244 1534 se
3280 1481 3484 1535 habere

1879 1569 2103 1623 audiunt
2143 1585 2209 1623 ex
2241 1569 2613 1624 misericordia
2652 1571 2778 1624 Dei.
2846 1572 3045 1624 Iterum
3103 1569 3225 1624 ideo
3271 1586 3338 1624 ne
3370 1577 3486 1624 tor-

1879 1665 2044 1727 peant
2069 1657 2122 1711 in
2154 1657 2295 1712 bene
2324 1658 2540 1730 agendo
2563 1701 2575 1724 ,
2611 1658 2741 1712 dum
2773 1658 2998 1713 audiunt
3041 1674 3100 1712 se
3135 1674 3297 1728 posse
3327 1658 3485 1712 inve-

1881 1746 2000 1800 nire
2029 1762 2136 1817 quo
2168 1755 2414 1801 crescant
2475 1746 2529 1800 in
2578 1747 2845 1817 obsequio
2877 1746 2996 1802 Dei.
3047 1747 3160 1800 Ilos
3218 1747 3488 1818 Ephesios

1883 1834 2077 1888 Paulus
2108 1835 2397 1890 discedens
2428 1835 2495 1888 ab
2527 1835 2607 1889 eis
2639 1836 2693 1888 in
2734 1851 2900 1889 unum
2931 1835 3271 1902 convocavit,
3299 1835 3488 1890 dicens

1883 1923 1961 1977 eis
1987 1941 1999 1976 :
2024 1924 2168 1978 Ecce
2200 1939 2388 1978 sanam
2413 1923 2575 1978 fidem
2606 1924 2804 1978 tradidi
2837 1924 3012 1987 vobis,
3048 1923 3227 1978 videte
3259 1939 3326 1978 ne
3346 1924 3490 1979 hanc

1882 2011 2089 2066 irritam
2123 2012 2352 2067 faciatis.
2381 2013 2504 2084 Ego
2547 2011 2691 2066 enim
2743 2013 2940 2067 amodo
2969 2012 3107 2067 liber
3137 2029 3277 2079 sum,
3312 2012 3408 2066 sed
3441 2012 3486 2066 si

1881 2101 2026 2156 male
2057 2101 2302 2172 egeritis,
2348 2103 2496 2156 Deus
2541 2102 2646 2156 hoc
2695 2101 2937 2173 requiret
2967 2117 3000 2156 a
3029 2102 3182 2156 vobis
3215 2101 3362 2172 (Act.
3388 2115 3482 2165 xx,

171 2191 266 2245 Dei
296 2207 421 2245 esse
453 2191 799 2258 hujusmodi,
851 2190 998 2261 quod
1053 2206 1213 2246 nemo
1244 2198 1389 2245 tanta
1445 2191 1778 2261 perfectione
1801 2221 1852 2280 Β
1879 2191 1992 2259 2'7).
2029 2191 2134 2244 Pro
2164 2190 2248 2244 his
2276 2190 2460 2245 verbis
2493 2199 2547 2245 et
2576 2190 2883 2259 hujusmodi
2917 2190 3227 2246 solertiores
3270 2189 3485 2244 fuerunt

169 2279 415 2334 ascendit
447 2279 501 2333 in
533 2279 662 2346 illis,
694 2279 821 2350 quin
869 2280 1046 2335 adhuc
1095 2279 1434 2351 relinquatur
1481 2280 1530 2335 ei
1564 2295 1669 2351 quo
1701 2295 1783 2334 as-

167 2367 404 2423 cendere
435 2367 635 2439 possit.
664 2368 814 2423 Sicut
844 2367 990 2423 enim
1025 2368 1188 2424 homo
1220 2385 1438 2439 semper
1480 2369 1640 2423 habet
1670 2385 1775 2441 quo

1882 2278 2171 2350 providere
2209 2279 2334 2334 sibi.

1097 2691 1647 2778 EPISTULA
1712 2691 1858 2776 AD
1963 2690 2548 2778 EPHESIOS.

683 2857 910 2956 CAPUT
952 2900 1244 2958 PRIMUM.

234 3027 255 3055 ι
297 3006 493 3061 Paulus
541 3006 821 3078 apostolus
867 3007 997 3063 Jesu
1029 3008 1230 3062 Christi
1287 3024 1388 3078 per
1437 3008 1774 3063 voluntatem

167 3117 187 3139 α
230 3095 349 3160 Dei,
383 3096 590 3150 sanctis
623 3096 876 3150 omnibus
906 3097 996 3168 qui
1055 3105 1180 3151 sunt
1224 3097 1447 3167 Ephesi,
1483 3106 1536 3152 et
1591 3096 1772 3152 fideli-

1881 2926 1902 2949 «
1941 2902 2042 2957 tias
2083 2919 2255 2974 agens
2286 2919 2386 2974 pro
2416 2903 2593 2969 vobis,
2627 2905 2950 2960 memoriam
3000 2904 3165 2959 vestri
3194 2904 3400 2960 faciens
3429 2904 3485 2959 in

1881 3013 1903 3042 «
1939 2992 2277 3047 orationibus
2329 2993 2486 3057 meis,
2544 3001 2601 3047 ut
2634 2995 2798 3060 Deus,
2861 2994 3077 3049 Domini
3139 2994 3308 3048 nostri
3352 2995 3482 3049 Jesu

1880 3102 1902 3132 ι
1939 3081 2139 3136 Christi
2171 3083 2330 3137 Pater
2358 3081 2564 3152 gloriae,
2597 3083 2688 3136 det
2722 3083 2879 3138 vobis
2912 3082 3172 3152 Spiritum
3205 3083 3483 3153 sapientia:

167 3203 186 3231 ε
223 3183 322 3238 bus
357 3185 411 3238 in
471 3185 692 3240 Christo
745 3185 903 3250 Jesu’
949 3185 1129 3256 gratia
1185 3186 1341 3240 vobis
1370 3194 1420 3242 et
1449 3201 1555 3256 pax
1586 3201 1618 3240 δ
1652 3187 1769 3241 ι)ρο
1802 3207 1848 3267 C
1884 3193 1906 3218 α
1944 3178 1997 3224 et
2027 3170 2378 3224 revelationis
2412 3171 2467 3224 in
2505 3171 2782 3241 agnitione
2814 3171 2966 3240 ejus;
3001 3171 3331 3226 illuminatos
3352 3187 3484 3226 ocu-

163 3291 183 3319 ι
218 3280 371 3340 patre
405 3281 618 3338 nostro,
651 3281 700 3327 et
734 3273 966 3328 Domino
999 3275 1129 3329 .lesu
1159 3274 1392 3329 Christo.
1445 3275 1770 3330 Benedictus

163 3381 183 3408 ι
217 3361 365 3416 Deus
397 3371 452 3416 et
486 3363 647 3416 Pater
693 3363 908 3417 Domini
942 3363 1117 3418 nostri
1145 3363 1274 3418 Jesu
1306 3363 1537 3428 Christi,
1565 3364 1657 3435 qui
1688 3364 1776 3418 be-

164 3468 184 3497 ι
219 3450 434 3505 nedixit
459 3467 564 3505 nos
595 3451 648 3505 in
681 3451 830 3506 omni
860 3451 1244 3508 benedictione
1275 3452 1540 3523 spirituali
1571 3453 1625 3506 in
1655 3469 1773 3508 cm-

162 3559 182 3586 σ
216 3537 446 3593 testibus
482 3539 533 3593 in
567 3539 813 3604 Christo,
851 3540 988 3595 sicut
1022 3541 1186 3611 elegit
1244 3557 1346 3596 nos
1390 3541 1444 3595 in
1501 3541 1622 3612 ipso
1650 3549 1773 3596 ante

159 3649 179 3672 ε
215 3629 403 3682 mundi
445 3629 931 3696 constitutionem,
963 3638 1020 3683 ut
1059 3645 1304 3684 essemus
1355 3631 1524 3686 sancti
1553 3638 1607 3686 et
1664 3630 1772 3685 im-

157 3734 177 3757 α
213 3713 478 3768 maculati
509 3713 560 3767 in
605 3723 902 3784 conspectu
929 3715 1047 3782 ejus
1079 3715 1134 3768 in
1173 3715 1457 3770 charitate.
1493 3714 1597 3784 Qui
1626 3731 1771 3786 prte-

159 3826 178 3846 ι
213 3801 513 3858 destinavit
565 3818 663 3856 vos
695 3802 748 3857 in
797 3803 1144 3874 adoptionem
1194 3802 1425 3859 filiorum
1456 3821 1554 3874 per
1583 3805 1773 3859 Jesum

160 3910 180 3939 ι
216 3891 497 3946 Christum
531 3891 586 3945 in
619 3891 815 3961 ipsum,
859 3893 1160 3947 secundum
1194 3894 1538 3964 propositum
1570 3893 1772 3948 volun-

160 3999 180 4026 ε
215 3980 337 4034 tatis
373 3997 492 4036 suae
519 4023 532 4046 ,
569 3980 623 4033 in
655 3979 869 4035 laudem
915 3981 1108 4051 gloriae
1165 3982 1350 4053 gratiae
1409 3998 1550 4049 sum,
1584 3982 1638 4036 in
1667 3998 1771 4054 qua

159 4089 178 4114 ι
215 4069 557 4138 gratificavit
588 4084 687 4123 nos
718 4069 773 4122 in
802 4069 1000 4124 dilecto
1030 4070 1165 4125 Filio
1197 4085 1316 4139 suo,
1352 4070 1404 4124 in
1437 4087 1544 4141 quo
1593 4071 1770 4125 habe-

160 4177 179 4204 ι
213 4173 333 4211 mus
367 4157 814 4227 redemptionem
847 4174 945 4229 per
977 4159 1297 4230 sanguinem
1330 4160 1446 4228 ejus
1488 4160 1540 4213 in
1576 4160 1772 4214 remis-

159 4265 178 4292 ε
217 4246 426 4302 sionem
451 4254 828 4318 peccatorum,
851 4247 1149 4302 secundum
1166 4248 1383 4303 divitias
1406 4248 1600 4320 gratiae
1631 4251 1766 4317 ejus,

158 4356 178 4377 α
213 4353 333 4407 qua:
366 4335 837 4407 superabundavit
868 4336 921 4389 in
968 4337 1126 4391 nobis
1157 4337 1209 4391 in
1238 4337 1388 4392 omni
1420 4338 1685 4408 sapientia
1715 4347 1770 4393 et

159 4443 178 4471 ι
213 4425 530 4494 prudentia,
595 4431 653 4478 ut
684 4433 869 4478 notum
899 4424 1103 4480 faceret
1158 4426 1316 4480 nobis
1365 4435 1765 4482 sacramentum

158 4534 177 4554 -
214 4513 511 4569 voluntatis
543 4530 678 4579 sure,
713 4514 1012 4570 secundum
1036 4515 1437 4584 beneplacitum
1470 4516 1588 4584 ejus
1619 4517 1763 4587 quod

158 4622 176 4642 ιι
218 4603 506 4674 proposuit
551 4601 610 4656 in
668 4617 734 4657 eo
763 4645 776 4669 ,
811 4603 864 4656 in
922 4603 1331 4674 dispensatione
1403 4604 1763 4674 plenitudinis

162 4699 525 4762 «temporum
588 4691 893 4747 instaurare
948 4693 1132 4748 omnia
1179 4693 1236 4746 in
1294 4693 1524 4760 Christo,
1559 4711 1681 4766 quae
1709 4695 1764 4749 in

165 4800 185 4825 κ
215 4781 367 4834 caelis
403 4791 460 4836 et
491 4782 551 4836 in
582 4789 730 4836 terra
760 4789 884 4835 sunt
915 4782 968 4835 in
1013 4782 1153 4852 ipso.
1218 4783 1274 4836 In
1314 4798 1423 4854 quo
1460 4784 1624 4838 etiam
1663 4799 1764 4839 nos

165 4886 183 4917 ι
215 4878 361 4925 sorte
403 4871 589 4926 vocati
634 4885 842 4936 sumus,
901 4870 1276 4940 praedestinati
1305 4872 1602 4927 secundum
1632 4889 1764 4943 pro-

161 4980 180 5000 α
214 4960 450 5027 positum
482 4961 626 5027 ejus,
662 4959 754 5029 qui
799 4967 1051 5030 operatur
1079 4960 1264 5014 omnia
1293 4962 1595 5016 secundum
1625 4977 1763 5017 con-

161 5063 179 5085 ι
214 5042 328 5097 silia
358 5042 665 5099 voluntatis
688 5058 819 5106 suae,
846 5051 904 5097 ut
930 5043 1099 5098 simus
1118 5044 1171 5097 in
1198 5043 1417 5099 laudem
1439 5045 1629 5116 gloria:
1645 5045 1762 5114 ejus

162 5152 179 5171 ο
213 5146 308 5185 nos
338 5133 431 5203 qui
463 5139 598 5187 ante
628 5132 971 5201 speravimus
1000 5132 1055 5187 in
1087 5131 1318 5188 Christo.
1346 5133 1405 5188 In
1438 5150 1546 5205 quo
1580 5142 1633 5189 et
1663 5150 1762 5190 vos

162 5242 180 5264 υ
213 5236 331 5276 cum
361 5221 667 5277 audissetis
697 5221 927 5275 verbum
967 5221 1243 5287 veritatis,
1279 5222 1640 5295 Evangelium
1681 5240 1773 5280 sa-

160 5330 179 5351 -
214 5308 333 5363 lutis
363 5319 570 5366 vestra:
600 5309 904 5379 recepistis.
933 5311 991 5364 In
1020 5326 1129 5382 quo
1157 5318 1206 5366 et
1247 5312 1378 5367 cred
1401 5320 1555 5367 entes
1578 5313 1776 5385 signati

158 5418 175 5440 α
208 5401 331 5453 estis
362 5400 592 5471 Spiritu
647 5398 1027 5468 promissionis
1059 5408 1276 5466 sancto,
1311 5401 1402 5472 qui
1463 5411 1543 5456 est
1575 5403 1776 5475 pignus

154 5507 170 5528 -
207 5487 408 5558 (arrha)
430 5487 789 5543 haereditatis
826 5497 1029 5544 nostrae
1057 5488 1111 5544 in
1135 5489 1566 5560 redemptionem
1594 5491 1778 5563 acqui-

155 5592 175 5621 ι
207 5574 412 5632 sitionis
442 5579 500 5633 in
530 5577 756 5631 laudem
795 5577 997 5647 gloriae
1038 5577 1231 5649 ipsius.
1266 5578 1560 5650 Propterea
1590 5587 1643 5635 et
1671 5597 1776 5651 ego

158 5685 174 5706 α
209 5665 428 5722 audiens
459 5666 631 5721 fidem
681 5673 921 5721 vestram
1001 5683 1123 5738 qua:
1153 5675 1236 5722 est
1269 5667 1322 5722 in
1383 5668 1597 5723 Christo
1625 5669 1775 5741 Jesu,

165 5775 183 5797 α
217 5761 266 5810 et
293 5753 647 5814 dilectionem
677 5754 732 5809 in
776 5771 970 5811 omnes
999 5764 1250 5824 sanctos,
1308 5772 1418 5814 non
1449 5773 1606 5813 cesso
1642 5772 1776 5831 gra-

1787 4570 1840 4628 D

1883 3279 1904 3308 ι
1943 3259 2026 3314 los
2056 3260 2240 3315 cordis
2271 3260 2468 3326 vestri,
2503 3269 2560 3314 ut
2589 3260 2773 3316 sciatis
2804 3277 2926 3332 quae
2975 3261 3044 3314 sit
3090 3277 3217 3330 spes
3244 3261 3484 3315 vocatio-

1879 3373 1900 3397 α
1945 3349 2025 3403 nis
2057 3349 2195 3417 ejus,
2219 3357 2272 3404 et
2301 3365 2425 3420 quae
2456 3349 2657 3404 divitia:
2687 3349 2876 3420 gloria:
2927 3349 3257 3404 haereditatis
3288 3351 3406 3419 ejus
3427 3349 3484 3403 in

1879 3459 1901 3488 ι
1943 3438 2168 3503 sanctis,
2204 3445 2256 3492 et
2287 3455 2409 3509 qua:
2458 3438 2527 3492 sit
2563 3437 2979 3508 supereminens
3025 3439 3343 3510 magnitudo
3373 3439 3485 3493 vir-

1878 3549 1899 3573 «
1938 3527 2069 3580 tutis
2115 3527 2232 3594 ejus
2255 3526 2308 3580 in
2340 3543 2461 3591 nos,
2497 3527 2587 3598 qui
2618 3527 2897 3582 credimus
2943 3528 3244 3582 secundum
3289 3543 3486 3598 opera-

1878 3636 1899 3665 ι
1937 3615 2140 3670 tionem
2189 3615 2447 3686 potentia:
2496 3616 2711 3670 virtutis
2744 3617 2882 3685 ejus,
2909 3632 3069 3687 quam
3102 3625 3358 3686 Operatus
3403 3624 3487 3672 est

1876 3727 1898 3751 α
1935 3704 1990 3758 in
2021 3704 2234 3759 Christo
2265 3704 2412 3772 Jesu,
2441 3705 2712 3760 suscitans
2747 3706 2897 3759 illum
2936 3721 2967 3759 a
2997 3704 3247 3760 mortuis.
3274 3706 3338 3759 Et
3359 3720 3485 3762 con-

1875 3819 1897 3842 «
1939 3795 2168 3848 stituens
2197 3795 2264 3848 ad
2309 3795 2587 3848 dexteram
2634 3810 2788 3849 suam
2834 3794 2887 3848 in
2945 3795 3259 3850 cmlestibus
3318 3811 3485 3866 super

1876 3906 1896 3929 α
1941 3899 2156 3937 omnem
2190 3883 2572 3954 principatum,
2598 3892 2649 3938 et
2680 3892 3022 3955 potestatem,
3042 3892 3094 3939 et
3124 3884 3396 3950 virtutem,
3433 3894 3486 3940 et

1879 3995 1900 4018 ιι
1936 3972 2378 4028 dominationem.
2425 3974 2490 4028 Et
2534 3989 2698 4028 omne
2740 3989 2938 4028 nomen
2991 3974 3135 4044 quod
3174 3974 3487 4029 nominatur

1876 4084 1897 4108 α
1941 4077 2048 4116 non
2081 4062 2255 4116 solum
2287 4062 2341 4116 in
2373 4063 2478 4117 hoc
2509 4062 2742 4129 sarculo,
2777 4062 2874 4117 sed
2906 4062 3066 4117 etiam
3099 4063 3152 4116 in
3183 4062 3397 4128 futuro;
3432 4072 3488 4118 et

1879 4172 1900 4200 «
1937 4151 2120 4205 omnia
2152 4151 2380 4220 subjecit
2422 4152 2524 4204 sub
2586 4152 2818 4221 pedibus
2849 4152 2986 4220 ejus.
3016 4152 3082 4206 Et
3132 4152 3307 4222 ipsum
3337 4152 3488 4207 dedit

1873 4259 1895 4289 ι
1931 4248 2092 4309 caput
2122 4255 2286 4310 supra
2318 4255 2540 4295 omnem
2597 4240 2940 4307 Ecclesiam,
2975 4257 3096 4312 qua:
3152 4248 3235 4296 est
3284 4256 3488 4311 corpus

1877 4349 1898 4378 ι
1935 4328 2106 4398 ipsius
2160 4328 2393 4384 231
2450 4338 2503 4383 et
2551 4329 2830 4400 plenitudo
2886 4329 3004 4397 ejus
3045 4329 3138 4401 qui
3199 4329 3386 4384 omnia
3428 4332 3488 4388 in

1879 4437 1900 4468 ι
1936 4417 2188 4472 omnibus
2219 4417 2570 4488 adimpletur.
2614 4439 2634 4467 ι

2487 4591 2800 4634 εχροειτιο.

1949 4696 2184 4760 Paulus,
2227 4702 2331 4749 etc.
2360 4695 2574 4749 Paulus
2605 4695 2896 4767 apostolus
2922 4694 3131 4750 Christi
3147 4697 3296 4759 Iesu,
3322 4713 3488 4767 quem

1875 4783 2124 4838 Christus
2155 4783 2314 4837 Jesus
2345 4783 2663 4853 Apostolum
2686 4783 2940 4855 gentibus
2978 4784 3338 4839 consecravit.
3365 4786 3487 4840 Un-

1875 4873 1943 4928 de
1962 4881 2184 4943 apparet
2205 4872 2347 4944 quod
2373 4873 2528 4926 vobis
2551 4873 2844 4943 Apostolus
2875 4873 2960 4927 sit.
2989 4874 3222 4940 Paulus,
3242 4873 3485 4946 inquam,

1875 4963 2166 5034 apostolus
2207 4961 2437 5025 Christi,
2472 4977 2581 5016 non
2624 4977 2723 5032 per
2759 4962 3012 5016 meritum
3043 4979 3222 5028 suum,
3258 4963 3353 5017 sed
3382 4982 3490 5036 per

1877 5051 2051 5106 solam
2083 5052 2436 5106 voluntatem
2471 5058 2520 5105 et
2551 5051 2753 5105 bonum
2776 5051 3032 5122 placitum
3056 5052 3173 5107 Dei.
3200 5052 3290 5108 Sic
3313 5061 3364 5108 et
3387 5071 3489 5111 vos

1875 5140 2020 5211 quod
2052 5140 2178 5194 boni
2211 5140 2344 5194 estis
2375 5155 2483 5194 non
2536 5141 2729 5196 merito
2769 5149 2984 5207 vestro,
3019 5141 3116 5196 sed
3165 5143 3355 5213 gratiae
3385 5143 3488 5200 Dei

1877 5228 2143 5284 referatis.
2181 5229 2400 5295 Paulus,
2461 5229 2704 5300 inquam,
2741 5231 3049 5301 apostolus,
3093 5247 3196 5303 per
3222 5233 3488 5288 volunta—

1879 5321 1991 5372 tem
2014 5318 2111 5372 Dei
2128 5316 2588 5374 scribitomnibus
2607 5321 2842 5385 sanctis,
2879 5319 2929 5373 id
2956 5327 3036 5374 est
3069 5318 3486 5389 perfectioribus

1879 5406 1970 5477 qui
1993 5406 2047 5459 in
2076 5406 2362 5461 virtutibus
2385 5407 2575 5462 sanciti
2607 5414 2768 5471 sunt;
2799 5407 2987 5462 scribit
3011 5409 3175 5462 etiam
3205 5410 3483 5478 ﬁdelibus,

1878 5494 1932 5549 id
1953 5502 2032 5548 est
2052 5495 2228 5549 minus
2246 5495 2518 5566 perfectis,
2545 5495 2635 5567 qui
2657 5503 2835 5551 tamen
2858 5495 2997 5552 bene
3019 5507 3375 5553 servaverunt
3403 5499 3487 5554 in-

1879 5583 2189 5655 tegritatem
2222 5582 2367 5638 fidei.
2410 5583 2692 5639 Fidelibus
2729 5584 2852 5640 dico
2897 5585 2959 5640 in
2999 5587 3219 5641 Christo
3254 5588 3404 5650 Iesu,
3430 5588 3486 5643 id

1880 5679 1963 5726 est
1984 5671 2073 5743 qui
2096 5670 2258 5726 ﬁdem
2276 5672 2476 5726 Christi
2495 5672 2625 5727 Jesu
2666 5673 2993 5728 custodiunt.
3029 5675 3252 5729 Sanctis
3274 5675 3398 5730 dico
3425 5681 3482 5731 et

1879 5759 2137 5831 ﬁdelibus
2167 5760 2263 5832 qui
2290 5765 2426 5816 sunt
2456 5759 2680 5832 Ephesi.
2700 5759 2863 5832 Optat
2891 5761 2992 5816 hoc
3037 5761 3249 5816 Paulus.
3283 5763 3482 5824 Gratia
