3932 6412
434 346 540 401 319

997 346 1054 402 5.
1092 345 1450 405 BRUNONIS
1487 345 2135 405 CARTHUSIANORUM
2172 344 2658 403 INSTITUTORIS
2692 345 2847 402 OPP.
2888 346 3067 403 PARS
3102 346 3170 402 II.

3640 349 3754 404 320

437 468 509 524 sit
536 469 691 525 vobis
719 486 1099 541 perseverans,
1144 472 1236 543 qui
1267 488 1376 528 non
1419 472 1770 544 peccavistis;
1807 473 1892 527 his
1941 473 2028 544 qui
2051 473 2109 536 Α
2137 471 2624 539 immortalitatem,
2658 473 2755 528 sed
2782 480 2840 527 ut
2868 479 3041 528 totum
3070 471 3294 527 referret
3316 470 3513 544 gratia:
3542 471 3646 527 Dei
3676 472 3749 527 in

441 558 635 613 saltem
667 559 722 612 in
753 560 1052 614 venialibus
1097 560 1237 631 lapsi
1277 570 1419 629 sunt,
1454 562 1521 615 sit
1550 562 1723 633 gratia
1780 562 2034 616 secundm

443 646 807 702 remissionis.
840 648 919 703 Sit
964 648 1128 702 etiam
1160 650 1315 703 vobis
1340 668 1460 722 pax
1486 668 1520 706 a
1546 652 1652 706 Deo
1694 653 1859 705 Patre
1899 666 2033 705 nos-

448 739 555 799 tro,
591 740 647 790 et
675 738 910 791 Domino
938 738 1071 793 Iesu
1103 738 1341 803 Christo,
1377 740 1515 794 sicut
1547 756 1691 809 saepe
1730 739 2033 809 expositum

443 831 547 879 est.
571 824 639 880 Ut
664 826 913 880 ostendat
942 842 1102 881 omne
1135 826 1459 883 beneficium
1489 844 1612 882 esse
1642 844 1708 882 ex
1739 828 2037 883 misericor-

446 912 533 966 dia
566 913 686 977 Dei,
720 913 774 967 in
804 914 995 984 primis
1016 915 1084 969 de
1115 914 1395 970 beneﬁciis
1418 916 1531 970 suis
1544 917 1659 971 Deo
1681 917 1883 987 gratias
1899 916 2031 988 agit,

445 1000 634 1055 dicens
668 1017 680 1055 :
716 1004 1050 1059 Benedictus
1077 1005 1154 1059 sit
1186 1006 1330 1059 Deus
1360 1010 1415 1060 et
1452 1007 1620 1059 Pater
1663 1006 1885 1060 Domini
1906 1022 2035 1060 nos-

449 1089 528 1145 tri
556 1092 688 1145 Iesu
720 1090 952 1156 Christi,
1034 1092 1126 1163 qui
1155 1092 1198 1146 si
1241 1093 1400 1147 Pater
1430 1101 1509 1147 est
1541 1094 1766 1161 Christi,
1791 1109 1891 1148 nos
1933 1109 2035 1147 au-

444 1184 552 1231 tem
584 1176 690 1232 ﬁde
720 1177 812 1232 ﬁlii
833 1179 1064 1246 Christi;
1093 1181 1172 1236 sic
1195 1197 1292 1251 per
1344 1180 1616 1234 Christum
1662 1181 1823 1235 Pater
1878 1181 2036 1234 nobis

446 1274 547 1320 est.
581 1266 894 1322 Benedictio
924 1278 1109 1323 nostra
1144 1269 1197 1323 in
1230 1270 1363 1335 Deo,
1398 1269 1530 1323 nihil
1578 1269 1721 1323 aliud
1753 1277 1833 1323 est
1872 1285 2034 1340 quam

444 1353 667 1409 laudare
679 1363 731 1409 et
751 1355 1104 1425 magnificare
1121 1358 1350 1428 gloriam
1372 1358 1508 1426 ejus.
1532 1358 1843 1413 Benedictio
1857 1368 2036 1413 autem

448 1443 1077 1510 Deiinnobis,exaltatio
1095 1446 1265 1500 nostri
1302 1455 1383 1501 est
1422 1454 1475 1500 et
1513 1454 1807 1516 provectus
1841 1456 2038 1501 nostra:

450 1531 662 1586 salutis.
691 1532 791 1587 Hic
834 1549 977 1588 nunc
1009 1534 1324 1605 exsequitur
1362 1535 1498 1588 duas
1529 1534 1823 1589 electiones
1854 1536 1953 1590 Dei
1986 1535 2041 1589 in

445 1620 625 1674 nobis.
660 1620 915 1687 Primam,
949 1638 1056 1693 qua
1085 1639 1185 1678 nos
1221 1623 1292 1678 ab
1321 1631 1524 1678 aeterno
1543 1623 1677 1677 tales
1697 1622 1900 1678 futuros
1921 1623 2037 1678 ele-

447 1708 565 1781 git;
603 1708 832 1763 alteram
863 1710 917 1764 in
936 1719 1203 1781 tempore,
1229 1712 1444 1782 quando
1474 1712 1629 1765 nobis
1661 1712 1916 1781 Spiritum
1939 1727 2039 1767 co-

2134 561 2515 633 ad0ptionem,
2541 561 2595 616 id
2617 570 2699 616 est
2720 562 2773 616 in
2791 561 3253 632 incorruptionem
3275 560 3511 615 ﬁliorum
3531 576 3598 615 ex
3618 559 3750 615 sola

2134 650 2424 720 adoptione
2474 650 2572 704 Dei
2602 650 2760 704 nobis
2804 666 3142 705 concessam.
3201 648 3567 720 Adoptionem
3612 649 3751 704 dico

2135 737 2443 791 habendam
2469 754 2573 809 per
2600 740 2785 793 Iesum
2825 737 3134 793 Christum.
3172 737 3288 792 Nos
3319 737 3444 792 dico
3473 744 3752 792 venturos

2134 825 2190 879 in
2211 826 2409 895 ipsum,
2434 834 2489 880 ut
2513 827 2651 882 sicut
2671 827 2806 898 ipse,
2832 827 2911 882 sic
2928 835 2979 881 et
3009 842 3111 881 nos
3130 825 3469 881 immortales
3489 824 3748 882 232

2136 923 2188 969 et
2226 915 2610 984 impassibiles.
2644 916 3079 971 Prwdestinavit
3105 914 3228 971 dico
3259 915 3573 970 secundum
3594 930 3746 985 pro-

2134 1004 2383 1075 positum
2406 1005 2719 1058 voluntatis
2739 1021 2873 1069 sua,
2897 1003 2948 1057 id
2972 1011 3055 1058 est
3077 1003 3376 1060 secundum
3397 1002 3749 1057 voluntatem

2137 1108 2291 1146 suam
2320 1092 2681 1162 propositam.
2718 1092 3081 1161 Propositum,
3116 1092 3171 1147 id
3201 1099 3284 1146 est
3321 1091 3400 1146 sic
3429 1090 3498 1145 ab
3528 1098 3746 1145 aeterno

2137 1181 2596 1251 praeordinatam;
2632 1180 2717 1235 vel
2749 1181 3111 1252 propositam,
3139 1180 3194 1235 id
3216 1187 3296 1234 est
3309 1178 3749 1235 oblatamomni-

2140 1268 2238 1322 bus
2295 1269 2590 1335 salvandis,
2622 1270 2725 1323 nisi
2761 1269 2921 1339 culpa
2970 1284 3160 1325 eorum
3217 1268 3547 1338 impedierit.
3580 1270 3739 1323 Prte-

2136 1358 2465 1425 destinavit,
2502 1358 2740 1428 inquam.
2773 1374 2839 1413 ex
2900 1358 3015 1411 sola
3062 1357 3336 1413 voluntate
3390 1358 3453 1412 in
3505 1356 3741 1412 laudem

2138 1447 2349 1516 gloriae.
2374 1448 2573 1516 gratia:
2601 1463 2758 1511 suae;
2789 1446 2843 1500 id
2876 1454 2957 1502 est
2987 1446 3055 1500 ad
3087 1446 3192 1502 hoc
3221 1454 3280 1500 ut
3317 1444 3572 1500 laudetur
3599 1461 3742 1515 gra-

2139 1534 2206 1588 tia
2239 1550 2353 1603 sua,
2386 1534 2441 1589 in
2486 1550 2594 1604 qua
2641 1535 2813 1606 gratia
2871 1534 3151 1605 multiplex
3208 1543 3290 1589 est
3348 1533 3552 1606 gloria.
3603 1534 3749 1588 Sunt

2139 1623 2283 1678 enim
2332 1624 2579 1693 quaedam
2625 1623 2817 1695 gratia:
2846 1622 2972 1689 Dei,
3014 1631 3074 1677 ut
3104 1622 3204 1677 ista
3257 1621 3584 1692 temporalia
3615 1637 3744 1691 quae

2138 1711 2226 1781 pie
2256 1711 2547 1776 ministrat;
2580 1710 2635 1765 in
2662 1711 2859 1781 quibus
2889 1727 2997 1765 non
3028 1718 3109 1765 est
3139 1709 3518 1783 gloriandum,
3552 1709 3652 1763 sed
3684 1709 3743 1762 in

450 1806 767 1867 operantem
797 1799 955 1853 nobis
984 1801 1411 1855 misericorditer
1443 1799 1656 1865 infudit,
1689 1808 1741 1854 et
1763 1800 2038 1872 utriusque
2060 1828 2110 1887 Β
2141 1799 2549 1869 incorruptione
2573 1799 2850 1869 multiplex
2872 1807 2953 1853 est
2975 1799 3170 1869 gloria.
3195 1799 3262 1853 Et
3280 1798 3384 1853 hoc
3408 1797 3617 1851 dixisse
3636 1797 3744 1852 de-

450 1885 734 1941 electionis
783 1888 1175 1958 completioues
1223 1888 1488 1959 adjungit.
1552 1888 1787 1942 Primum
1827 1904 2038 1959 ponens

451 1989 570 2029 eam
603 1991 724 2045 quae
754 1983 999 2046 tempore
1028 1977 1219 2031 ultima
1248 1974 1324 2042 ﬁt,
1357 1976 1411 2030 in
1442 1991 1550 2047 qua
1580 1976 2037 2033 immortalitatem

449 2070 502 2118 et
530 2062 1020 2133 impassibilitatem
1040 2064 1409 2135 recuperaturi
1438 2081 1644 2119 sumus.
1679 2065 1828 2121 Hanc
1858 2074 2039 2121 autem

449 2151 579 2223 quia
607 2151 827 2222 dignior
864 2161 980 2219 est,
1024 2155 1277 2224 proponit
1318 2154 1367 2208 ei
1408 2169 1532 2224 quae
1587 2154 1910 2223 completur,
1948 2155 2037 2209 ubi

450 2240 633 2295 anima
663 2257 763 2311 per
789 2241 1222 2298 misericordiam
1248 2242 1345 2297 Dei
1375 2242 1445 2296 ab
1490 2257 1657 2296 onere
1688 2252 2037 2312 peccatorum

451 2328 731 2395 liberatur,
766 2330 955 2386 dicens
1008 2345 1020 2385 :
1072 2334 1403 2389 Benedictus
1451 2330 1519 2386 sit
1562 2334 1706 2388 Deus
1754 2335 1849 2404 qui
1878 2334 2040 2388 bene-

449 2418 621 2483 dixit,
656 2418 710 2472 id
740 2427 821 2473 est
852 2420 1107 2475 exaltavit
1137 2438 1255 2477 nos.
1280 2424 1407 2479 Ideo
1427 2443 1527 2497 per
1544 2424 1873 2498 praeteritum
1896 2422 2041 2494 quod

452 2504 693 2562 futurum
715 2516 796 2562 est
816 2508 1139 2579 designavit,
1167 2520 1221 2564 ut
1241 2515 1547 2570 ostenderet
1570 2532 1629 2571 se
1666 2516 1803 2569 adeo
1833 2520 2039 2569 certum

453 2595 521 2649 de
552 2597 655 2651 hac
688 2596 861 2651 futura
886 2598 1281 2667 benedictione,
1316 2605 1589 2672 quomodo
1636 2604 1831 2675 aliquis
1862 2609 2041 2657 certus

454 2685 621 2739 estde
645 2701 709 2740 eo
739 2687 884 2757 quod
934 2687 1079 2742 videt
1113 2691 1440 2759 praeterisse.
1494 2694 1621 2748 Ideo
1654 2693 1815 2748 etiam
1848 2691 1927 2746 sic
1944 2691 2039 2755 ait,

451 2772 575 2844 quia
604 2773 867 2829 intellexit
887 2785 1103 2833 sanctos
1126 2779 1238 2846 jam
1262 2782 1558 2835 secundum
1605 2782 1813 2835 animus
1845 2795 2042 2835 conre-

451 2877 625 2932 gnare
656 2863 885 2919 Christo.
914 2866 1214 2922 Benedimit
1244 2885 1343 2923 nos
1366 2871 1510 2925 Deus
1541 2870 1604 2924 in
1640 2870 1795 2925 omni
1817 2869 2043 2923 benedi-

453 2953 664 3006 ctione.
689 2952 873 3018 Omni,
900 2952 1022 3007 ideo
1039 2954 1164 3024 quia
1185 2955 1455 3011 sufﬁciens
1476 2975 1489 3010 :
1514 2958 1908 3012 Benedictione
1925 2957 2046 3010 dico

451 3040 793 3110 spiritualis,
808 3039 931 3095 licet
948 3042 1091 3095 enim
1114 3044 1411 3098 secundum
1428 3061 1628 3115 corpus
1649 3044 1738 3099 fiat
1753 3046 1868 3100 haec
1890 3045 2050 3099 bene-

452 3125 639 3194 dictio,
666 3134 845 3183 tamen
875 3137 957 3182 est
1004 3129 1320 3199 spiritualis,
1344 3132 1469 3204 quia
1516 3133 1651 3188 sicut
1691 3133 1913 3204 spiritus
1943 3135 2046 3188 ho-

454 3213 617 3269 minis
646 3214 764 3270 solo
807 3216 1000 3271 intuitu
1029 3217 1221 3288 gloriae
1252 3221 1347 3274 Dei
1379 3221 1780 3288 sustentabitur,
1812 3223 1892 3277 sic
1921 3238 2041 3278 cor-

451 3319 557 3373 pus
576 3304 774 3374 pabulo
786 3304 1008 3360 visionis
1027 3306 1126 3361 Dei
1143 3309 1486 3364 saturabitur.
1502 3312 1898 3367 Benedictione
1917 3312 2041 3367 dico

455 3391 640 3448 habita
679 3392 791 3461 jam
838 3395 1164 3466 quibusdam
1215 3399 1516 3453 secundum
1546 3399 1777 3463 animas,
1802 3407 1853 3454 et
1881 3400 2041 3470 plene

457 3481 662 3537 sanctis
692 3483 945 3538 omnibus
976 3485 1322 3553 honoranda,
1376 3502 1484 3542 non
1513 3487 1569 3541 in
1594 3488 1697 3543 hac
1727 3496 1892 3553 terra,
1944 3489 2041 3542 sed

454 3571 519 3626 in
547 3572 880 3638 calestibus,
928 3581 985 3628 ut
1046 3574 1203 3629 etiam
1260 3576 1522 3647 dignitate
1577 3576 1680 3631 loci
1734 3576 2042 3632 benedictio

454 3659 570 3715 hac
592 3662 1076 3717 commendabilior
1096 3664 1181 3717 sit.
1207 3666 1507 3720 Benedixit
1525 3665 1669 3729 dico,
1694 3666 1773 3720 sic
1792 3667 1855 3721 in
1888 3667 2046 3721 Chri-

450 3755 538 3804 sto
568 3751 719 3815 Iesu,
753 3750 806 3803 id
847 3758 930 3805 est
977 3751 1030 3806 in
1070 3753 1389 3821 operatione
1426 3753 1627 3809 Christi
1656 3755 1818 3819 Iesu,
1853 3753 1906 3808 in
1937 3769 2044 3825 quo

457 3836 614 3892 Pater
660 3837 844 3893 omnia
883 3848 1154 3908 operatur.

527 3924 764 3981 Ostensa
783 3926 1095 3998 impletione
1126 3929 1347 3985 alterius
1378 3931 1684 3996 electionis,
1719 3930 1897 3985 subdit
1927 3930 2045 3985 ele-

457 4015 694 4070 ctionem
723 4032 843 4087 quae
860 4018 1157 4073 secundum
1177 4019 1614 4087 justiﬁcationem
1637 4020 1833 4074 anima:
1854 4019 2044 4089 imple-

456 4112 547 4159 tur
572 4105 678 4159 hoc
707 4113 970 4175 tempore,
1002 4107 1369 4162 determinans
1408 4108 1723 4179 praedictam
1772 4108 2046 4178 impletio-

459 4210 584 4248 nem
615 4210 737 4249 esse
766 4210 833 4250 ex
854 4195 1230 4251 misericordia
1251 4197 1346 4252 Dei
1369 4214 1466 4269 per
1486 4197 1829 4264 electionem,
1855 4197 1924 4251 de
1941 4211 2048 4267 qua

460 4282 660 4349 subdit,
693 4284 882 4340 dicens
915 4300 926 4338 :
962 4285 1050 4340 Sic
1080 4301 1182 4341 nos
1228 4287 1377 4341 Deus
1424 4302 1487 4341 ex
1520 4286 1696 4358 gratia
1752 4284 2044 4351 benedixit,

459 4372 609 4428 sicut
640 4388 714 4427 ea:
742 4373 857 4428 sola
884 4374 1056 4445 gratia
1086 4373 1252 4446 elegit
1282 4390 1382 4429 nos
1413 4379 1549 4429 ante
1580 4375 2049 4429 constitutionem

458 4461 679 4517 mundi.
705 4462 805 4517 Ubi
835 4462 1053 4532 planum
1074 4470 1284 4517 estnon
1305 4463 1657 4533 praecessisse
1673 4461 1926 4517 meritum
1961 4463 2055 4516 ho-

2142 1888 2451 1954 bueramus,
2484 1889 2607 1959 quia
2636 1889 2870 1958 primum
2899 1887 3087 1959 incipit
3112 1886 3472 1943 communiter
3497 1901 3532 1940 a
3561 1886 3744 1941 bene-

2139 1976 2484 2042 dictionibus,
2509 1994 2631 2047 quze
2661 1976 3017 2047 ﬁuntpublice
3046 1976 3298 2031 omnibus
3319 1974 3499 2043 justis.
3525 1974 3743 2029 Dehine

2140 2065 2423 2121 descendit
2452 2066 2518 2119 ad
2542 2065 2657 2119 illas
2677 2082 2797 2137 quae
2816 2064 2951 2119 ﬁunt
2968 2064 3252 2135 apostolis.
3266 2063 3450 2119 Tertio
3463 2063 3649 2118 subdit
3670 2062 3743 2118 de

2140 2154 2268 2218 illis,
2300 2169 2438 2224 quas
2465 2154 2608 2208 Deus
2635 2154 2785 2208 dedit
2816 2154 3086 2224 Ephesiis.

2212 2242 2394 2297 Posita
2424 2242 2624 2312 duplici
2675 2242 2940 2297 electione
2965 2250 3018 2296 et
3046 2241 3315 2312 dignioris
3371 2239 3747 2311 completione

2140 2331 2445 2401 priemissa,
2498 2331 2680 2384 subdit
2735 2330 3156 2401 completionem
3213 2328 3455 2397 alterius,
3499 2329 3748 2384 dicens:

2142 2421 2207 2474 In
2237 2437 2341 2492 qua
2376 2420 2550 2489 gratia
2580 2420 2925 2489 gratiﬁcavit
2959 2436 3081 2487 nos,
3114 2419 3168 2472 id
3198 2427 3279 2472 est
3310 2426 3500 2489 gratos
3531 2433 3636 2472 nos
3659 2416 3748 2473 fe-

2142 2509 2213 2563 cit
2249 2510 2310 2563 in
2339 2510 2544 2563 dilecto
2568 2510 2707 2562 Filio
2738 2524 2857 2574 suo,
2885 2508 2938 2561 id
2957 2516 3037 2562 est
3068 2507 3122 2561 in
3146 2506 3251 2561 ﬁde
3272 2506 3457 2561 dilecti
3490 2506 3611 2560 Filii
3637 2506 3747 2571 sui,

2144 2613 2305 2667 quem
2338 2596 2461 2667 quia
2492 2596 2666 2666 diligit
2697 2604 2748 2651 et
2778 2612 2877 2650 nos
2901 2595 3040 2650 ﬁlios
3075 2596 3195 2650 Filii
3223 2595 3305 2649 sui
3333 2594 3530 2666 diligit.
3555 2594 3621 2649 In
3638 2611 3748 2667 quo

2144 2687 2285 2740 Filio
2316 2687 2581 2740 habemus
2613 2686 3075 2755 redemptionem.
3100 2685 3215 2739 Nec
3236 2700 3336 2754 per
3352 2684 3459 2738 vile
3480 2683 3744 2753 pretium,

2146 2774 2241 2828 sed
2270 2790 2369 2845 per
2389 2775 2723 2844 sanguinem
2756 2776 2889 2829 Filii
2919 2772 3170 2829 eﬁ'usum.
3205 2773 3266 2827 In
3310 2788 3414 2844 quo
3443 2772 3611 2827 etiam
3635 2772 3746 2826 ha-

2146 2863 2335 2917 bemus
2365 2863 2755 2918 remissionem
2782 2866 3163 2933 peccatorum.
3198 2859 3404 2915 Omnes
3432 2860 3637 2915 habent
3666 2876 3754 2915 re-

2146 2950 2544 3021 demptionem,
2594 2951 2719 3021 quia
2767 2949 2998 3021 pretium
3055 2948 3330 3005 sufﬁciens
3382 2948 3747 3019 redemptioni

2147 3039 2388 3096 omnium
2423 3038 2469 3092 si
2499 3038 2715 3103 vellent,
2750 3039 2932 3093 datum
2988 3045 3089 3093 est.
3125 3038 3234 3093 Sed
3291 3036 3347 3091 hi
3388 3036 3487 3092 soli
3542 3036 3748 3092 habent

2148 3128 2543 3192 remissionem,
2578 3127 2669 3198 qui
2700 3144 2759 3182 se
2788 3127 2986 3199 dignos
3018 3125 3390 3197 redemptione
3408 3125 3609 3181 Christi
3641 3141 3747 3180 ex-

2150 3217 2459 3272 hibuerunt.
2494 3217 2766 3272 Habemus
2800 3216 3190 3271 remissionem
3223 3214 3534 3270 secundum
3584 3214 3741 3268 divi-

2153 3308 2262 3361 tias
2284 3306 2425 3375 ejus,
2458 3304 2512 3359 id
2534 3312 2617 3359 est
2645 3305 2944 3359 secundum
2965 3304 3201 3377 gratiam
3230 3304 3347 3372 ejus
3377 3302 3431 3357 in
3458 3303 3564 3358 hoc
3592 3302 3745 3357 divi-

2151 3402 2280 3461 tem,
2313 3393 2441 3464 quia
2480 3400 2532 3447 et
2588 3393 2875 3465 originalia
2939 3400 2993 3447 et
3042 3391 3297 3457 actualia,
3319 3398 3374 3446 et
3420 3389 3536 3445 sive
3562 3406 3747 3461 pauca

2150 3481 2350 3536 fuerint
2383 3522 2396 3549 ,
2483 3480 2600 3536 sive
2678 3481 2845 3535 multa
2878 3524 2894 3547 ,
2976 3480 3157 3534 omnia
3231 3479 3349 3534 sine
3434 3476 3752 3533 diﬁ‘erentia

2150 3570 2379 3625 remisit.
2424 3569 2771 3624 Enumeratis
2827 3568 3105 3624 beneﬁciis
3180 3584 3301 3639 qua:
3352 3566 3552 3623 sanctis
3608 3565 3751 3621 ﬁunt

2150 3658 2204 3713 in
2267 3658 2522 3729 publico,
2581 3658 2647 3712 ab
2710 3660 2815 3714 hac
2887 3657 3307 3724 communitate,
3357 3654 3644 3711 descendit
3674 3656 3750 3710 ad

2148 3746 2445 3818 apostolos,
2477 3746 2667 3802 dicens
2699 3763 2712 3800 :
2750 3747 2881 3813 Quae
2919 3746 3095 3819 gratia
3124 3744 3432 3801 abundavit
3467 3746 3530 3800 in
3578 3745 3745 3801 nobis

2150 3834 2432 3905 apostolis,
2464 3852 2653 3906 super,
2716 3836 2773 3889 id
2825 3844 2909 3889 est
2965 3835 3144 3907 magis
3174 3849 3336 3905 quam
3393 3832 3447 3887 in
3505 3832 3749 3888 caeteris.

2150 3925 2218 3978 Et
2247 3924 2470 3994 dignum
2505 3922 2622 3991 fuit,
2658 3923 2787 3995 quia
2834 3923 2903 3977 ab
2958 3923 3045 3977 his
3100 3921 3373 3992 accepturi
3428 3928 3588 3976 erant
3631 3921 3749 3977 alii.

2150 4012 2466 4067 Abundavit
2495 4012 2619 4067 dico
2676 4013 2741 4066 in
2787 4013 2944 4067 omni
2990 4011 3274 4083 sapientia
3302 4013 3357 4066 et
3410 4009 3749 4081 prudentia.

2151 4100 2481 4170 Sapientiam
2518 4101 2587 4154 de
2616 4100 2926 4172 cognitione
2968 4099 3278 4154 divinorum
3304 4096 3435 4153 dicit
3458 4115 3471 4151 :
3494 4096 3751 4167 pruden-

2150 4188 2300 4254 tiam,
2333 4188 2489 4259 quasi
2518 4190 2917 4259 providentiam
2960 4205 3065 4259 qua
3114 4187 3312 4242 Paulus
3361 4186 3501 4241 bene
3532 4185 3750 4241 sciebat

2148 4277 2439 4348 providere
2472 4277 2583 4331 suis
2616 4276 2902 4332 Ecclesiis.
2927 4274 3108 4342 Omni,
3133 4291 3244 4330 non
3272 4273 3397 4346 quia
3423 4272 3605 4329 omnia
3626 4272 3748 4329 sci-

2150 4374 2287 4433 rent,
2312 4366 2410 4421 sed
2440 4366 2565 4437 quia
2588 4365 2848 4437 quidquid
2869 4364 2972 4420 sibi
3001 4380 3229 4419 necesse
3258 4370 3395 4430 erat,
3418 4370 3528 4417 tam
3554 4361 3625 4417 de
3655 4362 3750 4416 di-

2150 4455 2290 4511 vinis
2322 4470 2484 4525 quam
2514 4455 2583 4509 de
2603 4454 2875 4519 humanis,
2901 4453 2954 4507 in
2970 4460 3220 4524 promptu
3234 4452 3528 4507 habebant.
3551 4451 3623 4504 [ta
3643 4468 3748 4507 su-

458 4549 641 4603 minis.
674 4552 853 4622 Elegit
881 4568 983 4607 nos
1014 4552 1136 4607 dico
1166 4554 1229 4607 in
1257 4553 1376 4623 ipso
1399 4552 1620 4607 Christo
1648 4551 1701 4604 in
1732 4567 1839 4621 quo
1868 4550 2051 4605 omnia
2080 4543 2131 4603 D
2150 4544 2557 4617 perabundavit
2588 4547 2653 4597 ut
2680 4543 2836 4598 nobis
2884 4541 3142 4613 apostolis
3170 4544 3371 4597 notum
3417 4542 3745 4610 faceretsa-

460 4637 609 4709 fecit,
640 4639 725 4694 vel
756 4640 810 4694 in
842 4639 962 4711 ipso
991 4656 1402 4711 permansuros.
1435 4640 1519 4694 Ad
1545 4640 1649 4695 hoc
1676 4638 1839 4710 elegit
1869 4642 1935 4695 ut
1965 4655 2050 4694 es-

461 4745 649 4784 semus
676 4717 865 4785 sancti
884 4732 940 4784 et
965 4729 1327 4784 immaculati
1351 4748 1368 4784 :
1391 4728 1566 4783 sancti
1584 4727 1854 4798 positione
1878 4727 2049 4783 bono-

460 4832 601 4884 rum,
654 4816 986 4872 immaculati
1043 4816 1429 4871 emundatione
1469 4816 1755 4871 malorum.
1789 4817 2052 4871 Essemus

461 4905 647 4977 utique
677 4906 810 4960 tales
840 4908 901 4961 in
931 4909 1239 4978 conspectu
1268 4907 1408 4975 ejus,
1441 4905 1492 4959 id
1520 4913 1603 4960 est
1622 4913 1679 4958 ut
1696 4906 2051 4975 conspicere-

459 5010 583 5048 mus
613 5010 736 5049 eum
764 4995 937 5049 solum
969 5001 1021 5050 et
1049 4994 1102 5047 in
1132 4991 1283 5047 nullo
1321 4993 1581 5047 mundum
1629 4994 2048 5048 attenderemus.

463 5082 582 5150 Vel,
612 5083 676 5138 in
706 5086 1008 5155 conspectu
1028 5082 1169 5151 ejus,
1194 5080 1248 5135 id
1281 5088 1363 5135 est
1388 5080 1481 5151 qui
1511 5081 1580 5135 ab
1612 5097 1679 5137 eo
1704 5082 2052 5151 conspicere-

462 5188 605 5227 mur.
638 5172 817 5242 Elegit
845 5187 968 5236 nos,
1002 5169 1145 5235 dico,
1191 5169 1253 5223 in
1284 5169 1598 5238 charitate,
1631 5168 1685 5224 id
1716 5178 1793 5225 est
1824 5169 1880 5224 in
1936 5169 2053 5225 sola

460 5260 772 5317 dilectione.
808 5258 963 5314 Dicta
994 5257 1258 5313 electione
1288 5274 1408 5329 quae
1430 5258 1516 5315 hic
1537 5259 1837 5331 completur
1857 5275 2054 5314 secun-

461 5350 590 5404 dum
615 5347 880 5417 justitiam
918 5345 1132 5412 animae,
1175 5347 1356 5401 subdit
1394 5347 1544 5403 illam
1592 5348 1927 5406 electionem.
1952 5365 2053 5404 cu-

455 5438 667 5507 jusjam
697 5434 989 5506 praeposuit
1010 5436 1449 5506 completionem,
1483 5437 1674 5493 dicens
1707 5455 1720 5491 :
1754 5439 1931 5508 Elegit
1950 5453 2053 5493 nos

462 5530 530 5581 ut
551 5540 797 5580 essemus
826 5525 1051 5591 sancti;
1081 5526 1212 5597 quia
1241 5525 1403 5581 etiam
1421 5526 1871 5599 praedestinavit,
1896 5526 1950 5580 id
1972 5534 2055 5581 est

462 5610 849 5685 praeordinavit
879 5612 949 5666 ab
977 5621 1215 5679 aeterno;
1241 5614 1328 5669 vel
1369 5614 1688 5686 praeparavit
1720 5614 1776 5669 in
1808 5622 2055 5684 tempore

463 5717 565 5759 nos
586 5701 650 5759 in
670 5701 1027 5774 adoptiuum
1046 5704 1299 5774 ﬁliorum
1313 5704 1641 5761 habendam.
1666 5702 1851 5766 Noluit
1870 5702 2056 5758 dicere

2150 4637 2529 4697 crumentum,
2562 4630 2617 4685 id
2648 4639 2731 4686 est
2756 4638 3029 4686 secretum
3058 4630 3374 4685 voluntatis
3402 4645 3539 4694 sum,
3573 4626 3629 4681 id
3661 4636 3750 4682 est

2151 4722 2397 4777 ordinem
2419 4719 2807 4791 redemptionis
2828 4721 3099 4775 humanae.
3119 4718 3527 4773 Sacramentum
3546 4716 3750 4773 dicitur

2152 4810 2309 4882 quasi
2330 4817 2620 4878 secretum,
2652 4824 2718 4862 eo
2754 4808 2899 4879 quod
2919 4823 3027 4863 non
3049 4806 3321 4873 omnibus,
3349 4805 3447 4861 sed
3467 4804 3656 4875 paucis
3673 4804 3748 4859 il-

2151 4899 2242 4954 lud
2271 4899 2429 4953 liceat
2465 4897 2733 4967 aspicere.
2777 4897 2977 4951 Notum
3000 4895 3162 4951 faciet
3191 4901 3597 4950 sacramentum
3618 4893 3750 4963 hoc,

2154 4988 2361 5043 scilicet
2382 4987 2688 5041 instaurare
2708 4986 3021 5041 secundum
3056 4985 3261 5041 bonum
3299 4983 3576 5054 placitum
3598 4985 3749 5054 ejus,

2153 5093 2261 5132 non
2292 5075 2591 5131 secundum
2629 5074 2880 5129 meritum
2921 5073 3175 5139 hominis,
3212 5072 3337 5144 quia
3385 5071 3593 5126 nullum
3634 5078 3756 5125 erat

2153 5166 2294 5239 quod
2314 5165 2514 5219 bonum
2531 5163 2793 5235 placitum
2813 5164 2876 5218 in
2898 5178 2959 5218 eo
2980 5161 3194 5216 Christo
3224 5161 3546 5232 proposuit,
3584 5159 3642 5214 id
3667 5167 3755 5215 est

2150 5252 2536 5325 praeordinavit
2563 5253 2631 5307 ab
2658 5260 2883 5307 eterno.
2918 5251 3017 5307 Vel
3043 5250 3353 5323 proposuit,
3386 5248 3443 5304 id
3465 5256 3548 5303 est
3569 5248 3751 5319 palam

2154 5342 2420 5414 exposuit,
2451 5343 2600 5397 Deus
2629 5341 2833 5396 bonum
2862 5340 3120 5411 placitum
3165 5354 3342 5406 suum,
3367 5337 3414 5392 si
3445 5337 3598 5392 velit.
3623 5340 3763 5394 Pro-

2152 5434 2341 5505 posuit
2359 5432 2483 5487 dico
2500 5433 2562 5486 in
2581 5432 2999 5501 dispensatione
3010 5427 3390 5501 plenitudinis
3404 5430 3753 5499 temporum,

2154 5521 2210 5575 id
2230 5528 2313 5575 est
2340 5520 2394 5574 in
2422 5518 2758 5591 plenitudine
2779 5525 3101 5588 temporum.
3117 5517 3356 5586 Tempus
3373 5514 3518 5570 enim
3539 5516 3752 5587 gratiae,

2154 5608 2433 5679 plenitudo
2461 5616 2766 5678 temporum
2821 5606 3039 5662 dicitur.
3081 5604 3180 5659 Vel
3222 5603 3346 5675 quia
3400 5604 3585 5658 omnia
3631 5614 3758 5661 ante

2155 5697 2411 5770 prtedicta
2470 5705 2525 5753 et
2582 5702 2894 5768 exspectata
2941 5695 2998 5749 in
3044 5708 3111 5750 eo
3147 5708 3249 5765 per
3291 5691 3572 5747 Christum
3604 5692 3763 5751 fuere
