3932 6452
153 406 241 460 321

753 393 1129 453 EXPOSITIO
1177 395 1252 450 IN
1289 389 1668 450 EPISTOLAS
1699 386 1920 443 PAULI.
1963 417 2032 428 â€”
2078 389 2151 444 IN
2202 388 2420 443 EPIST.
2463 390 2558 444 AD
2606 389 2852 445 EPHES.

3359 390 3464 445 322

156 527 441 598 completa.
477 524 576 580 Vel
604 522 902 596 plenitudo,
936 523 991 578 id
1023 529 1105 577 est
1135 520 1256 574 finis
1279 529 1330 575 et
1362 516 1756 575 consummatio
1787 514 1833 573 A
1858 513 1977 582 Dei,
2013 513 2146 584 ipsis
2184 513 2375 570 collata
2426 514 2696 584 Ephesiis,
2749 513 2939 569 dicens
2972 529 2984 566 :
3021 514 3085 567 In
3115 529 3220 585 quo
3250 512 3465 568 Christo

158 626 462 687 temporum
521 631 643 686 quae
689 614 838 668 Deus
879 619 1004 666 ante
1065 619 1277 680 tempus
1335 608 1522 681 gratiae
1560 605 1754 678 praeire

163 705 523 762 constituerat.
573 701 910 758 Plenitudine
959 700 1082 756 dico
1128 714 1372 771 congrue
1419 697 1752 767 dispensata.

161 795 308 850 Prius
337 793 480 848 enim
512 791 680 847 voluit
711 791 858 846 Deus
907 789 1139 860 experiri
1187 787 1455 854 homines,
1508 785 1653 856 quod
1686 783 1755 836 li-

162 885 364 939 bertate
393 881 602 937 arbitrii
633 887 686 934 et
716 879 947 934 naturali
977 878 1100 950 lege
1123 877 1256 931 nihil
1278 883 1520 947 possent.
1547 872 1756 929 Dehinc

163 973 415 1042 scriptam
447 971 626 1041 legem
656 968 898 1035 tradidit,
930 983 1030 1037 per
1059 981 1224 1038 quam
1255 966 1449 1020 iterum
1481 965 1754 1033 impoten-

160 1071 236 1116 tes
286 1061 518 1116 evadere
565 1066 848 1130 peccatum
895 1062 1283 1128 apparuerunt.
1335 1055 1405 1107 Et
1465 1061 1754 1124 postquam

161 1153 320 1206 homo
351 1149 590 1218 undique
621 1164 681 1202 se
701 1145 958 1219 cognovit
991 1145 1362 1214 impotentem,
1388 1151 1513 1197 tunc
1535 1143 1756 1196 demum

163 1238 413 1310 apposuit
468 1238 616 1291 Deus
670 1244 973 1306 opportune
1019 1233 1250 1304 gratiam
1303 1232 1457 1300 cujus
1487 1230 1756 1300 adjutorio

160 1335 341 1399 posset
372 1328 535 1381 homo
565 1325 712 1396 quod
743 1340 842 1394 per
872 1340 931 1377 se
964 1337 1070 1378 non
1104 1329 1341 1392 poterat.

228 1417 557 1472 Instaurare
588 1413 710 1469 dico
741 1413 934 1468 omnia
965 1414 1027 1466 in
1051 1412 1286 1475 Christo,
1313 1409 1367 1464 id
1385 1417 1467 1464 est
1490 1425 1589 1478 per
1610 1407 1758 1463 Chri-

161 1515 316 1570 stum,
353 1521 477 1576 qua:
502 1505 565 1558 in
588 1503 740 1557 caelis
771 1505 906 1557 sunt
934 1499 1273 1570 imperfecta,
1307 1503 1364 1554 et
1379 1515 1500 1570 qute
1517 1499 1577 1553 in
1603 1502 1758 1553 terra

160 1603 278 1649 sunt
307 1609 407 1664 per
435 1600 722 1663 peccatum
766 1597 1040 1660 corrupta.
1073 1589 1154 1643 Ad
1188 1589 1289 1643 hoc
1320 1587 1464 1642 enim
1499 1587 1641 1640 Deus
1673 1585 1756 1640 fe-

162 1684 231 1738 cit
255 1682 532 1736 hominem
562 1689 615 1736 et
644 1679 873 1734 redemit
900 1685 958 1732 ut
989 1677 1402 1732 diminutionem
1435 1676 1757 1747 angelorum

161 1771 512 1843 reintegraret
559 1769 768 1824 salvato
815 1767 1054 1822 homine.
1117 1767 1245 1821 ldeo
1303 1766 1461 1821 etiam
1511 1764 1759 1818 Christus

160 1875 378 1915 carnem
409 1859 617 1929 accepit
645 1866 701 1912 ut
743 1857 1014 1912 hominem
1063 1863 1374 1925 corruptum
1422 1854 1474 1908 in
1517 1853 1756 1924 peccatis

162 1956 484 2004 restauraret
515 1948 570 2002 in
592 1947 816 2016 justitia.
875 1945 982 2000 Sed
1012 1946 1116 2000 hoc
1167 1949 1492 2000 restaurare
1524 1943 1757 1997 diversis

162 2039 332 2093 modis
364 2037 651 2107 accipitur.
686 2036 934 2090 Christus
980 2034 1125 2089 enim
1156 2034 1254 2088 fuit
1291 2049 1456 2089 causa
1487 2040 1757 2086 restaura-

162 2127 318 2181 tionis
365 2126 687 2197 angelorum
720 2143 734 2190 ;
766 2140 875 2179 non
907 2131 1164 2196 quantum
1195 2123 1263 2176 ad
1299 2137 1393 2177 eos
1425 2121 1748 2177 necessitas.

165 2215 353 2287 Angeli
383 2215 527 2270 enim
558 2213 681 2285 puri
713 2221 881 2278 erant,
915 2213 1040 2268 licet
1085 2211 1412 2284 quibusdam
1454 2211 1620 2265 sociis
1651 2210 1758 2264 im-

160 2304 366 2359 minuti.
400 2303 652 2358 Christus
699 2317 830 2358 vero
873 2317 1036 2357 causa
1076 2309 1129 2356 et
1158 2301 1456 2357 necessitas
1487 2309 1758 2355 restaura-

160 2393 315 2448 tionis
346 2393 648 2448 hominum.
700 2392 870 2446 Causa
916 2399 974 2445 ut
1017 2407 1117 2461 per
1165 2407 1288 2445 eum
1332 2390 1760 2461 reintegraretur

160 2481 342 2552 lapsus
373 2481 721 2554 angelorum.
755 2480 1068 2536 Necessitas
1100 2480 1223 2534 ideo
1255 2479 1381 2551 quia
1408 2479 1511 2533 nisi
1541 2487 1758 2534 restau-

159 2579 369 2625 raretur
399 2586 433 2625 a
465 2569 698 2637 Christo,
750 2568 993 2639 perditus
1040 2575 1155 2622 erat
1195 2584 1294 2639 per
1323 2575 1628 2638 peccatum.
1661 2569 1759 2622 In-

160 2663 421 2715 staurare
448 2659 573 2715 dico
592 2675 713 2730 quae
730 2659 794 2712 in
817 2662 970 2714 terra
991 2661 1146 2725 sunt,
1169 2657 1241 2712 ita
1262 2658 1404 2730 quod
1419 2659 1481 2712 in
1499 2659 1616 2729 ipso
1636 2673 1760 2726 per-

160 2757 430 2803 maneant.
467 2747 585 2802 Nisi
636 2747 780 2802 enim
828 2747 882 2800 in
915 2745 1022 2801 [ide
1066 2748 1184 2815 ejus
1215 2746 1631 2816 permanserint,
1666 2763 1760 2800 re-

159 2837 414 2894 stauratio
437 2835 513 2892 2
525 2835 594 2892 3
609 2836 678 2892 3
697 2851 886 2890 eorum
901 2835 1050 2890 nulla
1066 2835 1183 2890 erit.
1202 2834 1298 2890 Vel
1323 2835 1481 2889 aliter
1502 2853 1513 2888 :
1536 2836 1761 2890 Instau-

159 2942 286 2981 rare
316 2929 382 2981 in
405 2925 627 2981 Christo
657 2940 722 2980 ea
752 2942 874 2997 qua:
903 2926 965 2980 in
995 2926 1149 2980 cwlis
1178 2928 1336 2989 sunt,
1366 2924 1422 2978 id
1444 2932 1523 2978 est
1546 2933 1763 2979 sanctos

161 3030 387 3082 quorum
417 3013 614 3070 animae
638 3013 752 3082 jam
800 3013 855 3066 in
904 3013 1057 3068 oculis
1105 3020 1338 3083 regnant
1369 3029 1492 3068 cum
1523 3013 1757 3081 Christo,

159 3107 211 3156 et
244 3119 308 3157 ea
339 3120 466 3175 qua
485 3104 546 3157 in
573 3107 724 3158 terra
753 3106 907 3170 sunt,
941 3104 1002 3156 in
1025 3103 1160 3174 ipso,
1181 3101 1237 3157 id
1269 3109 1351 3156 est
1375 3102 1572 3170 justos,
1597 3101 1687 3173 qui
1717 3102 1763 3155 si

159 3191 330 3248 adhuc
360 3191 786 3248 conversatione
813 3198 1069 3246 tenentur
1111 3191 1166 3244 in
1198 3198 1362 3255 terra,
1414 3191 1642 3261 puritate
1675 3200 1760 3245 ta-

159 3296 280 3336 men
308 3282 435 3338 vitze
458 3282 571 3350 jam
602 3281 656 3336 in
686 3281 805 3352 ipso
848 3288 992 3336 sunt.
1045 3280 1302 3336 Dicerent
1350 3280 1573 3351 Ephesii
1607 3298 1619 3334 :
1658 3281 1764 3336 Vos

160 3370 377 3440 quidem
409 3370 645 3442 apostoli
675 3369 743 3424 ad
793 3378 996 3424 tantam
1038 3369 1376 3424 altitudinem
1413 3369 1591 3424 vocati
1636 3370 1766 3424 estis

161 3458 228 3512 ad
286 3475 450 3530 quam
503 3475 604 3514 nos
650 3474 813 3529 posse
844 3459 1130 3528 pervenire
1164 3459 1385 3512 stultum
1419 3475 1542 3513 esse
1574 3458 1767 3513 saltem

159 3547 387 3617 Opinari.
425 3548 514 3603 Ad
545 3549 651 3603 hoc
678 3547 881 3602 Paulus
915 3565 926 3604 :
961 3548 1026 3602 In
1061 3564 1166 3620 quo
1191 3547 1409 3603 Christo
1441 3549 1616 3603 etiam
1663 3565 1766 3604 nos

159 3637 388 3706 apostoli
416 3638 604 3694 vocati
633 3652 850 3701 sumus,
883 3651 992 3691 non
1014 3636 1210 3691 merito
1231 3645 1438 3701 nostro,
1465 3653 1565 3692 nec
1585 3636 1766 3709 digni-

160 3727 265 3779 tate
295 3726 544 3797 generis,
578 3725 673 3780 sed
703 3731 874 3791 sorte,
906 3725 960 3779 id
990 3734 1071 3780 est
1100 3725 1284 3779 divina
1310 3725 1597 3781 electione.
1634 3726 1768 3780 Sors

159 3812 352 3868 dicitur
387 3815 579 3870 divina
597 3814 810 3882 electio,
848 3822 906 3869 ut
939 3814 1158 3885 quando
1188 3815 1486 3870 humanum
1501 3815 1767 3883 judicium

161 3899 360 3968 deficit,
410 3902 704 3960 conferunt
753 3919 811 3958 se
850 3903 1099 3958 homines
1141 3903 1208 3958 ad
1255 3904 1576 3959 electionem
1632 3904 1756 3958 Dei.

157 3989 274 4045 Non
306 3992 487 4047 solum
519 3993 698 4065 gratia
719 3992 894 4048 vocati
923 4008 1130 4062 sumus,
1152 3993 1249 4047 sed
1279 3992 1444 4048 etiam
1473 3993 1769 4065 praedesti-

159 4081 302 4148 nati,
337 4081 393 4136 id
413 4090 499 4137 est
517 4081 829 4153 praeparati,
855 4099 1040 4136 sumus
1068 4083 1380 4138 secundum
1409 4083 1766 4154 prepositum

161 4169 296 4238 ejus,
351 4171 406 4224 id
456 4178 542 4226 est
596 4170 898 4226 secundum
944 4171 1091 4243 quod
1138 4171 1311 4242 pietas
1355 4171 1470 4239 ejus
1510 4172 1578 4225 de
1609 4171 1767 4226 nobis

159 4259 460 4329 proposuit.
499 4260 639 4329 Ejus
669 4258 812 4328 dico,
839 4261 936 4332 qui
965 4259 1103 4316 sicut
1124 4261 1240 4316 haec
1270 4260 1323 4314 in
1344 4259 1526 4326 nobis,
1547 4260 1626 4314 sic
1648 4275 1770 4330 ope-

159 4351 321 4402 ratur
351 4351 554 4404 omnia
583 4351 645 4404 in
676 4348 906 4421 singulis
925 4350 1234 4406 secundum
1252 4351 1556 4405 consilium
1577 4351 1770 4404 volun-

166 4437 298 4491 tatis
327 4455 468 4505 suae,
491 4438 548 4492 id
573 4445 653 4493 est
678 4439 980 4493 secundum
1003 4438 1341 4494 voluntatem
1363 4455 1513 4493 suam
1538 4438 1767 4494 consilio

157 4533 207 4577 et
233 4525 578 4583 discretione
608 4535 881 4599 agentem.
939 4527 1036 4582 Vel
1087 4528 1160 4582 ita
1193 4546 1205 4582 :
1236 4529 1358 4582 Non
1404 4527 1579 4582 solum
1610 4535 1770 4582 vocat

1859 618 1949 657 vos
1980 602 2159 657 vocati
2196 603 2326 656 estis
2357 602 2496 658 sicut
2544 618 2664 671 nos,
2721 611 2772 657 et
2831 601 3197 673 prmdeslinati
3236 618 3344 656 non
3393 617 3461 656 ex

1856 691 2050 746 merito
2083 701 2283 760 vestro,
2318 692 2416 746 sed
2455 709 2584 746 cum
2612 691 2912 746 audissetis
2931 693 3155 746 verbum
3180 691 3455 760 veritatis,

1857 779 1981 850 quia
2011 797 2075 834 ex
2109 781 2223 835 sola
2253 780 2430 852 gratia
2459 780 2604 833 misit
2633 781 2700 834 ad
2734 797 2830 834 vos
2855 781 3260 851 praedicatores,
3287 789 3337 835 et
3359 796 3458 836 vos

1856 868 2082 923 interius
2132 869 2425 940 inspiratos
2457 869 2647 923 audire
2706 869 2852 924 fecit.
2903 871 3018 925 Nec
3047 869 3222 926 solum
3255 869 3453 937 vocati,

1857 958 1954 1012 sed
1983 958 2038 1012 in
2070 974 2178 1029 quo
2209 959 2424 1013 Christo
2455 975 2550 1013 vos
2572 959 2735 1012 etiam
2756 959 3044 1014 credentes
3065 961 3275 1032 signati
3297 962 3450 1025 estis,

1856 1056 1914 1100 ut
1943 1048 2250 1117 appareatis
2281 1049 2348 1102 de
2380 1048 2568 1102 militia
2600 1049 2816 1116 Christi,
2843 1051 3060 1121 Spiritu
3093 1054 3307 1106 sancto.
3332 1049 3456 1120 Spi-

1856 1135 1962 1190 ritu
1993 1137 2117 1192 dico
2144 1139 2553 1209 promissionis,
2587 1137 2641 1191 id
2685 1147 2766 1192 est
2797 1137 2882 1192 vel
2930 1155 3092 1209 quem
3120 1139 3266 1193 Deus
3296 1138 3456 1193 nobis

1856 1225 2125 1294 promisit,
2161 1227 2246 1280 vel
2286 1226 2377 1297 qui
2427 1226 2676 1296 Spiritus,
2711 1228 2826 1296 jam
2874 1228 3170 1282 secundum
3220 1227 3456 1282 animam

1857 1313 2120 1370 deificans
2152 1331 2272 1379 nos,
2306 1315 2570 1385 promittit
2615 1315 2773 1370 nobis
2823 1315 3287 1373 immortalitatem
3327 1333 3454 1372 cor-

1857 1403 2007 1473 poris
2036 1403 2088 1456 in
2122 1403 2319 1458 futuro.
2348 1403 2452 1470 Qui
2473 1404 2706 1474 Spiritus
2736 1409 2822 1460 est
2831 1407 3052 1477 pignus.
3102 1406 3156 1460 id
3179 1414 3262 1461 est
3291 1407 3455 1462 arrha

1858 1500 1910 1546 et
1957 1493 2280 1563 principium
2333 1494 2600 1548 habendm
2633 1494 2980 1550 hereditatis
3023 1500 3252 1561 nostrae,
3297 1495 3457 1552 nobis

1856 1581 2138 1651 promissae
2167 1583 2220 1635 in
2269 1581 2448 1638 futura
2494 1582 2690 1653 gloria.
2728 1585 2934 1656 Signati
2978 1585 3109 1639 estis
3139 1586 3200 1640 in
3233 1585 3456 1641 redem-

1853 1673 2128 1741 ptionem,
2166 1671 2220 1725 id
2249 1679 2331 1726 est
2363 1679 2419 1726 ut
2448 1673 2938 1742 appareatisdehis
2960 1690 3097 1746 quos
3111 1674 3357 1729 Christus
3378 1690 3456 1730 re-

1857 1759 2045 1814 demit.
2088 1761 2537 1831 Redemptionem
2567 1763 2690 1818 dico
2719 1764 3132 1834 acquisitionis.
3187 1765 3286 1818 Per
3314 1764 3458 1819 hanc

1777 1879 1830 1940 B
1860 1848 2004 1902 enim
2034 1857 2086 1903 et
2115 1865 2214 1904 nos
2243 1850 2418 1904 Deum
2450 1851 2798 1922 acquirimus,
2824 1860 2876 1906 et
2906 1854 3053 1906 Deus
3080 1868 3187 1907 non
3217 1851 3458 1924 acquisi-

1859 1937 1951 1992 vit.
1997 1939 2180 1994 Vocati
2227 1939 2357 1993 estis
2388 1944 2443 1994 et
2482 1941 2712 2009 signati,
2765 1949 2868 1995 etc.
2918 1942 2981 1996 In
3015 1942 3238 1997 laudem
3267 1943 3460 2013 gloria:

1855 2028 2052 2098 ipsius,
2089 2027 2140 2080 id
2173 2037 2254 2081 est
2287 2036 2343 2082 ut
2378 2045 2478 2098 per
2509 2045 2606 2083 vos
2635 2029 2883 2084 laudetur
2917 2030 3095 2103 gloria
3125 2032 3263 2100 ejus.
3299 2031 3459 2086 Modo

1859 2115 2185 2171 determinat
2217 2117 2572 2172 intentionem
2623 2135 2800 2183 suam,
2843 2119 3033 2175 dicens
3066 2138 3079 2174 :
3113 2118 3249 2188 Quia
3282 2120 3460 2176 vocati

1858 2205 2194 2272 credidistis,
2229 2214 2280 2260 et
2315 2207 2517 2277 Spiritu
2537 2215 2727 2263 sancto
2752 2208 2949 2278 signati
2987 2210 3155 2276 estis;
3191 2212 3459 2282 Pr0pter-

1859 2310 1924 2348 ea
1955 2311 2049 2365 ego
2107 2295 2184 2363 (et
2215 2295 2389 2350 sancti
2422 2296 2512 2366 qui
2542 2312 2759 2352 mecum
2790 2300 2958 2368 sunt,)
2990 2313 3089 2370 ago
3108 2300 3328 2370 gratias
3357 2316 3458 2371 pro

1861 2384 2024 2449 vobis,
2059 2391 2110 2437 et
2138 2399 2309 2455 agens
2339 2385 2540 2454 gratias
2589 2403 2697 2440 non
2756 2402 2933 2442 cesso.
2989 2388 3086 2442 Hic
3119 2388 3256 2443 bene
3287 2389 3462 2443 innuit

1860 2487 1968 2527 non
1998 2489 2121 2527 esse
2152 2475 2479 2544 torpendum
2509 2475 2614 2528 illis
2638 2477 2927 2531 securitate
2957 2493 3070 2532 sua:
3095 2477 3336 2546 justitiaz,
3362 2479 3459 2533 sed

1861 2562 2008 2615 omni
2039 2563 2172 2616 hora
2203 2563 2270 2616 de
2302 2563 2640 2619 incremento
2688 2564 3038 2634 perfectionis
3085 2566 3457 2622 laborandum.

1861 2653 1987 2721 Ego,
2022 2651 2263 2722 inquam,
2298 2669 2413 2708 non
2445 2669 2592 2708 cesso
2610 2653 2852 2708 audiens
2874 2655 3043 2723 ï¬dem
3065 2660 3312 2711 vestram
3337 2674 3460 2729 qua

1861 2745 1944 2794 est
1976 2741 2035 2794 in
2067 2739 2282 2796 Christo
2298 2743 2449 2796 Iesu.
2485 2742 2598 2797 Hoc
2619 2743 2687 2796 ad
2720 2743 2896 2797 minus
2925 2744 3199 2814 perfectos
3221 2746 3458 2816 respicit,

1861 2829 1930 2882 de
1962 2829 2160 2900 quibus
2190 2830 2244 2882 in
2269 2830 2534 2901 principio
2561 2831 2654 2898 ait,
2687 2833 2944 2900 ï¬delibus
2967 2835 3027 2888 in
3054 2834 3276 2889 Christo
3297 2837 3453 2892 Iesu.

1864 2918 2112 2973 Audiens
2168 2919 2330 2973 etiam
2389 2920 2753 2976 dilectionem
2809 2927 3054 2977 vestram
3111 2923 3351 2978 habitam
3399 2925 3463 2981 in

1862 3023 2055 3062 omnes
2097 3013 2341 3063 sanctos.
2362 3009 2475 3064 Hoc
2505 3010 2573 3063 ad
2602 3010 2958 3080 perfectiores
2976 3012 3217 3083 respicit.
3244 3014 3323 3068 De
3345 3013 3464 3085 qui-

1864 3096 1968 3150 bus
1997 3096 2201 3152 ibidem
2223 3099 2296 3151 ait
2327 3099 2584 3153 omnibus
2613 3103 2850 3155 sanctis.
2887 3102 3008 3156 Non
3043 3118 3212 3168 cesso,
3246 3104 3464 3173 gratias

1865 3201 2035 3256 agens
2077 3202 2179 3257 pro
2216 3185 2384 3251 vobis,
2435 3190 2656 3258 faciens
2684 3191 3019 3245 memoriam
3050 3192 3221 3246 vestri
3250 3193 3465 3246 oratio-

1865 3275 2031 3330 nibus
2058 3276 2216 3341 meis,
2251 3291 2352 3346 pro
2374 3276 2637 3330 habendis
2652 3278 2828 3333 bonis.
2850 3278 3016 3347 Quasi
3037 3279 3244 3335 diceret
3271 3297 3284 3336 :
3313 3281 3463 3336 Sicut

1859 3363 1973 3432 jam
2003 3373 2226 3434 accepta
2258 3361 2408 3418 bona
2445 3365 2691 3438 intelligo
2730 3383 2852 3422 esse
2902 3385 2968 3422 ex
3015 3369 3192 3441 gratia
3234 3369 3353 3432 Dei,
3388 3369 3468 3426 sic

1871 3453 2048 3508 sentio
2079 3454 2148 3507 de
2178 3454 2435 3508 omnibus
2465 3471 2587 3526 quae
2617 3456 2852 3510 habituri
2884 3457 3034 3511 estis.
3070 3457 3232 3513 Facio
3248 3473 3465 3514 memo-

1866 3541 1998 3595 riam
2020 3543 2206 3608 vestri,
2243 3548 2308 3598 ut
2328 3546 2473 3599 Deus
2503 3545 2727 3599 Domini
2749 3547 3074 3602 nostriJesu
3105 3547 3337 3612 Christi,
3363 3563 3465 3604 cu-

1860 3631 1950 3697 jus
1983 3632 2285 3687 secundum
2334 3633 2628 3687 humanam
2681 3642 2925 3688 naturam
2958 3637 3103 3690 Deus
3139 3645 3239 3701 est,
3276 3644 3330 3691 et
3359 3637 3466 3691 Pa-

1866 3727 1950 3774 ter
1978 3721 2170 3792 gloriat-
2201 3723 2318 3790 ejus
2349 3741 2363 3788 ;
2397 3723 2643 3777 Christus
2691 3725 2834 3778 enim
2881 3726 3178 3780 secundum
3207 3725 3467 3782 deitatem

1865 3826 1986 3880 quae
2016 3810 2069 3864 in
2102 3827 2167 3866 eo
2197 3811 2377 3882 gloria
2407 3820 2508 3878 est,
2543 3812 2639 3866 Dei
2674 3812 2840 3868 Filius
2862 3823 2960 3874 est.
2992 3823 3048 3869 ut
3071 3815 3218 3870 Deus
3235 3823 3287 3870 et
3311 3817 3470 3871 Pater

1867 3900 1961 3954 det
1987 3901 2132 3955 vobis
2149 3901 2428 3973 Spiritum
2449 3903 2746 3974 sapientiae
2767 3908 2823 3958 et
2844 3905 3468 3969 revelationis,utreve-

1867 3988 1975 4046 late
2004 3989 2226 4058 possitis
2257 3989 2564 4062 intelligere
2587 3992 2845 4063 mysteria
2869 3993 2988 4047 Dei.
3011 3993 3302 4064 Sapientia:
3321 3994 3467 4063 dico,

1869 4085 1920 4131 et
1950 4077 2300 4133 revelationis
2358 4079 2557 4135 habita:
2588 4082 2650 4135 in
2697 4083 2990 4152 agnitione
3020 4084 3158 4154 ejus,
3209 4092 3267 4139 ut
3295 4085 3471 4140 Deum

1869 4166 2095 4237 ejusque
2127 4167 2390 4238 mysteria
2420 4169 2786 4240 cognoscatis.

1942 4257 2042 4310 Det
2073 4256 2235 4310 etiam
2266 4257 2420 4312 vobis
2451 4260 2809 4316 illuminatos
2829 4262 3037 4326 oculos,
3058 4278 3168 4316 non
3201 4262 3324 4318 dico
3353 4279 3474 4320 cor-

1868 4345 2040 4414 poris,
2072 4345 2169 4400 sed
2199 4346 2584 4402 cordisvestri.
2611 4348 2835 4420 Trangit
2867 4349 2952 4404 hic
2983 4350 3204 4404 stultum
3223 4367 3472 4408 errorem

1871 4434 2236 4505 quorumdam
2294 4435 2559 4505 (maxime
2624 4437 2936 4508 gentilium)
2994 4439 3085 4509 qui
3117 4439 3171 4493 in
3198 4440 3476 4510 primitiva

1870 4520 1996 4585 fide,
2060 4522 2152 4593 qui
2208 4532 2610 4580 consueverant
2666 4525 2812 4580 idola
2864 4541 2982 4593 sua,
3033 4545 3155 4598 quae
3201 4529 3478 4586 habebant

157 4627 254 4666 nos
283 4630 350 4670 ex
380 4618 590 4687 gratia,
621 4616 716 4670 sed
749 4616 908 4671 etiam
939 4618 1037 4689 qui
1065 4619 1278 4683 omnia,
1313 4633 1432 4688 qua}
1460 4623 1582 4687 post
1604 4631 1769 4672 voca-
1795 4605 1848 4666 D
1874 4627 2036 4665 manu
2067 4620 2323 4675 tractare,
2360 4612 2605 4669 234
2635 4615 2895 4684 putabant
2915 4632 3058 4672 caeca
3090 4626 3269 4673 mente
3299 4619 3477 4674 Deum

161 4700 357 4758 tionem
389 4713 718 4778 sequuntur,
745 4710 1014 4778 aperatur
1041 4705 1096 4759 in
1116 4705 1279 4760 nobis
1298 4707 1614 4762 secundum
1645 4723 1772 4760 con-

161 4791 352 4848 silium
383 4811 506 4850 suae
539 4796 877 4859 voluntatis,
903 4795 1038 4849 sicut
1068 4795 1272 4850 dictum
1302 4803 1402 4850 est.
1437 4795 1567 4850 Ideo
1596 4795 1772 4850 vocati

162 4886 209 4932 et
236 4883 636 4951 prindestinati,
673 4887 738 4938 ut
768 4885 945 4940 simus
975 4885 1038 4938 in
1072 4885 1299 4940 laudem
1324 4886 1521 4954 gloria:
1551 4887 1691 4956 ejus,
1718 4883 1772 4938 id

162 4977 239 5022 est
259 4979 314 5024 ut
345 4972 516 5044 digna
548 4972 710 5027 laude
740 4972 1110 5043 glorificemus
1127 4975 1302 5028 Deum
1324 4973 1416 5045 qui
1437 4974 1547 5028 vult
1564 4973 1773 5028 laudari

163 5071 193 5110 a
220 5060 392 5116 nobis.
408 5063 538 5118 Non
557 5061 707 5133 quod
739 5060 854 5116 laus
884 5069 1070 5117 nostra
1091 5062 1384 5134 quidquam
1405 5062 1651 5118 conferat
1672 5062 1770 5129 illi,

166 5147 255 5200 sed
309 5159 363 5204 ut
410 5151 618 5206 habeat
667 5165 886 5206 causam
936 5151 1314 5208 benefaciendi
1358 5151 1536 5207 nobis.
1594 5151 1774 5206 Simus

165 5233 298 5303 dico,
332 5256 434 5294 nos
465 5241 567 5314 qui
600 5244 909 5312 antequam
941 5257 1038 5296 vos
1071 5243 1425 5313 speravimus
1443 5242 1503 5296 in
1529 5240 1768 5296 Christo.

169 5322 223 5377 In
251 5333 497 5400 tempore
529 5337 745 5384 tantum
774 5345 871 5384 vos
900 5330 1281 5400 praecedimus,
1303 5331 1400 5385 sed
1435 5331 1480 5384 si
1510 5329 1692 5395 vultis,
1720 5330 1775 5384 in

168 5411 329 5483 gloria
375 5434 489 5474 non
538 5417 928 5490 praecedimus.
974 5420 1082 5475 Sed
1143 5419 1393 5475 fortassis
1449 5419 1774 5491 princedetis

168 5517 279 5573 nos,
309 5521 431 5563 cum
461 5508 611 5564 dona
647 5507 749 5563 Dei
778 5507 831 5561 in
864 5508 979 5563 sole
1009 5508 1276 5565 electione
1306 5508 1631 5577 consistant,
1665 5524 1776 5563 non

168 5587 218 5644 in
243 5609 460 5666 genere,
496 5597 588 5653 vel
620 5597 673 5651 in
705 5595 981 5668 prioritale
1011 5598 1291 5669 temporis.

232 5677 381 5736 Nunc
434 5682 509 5737 ab
569 5679 841 5754 apostolis
895 5681 1227 5739 descensum
1249 5681 1376 5740 facit
1405 5682 1476 5739 ad
1509 5679 1776 5739 beneï¬cia

1872 4717 1989 4756 rem
2002 4701 2311 4770 hujusmodi
2324 4718 2596 4774 esse,quzn
2609 4713 2660 4758 et
2681 4705 2854 4760 oculis
2875 4705 3057 4760 carnis
3074 4705 3267 4772 videri,
3293 4715 3346 4762 et
3361 4723 3477 4762 ma-

1872 4790 2036 4844 nibus
2054 4800 2243 4861 posset
2263 4791 2496 4862 palpari.
2520 4794 2621 4848 Det
2642 4794 2787 4849 vobis
2810 4795 3168 4852 illuminatos
3180 4798 3387 4864 oculos,
3408 4802 3476 4853 ut

1873 4881 2068 4936 sciatis
2092 4898 2233 4952 quas,
2267 4880 2321 4935 id
2353 4889 2434 4935 est
2465 4899 2625 4953 quam
2655 4882 2819 4954 digna
2859 4900 2964 4949 res,
2997 4893 3049 4939 et
3082 4902 3250 4958 quam
3281 4885 3477 4942 valens

1873 4971 1951 5024 sit
1979 4986 2121 5040 spes.
2155 4971 2277 5025 Non
2311 4978 2515 5026 tantum
2574 4988 2665 5026 res
2707 4981 2939 5043 sperata,
2993 4975 3092 5029 sed
3131 4975 3478 5033 solummodo

1875 5074 2098 5129 sperare
2130 5059 2350 5114 beatum
2381 5069 2481 5114 est.
2517 5061 2649 5129 Qua:
2677 5063 2752 5116 sit
2781 5079 2905 5136 spes
2934 5065 3244 5120 vocationis
3266 5065 3480 5134 Ïá½·Ï‰,á¼±á½±

1874 5155 1958 5202 est
1985 5148 2066 5202 rei
2095 5148 2165 5202 ad
2196 5165 2358 5220 quam
2387 5165 2676 5215 vocamus,
2713 5151 2799 5206 vel
2831 5160 3167 5219 vocatorum,
3189 5153 3243 5210 id
3273 5163 3353 5209 est
3374 5154 3483 5211 ele-

1875 5245 2084 5292 ctorum
2117 5238 2254 5306 ejus.
2288 5241 2358 5294 Et
2379 5256 2502 5311 qua:
2533 5240 2890 5310 suntfdivitiw
2907 5243 3104 5314 gloria:
3125 5244 3482 5301 hwreditatis

1875 5329 2014 5398 ejus,
2050 5327 2103 5381 id
2136 5335 2218 5381 est
2271 5344 2435 5399 quam
2467 5329 2639 5401 digna
2684 5329 2752 5383 sit
2799 5331 3094 5386 haereditas
3124 5333 3261 5402 ejus,
3295 5333 3350 5386 in
3378 5349 3484 5405 qua

1876 5423 2000 5469 sunt
2019 5415 2240 5482 divitiae,
2276 5417 2329 5470 id
2362 5425 2444 5472 est
2475 5417 2625 5472 nulla
2663 5419 2910 5489 penuria,
2960 5421 3058 5475 sed
3088 5422 3266 5477 omnis
3300 5421 3479 5495 copia.

1875 5501 1935 5554 In
1966 5519 2074 5573 qua
2104 5505 2269 5560 etiam
2297 5514 2379 5561 est
2409 5506 2614 5579 gloriaf,
2647 5506 2701 5560 id
2759 5515 2842 5562 est
2869 5525 3197 5579 permanens
3227 5511 3484 5583 gaudium

1877 5589 1994 5645 sine
2007 5593 2331 5652 admistione
2344 5595 2568 5652 deloris.
2577 5597 2670 5651 Hae
2679 5598 2942 5652 reditatis
2953 5599 3077 5656 dico
3093 5599 3488 5658 distribuendm

1876 5680 1933 5735 in
1962 5681 2298 5752 quibuslibet
2336 5685 2561 5742 sanctis.
2592 5685 2662 5741 Et
2692 5693 2750 5740 ut
2779 5685 2962 5743 sciatis
3005 5705 3128 5760 qua:
3157 5689 3227 5744 sit
3256 5690 3483 5761 magni-
