3932 6458
442 316 545 370 323
610 340 611 343 η

1003 316 1059 372 S.
1102 315 1454 372 BRUNONIS
1492 314 2137 373 CARTHUSIANORUM
2174 315 2656 377 INSTITUTORIS
2695 320 2847 378 OPP.
2890 323 3065 380 PARS
3103 325 3169 381 II.

3632 332 3739 386 324

445 438 579 493 tudo
600 439 853 504 virtutis,
885 438 938 493 id
970 447 1053 494 est
1082 439 1249 494 virtus
1278 440 1395 509 ejus
1427 456 1624 511 magna
1645 448 1697 495 et
1727 440 2036 510 incompre-
2060 441 2114 499 Α
2145 463 2166 486 α
2204 444 2406 499 cazteri.
2438 445 2585 500 Deus
2616 455 2793 501 autem
2825 447 2915 519 qui
2945 448 3099 504 dives
3131 458 3213 505 est
3251 451 3305 505 in
3334 452 3741 523 misericordia,

443 526 746 582 hensibilis.
808 528 875 581 Et
917 544 1040 583 cum
1096 530 1212 583 haec
1269 529 1583 599 magnitudo
1640 528 1812 583 futura
1845 528 1911 582 sit
1940 543 2037 598 per

442 631 634 672 omnes
688 623 922 681 sanctos,
956 619 1382 689 supereminens
1412 624 1593 671 tamen
1625 616 1805 671 futura
1850 619 1912 672 in
1936 633 2035 671 nos

438 708 733 781 apostolos,
769 707 859 778 qui
888 707 1037 777 prius
1067 705 1187 759 aliis
1237 705 1585 761 credidimus.
1620 707 1683 759 Et
1717 706 1862 776 quod
1892 706 2033 759 hanc

441 798 693 852 virtutem
726 796 873 850 Deus
913 801 1171 865 operetur
1200 792 1255 847 in
1287 809 1409 860 nos,
1441 793 1615 864 probo
1642 809 1740 863 per
1772 794 1873 847 hoc
1906 792 2033 863 quia

435 887 543 956 jam
578 890 661 941 est
694 887 960 956 cperatus
992 898 1115 937 eam
1147 884 1209 937 in
1233 881 1475 937 Christo.
1507 881 1660 950 Quod
1682 881 1758 936 sic
1779 881 1848 933 ait
1874 898 1886 933 :
1913 880 2033 935 Vir-

439 983 602 1029 tutem
635 975 774 1028 hanc
802 971 1035 1027 futuram
1060 972 1112 1025 in
1141 987 1243 1025 nos
1271 970 1480 1025 affirmo
1508 970 1815 1025 secundum
1838 986 2033 1040 apera-

440 1067 649 1120 tionem
669 1063 941 1134 potentiae
958 1060 1191 1115 virtutis
1222 1062 1360 1130 ejus,
1380 1058 1434 1111 id
1456 1066 1536 1111 est
1553 1058 1849 1111 secundum
1870 1056 2031 1111 virtu-

434 1160 543 1207 tem
603 1152 724 1219 ejus
780 1147 1146 1220 potentialiter
1200 1155 1537 1216 Operantem,
1585 1163 1752 1215 quam
1782 1145 2031 1200 virtutem

435 1244 699 1314 aperotus
731 1243 816 1294 est
845 1239 906 1292 in
940 1236 1174 1291 Christo.
1212 1237 1277 1290 Et
1318 1235 1456 1289 hanc
1506 1234 1756 1288 virtutem
1788 1233 2026 1303 exponit,

434 1329 747 1400 approbans
778 1342 877 1397 per
904 1326 1009 1380 hoc
1057 1325 1200 1395 quod
1242 1323 1492 1377 similiter
1522 1331 1572 1377 et
1602 1322 1774 1393 possit
1811 1330 1863 1376 et
1892 1337 2029 1391 ope-

435 1426 580 1472 retur
607 1417 660 1471 in
710 1415 889 1470 nobis.
935 1414 1207 1485 Operatus
1257 1416 1340 1467 est
1386 1412 1657 1466 virtutem
1687 1412 1749 1465 in
1784 1410 2024 1475 Christo,

432 1507 718 1563 suscitans
748 1506 915 1559 illum
936 1520 969 1557 a
989 1502 1250 1566 mortuis,
1283 1516 1383 1571 per
1413 1500 1557 1570 quod
1590 1508 1642 1553 et
1673 1515 1772 1553 nos
1804 1498 2035 1579 suscita-1

433 1595 530 1660 bit,
565 1603 617 1650 et
644 1600 869 1664 apparet
901 1591 1045 1663 quod
1075 1590 1265 1660 possit.
1301 1590 1368 1644 Et
1392 1590 1578 1651 illum,
1622 1587 1827 1642 scilicet
1864 1586 2023 1641 Chri-

432 1692 594 1749 stum,
633 1682 947 1737 suscitatum
974 1679 1379 1735 constituensa
1410 1677 1730 1743 dexteram,
1763 1675 1817 1729 id
1848 1682 1929 1729 est
1958 1674 2027 1728 ad

2141 547 2162 570 «
2195 536 2427 597 pr0pter
2454 529 2675 583 nimiam
2707 531 3026 586 charitatem
3056 549 3205 587 suam
3238 550 3347 605 qua
3393 536 3583 591 dilexit
3613 552 3742 603 nos,

2139 634 2161 663 ι
2196 622 2248 668 et
2292 631 2412 669 cum
2471 633 2716 671 essemus
2773 620 2971 674 mortui
3023 622 3279 690 peccatis,
3342 622 3748 680 conviviﬁcavit

2139 724 2160 746 α
2193 718 2293 756 nos
2316 704 2369 757 in
2401 705 2636 771 Christo,
2657 707 2815 774 cujus
2843 708 3021 779 gratia
3037 710 3169 763 estis
3198 710 3411 767 salvati.
3440 713 3507 767 Et
3536 728 3745 769 conre-

2139 812 2160 834 «
2196 793 2469 847 suscitavit
2497 802 2548 847 et
2579 795 2866 849 considere
2888 794 3015 851 fecit
3041 797 3096 850 in
3112 798 3424 854 caelestibus
3445 800 3497 854 in
3519 801 3743 858 Christo

2137 899 2159 928 ι
2196 880 2336 945 lesu,
2399 888 2455 933 ut
2499 883 2809 937 ostenderet
2856 884 2911 937 in
2963 886 3177 940 saeculis
3226 889 3744 957 supervenientibus

2136 989 2158 1013 α
2195 968 2537 1023 abundantes
2553 971 2766 1025 divitias
2790 973 2982 1042 gratiae
3003 974 3181 1029 suain
3204 974 3441 1031 bonitate
3454 993 3620 1047 super
3635 994 3740 1034 nos

2135 1077 2157 1100 α
2198 1055 2271 1110 2
2283 1055 2351 1111 3
2364 1057 2436 1112 5
2464 1057 2518 1111 in
2534 1058 2750 1113 Christo
2769 1060 3106 1115 Jesu.Gratia
3119 1062 3260 1117 enim
3275 1063 3462 1119 salvati
3483 1066 3617 1120 estis
3636 1083 3743 1137 per

2136 1163 2158 1188 ι
2192 1141 2355 1197 ﬁdem
2385 1152 2438 1199 et
2468 1145 2570 1200 hoc
2602 1162 2710 1200 non
2742 1163 2807 1201 ex
2839 1148 2994 1202 vobis
3029 1167 3043 1214 ;
3077 1150 3177 1205 Dei
3209 1151 3355 1205 enim
3385 1153 3589 1207 donum
3626 1162 3734 1220 est,

2135 1253 2156 1276 α
2195 1247 2301 1285 non
2338 1246 2408 1285 ex
2452 1234 2729 1303 Operibus,
2755 1243 2901 1290 utne
2924 1237 3046 1307 quis
3074 1237 3359 1310 glorietur.
3384 1240 3562 1311 Ipsius
3584 1242 3736 1296 enim

2134 1341 2155 1364 «
2192 1334 2380 1373 sumus
2411 1320 2634 1387 factura,
2686 1323 2853 1377 creati
2881 1324 2935 1378 in
2983 1325 3197 1380 Christo
3226 1327 3355 1380 Jesu
3386 1328 3438 1381 in
3468 1329 3737 1400 operibus

2135 1427 2157 1455 ι
2186 1407 2367 1476 bonis,
2399 1425 2522 1480 qua:
2551 1413 2877 1480 praeparavit
2899 1414 3045 1467 Deus
3075 1421 3133 1468 ut
3163 1415 3219 1468 in
3242 1415 3349 1469 illis
3369 1416 3734 1474 ambulemus.

2134 1515 2156 1545 ι
2194 1497 2423 1566 Propter
2453 1499 2597 1568 quod
2625 1515 2900 1554 memores
2929 1509 3101 1557 estote
3131 1504 3278 1573 quod
3310 1504 3605 1575 aliquando
3634 1523 3735 1563 vos

2135 1606 2156 1631 ε
2189 1584 2280 1655 qui
2311 1594 2503 1656 gentes
2534 1587 2691 1641 eratis
2739 1589 2793 1642 in
2837 1604 3025 1655 carne,
3074 1591 3165 1661 qui
3215 1592 3546 1647 dicebamini
3578 1612 3727 1664 prae-

2134 1693 2155 1715 «
2188 1673 2395 1742 putium
2427 1675 2494 1727 ab
2540 1691 2603 1728 ea
2628 1693 2750 1746 quae
2793 1677 2991 1732 dicitur
3041 1679 3389 1736 circumcisio
3445 1681 3501 1734 in
3558 1697 3732 1739 carne

431 1772 791 1843 aequalitatem
821 1785 984 1823 suam
1014 1770 1075 1822 in
1110 1766 1445 1829 coelestibus,
1494 1771 1546 1818 et
1578 1764 1650 1817 ita
1680 1763 1825 1834 quod
1856 1779 2027 1835 supra
2049 1791 2099 1849 Β
2132 1782 2155 1807 α
2190 1761 2534 1827 manufacta;
2569 1765 2659 1834 qui
2689 1765 2855 1819 eratis
2887 1766 2976 1821 illo
3006 1766 3061 1820 in
3083 1775 3328 1838 tempore
3350 1769 3467 1824 sine
3484 1770 3726 1839 Christo,

432 1876 655 1917 omnem
670 1858 1082 1929 principatum,
1104 1859 1160 1909 et
1186 1857 1541 1925 potestatem,
1564 1855 1621 1906 et
1646 1854 1939 1917 virtutem,
1972 1854 2029 1905 et

434 1948 901 2004 dominationem.

502 2035 601 2091 Hic
632 2043 863 2106 quatuor
893 2029 1468 2102 ordinesangelorum
1495 2028 1762 2083 habemus
1797 2045 1810 2093 ;
1845 2035 1900 2081 et
1927 2043 2028 2097 per

428 2127 533 2181 hoc
556 2124 703 2195 quod
720 2121 969 2192 sequitur
987 2135 1150 2176 omne
1161 2135 1388 2183 nomen,
1412 2117 1764 2189 intelligimus
1786 2116 2025 2187 reliquos

427 2214 665 2270 ordines.
702 2210 862 2279 Quod
890 2224 1090 2263 nomen
1121 2209 1474 2271 nominatur,
1509 2206 1562 2259 id
1584 2213 1665 2259 est
1696 2204 2025 2259 nominabile

429 2310 529 2367 est,
564 2317 679 2356 non
699 2301 881 2355 solum
910 2300 973 2353 in
995 2296 1093 2351 hoc
1109 2296 1333 2359 sceculo,
1356 2294 1450 2349 sed
1474 2296 1647 2349 etiam
1662 2292 2024 2362 quodcunque

426 2389 800 2447 nominabitur
852 2389 901 2442 si
955 2389 1172 2458 futuro.
1209 2384 1325 2438 Hoc
1365 2382 1496 2437 ideo
1528 2381 1756 2448 addidit,
1800 2397 1869 2435 ne
1901 2381 2023 2451 quis

426 2482 685 2552 objiceret
716 2479 765 2533 ei
796 2495 809 2531 :
845 2475 1153 2532 Secundum
1183 2474 1286 2528 hoc
1317 2472 1462 2544 quod
1490 2487 1679 2543 parum
1711 2471 1780 2524 de
1811 2470 2022 2539 angelis

424 2572 588 2627 modo
621 2566 972 2641 cognoscitis,
998 2563 1239 2620 concedo
1261 2562 1531 2616 Christum
1560 2576 1722 2629 supra
1744 2559 1872 2629 poni
1890 2559 2015 2624 illis,

425 2660 524 2715 sed
571 2657 871 2713 secundum
911 2655 1015 2708 hoc
1056 2651 1201 2723 quod
1246 2651 1314 2705 de
1360 2650 1467 2704 illis
1511 2649 1565 2703 in
1595 2648 1776 2702 futuro
1806 2646 2019 2718 plenius

422 2745 784 2821 cognoscetis,
837 2758 963 2799 caro
1014 2740 1211 2796 Christi
1269 2754 1379 2793 non
1431 2744 1834 2809 supraponetur
1877 2735 2007 2789 illis.

424 2838 622 2893 Contra
651 2836 754 2889 hoc
786 2832 858 2888 ait
891 2849 905 2885 :
936 2831 1059 2885 Non
1108 2828 1282 2883 solum
1324 2827 1467 2898 quod
1498 2825 1806 2880 nominatur
1834 2823 1888 2876 in
1914 2824 2017 2877 hoc

423 2924 640 2988 saeculo,
676 2921 774 2976 sed
803 2919 965 2976 etiam
994 2931 1162 2987 supra
1192 2930 1353 2969 omne
1383 2914 1510 2967 illud
1544 2912 1688 2983 quod
1710 2911 1778 2965 de
1805 2910 2017 2981 angelis

423 3019 784 3085 cognoscatur
830 3008 885 3062 in
927 3006 1127 3074 futuro,
1178 3019 1305 3058 eum
1362 2999 1709 3071 supraposuit
1762 2998 2014 3053 omnibus

421 3110 477 3157 et
504 3100 685 3156 omnia
715 3095 999 3167 supposuit
1028 3094 1096 3148 ei.
1148 3090 1383 3159 Quidam
1416 3088 1561 3143 enim
1594 3094 1717 3140 sunt
1749 3102 2013 3157 suprapo-

419 3189 506 3245 siti
536 3186 739 3249 multis,
771 3184 879 3255 qui,
895 3182 1020 3237 licet
1047 3179 1350 3245 inferiores,
1384 3192 1496 3231 non
1524 3183 1704 3229 tamen
1734 3182 1855 3228 sunt
1877 3174 2012 3228 sub-

412 3277 543 3348 jecti
573 3276 674 3331 eis.
724 3273 879 3329 Unde
926 3270 1045 3324 ait:
1084 3267 1284 3324 Omnia
1343 3265 1581 3341 subjecit
1635 3264 1734 3318 sub
1780 3263 2012 3334 pedibus

421 3369 544 3435 eius
565 3364 739 3433 (Psat.
774 3375 895 3426 vm,
932 3360 1004 3428 8),
1039 3356 1095 3411 id
1125 3363 1208 3411 est
1238 3363 1346 3408 tam
1375 3353 1533 3449 plena
1565 3351 1919 3449 subject-ioue,

416 3455 507 3509 ille
564 3452 656 3525 qui
687 3450 918 3523 pedibus
975 3444 1352 3505 substernitur,
1416 3442 1501 3497 vel
1531 3442 1631 3497 sub
1657 3440 1902 3511 pedibus,
1954 3439 2010 3493 id

416 3552 498 3600 est
528 3544 629 3599 sub
659 3539 985 3596 humanitate
1041 3532 1242 3590 Christi
1287 3532 1467 3587 omnia
1517 3529 1763 3598 subjecit.
1796 3528 2010 3583 Diceret

413 3634 504 3689 ille
536 3647 548 3685 :
584 3633 648 3686 Et
675 3628 803 3701 quid
834 3643 931 3698 per
957 3625 1062 3680 hoc
1090 3622 1311 3693 probas,
1360 3619 1405 3673 si
1452 3617 1720 3673 Christum
1774 3616 2008 3671 suscita-

412 3732 529 3777 tum
557 3735 722 3791 super
776 3715 960 3771 omnia
1014 3711 1213 3783 posuit,
1273 3717 1325 3764 et
1372 3707 1554 3763 omnia
1600 3706 1704 3776 ipsi
1734 3704 2008 3774 subjecit?

412 3812 558 3866 Bene
586 3824 685 3879 per
711 3807 816 3860 hoc
841 3802 1037 3874 probo,
1070 3800 1143 3854 ait
1171 3798 1385 3865 Paulus,
1419 3796 1561 3870 quod
1607 3798 1794 3866 ipsum
1845 3793 2006 3847 Chri-

414 3907 558 3954 stum
572 3898 721 3953 Deus
733 3893 884 3948 dedit
903 3892 1256 3961 caputsupra
1277 3902 1500 3942 omnem
1520 3883 1825 3939 Ecclesium
1844 3903 1862 3949 ;
1884 3898 2006 3955 qua

414 3985 665 4043 Ecclesia
691 3986 777 4039 est
799 3996 1001 4053 corpus
1020 3979 1198 4047 ipsius
1225 3974 1445 4030 Christi.
1470 3975 1537 4028 Et
1557 3970 1753 4044 putatis
1775 3971 1921 4042 quod
1948 3970 2006 4024 in

409 4077 584 4146 capite
615 4072 908 4146 gloriosus,
942 4076 992 4122 et
1022 4067 1075 4120 in
1107 4080 1331 4136 corpore
1361 4070 1638 4117 remaneat
1668 4059 2002 4131 ignominio-

412 4165 544 4220 sus?
575 4160 824 4217 Ecclesia
853 4165 935 4213 est
965 4170 1182 4226 corpus,
1214 4158 1269 4208 et
1300 4151 1593 4225 plenitudo
1622 4151 1743 4221 ejus
1780 4148 1997 4213 Christi,

409 4253 502 4326 qui
532 4249 785 4307 Christus
814 4262 915 4317 per
943 4260 1066 4299 eam
1117 4240 1457 4311 adimpletur.
1510 4237 1627 4293 Nisi
1684 4236 1827 4291 enim
1868 4236 1999 4305 justi

409 4340 801 4397 resuscitentur
851 4333 1031 4390 eundo
1087 4347 1261 4403 usque
1328 4329 1401 4384 ad
1470 4326 1715 4381 ultimum
1767 4326 1997 4393 justum,

408 4445 609 4501 corpus
638 4425 837 4483 Christi
891 4428 1134 4478 remanet
1171 4416 1571 4490 imperfectum.
1615 4414 1719 4482 Qui
1748 4413 1995 4467 Christus

2132 1869 2155 1898 ι
2186 1849 2402 1903 alienati
2431 1865 2464 1904 a
2494 1853 2910 1908 conversatione
2966 1854 3133 1910 Israel
3174 1863 3226 1910 et
3271 1856 3511 1927 hospites
3550 1866 3727 1913 testa-

2131 1959 2152 1982 α
2189 1944 2514 2002 mentorum,
2562 1940 2940 2008 promissionis
2989 1958 3143 2011 spem
3188 1959 3299 1998 non
3343 1945 3632 2012 habentes,
3676 1955 3729 2003 et

2130 2045 2152 2073 ι
2188 2025 2305 2079 sine
2335 2027 2450 2080 Deo
2490 2027 2543 2080 in
2576 2028 2680 2082 hoc
2738 2029 2974 2084 mundo:
3008 2046 3154 2087 nunc
3212 2040 3392 2087 autem
3421 2034 3477 2087 in
3505 2034 3728 2091 Christo

2129 2135 2150 2159 α
2186 2113 2315 2167 Jesu
2347 2130 2465 2183 vos,
2527 2116 2620 2186 qui
2674 2116 2966 2187 aliquando
3004 2119 3166 2173 eratis
3197 2120 3382 2193 longe,
3430 2121 3561 2177 facti
3590 2124 3726 2179 estis

2128 2222 2150 2250 ι
2184 2217 2378 2271 prope,
2435 2203 2492 2257 in
2550 2205 2814 2276 sanguine
2870 2206 3088 2261 Christi.
3126 2209 3247 2278 Ipse
3303 2210 3447 2264 enim
3498 2219 3581 2265 est
3614 2228 3723 2282 pax

2127 2313 2150 2336 α
2185 2298 2394 2358 nostra,
2428 2292 2520 2362 qui
2553 2292 2679 2347 fecit
2706 2302 2939 2365 utraque
2970 2312 3158 2361 unum,
3190 2305 3243 2351 et
3262 2297 3501 2352 medium
3530 2301 3723 2370 parie-

2127 2399 2148 2427 ι
2186 2386 2293 2432 tem
2322 2380 2573 2435 maceria
2629 2380 2847 2435 solvens
2902 2383 3213 2440 inimicitias
3270 2385 3323 2439 in
3380 2402 3546 2441 carne
3594 2404 3717 2443 sua.

2126 2489 2147 2512 «
2186 2467 2385 2537 Legem
2418 2468 2798 2524 mandatorum
2847 2471 3082 2526 decretis
3132 2488 3424 2539 evacuans,
3474 2483 3531 2529 ttt
3579 2476 3720 2532 duos

2126 2576 2148 2603 ι
2183 2556 2381 2610 condat
2423 2557 2478 2611 in
2540 2558 2720 2627 seipso
2775 2558 2831 2612 in
2886 2575 2994 2615 uno
3044 2576 3186 2616 novo
3245 2563 3467 2618 homine
3508 2562 3721 2620 faciens

2123 2666 2145 2689 α
2181 2658 2392 2713 pacem,
2439 2652 2494 2699 ut
2527 2646 2837 2701 reconciliet
2865 2649 3054 2703 ambos
3085 2649 3139 2703 in
3170 2666 3280 2705 uno
3309 2665 3565 2721 corpore,
3599 2654 3719 2709 Deo

2123 2754 2144 2777 α
2180 2747 2279 2801 per
2307 2748 2546 2799 crucem,
2581 2733 2905 2790 interficiens
2960 2737 3273 2793 inimicitias
3304 2738 3357 2792 in
3390 2741 3712 2812 semetipso.

2124 2841 2145 2868 ι
2177 2821 2246 2873 Et
2274 2820 2503 2875 veniens
2534 2823 2931 2894 evangelizavit
2968 2841 3161 2895 pacem
3208 2826 3365 2881 vobis
3405 2828 3496 2899 qui
3544 2828 3714 2901 longe

2122 2906 2373 2975 «fuistis,
2432 2918 2485 2964 et
2531 2925 2724 2980 pacem
2780 2912 2864 2965 his
2923 2913 3014 2984 qui
3071 2929 3258 2984 prope,
3316 2916 3574 2987 quoniam
3616 2934 3718 2988 per

2121 3018 2141 3041 ιι
2177 2996 2356 3067 ipsum
2409 2998 2671 3053 habemus
2727 3014 3010 3055 accessum
3042 3003 3204 3057 ambo
3250 3003 3306 3057 in
3354 3020 3464 3059 uno
3509 3006 3715 3076 Spiritu

2119 3107 2141 3130 ‹‹
2174 3085 2240 3138 ad
2273 3086 2505 3141 Patrem.
2536 3088 2689 3159 Ergo
2741 3089 2855 3157 jam
2914 3106 3024 3144 non
3079 3090 3209 3145 estis
3240 3091 3483 3163 hospites
3524 3102 3577 3149 et
3605 3096 3712 3149 ad-

2116 3193 2138 3223 (
2173 3189 2343 3241 venae,
2368 3175 2465 3229 sed
2495 3175 2624 3229 estis
2652 3176 2799 3231 cives
2843 3186 3154 3233 sanctorum
3185 3187 3236 3234 et
3267 3180 3554 3237 domestici
3584 3184 3708 3250 Dei,

2115 3281 2137 3312 ι
2174 3261 2590 3332 superaediiicati
2647 3280 2815 3335 super
2870 3264 3282 3321 fundamentum
3331 3270 3712 3339 apostolorum

2113 3371 2135 3396 α
2173 3358 2225 3403 et
2278 3351 2682 3421 prophetarum,
2741 3353 2861 3423 ipso
2933 3370 3147 3409 summo
3219 3357 3469 3427 angulari
3524 3358 3711 3430 lapide

2114 3458 2136 3487 ι
2169 3437 2385 3493 Christo
2412 3439 2540 3494 Jesu
2574 3457 2588 3505 ;
2622 3440 2677 3494 in
2708 3456 2816 3511 quo
2858 3443 3036 3497 omnis
3080 3443 3369 3501 aediﬁcatio
3397 3456 3711 3505 constructa

2113 3548 2135 3575 α
2169 3527 2363 3582 crescit
2388 3527 2443 3581 in
2475 3528 2733 3598 templum
2789 3538 3038 3585 sanctum
3094 3532 3148 3586 in
3182 3533 3433 3600 Domino,
3491 3536 3547 3589 in
3600 3554 3712 3608 quo

2111 3636 2133 3661 ιι
2169 3623 2223 3669 et
2243 3631 2341 3670 vos
2353 3615 2765 3672 coaaditicamini
2786 3618 2840 3671 in
2860 3619 3227 3676 habitaculum
3248 3620 3706 3698 [tabernaculum]

2111 3728 2133 3753 ιι
2167 3703 2266 3759 Dei
2296 3705 2351 3759 in
2381 3704 2583 3775 Spiritu
2614 3714 2823 3762 sancto.
2863 3729 2887 3755 υ

2741 3871 3061 3913 EXPOSITIO.

2174 3985 2319 4040 Dixit
2350 3985 2599 4056 superius
2639 3987 2907 4057 Ephesios
2937 4005 3002 4043 ex
3033 3989 3297 4046 electione
3328 3992 3429 4048 Dei
3455 4004 3702 4063 vocatos,

2105 4074 2306 4144 Spiritu
2363 4083 2550 4129 sancto
2607 4076 2872 4147 signatos,
2937 4093 3105 4149 seque
3151 4095 3255 4149 pro
3312 4080 3391 4135 eis
3433 4098 3595 4137 orare
3645 4093 3707 4139 ut

2103 4162 2248 4233 quod
2304 4162 2451 4216 Deus
2498 4163 2588 4232 pie
2636 4165 2799 4233 coepit
2853 4164 2906 4219 in
2956 4166 3061 4220 illis
3100 4168 3415 4238 quotidiano
3455 4171 3704 4241 perﬁciat

2100 4250 2479 4317 incremento;
2512 4258 2565 4304 et
2595 4260 2878 4323 postquam
2923 4260 3031 4307 tam
3081 4255 3279 4327 dignos
3329 4273 3423 4312 eos
3460 4259 3595 4314 dixit
3643 4262 3702 4316 in

2097 4338 2201 4393 hac
2230 4337 2471 4392 novitate
2500 4340 2716 4409 gratiae,
2751 4341 2965 4396 reducit
2996 4342 3075 4396 eis
3103 4343 3169 4398 ad
3198 4345 3519 4401 memoriam
3548 4349 3700 4418 prio-

2098 4441 2211 4481 rem
2244 4432 2440 4480 statum
2468 4443 2630 4497 quem
2661 4428 2970 4483 habuerunt
3017 4430 3072 4484 in
3101 4433 3359 4502 peccatis,
3391 4443 3451 4489 ut
3479 4451 3696 4493 memo-

403 4496 530 4574 Ῑίοεί
558 4513 894 4589 Ριθηίῑυάίηθ
922 4508 1186 4567 Εοοίθδίε
1227 4506 1634 4578 αάίΜΡιθαίυνι
1668 4502 1786 4572 ipse
1814 4509 1993 4592 ῐέπιθη
2017 4496 2069 4555 Ῑ)
2098 4530 2188 4569 res
2216 4496 2572 4569 immunditiae
2630 4532 2744 4571 sua:
2789 4533 2900 4572 non
2929 4519 3162 4574 audeant
3203 4537 3557 4592 praesumere,
3590 4526 3699 4582 nisi

406 4615 492 4663 est
517 4606 730 4671 omnia,
755 4602 809 4656 id
830 4609 910 4657 est
930 4598 1108 4655 omnis
1127 4594 1412 4668 perfectio.
1454 4593 1509 4646 in
1541 4590 1816 4680 οτηηίῦτιδν
1840 4589 1895 4644 id
1917 4596 1999 4643 θδί
2096 4602 2167 4657 de
2220 4602 2395 4673 gratia
2454 4603 2572 4669 Dei,
2605 4604 2760 4675 quasi
2814 4606 3009 4661 merito
3049 4623 3147 4662 suo
3182 4589 3385 4680 aliquid
3436 4589 3697 4670 novitatis

403 4696 457 4750 in
491 4694 724 4768 singulis
752 4689 1033 4755 membriS,
1067 4685 1194 4759 quia
1222 4699 1327 4739 nec
1354 4682 1475 4753 ἱρεα
1507 4678 1749 4734 membra
1768 4685 1998 4749 Possum
2096 4690 2404 4746 habuerint.
2462 4692 2662 4747 lterum
2711 4702 2938 4765 propter
2991 4696 3095 4751 hoc
3172 4678 3556 4754 commemorat
3614 4702 3697 4757 eis

404 4784 701 4855 “implere
732 4795 874 4846 eum:
903 4777 1008 4832 Πίδί
1035 4791 1134 4847 Per
1163 4774 1363 4846 ipsum-
2096 4786 2295 4834 statum
2324 4778 2677 4847 infidelitatis,
2710 4790 2769 4836 ut
2799 4798 2921 4838 cum
2952 4784 3168 4839 videant
3196 4787 3343 4857 quod
3369 4788 3547 4858 gratia
3592 4790 3695 4846 Dei

2095 4883 2191 4922 eos
2249 4868 2319 4923 de
2374 4868 2631 4938 injustitia
2682 4871 2749 4924 ad
2800 4871 3063 4941 justitiam
3119 4873 3392 4941 traxerit,
3477 4885 3694 4935 certum

1042 4924 1265 4981 CAPUT
1303 4922 1370 4978 Π·
2093 4922 2333 5013 habent
2363 4922 2530 5029 qu'od,
2563 4922 2749 5027 sua};
2800 4922 3431 5029 Ξιῖἐὶἷίᾆῦὸτὲῖιῖᾟὲᾶε
3461 4922 3695 5036 ᾆιῖἷῖῖίίξ

2091 5045 2306 5114 injustis
2337 5046 2580 5115 contulit,
2612 5048 2782 5103 multo
2818 5050 3050 5120 amplius
3079 5058 3134 5106 et
3162 5052 3418 5107 libentius
3445 5054 3698 5111 conferet

2086 5133 2195 5202 jam
2223 5132 2548 5203 justificatis.
2583 5135 2626 5188 si
2673 5138 2980 5206 promereri
3037 5138 3325 5194 voluerint.
3379 5140 3582 5196 Littera
3613 5144 3695 5199 sic

2083 5222 2364 5292 jungitur:
2398 5222 2512 5277 Nos
2555 5224 2788 5294 apostoli
2831 5226 3181 5292 credidimus,
3228 5235 3281 5283 et
3309 5244 3408 5284 vos
3437 5230 3693 5286 similiter

2089 5310 2438 5376 credidistis;
2469 5311 2555 5365 vel
2614 5311 2689 5365 ibi
2723 5328 2736 5366 :
2770 5313 2918 5368 Deus
2991 5315 3269 5371 suscitavit
3323 5317 3597 5373 Christum
3653 5338 3691 5376 α

2087 5401 2347 5465 mortuis,
2383 5406 2437 5453 et
2465 5415 2563 5455 vos
2594 5400 2839 5456 similiter
2875 5403 3150 5458 suscitavit
3178 5419 3208 5458 a
3237 5413 3412 5461 morte
3440 5408 3689 5476 peccati;

2087 5486 2173 5541 vel
2203 5502 2327 5541 cum
2382 5487 2550 5543 verbo
2608 5489 2753 5559 quod
2811 5489 3035 5546 inferius
3092 5492 3359 5565 sequitur,
3409 5494 3489 5549 sic
3543 5511 3690 5551 con-

2087 5581 2299 5629 struere
2327 5590 2637 5645 possumus.
2671 5576 2944 5632 Christum
2991 5580 3146 5635 dedit
3183 5586 3359 5653 caput
3384 5599 3558 5654 supra
3577 5586 3690 5640 Ec-

2085 5664 2337 5731 clesium,
2373 5672 2426 5719 et
2454 5677 2544 5721 vos
2594 5667 3005 5735 convivi/icavit
3048 5667 3287 5727 Christo.
3347 5669 3693 5746 Quocunque

475 5090 496 5115 (ι
531 5065 601 5121 Et
681 5077 781 5118 vos
837 5052 1281 5133 [conviviiicavit]
1336 5067 1458 5108 cum
1541 5052 1735 5106 essetis
1790 5048 1991 5105 mortui

401 5180 423 5205 α
460 5151 670 5211 delictis
699 5159 753 5206 et
781 5147 1020 5221 peccatis
1077 5143 1304 5209 vestris,
1363 5140 1419 5194 in
1466 5140 1660 5211 quibus
1700 5138 1990 5210 aliquando

402 5269 423 5293 α
460 5240 774 5299 ambulastis
792 5235 1090 5293 secundum
1120 5230 1375 5287 saeculum
1405 5229 1590 5283 mundi
1620 5228 1991 5298 hujus,secun—

401 5356 421 5381 ιι
459 5333 589 5387 dum
619 5327 917 5400 principem
947 5319 1231 5394 potestatis
1262 5317 1408 5373 aeris
1425 5318 1584 5386 hujus
1607 5318 1861 5388 spiritus;
1895 5317 1988 5388 qui

405 5439 426 5464 α
461 5429 606 5470 nunc
636 5417 894 5482 operatur
934 5408 989 5461 in
1029 5404 1169 5458 ﬁlios
1222 5400 1556 5467 difﬁdentiae,
1590 5401 1644 5455 in
1692 5401 1886 5472 quibus
1935 5407 1989 5455 et

400 5525 422 5555 ι
457 5519 559 5559 nos
588 5515 780 5556 omnes
810 5493 1098 5567 aliquando
1136 5490 1441 5547 conversati
1471 5506 1658 5544 sumus
1687 5489 1743 5544 in
1771 5489 1988 5544 deside-

400 5614 423 5643 α
455 5592 556 5646 riis
585 5586 765 5645 carnis
793 5593 1012 5647 nostra,
1046 5580 1308 5637 facientes
1346 5579 1675 5636 voluntatem
1719 5578 1903 5635 carnis
1933 5585 1986 5633 et

401 5702 423 5731 ct
457 5674 865 5749 cogitationum.
896 5674 960 5729 Et
1011 5686 1227 5727 eramus
1255 5677 1444 5726 natura
1485 5667 1578 5723 filii
1622 5667 1735 5734 irae,
1768 5666 1902 5723 sicut
1932 5675 1986 5722 et
