3932 6434
162 285 254 341 325
701 236 1086 338 EXPOSITIOV
1144 282 1219 336 IN
1271 280 1653 338 EPISTOLAS
1710 279 1933 336 PAULI.
1967 312 2026 322 —
2066 280 2139 335 IN
2195 279 2420 336 EPIST.
2486 278 2578 336 AD
2632 278 2885 336 EPHES.

3352 282 3454 339 326

168 420 335 464 tamen
361 408 642 478 jungatur,
677 407 752 461 ibi
775 415 952 462 tamen
985 408 1183 478 pendet
1214 407 1504 476 sententia,
1540 406 1630 461 ubi
1653 407 1754 462 ait:
1779 407 1834 465 A
1861 406 1995 460 catis
2026 407 2203 462 etiam
2234 424 2333 462 nos
2362 406 2614 476 apostoli,
2663 406 2802 462 sicut
2852 421 2948 460 vos
2996 405 3220 476 Ephesii
3241 421 3451 475 omnes,

171 497 436 552 Christum
468 496 621 551 dedit
647 501 818 568 caput
839 512 1014 567 supra
1043 498 1374 564 Ecclesium,
1408 505 1461 552 et
1490 512 1586 552 vos
1615 496 1764 550 dedit

172 586 406 641 membra
451 585 642 656 ipsius.
693 587 814 650 Vos,
856 585 1114 656 inquam,
1157 601 1286 640 cum
1321 586 1514 641 essetis
1551 585 1765 640 mortui

171 677 382 732 delictis
405 679 462 729 et
481 675 749 745 peccatis.
777 673 973 728 Mortui
1003 673 1146 740 ideo,
1183 674 1311 744 quia
1359 674 1432 728 ita
1463 673 1764 744 consepulti

171 771 381 835 peccato
430 762 575 833 quod
632 762 777 815 nulla
832 761 885 816 vi
932 762 1169 815 humana
1224 771 1478 832 poterant
1535 763 1764 817 evadere

172 853 411 924 laqueum
442 850 674 920 peccati.
726 849 938 905 Delicta
977 858 1151 918 vocat,
1185 851 1404 921 quando
1439 851 1584 922 quod
1617 851 1764 905 Deus

166 939 402 1021 praecipit
432 954 541 994 non
577 937 828 994 faciendo
848 938 1176 993 deserimus.
1198 940 1424 994 Peccata
1453 940 1584 993 dicit
1611 949 1764 994 actus

176 1030 306 1096 illos,
339 1027 620 1089 fornicari,
653 1026 840 1093 furari,
875 1036 927 1082 et
956 1028 1286 1096 hujusmodi.
1337 1030 1592 1084 Peccatis
1639 1029 1764 1083 dico

174 1119 384 1181 vestris,
410 1117 463 1170 id
493 1125 718 1187 estquae
753 1117 865 1184 jam
908 1117 1320 1172 consuescendo
1351 1117 1407 1170 in
1439 1117 1563 1185 illis,
1609 1117 1762 1188 quasi

173 1214 344 1261 vestra
369 1205 590 1276 propria
603 1204 880 1260 feceratis.
913 1204 1198 1272 Quomodo
1229 1205 1284 1258 in
1301 1206 1543 1275 peccatis
1565 1205 1764 1260 fuerint

171 1296 491 1365 exsequitur,
511 1293 700 1348 dicens
722 1308 733 1346 :
756 1294 820 1348 In
841 1293 1038 1364 quibus
1060 1293 1300 1364 peccatis
1318 1310 1416 1348 vos
1433 1295 1760 1366 aliquando,

169 1383 220 1438 id
268 1391 347 1438 est
407 1391 654 1452 tempore
703 1379 1066 1447 infidelitatis,
1114 1383 1468 1449 ambulastis,
1501 1383 1556 1438 id
1585 1392 1666 1438 est
1694 1383 1763 1438 de

170 1471 308 1526 malo
336 1471 391 1525 in
422 1472 581 1542 pejus
602 1469 1092 1541 praecipitabamini
1109 1513 1122 1536 ,
1149 1472 1461 1526 secundum
1489 1473 1763 1527 saeculum

171 1561 361 1615 mundi
391 1559 583 1628 huius,
614 1559 670 1614 id
703 1567 786 1614 est
828 1567 1122 1629 sequentes
1170 1559 1603 1626 saecularitatem,
1643 1577 1763 1631 quae

169 1663 435 1720 nunquam
457 1648 526 1703 de
553 1649 689 1713 Deo,
723 1647 819 1702 sed
842 1663 1064 1718 semper
1113 1647 1341 1702 sollicita
1372 1657 1454 1703 est
1511 1649 1580 1704 de
1610 1665 1763 1702 mun-

1864 495 2024 549 etiam
2075 495 2285 559 Petrus,
2317 495 2642 566 aliquando,
2695 495 2750 548 id
2794 503 2876 549 est
2905 502 3027 549 ante
3086 492 3269 558 ﬁdem,
3318 511 3457 550 con-

1865 585 2073 638 versati
2103 600 2325 638 sumus.
2368 585 2506 637 Vere
2537 584 2590 636 in
2612 583 2886 653 peccatis;
2921 599 3041 637 nam
3073 585 3135 638 in
3165 583 3459 640 desideriis

1863 675 2056 727 carnis
2083 677 2316 740 nostras,
2349 680 2405 726 ut
2423 673 2567 743 quod
2591 687 2718 727 caro
2735 673 3086 744 suggerebat,
3113 672 3461 728 desiderare-

1864 778 2004 815 mus.
2030 762 2145 816 Nec
2176 761 2354 816 solum
2385 761 2438 815 in
2457 760 2765 826 desideriis,
2818 761 2915 815 sed
2962 761 3121 815 etiam
3180 762 3461 832 facientes

1864 865 2030 920 opere
2055 851 2412 905 voluntatem
2442 851 2656 915 carnis,
2692 851 2828 904 sicut
2857 851 3148 905 comedere
3170 851 3239 904 ad
3267 867 3463 920 super-

1865 938 2145 1004 fluitatem,
2180 948 2233 993 et
2264 940 2544 993 luxuriari.
2588 939 2870 994 Facientes
2920 939 3079 994 etiam
3129 939 3461 995 voluntatem

1864 1029 2293 1097 cogitationum,
2328 1028 2382 1081 in
2412 1028 2607 1099 quibus
2646 1043 2755 1082 non
2787 1027 2859 1081 ita
2887 1043 3013 1082 caro
3063 1029 3364 1084 delectatur
3405 1040 3463 1085 ut

1863 1117 2111 1171 laborare
2149 1117 2218 1171 de
2274 1117 2452 1188 gloria
2509 1117 2744 1182 mundi;
2780 1116 2885 1182 vel,
2947 1117 3183 1170 dictante
3241 1120 3462 1173 avaritia

1863 1205 2029 1258 multa
2098 1205 2209 1275 pati
2259 1221 2360 1275 pro
2415 1205 2820 1276 congregandis
2891 1205 3093 1258 multis.
3171 1207 3286 1261 Nec
3334 1215 3458 1262 tan-

1865 1297 1976 1342 tum
2028 1290 2083 1344 in
2141 1289 2442 1345 actualibus
2497 1289 2635 1354 istis,
2693 1290 2790 1344 sed
2837 1290 3002 1343 etiam
3055 1307 3299 1356 eramus,
3360 1309 3460 1347 nos

1861 1377 2052 1443 Judaei,
2139 1379 2254 1447 ﬁlii
2298 1379 2420 1444 irae,
2495 1378 2548 1433 id
2632 1386 2714 1432 est
2790 1378 2959 1451 geniti
3045 1379 3115 1434 ad
3175 1380 3462 1436 vindictam

1865 1466 2222 1532 tolerandam,
2274 1471 2506 1532 natura,
2552 1467 2605 1522 id
2637 1476 2716 1522 est
2756 1475 2980 1538 propter
3049 1468 3318 1540 originale
3362 1487 3464 1525 nos

1864 1554 2056 1621 Judaei,
2093 1557 2236 1611 sicut
2267 1565 2321 1610 et
2351 1556 2554 1623 caateri,
2589 1556 2716 1612 licet
2764 1565 2891 1611 tunc
2921 1556 3061 1613 falso
3117 1558 3466 1628 Opinaremur

1863 1660 1964 1714 per
1992 1644 2467 1700 circumcisionem
2497 1645 2751 1700 mundari
2781 1661 2811 1699 a
2839 1654 3061 1715 peccato
3073 1647 3230 1702 Adae.
3259 1649 3341 1702 Ira
3364 1649 3466 1704 Dei

169 1738 338 1791 danis.
376 1739 443 1792 Et
465 1745 522 1790 ut
551 1737 732 1808 magis
781 1744 1040 1808 aggravet
1087 1745 1394 1806 peccatum,
1452 1738 1602 1792 addit
1649 1754 1831 1826 nonB
1871 1733 2003 1787 nihil
2033 1734 2178 1788 aliud
2209 1743 2291 1788 est
2322 1751 2482 1805 quam
2512 1734 2772 1790 vindicta.
2815 1736 2868 1789 Si
2919 1735 3318 1801 coutinuemus,
3377 1738 3464 1791 vel

170 1826 334 1881 solum
356 1825 659 1881 secundum
680 1825 959 1892 saeculum,
983 1825 1080 1878 sed
1093 1826 1256 1879 etiam
1278 1826 1585 1881 secundum
1602 1829 1759 1898 prin-

170 1918 341 1985 cipem
379 1915 718 1986 spirituum,
761 1913 815 1967 id
851 1921 933 1968 est
993 1914 1292 1968 secundum
1337 1914 1612 1969 diabolum
1671 1915 1764 1986 qui

168 2003 414 2074 princeps
435 2010 535 2068 est,
569 2001 855 2073 imperium
887 2002 1095 2056 habens
1125 2019 1293 2072 super
1339 2012 1568 2059 caeteros
1601 2004 1762 2058 mali-

169 2107 297 2162 gnos
325 2091 547 2162 spiritus
584 2109 598 2155 ;
632 2091 718 2145 vel
747 2091 1058 2147 secundum
1084 2093 1404 2162 principem
1435 2092 1682 2164 spiritus,
1707 2100 1763 2147 ut

168 2180 438 2236 collective
451 2178 807 2251 accipiamus,
827 2179 981 2250 quasi
1001 2179 1394 2235 daemoniorum
1415 2201 1428 2246 ;
1455 2182 1540 2236 vel
1561 2199 1762 2238 secun-

168 2269 290 2324 dum
308 2271 624 2342 principem
647 2270 980 2340 spirituum,
1000 2268 1055 2322 id
1072 2276 1152 2323 est
1173 2268 1404 2324 aliorum
1427 2271 1756 2326 daemonum.

169 2357 310 2412 Sicut
337 2357 483 2412 enim
524 2357 580 2410 in
611 2357 770 2412 bonis
823 2356 1036 2429 angelis
1078 2357 1300 2430 quidam
1358 2359 1564 2429 praelati
1613 2368 1758 2428 sunt,

166 2445 375 2516 quidam
406 2445 630 2515 subditi,
662 2445 740 2500 sic
771 2446 826 2500 in
853 2446 1111 2520 malignis
1142 2448 1521 2503 distinctiones
1551 2449 1760 2503 eaedem

168 2543 302 2602 sunt,
336 2543 388 2590 et
414 2543 598 2590 tamen
649 2551 788 2589 unus
835 2535 986 2590 solus
1025 2537 1276 2592 omnibus
1324 2536 1582 2608 praelatus
1639 2553 1760 2592 esse

167 2623 419 2678 creditur.
439 2625 765 2694 Principem
783 2623 906 2679 dico
919 2629 1218 2696 potestatis
1233 2627 1382 2681 aeris
1395 2627 1585 2697 huius,
1603 2626 1655 2680 id
1679 2634 1761 2679 est

171 2711 253 2780 qui
284 2719 611 2782 potestatem
645 2712 807 2767 habet
835 2712 888 2766 in
919 2714 1023 2768 hoc
1054 2729 1221 2780 aere;
1253 2721 1559 2770 commovet
1615 2715 1761 2768 enim

169 2799 481 2872 plerumque
512 2807 704 2855 ventos
735 2809 787 2856 et
817 2801 1060 2857 turbines
1084 2803 1136 2857 in
1177 2818 1326 2868 aere,
1348 2802 1545 2874 quibus
1566 2810 1762 2857 noceat

168 2887 488 2953 hominibus,
523 2896 576 2942 et
616 2887 878 2944 fructibus
917 2897 1094 2956 teme,
1133 2899 1191 2945 ut
1229 2899 1422 2946 ventus
1459 2891 1551 2945 ille
1601 2891 1691 2962 qui
1724 2907 1757 2946 a

167 2977 384 3047 regione
440 2977 647 3031 deserti
676 2978 921 3044 veniens,
957 2979 1168 3034 subruit
1215 2981 1458 3044 domum,
1517 2988 1570 3034 et
1616 2979 1756 3034 filios

168 3065 264 3118 Job
295 3066 566 3136 Oppressit
590 3065 829 3121 236
861 3067 930 3120 ab
952 3083 1017 3122 eo
1048 3069 1165 3137 (Job
1186 3083 1222 3137 ι,
1260 3069 1369 3140 19),
1401 3069 1761 3139 permissione

167 3160 339 3208 tamen
363 3155 483 3224 Dei,
506 3155 748 3210 creditur
769 3155 1062 3210 immissus.
1085 3156 1245 3225 Quod
1259 3157 1528 3228 malignos
1541 3157 1764 3228 spiritus

169 3241 283 3298 ideo
313 3243 367 3297 in
386 3259 517 3298 aere
563 3244 880 3299 conversari
919 3245 1066 3299 Deus
1106 3246 1392 3316 disposuit,
1441 3246 1563 3318 quia
1607 3246 1653 3300 si
1709 3247 1764 3300 in

168 3337 303 3386 terra
331 3347 455 3387 cum
487 3332 801 3386 hominibus
835 3341 1038 3399 essent,
1077 3341 1130 3388 et
1168 3333 1375 3389 fructus
1424 3341 1587 3390 terra:
1634 3351 1764 3390 cor-

166 3428 490 3490 rumperent,
527 3428 582 3474 et
611 3420 858 3475 homines
890 3422 1040 3492 ipsos
1088 3422 1501 3477 intolerabiliter
1547 3422 1762 3496 adlige-

166 3516 294 3562 rent.
332 3509 432 3564 Per
462 3509 570 3564 hoc
596 3516 777 3564 autem
807 3510 951 3581 quod
983 3526 1078 3565 eos
1119 3511 1334 3566 vocavit
1369 3511 1609 3582 spiritus,
1652 3512 1764 3567 vult

164 3597 402 3652 curiosos
433 3597 671 3653 reddere
715 3598 966 3653 homines
1024 3608 1082 3654 ut
1138 3599 1365 3670 provide
1411 3608 1597 3672 agant,
1639 3602 1764 3672 quia

165 3684 328 3740 hostis
357 3687 449 3758 qui
481 3687 749 3752 imminet,
789 3687 1078 3742 invisibilis
1123 3696 1225 3743 est.
1269 3689 1375 3744 Per
1405 3689 1510 3744 hoc
1565 3689 1763 3745 iterum

166 3774 303 3842 quod
331 3774 387 3829 in
416 3791 552 3830 aere
603 3789 726 3830 esse
755 3774 906 3842 dixit,
968 3775 1037 3832 de
1091 3776 1286 3833 eodem
1333 3793 1435 3833 nos
1483 3777 1760 3846 admonet,

164 3863 281 3932 quia
309 3863 598 3919 insidiator
635 3879 807 3934 prope
846 3872 948 3919 est.

233 3951 332 4018 Qui
361 3951 622 4023 princeps
664 3951 910 4007 diabolus
942 3969 1117 4022 nunc,
1164 3954 1382 4025 quando
1438 3971 1537 4010 vos
1586 3955 1764 4027 gratia

163 4036 254 4092 Dei
283 4040 347 4094 ab
369 4057 434 4096 eo
455 4040 731 4106 liberavit,
756 4045 1025 4113 operatur
1039 4043 1101 4097 in
1141 4043 1288 4110 ﬁlios
1317 4043 1672 4114 difﬁdentiae,
1708 4045 1762 4099 id

163 4128 321 4183 estde
340 4145 581 4201 quorum
615 4129 785 4185 salute
824 4146 926 4184 nos
981 4129 1567 4203 diffidimus;Spiritus
1616 4133 1762 4187 enim

162 4213 496 4286 signiﬁcabat
527 4217 700 4273 Paulo
722 4217 776 4272 in
811 4219 1006 4290 quibus
1055 4219 1304 4275 laborare
1344 4221 1588 4286 deberet,
1622 4229 1676 4276 et
1706 4222 1762 4275 in

161 4304 345 4373 quibus
375 4321 508 4372 non,
545 4306 730 4362 sciens
761 4323 858 4362 cor
898 4323 1086 4363 eorum
1143 4309 1512 4380 impmnitens.
1549 4310 1665 4376 Vel,
1696 4310 1758 4364 in

162 4392 295 4458 filios
328 4395 674 4466 difﬁdentiae
695 4438 708 4460 ,
742 4396 832 4468 qui
863 4396 1111 4452 difﬁdunt
1139 4398 1208 4453 de
1239 4398 1444 4465 salute;
1477 4399 1762 4454 audientes

1863 1823 1930 1876 ad
1961 1822 2095 1876 illud
2125 1823 2272 1894 quod
2304 1823 2377 1877 ait
2411 1824 2562 1877 :Nos
2599 1823 2950 1889 credidimus,
2983 1832 3036 1878 et
3083 1839 3182 1880 vos
3230 1826 3460 1881 credidi-

1865 1912 1963 1965 stis
1995 1930 2008 1978 ;
2044 1911 2129 1966 vel
2153 1912 2221 1966 ad
2250 1911 2381 1966 illud
2418 1912 2736 1967 :Suscitans
2767 1912 3040 1966 Christum
3073 1922 3125 1968 et
3155 1930 3254 1969 vos
3285 1915 3463 1969 susci-

1865 2000 1994 2054 tavit
2027 2019 2042 2067 ;
2077 2009 2205 2055 tunc
2235 2001 2323 2056 hic
2353 2001 2490 2056 bene
2521 2017 2716 2056 versus
2745 2001 2869 2056 erit.
2904 2001 2960 2055 Si
3013 2010 3193 2056 autem
3239 2002 3466 2058 inferius

1863 2090 1930 2143 ad
1961 2089 2112 2153 illud,
2145 2090 2576 2159 convivi/icavit,
2598 2089 2913 2162 porrigatur
2942 2091 3296 2157 constructio,
3333 2108 3468 2146 non-

1865 2179 1992 2232 dum
2027 2177 2212 2232 finitur
2241 2196 2430 2235 versus
2460 2179 2533 2234 ita
2553 2179 2812 2234 dicendo.
2857 2179 2994 2235 Cum
3016 2181 3211 2234 essetis
3231 2183 3467 2246 mortui,

1864 2268 2278 2336 convivi/ienuit
2302 2284 2400 2323 vos
2433 2269 2689 2331 Christo;
2724 2269 2870 2324 Deus
2897 2277 3075 2323 autem
3105 2269 3203 2324 fuit
3236 2270 3324 2340 qui
3347 2287 3472 2325 con-

1863 2355 2152 2411 viviﬁcavit
2185 2357 2327 2421 ;vel,
2363 2357 2406 2410 si
2429 2356 2503 2410 ibi
2533 2355 2656 2410 finis
2689 2366 2786 2422 est,
2835 2374 3026 2412 versus
3058 2357 3136 2413 sic
3175 2359 3466 2413 continua-

1867 2444 2044 2498 bimus
2071 2446 2216 2500 :Nos
2250 2445 2467 2516 quidem
2517 2461 2737 2500 eramus
2765 2446 2820 2500 in
2858 2446 3117 2516 peccatis,
3160 2447 3254 2502 sed
3319 2449 3466 2504 Deus

1863 2535 1958 2606 qui
1979 2535 2130 2589 dives
2161 2537 2243 2588 est
2277 2541 2330 2587 et
2360 2533 2613 2604 copiosus
2643 2536 2704 2589 in
2724 2535 3132 2600 misericordia,
3153 2535 3466 2591 misericor-

1864 2623 1954 2676 dia
1985 2623 2128 2676 enim
2161 2623 2277 2690 ejus
2309 2639 2474 2692 super
2501 2623 2682 2677 omnia
2711 2639 2877 2693 opera
2908 2624 3024 2691 ejus
3067 2625 3242 2692 (Psal.
3276 2640 3464 2691 cxuv,

1864 2714 1939 2779 9),
1976 2712 2124 2766 Deus
2155 2711 2341 2782 utique
2367 2717 2605 2782 propter
2634 2711 2975 2767 charitatem
3014 2729 3179 2768 suam
3201 2715 3463 2782 nimiam,

1864 2800 1917 2854 id
1947 2809 2048 2868 est,
2084 2800 2694 2870 incomprehensibilem
2711 2817 2818 2872 qua
2835 2801 3097 2856 charitate
3119 2802 3326 2858 dilexit
3342 2820 3462 2859 nos.

1865 2889 2120 2943 Putarent
2147 2889 2225 2943 illi
2259 2904 2271 2944 :
2297 2889 2496 2944 Dilexit
2516 2906 2617 2943 nos
2642 2888 2984 2958 justificatos,
3014 2891 3112 2945 sed
3152 2907 3260 2946 non
3319 2893 3464 2962 quod

1863 2977 2041 3050 diligit
2068 2977 2279 3050 aliquos
2322 2978 2374 3032 in
2426 2986 2674 3048 peccato.
2719 2979 2801 3032 Ad
2841 2980 2945 3034 hoc
2987 2979 3187 3033 Paulus
3224 2995 3235 3033 :
3271 2981 3467 3036 Dilexit

1863 3067 1985 3121 dico
2007 3067 2170 3121 etiam
2183 3083 2310 3122 cum
2326 3083 2573 3122 essemus
2595 3068 2808 3122 mortui
2827 3069 3092 3139 peccatis.
3117 3069 3200 3123 Ne
3221 3069 3468 3124 videatur

1864 3156 2178 3221 absurdum,
2213 3156 2359 3226 quod
2390 3157 2537 3211 Deus
2570 3155 2799 3226 diligere
2857 3157 3056 3211 dicitur
3106 3158 3382 3212 hominem
3412 3158 3465 3212 in

1865 3245 2105 3314 peccatis
2137 3264 2150 3311 ;
2184 3253 2488 3300 creaturam
2521 3245 2662 3299 enim
2697 3261 2845 3298 suam
2879 3245 3077 3316 ubique
3109 3262 3324 3317 semper
3378 3247 3464 3300 di-

1863 3332 2000 3403 ligit,
2035 3333 2133 3388 sed
2162 3333 2366 3387 malum
2395 3333 2540 3405 quod
2571 3333 2624 3387 in
2656 3349 2721 3388 ea
2751 3341 2850 3397 est,
2883 3334 3017 3388 odit.

1937 3423 2103 3487 Deus,
2137 3421 2378 3493 inquam,
2419 3423 2545 3492 quia
2576 3422 2762 3476 dilexit
2808 3437 2909 3477 nos
2938 3425 3368 3493 conviviﬁcavit,
3414 3425 3468 3480 id

1865 3519 1947 3564 est
1975 3510 2157 3566 vivere
2189 3528 2288 3566 nos
2322 3511 2447 3565 fecit
2475 3527 2576 3581 per
2596 3511 2861 3579 justitiam
2895 3512 3108 3577 anima},
3147 3511 3386 3580 Christo,
3412 3514 3465 3568 id

1864 3607 1946 3654 est
1975 3599 2046 3653 ad
2086 3598 2493 3654 similitudinem
2523 3599 2740 3664 Christi,
2776 3601 2920 3670 quod
2952 3600 3092 3655 sicut
3147 3601 3237 3656 ille
3262 3602 3462 3669 justus,

1865 3688 1943 3742 sic
1972 3695 2025 3742 et
2055 3703 2156 3742 nos
2180 3687 2330 3756 justi.
2371 3689 2565 3744 Gratia
2593 3691 2777 3759 cujus,
2830 3688 3055 3754 scilicet,
3107 3690 3208 3744 Dei
3235 3698 3290 3744 ut
3337 3707 3460 3759 nos,

1865 3777 1944 3832 sic
2002 3777 2162 3832 etiam
2193 3793 2290 3831 vos
2322 3779 2459 3832 estis
2505 3778 2732 3840 salvati,
2767 3777 2823 3832 id
2854 3786 2935 3832 est
2975 3777 3333 3833 conviviﬁcati
3362 3796 3464 3850 per

1857 3865 2120 3934 justitiam
2149 3865 2346 3921 anima:
2379 3884 2392 3929 ;
2430 3865 2516 3921 vel
2545 3865 2591 3920 si
2611 3865 2848 3936 pendeat
2868 3864 3010 3920 infra
3025 3867 3378 3934 constructio,
3403 3877 3464 3923 ut

1863 3953 2110 4008 dicamus
2140 3953 2658 4010 conviviticavitnos
2689 3963 2740 4009 et
2770 3970 2870 4010 vos
2891 3955 3108 4010 Christo
3135 3974 3149 4022 ;
3174 3964 3299 4012 tunc
3321 3957 3470 4012 dice-

1861 4059 1984 4096 mus
2013 4043 2166 4112 cujus
2195 4043 2376 4115 gratia
2406 4043 2536 4098 estis
2583 4043 2775 4098 salvati
2806 4044 2874 4098 de
2905 4042 3086 4098 futura
3141 4045 3462 4102 salvatione.

1866 4131 2282 4200 Conviviﬁcavit
2314 4148 2415 4186 nos
2446 4132 2623 4202 prima
2653 4134 3050 4188 resurrectione
3079 4134 3295 4199 animae,
3329 4151 3466 4191 con-

1862 4220 2224 4276 resuscitavit
2259 4221 2420 4275 etiam
2454 4221 2693 4276 secunda
2721 4237 3012 4292 corporum
3034 4223 3463 4279 resurrectione.

1862 4309 2092 4379 Propter
2119 4308 2499 4364 cerlitudinem
2523 4325 2685 4379 quam
2719 4309 2844 4364 inde
2896 4310 3078 4378 habet,
3134 4312 3276 4382 quod
3313 4311 3464 4367 futu-

1862 4413 1979 4452 rum
1997 4405 2079 4453 est
2109 4395 2381 4469 significat
2413 4413 2514 4467 per
2532 4398 2890 4467 praeteritum.
2930 4400 2999 4453 Et
3037 4415 3138 4454 nos
3165 4415 3465 4455 conresus-

163 4482 294 4536 enim
368 4485 519 4556 quod
571 4485 933 4542 resurrecturi
1007 4486 1130 4552 sint,
1191 4487 1389 4542 cmlum
1449 4488 1751 4553 ascensuri,
1775 4480 1828 4540 D
1859 4486 2052 4541 citatos
2082 4485 2300 4540 Christo
2329 4487 2468 4556 fecit
2506 4487 2826 4551 consedere,
2859 4494 2917 4542 ut
2950 4487 3059 4555 jam
3091 4487 3144 4540 in
3167 4489 3346 4558 quiete
3377 4505 3468 4545 re-

162 4571 368 4627 stultum
411 4575 516 4630 hoc
560 4574 825 4643 judicent,
875 4583 927 4630 et
975 4575 1099 4632 ideo
1137 4575 1329 4632 nolunt
1378 4578 1639 4632 converti.
1687 4578 1757 4632 Et

163 4673 276 4715 cum
305 4662 372 4717 de
395 4663 563 4718 tantis
625 4663 866 4734 peccatis
901 4664 1081 4736 gratia
1112 4665 1212 4721 Dei
1251 4665 1320 4720 ad
1362 4665 1625 4735 justitiam
1657 4682 1756 4722 vos

163 4751 390 4818 traxerit,
445 4753 631 4808 videte
671 4768 762 4817 ne,
823 4769 1062 4824 unquam
1095 4763 1510 4824 praesumentes,
1562 4756 1756 4828 gratiae

166 4835 255 4892 Dei
297 4839 624 4896 detrahatis.
675 4839 833 4909 Quod
889 4843 954 4897 ad
1002 4851 1357 4914 augmentum
1406 4843 1755 4915 perfectionis

164 4930 433 4993 pervenire
490 4930 707 5000 possint
763 4947 826 4984 ex
892 4931 1244 5002 sequentibus
1290 4932 1510 4998 indicat,
1601 4933 1755 5004 quasi

164 5018 528 5086 respondendo
561 5018 944 5087 objicientibus
973 5019 1078 5074 sibi
1115 5020 1393 5091 Ephesiis.
1414 5021 1586 5076 Nobis
1606 5029 1756 5076 tanto

167 5117 316 5159 onere
348 5109 560 5176 peccati
593 5107 748 5179 prius
776 5108 1070 5179 depressis,
1119 5124 1229 5164 non
1259 5109 1386 5166 licet
1435 5125 1656 5182 sperare
1687 5110 1754 5166 de

167 5189 329 5263 aliqua
358 5196 717 5266 perfectione,
753 5197 850 5252 sed
893 5195 1092 5252 sufﬁcit
1135 5198 1181 5252 si
1211 5197 1392 5270 aliquo
1425 5199 1589 5254 modo
1621 5214 1753 5269 pos-

165 5279 318 5336 simus
347 5284 573 5341 salvari.
636 5285 718 5341 Ad
769 5286 872 5342 hoc
913 5285 1109 5340 Paulus
1165 5288 1579 5352 removendum,
1613 5295 1756 5342 se—et

165 5373 420 5438 apostolos
448 5373 694 5446 parificat
723 5374 854 5439 illis,
920 5374 1043 5446 quia
1101 5384 1228 5431 ante
1285 5375 1449 5431 fidem
1508 5376 1756 5431 similiter

167 5453 364 5514 fuerunt
403 5463 457 5518 in
514 5463 780 5535 peccatis,
831 5471 1014 5518 tamen
1072 5464 1321 5520 dissimili
1367 5466 1552 5528 modo,
1613 5465 1754 5520 sicut

166 5541 461 5607 indicabunt
489 5552 796 5625 sequentia.
831 5553 987 5609 Unde
1019 5552 1099 5610 sic
1128 5554 1202 5609 ait
1235 5569 1246 5608 :
1281 5555 1346 5609 In
1377 5555 1575 5625 quibus
1603 5569 1752 5625 -pec-

1860 4583 2139 4647 gnaturos.
2176 4574 2482 4629 Consedere
2512 4573 2636 4629 dico
2685 4574 2898 4630 Christo
2947 4577 3011 4631 in
3050 4577 3387 4646 caelestibus,
3409 4586 3468 4632 ut

1857 4664 1976 4720 haec
2007 4663 2286 4719 beatitudo
2342 4663 2830 4719 commendabilior
2857 4664 2925 4718 sit
2980 4663 3141 4718 etiam
3173 4681 3239 4719 ex
3287 4665 3409 4722 loco
3446 4681 3458 4721 :

1861 4754 2169 4809 Consedere
2245 4752 2367 4808 dico
2451 4752 2667 4808 Christo
2743 4755 2806 4808 in
2881 4752 3103 4808 Christo
3171 4757 3322 4822 Jesu,
3407 4765 3463 4811 et

1860 4841 2098 4898 237
2135 4857 2257 4898 cum
2289 4857 2355 4896 eo
2385 4849 2435 4896 et
2466 4859 2565 4912 per
2596 4858 2718 4896 eum
2739 4885 2752 4907 ,
2785 4841 2908 4897 ideo
2965 4841 3378 4910 convivificavit,
3411 4853 3465 4900 et

1858 4931 2208 4986 resuscitatos
2239 4931 2544 4986 consedere
2565 4930 2712 4995 fecit,
2734 4935 2800 4987 ut
2817 4948 2917 5002 per
2936 4933 3040 4987 hoc
3069 4933 3465 4990 ostenderetin

1856 5021 2080 5076 sarculis
2097 5021 2631 5092 supervenientibus
2654 5020 2758 5086 his,
2792 5021 2846 5075 id
2870 5028 2952 5075 est
2984 5020 3200 5087 futuris,
3233 5022 3465 5080 divitias

1855 5109 2055 5180 gratia:
2071 5125 2205 5175 sum,
2227 5109 2284 5164 id
2316 5117 2399 5163 est
2431 5109 2652 5165 divitem
2698 5110 2930 5181 gratiam
2964 5126 3117 5165 suam
3177 5112 3468 5168 abundan-

1859 5203 1973 5252 tem
1995 5199 2058 5252 in
2089 5198 2270 5253 nobis.
2294 5197 2499 5253 Gratiae
2519 5198 2640 5253 dico
2661 5197 2819 5254 facta:
2843 5199 2903 5253 in
2927 5199 3199 5265 bonitate,
3220 5200 3272 5253 id
3292 5209 3464 5257 estex

1857 5285 1976 5342 solo
2006 5286 2343 5358 beneplacilo
2365 5303 2485 5355 suo,
2521 5287 2650 5358 quia
2672 5287 2741 5342 ad
2771 5289 3199 5358 promerendum
3230 5290 3464 5360 gratiam

1855 5375 2064 5429 nullum
2093 5376 2374 5446 prmcessit
2404 5376 2673 5431 meritum.
2707 5376 2951 5431 Bonitale
2979 5377 3102 5432 dico
3132 5376 3272 5432 facta
3293 5395 3464 5450 super

1855 5480 1975 5528 nos,
1998 5464 2053 5518 id
2083 5473 2165 5519 est
2195 5481 2317 5536 quae
2347 5481 2448 5520 nos
2478 5465 2771 5536 superavit,
2823 5465 2951 5536 quia
2996 5473 3144 5521 tanta
3171 5475 3255 5521 est
3316 5469 3462 5539 quod

1855 5567 1957 5608 nec
1978 5567 2097 5607 eam
2123 5552 2430 5610 intellectus
2466 5561 2653 5610 noster
2700 5569 2898 5624 capere
2957 5553 3173 5611 sufficit.
3231 5555 3298 5610 Et
3346 5557 3462 5612 haec
