3932 6430
454 356 559 412 327

951 351 1007 408 S.
1066 349 1421 409 BRUNONIS
1480 344 2125 407 CARTHUSIANORUM
2181 345 2670 408 lNSTITUTORIS
2728 350 2879 408 OPP.
2940 352 3115 410 PARS
3172 354 3242 409 ll.

3656 353 3765 408 328

457 479 641 536 omnia
667 477 790 533 dico
821 479 881 532 in
938 476 1155 533 Christo
1193 478 1361 543 Iesu,-
1392 476 1446 531 in
1500 476 1620 547 ipso
1665 475 1829 539 enim,
1876 481 1930 529 et
1956 488 2053 544 per
2077 472 2338 548 Aprope,
2383 477 2594 548 utrique
2624 478 2687 532 in
2719 477 2938 534 Christo
2957 481 3107 544 Jesu,
3139 478 3195 533 id
3222 486 3305 534 est
3332 494 3434 549 per
3472 476 3760 533 Christum

460 570 661 640 ipsum,
695 567 811 621 haec
839 565 1022 620 omnia
1052 566 1104 620 in
1126 565 1287 620 nobis
1306 573 1567 635 operatur
1596 566 1764 620 Deus.
1798 563 1925 618 Ideo
1954 577 2049 616 vo-

459 657 561 712 luit
586 658 731 711 Deus
758 656 874 709 haec
903 662 1029 709 nota
1058 653 1175 709 ﬁeri
1195 654 1279 708 his
1311 654 1403 724 qui
1433 661 1589 708 erant
1629 651 1815 717 futuri,
1849 659 1903 705 ut
1960 650 2049 704 in-

460 745 732 817 telligeret
758 744 923 809 homo
947 750 1149 813 quanta
1181 742 1249 811 (si
1278 742 1461 811 vellet)
1491 757 1715 811 sperare
1745 746 1934 811 posset
1980 738 2050 793 de

462 833 697 889 bonitate
728 831 848 886 Dei.
885 831 1042 886 Modo
1070 830 1221 900 ponit
1249 829 1379 884 illud
1411 830 1556 900 quod
1594 829 1844 884 meritum
1892 826 2050 882 vide-

460 931 547 977 tur
577 919 832 985 hominis,
866 918 921 973 id
950 927 1033 973 est
1046 917 1228 987 fidem,
1262 926 1314 973 et
1333 919 1583 973 meritum
1605 934 1713 972 non
1733 932 1856 972 esse
1876 925 2054 971 osten-

456 1012 552 1066 dit.
586 1010 728 1064 Vere
757 1009 812 1063 in
834 1007 1249 1071 bonitate,nam
1280 1023 1374 1061 vos
1402 1024 1504 1078 per
1551 1008 1799 1078 gratiam
1819 1006 2047 1069 saluati,

454 1100 511 1155 id
541 1106 624 1154 est
646 1095 927 1167 justiﬁcati
969 1096 1118 1151 estis.
1180 1096 1433 1150 Concedo
1489 1095 1648 1149 etiam
1698 1102 1756 1148 ut
1812 1108 2052 1163 apponas

457 1204 559 1261 per
588 1186 753 1256 ﬁdem
781 1183 1041 1251 ;etenim,
1065 1183 1118 1237 id
1148 1192 1231 1238 est
1259 1181 1396 1237 ﬁdes
1417 1199 1524 1237 non
1556 1190 1637 1236 est
1667 1198 1731 1236 ex
1752 1182 1907 1236 vobis
1920 1196 2049 1250 pro-

457 1275 793 1331 merentibus
823 1280 880 1327 ut
906 1271 1068 1326 ﬁdem
1099 1271 1367 1326 habeatis.
1403 1272 1541 1326 Vere
1572 1270 1707 1325 fides
1727 1287 1838 1325 non
1872 1278 1952 1323 est
1977 1286 2051 1323 ea:

458 1366 628 1427 vobis,
653 1378 783 1418 nam
812 1370 895 1416 est
924 1361 1126 1415 donum
1147 1360 1266 1427 Dei,
1301 1369 1354 1414 et
1398 1375 1507 1415 non
1539 1376 1606 1414 ex
1654 1359 1906 1430 operibus
1951 1373 2052 1412 ve-

462 1454 606 1510 stris.
640 1454 708 1509 Et
733 1452 857 1507 ideo
885 1452 1033 1506 Deus
1054 1450 1232 1505 omnia
1263 1465 1329 1503 ex
1359 1450 1557 1521 gratia,
1590 1457 1643 1503 et
1672 1448 1803 1502 nihil
1832 1464 1897 1503 ex
1927 1462 2053 1518 ope-

460 1544 609 1599 ribus
629 1557 752 1596 esse
782 1539 970 1606 voluit,
990 1543 1056 1593 ut
1079 1554 1195 1593 non
1216 1539 1562 1608 gloriaretur
1588 1537 1813 1609 aliquis.
1850 1536 2053 1589 Videns

458 1632 602 1687 enim
630 1629 814 1700 angeli
840 1643 1029 1684 casum
1060 1636 1113 1681 et
1149 1625 1384 1681 hominis
1434 1625 1602 1680 fuisse
1650 1642 1717 1680 ex
1774 1623 2050 1694 superbia,

460 1720 687 1775 multum
734 1732 1046 1789 praecavere
1098 1716 1269 1770 voluit
1322 1714 1528 1769 homini
1572 1731 1603 1769 a
1657 1713 1927 1783 superbia.
1984 1713 2053 1765 Et

2148 565 2353 620 Jesum.
2394 567 2460 620 Et
2490 567 2763 637 quomodo
2793 584 2891 638 per
2948 568 3219 622 Christum
3276 568 3607 624 determinat
3641 584 3657 623 :
3691 564 3761 625 In

2150 656 2442 726 sanguine,
2476 655 2528 709 id
2560 664 2643 710 est
2672 672 2771 725 per
2820 654 3141 711 eifusionem
3186 657 3471 728 sanguinis
3503 659 3753 716 Christi.

2151 743 2344 797 Probat
2364 744 2431 798 de
2460 752 2708 815 utroque,
2741 745 2839 799 sed
2869 745 2938 799 de
2965 745 3170 799 Iudaeis
3214 745 3467 815 primum,
3506 748 3708 805 dicens
3739 768 3760 805 :

2152 833 2292 887 Vere
2316 832 2438 887 facti
2460 834 2591 889 estis
2613 848 2782 903 prope
2804 833 3042 900 Iudaeos,
3067 836 3199 906 quia
3218 835 3332 906 ipse
3355 836 3502 891 Deus
3522 841 3609 892 est
3630 855 3759 909 pax

2152 925 2369 987 nostra,
2393 921 2445 975 id
2475 930 2558 975 est
2595 921 2900 991 paciticavit
2926 938 3028 976 nos
3058 922 3245 986 simul,
3284 924 3518 995 gentiles
3549 934 3604 979 et
3648 926 3760 981 Ju-
3782 990 3795 1001 ~

2151 1009 2320 1078 daeos,
2353 1012 2451 1082 qui
2474 1011 2621 1064 Deus
2653 1011 2799 1080 facit
2823 1014 3081 1082 utraque,
3102 1010 3155 1064 id
3173 1011 3518 1067 estludaum
3545 1022 3600 1069 et
3611 1030 3759 1085 gen-

2152 1098 2321 1163 tilem,
2356 1115 2535 1154 unum
2555 1115 2655 1169 per
2686 1098 2942 1153 unitatem
2989 1098 3116 1153 tidei
3163 1107 3218 1154 et
3246 1115 3460 1155 morum
3490 1110 3545 1156 et
3582 1103 3762 1158 sacri-

2152 1185 2278 1241 ficii.
2306 1187 2480 1242 Unum
2504 1195 2685 1242 autem
2713 1188 2819 1242 hoc
2849 1187 3012 1242 modo
3044 1202 3058 1240 :
3086 1190 3303 1244 solvens
3323 1190 3601 1261 parietem
3624 1208 3757 1248 me-

2153 1276 2330 1339 dium,
2360 1275 2416 1330 id
2436 1283 2518 1329 est
2548 1276 2638 1346 qui
2669 1276 2722 1329 in
2742 1275 2921 1330 medio
2943 1276 3171 1345 positus,
3202 1277 3434 1332 alterum
3451 1279 3757 1349 separabat

2152 1364 2220 1417 ab
2249 1368 2435 1419 altero.
2459 1363 2700 1420 238
2723 1365 2822 1420 llic
2843 1364 3026 1435 paries
3051 1364 3148 1419 fuit
3175 1381 3241 1420 ex
3261 1375 3415 1436 parte
3433 1367 3758 1423 Iudaeorum

2154 1452 2567 1507 observationes
2623 1469 2852 1519 eorum;
2884 1468 2949 1507 ex
3004 1462 3157 1524 parte
3212 1454 3518 1526 gentilium,
3569 1456 3757 1511 cultus

2153 1540 2439 1595 idolorum.
2472 1542 2539 1595 Et
2568 1542 2710 1596 hunc
2734 1541 2999 1611 parietem
3028 1557 3215 1596 eorum
3244 1543 3421 1611 solvit,
3451 1544 3585 1598 dum
3625 1544 3758 1601 ido-

2153 1629 2419 1684 lolatriam
2440 1637 2494 1684 et
2522 1630 2659 1684 ritus
2678 1630 2935 1685 Iudaicos
2965 1631 3266 1685 evacuavit.
3314 1632 3588 1687 Parietem
3630 1633 3759 1688 dico

2153 1720 2436 1773 maceria.
2464 1718 2700 1773 Maceria
2729 1718 2942 1784 dicitur,
2989 1720 3287 1774 secundum
3331 1720 3621 1791 quosdam,
3654 1736 3758 1792 pa-

460 1809 598 1865 sicut
626 1806 759 1862 fides
780 1823 845 1861 ex
871 1805 1016 1860 dono
1055 1804 1176 1871 Dei,
1227 1804 1307 1860 sic
1361 1819 1529 1873 Opera
1584 1819 1707 1873 quae
1749 1802 1909 1856 tidem
1960 1816 2125 1886 se-B
2157 1806 2263 1861 ries
2301 1805 2532 1861 ﬁrmiter
2576 1815 2889 1877 compactus
2936 1815 2990 1861 et
3045 1822 3347 1863 connexus.
3413 1809 3511 1864 llic
3564 1795 3758 1880 paries

468 1904 705 1968 quuntur
734 1911 831 1965 per
859 1893 1093 1966 gratiam
1125 1892 1405 1946 Dei.Bene
1436 1892 1578 1955 dico,
1609 1895 1675 1946 ut
1694 1906 1768 1946 ne
1794 1890 1916 1961 quis
1930 1890 2055 1960 glo-

463 1987 650 2041 rietur
686 1984 740 2037 in
770 1981 876 2037 fide
901 2000 915 2048 ;
954 1996 1083 2036 nam
1106 1980 1269 2035 etiam
1297 1980 1350 2035 in
1380 1980 1638 2050 cperibus
1670 1995 1790 2050 quae
1820 1993 2056 2049 sequun-

460 2083 547 2129 tur
574 2072 755 2140 tidem,
788 2086 896 2126 non
917 2069 1135 2140 reliquit
1164 2070 1310 2124 Deus
1340 2068 1545 2123 homini
1563 2067 1705 2122 unde
1722 2074 1908 2137 posset
1928 2065 2054 2137 glo-

462 2161 615 2217 riari.
649 2160 810 2230 Quod
831 2159 911 2215 sic
938 2159 1008 2213 ait
1042 2173 1055 2211 :
1082 2160 1187 2214 Nos
1225 2173 1421 2213 sumus
1462 2160 1690 2227 factura
1712 2158 1891 2228 ipsius
1933 2153 2053 2222 Dei,

461 2266 587 2307 cum
616 2249 751 2304 nihil
766 2249 819 2303 in
850 2248 995 2302 bono
1017 2263 1263 2301 essemus
1295 2248 1474 2302 creati
1507 2246 1570 2299 in
1613 2244 1849 2312 Christo,
1886 2242 1943 2297 id
1973 2250 2056 2297 est

459 2356 557 2411 per
595 2337 867 2393 Christum
896 2338 1083 2390 Jesum
1114 2336 1175 2390 in
1216 2335 1371 2391 bonis
1400 2335 1673 2405 operibus,
1717 2350 1838 2404 quae
1885 2346 2055 2401 opera

458 2427 803 2501 praeparavit
869 2426 1016 2481 nobis
1065 2424 1229 2489 Deus,
1271 2428 1338 2478 ut
1377 2425 1439 2478 in
1502 2423 1624 2478 illis
1676 2421 2050 2482 ambulemus,

457 2533 557 2588 per
585 2532 709 2571 eum
736 2512 1084 2586 proﬁciamus
1114 2521 1166 2567 et
1201 2527 1535 2568 crescamus.
1569 2510 1685 2575 Vel,
1718 2513 1949 2580 factura
1988 2508 2057 2561 sit

457 2605 740 2670 ablativus,
775 2603 846 2657 ita
869 2601 1092 2669 factura,
1143 2601 1198 2655 id
1247 2609 1329 2656 est
1365 2616 1465 2671 per
1502 2599 1770 2655 facturam
1810 2596 1910 2652 Dei
1956 2613 2048 2650 su-

454 2710 575 2748 mus
603 2694 784 2749 creati
804 2693 867 2746 in
882 2690 1119 2746 Christo.
1150 2689 1297 2744 Nihil
1327 2688 1403 2743 ibi
1433 2696 1686 2742 mutatur.

527 2782 687 2850 Quod
701 2796 865 2851 supra
903 2780 977 2834 ait
1001 2797 1014 2834 :
1047 2779 1163 2833 Nos
1192 2777 1393 2832 fuimus
1420 2777 1474 2831 in
1496 2776 1735 2847 peccatis
1764 2775 1903 2829 sicut
1931 2789 2051 2842 vos,

459 2872 623 2927 modo
652 2869 979 2925 determinat
1016 2868 1206 2924 dicens
1242 2867 1460 2921 Judzeos
1492 2881 1601 2920 non
1646 2873 1754 2918 tam
1814 2862 2055 2934 graviter

455 2975 737 3032 peccasse,
762 2957 902 3013 sicut
930 2956 1185 3027 gentiles,
1236 2955 1333 3009 sed
1364 2955 1490 3009 licet
1535 2960 1658 3008 ante
1696 2951 1860 3006 ﬁdem
1890 2950 2055 3005 etiam

457 3047 593 3103 viles
644 3045 819 3101 Judaei
863 3043 1307 3099 abominarentur
1360 3041 1613 3114 gentiles,
1671 3041 1819 3094 Deus
1874 3046 2055 3091 tamen

459 3136 577 3191 sine
605 3134 935 3189 discretione
964 3147 1324 3203 personarum
1353 3129 1657 3201 parificavit
1678 3145 1793 3193 eos,
1817 3143 1928 3181 non
1946 3125 2053 3180 illis

461 3223 550 3296 qui
581 3222 732 3293 prius
768 3222 1143 3292 improperant
1171 3219 1270 3285 eis,
1302 3219 1397 3273 sed
1438 3218 1639 3272 sanctis
1678 3233 1741 3272 ac
1760 3214 2043 3287 perfectis.

459 3314 639 3383 Etper
660 3311 763 3366 hoc
778 3309 1079 3381 probateos
1109 3316 1160 3362 et
1191 3307 1381 3380 gratiae
1402 3306 1503 3361 Dei
1522 3306 1746 3361 multum
1762 3302 2049 3367 obnoxios,

460 3409 514 3456 et
545 3400 692 3473 quod
731 3398 800 3453 de
843 3398 1180 3454 incremento
1221 3395 1461 3465 justitim,
1516 3411 1705 3450 secure
1752 3392 1799 3447 si
1843 3391 2050 3457 volunt,

458 3497 688 3561 possunt
716 3488 982 3551 laborare,
1014 3486 1203 3541 dicens
1236 3502 1251 3540 :
1284 3486 1520 3557 Propter
1539 3484 1698 3556 quod,
1732 3489 1789 3537 ut
1817 3497 1889 3536 ne
1928 3480 2053 3552 quis

456 3587 696 3635 vestrum
718 3578 1018 3648 glorietur,
1050 3578 1227 3631 estote
1257 3589 1530 3629 memores
1559 3572 1702 3644 quod
1750 3568 2053 3642 aliquando

459 3672 706 3741 tempore
734 3663 1068 3720 inﬁdelitatis
1096 3680 1189 3719 vos
1220 3666 1438 3734 gentes,
1458 3662 1512 3716 id
1534 3670 1618 3716 est
1633 3660 1769 3715 tales
1791 3658 1981 3729 quales
1996 3655 2053 3710 in

454 3764 682 3828 peccato
701 3753 870 3826 geniti
890 3752 1055 3808 eratis
1085 3754 1150 3807 in
1182 3767 1373 3818 carne,
1395 3750 1451 3804 id
1478 3758 1561 3804 est
1590 3749 1645 3803 in
1666 3747 1923 3819 operibus
1942 3760 2055 3800 car-

456 3843 560 3898 nis.
587 3845 697 3900 Vos
719 3842 843 3897 dico
871 3842 968 3913 qui
998 3842 1362 3912 praeputium,
1396 3838 1451 3893 id
1472 3847 1555 3894 est
1592 3838 1712 3908 ipsa
1756 3833 2053 3891 immundi-

456 3932 533 3987 tia
560 3930 900 3987 diccbamini
928 3930 996 3984 ab
1019 3944 1083 3984 ea
1114 3928 1560 3994 circumcisione,
1596 3926 1654 3981 id
1699 3933 1782 3981 est
1826 3922 2050 3988 Iudaeis,

458 4036 580 4093 quae
608 4019 804 4074 dicitur
848 4016 1207 4083 circumcisio,
1249 4016 1304 4071 id
1343 4024 1425 4070 est
1472 4016 1588 4087 ipsa
1634 4013 1916 4069 munditia.
1985 4012 2054 4065 Et

456 4108 591 4163 nihil
616 4116 721 4174 est,
754 4106 883 4178 quia
911 4107 1028 4162 hinc
1057 4105 1399 4162 circumcisio
1427 4104 1483 4159 in
1512 4120 1675 4159 carne
1705 4111 1818 4158 erat
1844 4116 1954 4156 non
1996 4099 2053 4154 in

455 4197 644 4265 corde,
676 4198 836 4267 facta
867 4195 1031 4250 etiam
1061 4210 1240 4249 manu
1268 4194 1658 4264 cujuscunque,
1675 4207 1786 4247 non
1805 4205 1903 4262 per
1924 4186 2052 4258 Spi-

458 4286 617 4342 ritum
645 4292 915 4340 sanctum.
954 4284 1225 4339 Memores
1250 4284 1411 4337 etiam
1430 4290 1601 4338 estote
1631 4281 1756 4353 quia
1786 4282 1886 4336 illo
1912 4285 2053 4337 tem-

457 4390 593 4448 pore
618 4372 952 4429 infidelitatis
981 4373 1157 4429 eratis
1186 4373 1309 4427 sine
1358 4370 1598 4436 Christo,
1642 4369 1770 4441 quia
1809 4370 2055 4426 Christus

458 4480 564 4519 non
597 4462 1015 4534 promittebatur
1040 4460 1214 4516 vobis.
1258 4460 1432 4514 Eratis
1468 4463 1525 4514 et
1572 4459 1816 4515 alienati
1846 4475 1881 4514 a
1920 4475 2052 4515 con-

2154 1903 2273 1949 erat
2303 1895 2560 1959 maceria,
2581 1896 2636 1949 id
2666 1903 2747 1949 est
2777 1895 2929 1950 fortis
2958 1903 3010 1950 et
3038 1896 3108 1950 ad
3151 1896 3547 1952 destruendum
3603 1897 3757 1953 diﬁi-

2153 1983 2294 2045 cilis,
2328 1984 2451 2054 quia
2467 1984 2658 2049 Judaei,
2691 1984 3011 2039 auctoritate
3058 1984 3197 2055 legis
3228 1992 3282 2039 et
3335 1986 3752 2055 prophetarum,

2153 2072 2289 2125 ritus
2319 2088 2448 2127 suos
2488 2074 2796 2126 tuebantur.
2858 2072 3062 2127 Gentes
3099 2080 3300 2139 autem,
3360 2090 3460 2144 per
3514 2074 3761 2145 philoso-

2153 2160 2353 2230 phiam,
2389 2177 2546 2215 suum
2575 2161 2652 2229 (in
2682 2176 2790 2231 quo
2832 2160 2976 2216 male
3023 2164 3439 2231 consueverant)
3486 2161 3757 2219 defende.

2153 2249 2284 2303 bant
2316 2249 2441 2314 ;vel
2490 2250 2684 2304 dicitur
2724 2249 2960 2304 maceria
2991 2250 3282 2322 congeries
3335 2250 3574 2321 lapidum
3634 2252 3757 2309 sine

2153 2345 2423 2392 ccemento
2453 2346 2811 2409 congregata.
2835 2337 2925 2393 Sic
2956 2336 3046 2392 ille
3076 2339 3254 2408 paries
3283 2338 3382 2393 fuit
3398 2339 3674 2408 maceriae,
3694 2340 3757 2395 id

2154 2434 2236 2480 est
2264 2426 2462 2480 debilis
2491 2434 2542 2480 et
2597 2426 2812 2480 Christo
2856 2425 2994 2481 levis
3021 2426 3090 2480 ad
3119 2426 3467 2495 diruendum,
3512 2436 3571 2482 ut
3599 2428 3757 2484 sicca

2157 2514 2516 2586 congregatio
2542 2514 2801 2584 lapidum,
2825 2523 2897 2581 et,
2930 2514 3107 2569 soluto
3144 2515 3326 2571 medio
3342 2516 3757 2586 pariete,solvit

2153 2604 2217 2657 in
2248 2619 2422 2658 carne
2449 2619 2553 2657 sua
2566 2617 2730 2674 quam
2758 2603 3054 2674 assumpsit
3080 2604 3419 2660 inimicitias
3462 2604 3758 2676 utriusque

2155 2691 2357 2762 populi.
2393 2691 2698 2746 Destructis
2747 2692 2893 2746 enim
2937 2692 3130 2745 ritibus
3183 2692 3355 2747 Judaei
3408 2700 3463 2747 et
3502 2693 3749 2764 gentilis,

2147 2780 2258 2848 jam
2300 2794 2408 2835 non
2458 2788 2572 2834 erat
2624 2780 2768 2834 unde
2814 2779 3223 2835 inimicarentur
3278 2780 3400 2836 sibi.
3455 2780 3755 2849 Quomodo

2156 2867 2375 2938 solverit
2392 2866 2705 2922 inimicitias
2736 2868 2972 2922 ostendit
3000 2867 3054 2921 in
3085 2876 3237 2939 parte
3254 2868 3585 2935 Iudaeorum,
3612 2885 3754 2942 quo-

2154 2972 2278 3011 rum
2290 2965 2427 3011 ratio
2440 2957 2616 3029 magis
2634 2957 2982 3027 oppugnabat
3012 2975 3026 3021 ;
3057 2957 3155 3012 sed
3173 2957 3301 3028 quia
3320 2958 3576 3030 gentibus
3598 2960 3757 3015 nulla

2155 3045 2286 3100 ratio
2315 3054 2451 3111 erat,
2472 3046 2541 3101 de
2570 3045 2654 3099 his
2683 3045 2815 3099 nihil
2850 3045 3106 3100 subdidit.
3137 3045 3368 3102 Solvens
3412 3046 3750 3115 inimicitias,

2157 3134 2286 3205 quia
2301 3150 2580 3189 euacuans
2596 3136 2767 3205 legem
2781 3134 3079 3189 carnalium
3104 3136 3527 3204 mandatorum,
3558 3137 3759 3193 decre-

2156 3224 2246 3292 tis,
2277 3222 2332 3285 id
2361 3231 2443 3277 est
2470 3223 2608 3277 datis
2624 3223 2891 3277 mandatis
2912 3239 2976 3277 ex
2990 3222 3320 3279 discretione
3347 3224 3601 3290 inventis,
3624 3225 3759 3281 ideo

2153 3327 2448 3377 evacuans,
2482 3312 2607 3367 hinc
2638 3311 2839 3383 legem,
2872 3311 2998 3366 inde
3028 3311 3260 3378 idolum,
3292 3318 3359 3368 ut
3391 3313 3550 3378 duos,
3582 3313 3639 3368 id
3669 3322 3762 3369 est

2151 3400 2397 3455 Judazum
2413 3408 2466 3455 et
2491 3399 2769 3472 gentilem,
2786 3401 2994 3456 condat
3019 3404 3324 3473 utrumque
3338 3402 3400 3455 in
3413 3405 3720 3475 semetipso
3735 3424 3756 3472 ;

2152 3492 2206 3538 et
2228 3484 2357 3555 quia
2386 3485 2441 3539 in
2471 3501 2532 3539 se
2574 3485 2813 3540 condere
2861 3492 3047 3554 posset
3095 3484 3276 3541 adhuc
3301 3485 3506 3540 divisos
3563 3486 3748 3543 addit.

2155 3574 2391 3640 Condat,
2423 3573 2666 3644 inquam,
2706 3575 2925 3643 faciens
2966 3589 3183 3645 pacem,
3234 3573 3288 3627 id
3316 3581 3398 3628 est
3449 3573 3754 3645 paciﬁcans

2152 3677 2248 3717 eos
2278 3662 2381 3716 sibi
2411 3661 2668 3716 vicissim.
2701 3662 2770 3716 Et
2800 3661 2855 3715 in
2883 3676 2989 3731 quo
3032 3676 3226 3732 pacem
3268 3661 3480 3731 fecerit,
3514 3664 3701 3718 subdit
3737 3681 3754 3719 :

2152 3753 2388 3806 Faciens
2414 3766 2611 3821 pacem
2640 3750 2763 3805 dico
2794 3752 2859 3804 in
2906 3765 2966 3805 se
2995 3766 3108 3806 uno
3136 3767 3275 3806 novo
3305 3752 3550 3808 homine.
3568 3753 3756 3821 Novo,

2151 3840 2275 3910 quia
2303 3840 2467 3894 homo
2496 3838 2706 3911 gratim,
2751 3838 2875 3893 ideo
2903 3853 3080 3904 novo;
3103 3839 3245 3910 quia,
3279 3839 3325 3893 si
3355 3848 3502 3895 esset
3529 3840 3756 3913 legalis,

2151 3928 2432 3999 oppositus
2461 3935 2608 3982 esset
2636 3926 2826 4000 gentili
2856 3945 2870 3993 ;
2903 3926 2949 3981 si
2979 3927 3172 3982 iterum
3202 3927 3440 4000 gentilis,
3463 3930 3757 4001 oppositus

2153 4025 2298 4071 esset
2325 4016 2533 4080 Judaeo,
2554 4024 2607 4071 et
2635 4024 2826 4070 neuter
2855 4016 3186 4071 consentiret
3217 4016 3434 4072 inimico
3464 4034 3583 4073 suo.
3613 4019 3758 4074 Pro-

2153 4104 2295 4159 bavit
2326 4105 2474 4175 quod
2503 4104 2721 4177 gentilis
2752 4104 2818 4158 sit
2844 4119 3016 4174 pr0pe
3060 4105 3334 4170 Judaeum;
3366 4106 3560 4176 probat
3587 4123 3759 4162 eum-

2152 4192 2277 4247 dem
2307 4209 2429 4247 esse
2456 4209 2628 4264 prope
2657 4194 2850 4257 Deum,
2885 4192 3103 4248 dicens:
3136 4194 3205 4247 Et
3231 4193 3354 4249 ideo
3382 4194 3602 4249 solvens
3641 4195 3759 4251 ini-

2152 4280 2384 4336 micitias
2410 4286 2476 4336 ut
2508 4282 2837 4337 reconciliet
2871 4283 2980 4337 Deo
3012 4283 3215 4346 ambos,
3243 4281 3298 4336 id
3328 4290 3413 4337 est
3429 4283 3678 4337 Judaeum
3699 4292 3757 4339 et

2153 4370 2413 4442 gentilem
2431 4370 2714 4440 copulatos
2741 4371 2805 4424 in
2828 4386 2942 4425 uno
2971 4386 3217 4442 corpore,
3235 4370 3293 4425 id
3303 4379 3384 4425 est
3400 4371 3453 4425 in
3473 4372 3749 4428 Ecclesia.

2152 4455 2629 4515 Reconciliationis
2674 4459 2899 4513 modum
2949 4459 3154 4515 subdit.
3218 4461 3561 4517 Reconciliet
3600 4460 3748 4530 dico,

457 4553 773 4609 versatione
795 4553 991 4618 Israel,
1024 4548 1077 4604 id
1108 4557 1190 4605 est
1235 4548 1449 4604 Judaici
1487 4546 1713 4618 populi;
1750 4562 1861 4602 non
1907 4539 2126 4602 enimD
2152 4549 2508 4617 interﬁciens
2554 4548 2673 4618 ipse
2694 4547 2939 4602 Christus
2968 4549 3031 4602 in
3073 4550 3373 4619 semetipso
3410 4549 3756 4605 inimicitias

458 4648 587 4697 tunc
625 4639 1095 4697 conversabantur
1138 4638 1330 4704 vobis;
1390 4637 1497 4702 vel,
1530 4636 1577 4691 si
1616 4635 1757 4690 forte
1794 4651 1917 4690 cum
1974 4637 2056 4691 eis

456 4728 947 4796 conversabamini,
982 4735 1041 4783 ut
1054 4726 1353 4799 proselyti;
1386 4724 1550 4780 eratis
1598 4724 1845 4794 hospites
1874 4728 2054 4781 testa-

456 4822 803 4884 mentorum,
838 4816 894 4871 id
919 4824 1002 4872 est
1029 4815 1328 4881 instabiles,
1380 4813 1436 4867 id
1490 4819 1573 4867 est
1628 4810 1793 4866 modo
1840 4820 2051 4882 euntes,

455 4907 620 4961 modo
648 4906 939 4962 redeuntes
985 4905 1055 4959 ad
1102 4905 1284 4977 legem
1321 4900 1685 4958 ducebamini.
1731 4900 2053 4957 Testamen-

452 5001 632 5050 torum
662 4994 787 5049 ideo
817 4994 1106 5065 pluraliter
1125 4993 1273 5058 dicit,
1301 4990 1430 5062 quia
1448 4992 1664 5061 Moyses
1686 5003 1864 5057 suum,
1889 4990 2055 5046 Isaias

456 5098 635 5150 suum,
668 5092 722 5139 et
740 5083 965 5156 quilibet
993 5082 1259 5154 prOpheta
1288 5096 1447 5134 suum
1473 5081 1708 5137 habebat
1728 5082 2053 5136 Testamen-

461 5179 595 5227 tum.
628 5172 807 5228 Eratis
837 5172 999 5228 etiam
1028 5179 1157 5226 tunc
1186 5186 1302 5224 non
1330 5169 1599 5225 habentes
1630 5186 1782 5243 spem
1809 5169 2053 5242 promis-

455 5262 633 5317 sionis
653 5260 810 5318 facta:
836 5261 905 5315 ad
934 5260 1225 5323 Abraham,
1257 5271 1361 5312 nec
1382 5257 1524 5311 enim
1545 5257 1743 5314 licebat
1763 5267 1890 5313 tunc
1919 5273 2055 5330 gen-

456 5348 600 5404 tibus
632 5365 860 5422 sperarc
889 5348 1120 5403 salutem
1155 5365 1170 5413 ;
1202 5352 1255 5400 et
1284 5345 1452 5400 eratis
1481 5347 1605 5403 sine
1635 5350 1764 5415 Deo,
1798 5346 1945 5402 idola
1965 5345 2057 5400 ad-

453 5446 691 5494 orantes.
726 5440 838 5494 Vos
863 5437 987 5491 dico
1006 5437 1070 5491 in
1101 5436 1199 5491 hoc
1230 5433 1461 5502 mundo,
1486 5435 1540 5490 id
1570 5444 1654 5492 est
1682 5436 1766 5491 his
1812 5435 2051 5491 munda-

451 5527 537 5582 nis
566 5528 927 5583 adhaerentes.
962 5523 1107 5579 Olim
1136 5522 1216 5580 sic
1245 5523 1428 5592 eratis,
1487 5526 1581 5582 sed
1618 5543 1770 5583 nunc
1810 5541 1921 5595 vos,
1955 5526 2053 5597 qui

453 5614 762 5689 aliquando
791 5614 967 5672 eratis
998 5614 1157 5686 longe
1185 5630 1216 5669 a
1241 5613 1359 5670 Deo
1374 5621 1428 5670 et
1445 5630 1475 5670 a
1502 5615 1722 5684 Judais,
1745 5616 1894 5688 facti
1914 5615 2053 5672 estis

2157 4653 2278 4708 quae
2318 4644 2470 4691 erant
2500 4636 2642 4691 inter
2664 4637 2841 4691 Deum
2869 4644 2923 4690 et
2942 4636 3236 4691 hominem.
3260 4638 3342 4691 lta
3360 4638 3424 4693 in
3447 4638 3749 4710 semetipso

2156 4725 2303 4798 quod
2327 4741 2425 4795 per
2454 4740 2691 4790 crucem,
2725 4724 2782 4780 id
2811 4732 2893 4780 est
2920 4740 3020 4796 per
3046 4733 3274 4780 mortem
3306 4726 3503 4781 crucis.

2224 4813 2353 4869 Haec
2380 4821 2560 4868 autem
2587 4813 2767 4868 omnia
2792 4829 2981 4883 parum
3025 4813 3370 4883 prodessent,
3403 4813 3509 4868 nisi
3549 4813 3755 4885 pradi-

2155 4909 2277 4958 cata
2306 4901 2516 4969 forent;
2534 4901 2657 4956 ideo
2686 4902 2835 4956 addit
2865 4919 2878 4955 :
2911 4903 2981 4957 Et
3008 4902 3126 4972 ipse
3154 4902 3403 4957 Christus
3439 4904 3671 4958 veniens
3692 4902 3751 4957 in

2155 5005 2375 5045 carnem
2394 4991 2798 5061 evangelisavit
2822 5005 2922 5060 per
2950 4990 3229 5061 apostolos
3255 5006 3454 5063 pacem
3473 4991 3544 5046 ad
3569 4992 3752 5047 Deum

2153 5078 2450 5133 restitutam
2481 5078 2626 5135 vobis
2672 5078 2948 5150 gentibus,
2994 5080 3090 5151 qui
3122 5079 3283 5151 longe
3324 5081 3520 5150 fuistis
3544 5095 3577 5133 a
3605 5080 3746 5145 Deo,

2155 5167 2278 5239 quia
2300 5167 2417 5224 sine
2449 5167 2662 5222 Christo
2688 5174 2742 5221 et
2771 5167 2887 5221 sine
2930 5166 3047 5222 Deo
3076 5167 3131 5222 in
3160 5168 3265 5223 hoc
3294 5168 3499 5223 mundo
3554 5168 3745 5224 eratis.

2152 5256 2561 5329 Evangelizavit
2587 5258 2764 5311 etiam
2816 5270 3009 5327 pacem
3050 5256 3157 5323 his,
3206 5255 3261 5310 id
3289 5264 3373 5310 est
3394 5256 3615 5322 Judaeis,
3650 5258 3753 5329 qui

2148 5361 2319 5418 prape
2348 5349 2533 5411 erant,
2555 5344 2678 5416 quia
2707 5345 2880 5399 Deum
2910 5344 3187 5400 colebant.
3217 5344 3334 5400 Hoc
3352 5343 3648 5416 praedicare
3668 5343 3753 5400 fe-

2152 5434 2243 5501 cit,
2269 5434 2535 5506 quoniam
2560 5450 2661 5505 per
2678 5434 2863 5505 ipsum
2885 5432 3158 5488 Christum
3188 5432 3350 5487 ambo
3367 5440 3420 5487 et
3454 5432 3671 5488 Judazus
3696 5441 3753 5488 et

2151 5522 2389 5596 gentilis,
2423 5522 2687 5578 habemus
2718 5536 3008 5578 accessum
3036 5520 3109 5576 ad
3140 5523 3372 5577 Patrem
3411 5522 3609 5590 Deum,
3639 5537 3754 5577 non

2151 5611 2314 5669 ambo
2332 5609 2495 5682 positi
2520 5610 2584 5666 in
2597 5626 2711 5669 uno
2734 5611 2955 5683 Spiritu
2969 5608 3116 5677 ﬁdei,
3149 5625 3277 5667 cum
3299 5609 3390 5666 hic
3415 5609 3573 5682 prius
3603 5617 3755 5668 esset
