3932 6434
138 347 237 401 329

755 335 1140 396 EXPOSITIO
1179 338 1254 394 IN
1290 336 1670 395 EPISTOLAS
1709 335 1933 394 PAULI.
1973 366 2042 377 —
2081 335 2156 392 IN
2193 336 2412 393 EPIST.
2454 336 2550 392 AD
2579 335 2825 392 EPHES.

3339 338 3444 391 330

137 466 192 520 in
217 463 422 535 Spiritu
449 460 612 534 legis,
646 460 734 517 hic
779 460 836 514 in
865 461 1058 532 spiritu
1105 461 1255 517 idoli.
1289 462 1354 516 Et
1413 462 1540 533 quia
1583 461 1817 522 amboA
1853 479 1871 512 ι
1901 460 2057 528 siam,
2091 459 2438 515 multiformis
2468 459 2729 531 sapientia
2759 458 2877 525 Dei,
2930 458 3229 514 secundum
3260 457 3448 530 praeﬁ-

139 555 193 608 in
222 552 417 608 eodem
447 550 647 621 Spiritu
674 549 836 617 positi
855 566 1137 605 accessum
1159 550 1423 606 habemus
1454 551 1522 604 ad
1545 552 1738 616 Deum,

139 657 272 713 ergo
302 656 402 695 vos
431 638 664 711 gentiles
697 638 920 709 Ephesii
927 641 1051 710 jam
1074 656 1188 696 non
1207 641 1340 695 estis
1372 640 1616 711 hospites
1636 640 1744 692 Te-

141 737 554 796 stamentorum,
589 726 727 781 sicut
773 726 851 780 illi
897 725 1358 798 improperabant.
1391 727 1460 782 Et
1491 727 1607 796 jam
1636 741 1747 780 non

143 817 271 872 estis
300 818 553 885 advenae,
595 814 651 868 id
699 822 781 869 est
819 831 927 869 non
958 815 1101 870 ultra
1149 811 1418 871 vocamini
1465 813 1744 885 proselyti,

145 905 268 977 quia
310 905 438 960 licet
477 913 608 959 tunc
650 903 874 957 stabiles
920 913 1104 958 essent
1134 904 1187 957 in
1237 903 1382 974 lege,
1416 919 1636 974 semper
1663 909 1747 956 ta-

146 1010 272 1048 men
299 993 620 1047 dicebantur
647 990 953 1046 adventitii.
1003 993 1123 1047 Non
1171 993 1307 1047 estis
1358 991 1624 1062 hospites,
1655 992 1750 1047 sed

149 1083 280 1138 estis
310 1081 604 1146 concives;
638 1095 740 1135 nec
769 1095 961 1134 eorum
988 1079 1080 1151 qui
1103 1079 1256 1135 vobis
1286 1079 1746 1150 improperabant,

151 1170 247 1225 sed
277 1173 628 1234 sanctorum,
653 1167 708 1221 id
738 1176 820 1222 est
865 1167 1228 1238 quorumlibet
1265 1166 1646 1238 perfectorum.
1681 1167 1750 1220 Et

151 1273 262 1312 non
289 1257 424 1312 estis
450 1256 700 1322 advenae,
726 1255 822 1310 sed
843 1256 1158 1322 domestici,
1191 1255 1247 1309 id
1271 1264 1352 1310 est
1380 1254 1654 1309 naturales
1684 1255 1754 1309 de

150 1347 350 1412 domo;
383 1361 488 1400 nec
519 1360 727 1412 eorum,
758 1343 855 1399 sed
884 1344 1171 1400 domestici
1200 1345 1318 1400 Dei.
1350 1344 1462 1399 Vos
1490 1344 1613 1399 dico
1650 1360 1752 1398 su-

145 1433 520 1507 peraediﬁcati
548 1433 711 1488 hodie
742 1432 954 1502 pietas;
989 1448 1113 1489 cras
1163 1449 1327 1503 super
1355 1433 1494 1487 hanc
1521 1429 1755 1487 aediﬁca-

151 1522 291 1577 bitur
319 1521 618 1576 humilitas.
658 1522 725 1575 Et
754 1521 833 1576 sic
861 1521 1302 1593 superwdiﬁcati
1339 1537 1510 1592 super
1538 1520 1754 1591 funda-

151 1615 432 1677 mentum,
463 1609 519 1664 id
545 1616 628 1664 est
648 1609 947 1665 doctrinam
975 1611 1355 1682 apostolorum
1377 1613 1432 1664 et
1453 1609 1756 1681 prapheta-

151 1716 281 1755 rum
301 1713 540 1771 quorum
567 1697 808 1753 doctrina
839 1697 1064 1752 fundata
1092 1707 1177 1753 est
1225 1697 1494 1753 Ecclesia.
1529 1697 1628 1752 Vel
1655 1713 1757 1753 su-

1850 569 1872 598 «
1909 548 2168 603 nitionem
2198 548 2542 616 sazculorum,
2580 565 2742 620 quam
2789 548 2916 603 fecit
2963 547 3016 601 in
3061 547 3276 602 Christo
3322 547 3455 602 Jesu

1852 661 1873 685 «
1913 638 2148 693 Domino
2175 646 2380 693 nostro.
2418 639 2477 692 In
2505 653 2612 709 quo
2660 637 2925 693 habemus
2973 635 3224 692 ﬁduciam
3255 645 3307 692 et
3351 652 3451 692 ac-

1854 747 1876 777 c:
1911 743 2128 782 cessum
2176 727 2231 780 in
2278 725 2610 782 conﬁdentia
2675 743 2774 797 per
2832 726 2994 781 ﬁdem
3042 727 3177 795 ejus.
3229 727 3456 797 Propter

1855 836 1876 865 ι
1914 815 2059 886 quod
2089 822 2216 886 peto
2245 831 2314 870 ne
2346 813 2606 870 deﬁciatis
2636 815 2690 868 in
2721 814 3154 870 tribulationibus
3183 814 3320 870 meis
3349 831 3452 886 pro

1856 925 1876 951 ιι
1913 903 2089 971 vobis,
2141 920 2264 974 quze
2318 911 2399 958 est
2456 902 2630 976 gloria
2680 911 2880 958 vestra.
2932 904 3103 973 Hujus
3161 904 3236 958 rei
3281 903 3454 975 gratia

1858 1015 1879 1039 ιι
1914 992 2076 1047 ﬂecto
2105 1007 2283 1062 genua
2312 1007 2437 1046 mea
2475 992 2544 1045 ad
2589 993 2804 1046 Patrem
2848 991 3064 1046 Domini
3109 992 3277 1047 nostri
3322 993 3454 1048 Jesu

1856 1105 1876 1127 α
1915 1079 2132 1145 Christi,
2166 1097 2230 1134 ex
2260 1096 2368 1150 quo
2400 1079 2575 1134 omnis
2621 1080 2920 1150 paternitas
2968 1080 3024 1133 in
3071 1081 3244 1151 caelis,
3304 1089 3356 1136 et
3399 1081 3456 1137 in

1857 1193 1878 1217 α
1917 1177 2065 1223 terra
2093 1167 2420 1238 nominatur,
2450 1177 2507 1223 ut
2537 1168 2629 1223 det
2660 1169 2838 1234 vobis,
2890 1169 3190 1224 secundum
3239 1169 3453 1225 divitias

1857 1257 2104 1329 «gloriae
2153 1273 2284 1326 sua),
2336 1257 2590 1312 virtutem
2656 1258 3004 1313 corroborari
3062 1275 3163 1329 per
3209 1259 3458 1330 spiritum

1859 1367 1881 1396 α
1917 1346 2030 1414 ejus
2051 1345 2107 1399 in
2137 1345 2450 1400 interiorem
2474 1345 2770 1412 hominem,
2805 1346 3078 1402 Christum
3101 1347 3337 1403 habitare
3357 1365 3458 1419 per

1859 1458 1880 1481 α
1915 1433 2079 1488 ﬁdem
2109 1433 2164 1487 in
2193 1434 2447 1489 cordibus
2477 1433 2695 1500 vestris,
2729 1434 2786 1488 in
2835 1435 3097 1491 charitate
3146 1435 3375 1492 radicati
3405 1445 3458 1492 et

1862 1543 1883 1573 α
1922 1521 2146 1592 fundati,
2181 1529 2238 1576 ut
2265 1522 2487 1593 possitis
2513 1523 2983 1594 comprehendere
3031 1539 3158 1580 cum
3201 1525 3458 1580 omnibus

1861 1634 1883 1659 α
1921 1610 2142 1677 sanctis,
2178 1627 2299 1681 qua:
2328 1611 2396 1664 sit
2425 1611 2670 1677 latitudo,
2706 1619 2759 1666 ct
2784 1611 3088 1685 longitudo,
3123 1620 3175 1668 et
3207 1613 3458 1669 sublimi-

1864 1721 1885 1749 ι
1922 1707 2020 1765 tas,
2055 1706 2106 1754 et
2155 1698 2519 1769 profundum:
2572 1699 2711 1755 scire
2759 1700 2919 1755 etiam
2965 1701 3460 1772 supereminentem

153 1804 251 1859 per
269 1787 737 1858 fundamentum,
763 1785 818 1840 id
841 1793 923 1840 est
939 1785 1233 1851 Christum,
1268 1801 1432 1856 super
1448 1801 1611 1856 quem
1633 1799 1829 1875 apo-B
1864 1810 1886 1839 ι
1920 1787 2158 1843 scientia:
2188 1787 2486 1842 claritatem
2519 1787 2737 1854 Christi,
2771 1796 2827 1842 ut
2858 1788 3192 1860 impleamini
3247 1789 3303 1844 in
3346 1806 3464 1846 om-

154 1875 276 1930 stoli
305 1883 358 1930 et
398 1875 682 1946 prophetae
723 1873 930 1929 fundati
974 1882 1116 1928 sunt.
1163 1873 1432 1929 Ediﬁcati
1480 1875 1597 1945 ipso
1635 1873 1758 1928 dico

159 1962 374 2019 Christo
404 1965 537 2019 Jesu
567 1961 830 2018 existente
867 1963 1052 2034 lapide
1078 1971 1304 2033 propter
1350 1961 1759 2027 ﬁrmitudinem,

154 2068 392 2119 summo,
425 2051 482 2105 id
512 2059 595 2106 est
625 2059 1039 2106 consuunmante
1080 2050 1346 2120 justitiam
1374 2059 1631 2116 vestram,
1665 2067 1766 2106 an-

153 2141 358 2210 gulari,
392 2139 450 2193 id
480 2147 565 2194 est
594 2147 885 2210 utrumque
917 2138 1177 2210 p0pulum
1219 2139 1466 2194 Judaeum
1497 2146 1551 2194 et
1579 2138 1764 2208 genti-

148 2227 256 2283 lem
285 2228 340 2281 in
385 2244 447 2283 se
495 2235 877 2283 conuectente.
919 2226 1078 2298 Lapis
1127 2228 1230 2282 iste
1275 2227 1367 2282 ubi
1414 2227 1484 2281 ad
1530 2226 1765 2282 litteram

151 2314 328 2386 fuerit,
361 2325 573 2372 certum
621 2331 731 2371 non
777 2317 1080 2382 habemus;
1137 2315 1303 2371 fuisse
1351 2323 1531 2370 tamen
1580 2315 1763 2370 credi-

155 2421 276 2459 mus
305 2405 473 2476 quod,
507 2404 685 2460 donec
730 2404 784 2458 in
833 2404 1300 2460 consummatione
1345 2403 1624 2475 utriusque
1666 2419 1765 2474 pa-

157 2492 324 2560 rietis,
356 2508 471 2548 non
501 2492 697 2548 idonee
727 2491 854 2562 poni
882 2493 1056 2562 potuit
1082 2511 1096 2559 ;
1128 2492 1225 2547 sed
1254 2491 1310 2546 in
1350 2506 1564 2547 summo
1593 2491 1764 2546 mira-

159 2581 250 2635 bili
280 2581 665 2637 convenientia
694 2589 983 2652 utrumque
1012 2580 1276 2652 parietem
1305 2580 1632 2654 coagulavit.
1665 2579 1766 2635 Hic

156 2668 290 2740 lapis
320 2668 651 2742 signiﬁcavit
693 2669 986 2735 Christum,
1033 2669 1278 2724 Judaeum
1308 2677 1361 2724 et
1405 2669 1666 2740 gentilem
1709 2668 1764 2722 in

157 2758 495 2828 pertectione
523 2757 650 2812 ﬁdei
683 2757 1050 2828 c0pulantem.
1085 2757 1190 2826 Qui
1237 2757 1486 2812 Christus
1517 2757 1653 2812 sicut
1683 2765 1766 2811 est

159 2861 402 2901 summus
457 2853 865 2902 consummator
913 2845 1159 2902 239
1203 2845 1440 2915 justitiae,
1493 2845 1573 2901 sic
1603 2852 1684 2900 est
1715 2853 1767 2900 et

161 2935 486 3005 principium
501 2933 742 3004 justitiae.
765 2933 925 3002 Quod
948 2933 1028 2990 sic
1047 2933 1122 2988 ait
1143 2933 1234 2988 :In
1256 2951 1360 3006 quo
1377 2933 1561 3004 lapide
1581 2935 1766 2990 omnis

159 3023 458 3091 tediﬁcatio
479 3027 806 3079 constructa
825 3038 926 3092 per
947 3021 1131 3092 ﬁdem,
1155 3023 1360 3078 crescit
1380 3039 1482 3093 per
1497 3021 1766 3092 operatio-

161 3127 283 3166 nem
316 3113 377 3167 in
400 3111 679 3181 templum
699 3115 986 3177 sanctum,
1009 3118 1067 3164 ut
1107 3110 1176 3164 sit
1211 3111 1373 3166 homo
1421 3110 1679 3181 templum
1709 3109 1763 3164 in

162 3215 266 3271 quo
293 3171 712 3255 habitet-Deus.
759 3171 1013 3254 Sanctum
1044 3199 1168 3255 dico
1214 3201 1277 3254 in
1308 3171 1563 3265 Domino,
1597 3198 1652 3252 id
1681 3206 1765 3253 est
1787 3171 1835 3233 Ο

166 3304 262 3358 per
290 3288 605 3343 Dominum.
630 3287 693 3342 In
715 3304 819 3360 quo
839 3288 1016 3343 etiam
1037 3287 1218 3358 lapide
1235 3287 1469 3353 Christo,
1501 3303 1594 3342 vos
1622 3303 1764 3358 gen—

162 3384 239 3431 tes
269 3377 702 3446 cotediﬁcamini
723 3391 846 3431 cum
864 3375 1068 3431 Judaais
1090 3378 1154 3431 in
1173 3375 1582 3442 habitaculum,
1607 3375 1661 3430 id
1685 3383 1768 3430 est

160 3465 226 3519 ad
255 3466 358 3521 hoc
383 3473 440 3518 ut
471 3463 592 3518 sitis
621 3464 985 3519 habitaculum
1015 3466 1136 3520 Dei.
1188 3463 1609 3520 Coediﬁcamini
1642 3463 1766 3519 dico

162 3555 220 3608 in
246 3553 464 3625 Spiritu
492 3557 707 3619 sancto,
741 3552 796 3608 id
826 3561 908 3608 est
953 3569 1054 3624 per
1074 3552 1331 3624 Spiritum
1369 3560 1635 3622 sanctum,
1667 3569 1766 3624 pu-

162 3639 459 3698 riﬁcantem
488 3655 587 3697 vos
625 3641 761 3697 Deo.

769 3791 996 3849 CAPUT
1054 3792 1145 3848 Ill.

235 3946 257 3976 α
293 3925 467 3996 Hujus
497 3924 578 3979 rei
607 3923 800 3995 gratia,
831 3939 936 3997 ego
953 3923 1152 3978 Paulus
1181 3923 1392 3980 vinctus
1420 3922 1618 3978 Christi
1638 3923 1768 3978 Jesu

168 4035 189 4064 ι
221 4030 318 4084 pro
345 4014 506 4070 vobis
534 4013 819 4086 gentibus,
855 4013 900 4066 si
927 4021 1110 4068 tamen
1142 4012 1370 4068 audistis
1398 4011 1769 4083 dispensatio-

172 4123 193 4152 ι
225 4119 348 4158 nem
387 4102 583 4176 gratiae
641 4101 778 4166 Dei,
855 4117 978 4172 quae
1026 4101 1148 4156 data
1191 4109 1274 4156 est
1313 4101 1444 4155 mihi
1487 4101 1542 4155 in
1590 4100 1766 4155 vobis.

169 4211 190 4240 ι
223 4189 495 4259 Quoniam
525 4189 825 4244 secundum
865 4189 1254 4245 revelationem
1305 4198 1489 4244 notum
1523 4188 1653 4242 mihi
1683 4187 1770 4242 fa-

167 4301 187 4324 α
223 4286 368 4334 ctum
399 4287 484 4334 est
514 4285 939 4343 sacramentum,
973 4279 1110 4333 sicut
1141 4295 1302 4349 supra
1331 4277 1529 4348 scripsi
1557 4277 1614 4331 in
1645 4277 1770 4332 bre-

170 4388 190 4412 «ι
224 4367 276 4422 vi
307 4368 459 4439 (Sap.
497 4381 535 4435 ι,
569 4365 678 4435 19),
714 4374 870 4436 prout
896 4367 1123 4437 potestis
1169 4366 1418 4438 legentes
1465 4364 1771 4437 intelligere

174 4475 194 4503 ε
229 4455 576 4526 prudentiam
621 4470 798 4510 meam
847 4454 904 4508 in
954 4454 1256 4510 ministerio
1304 4454 1420 4527 [al.,
1481 4452 1771 4526 mysterio]

174 4563 194 4592 ι
228 4542 446 4610 Christi,
482 4543 631 4614 quod
661 4542 716 4597 in
745 4542 866 4597 aliis
885 4543 1335 4614 generationibus
1367 4559 1477 4597 non
1506 4550 1588 4596 est
1617 4541 1773 4615 agni-

173 4653 193 4677 ιι
228 4638 338 4686 tum
387 4630 520 4685 ﬁliis
562 4629 864 4697 hominum,
935 4631 1092 4686 sicuti
1141 4647 1285 4687 nunc
1347 4631 1644 4686 revelatum
1690 4636 1775 4684 est

175 4739 196 4768 ι
233 4720 431 4775 sanctis
460 4718 722 4790 apostolis
754 4717 890 4788 ejus,
925 4727 978 4774 et
1006 4719 1287 4790 prophetis
1317 4718 1371 4772 in
1403 4718 1616 4789 spiritu,
1651 4733 1775 4772 esse

171 4827 193 4857 α
228 4807 545 4864 cohaaredes
573 4815 786 4880 gentes,
822 4815 876 4862 et
917 4807 1343 4878 concorporales
1371 4815 1425 4862 et
1471 4805 1775 4877 comparti-

180 4915 199 4947 ι
229 4895 374 4966 cipes
403 4895 785 4967 promissionis
816 4896 933 4965 ejus
961 4895 1016 4949 in
1046 4895 1258 4951 Christo
1285 4897 1414 4951 Jesu
1443 4911 1541 4966 per
1588 4895 1776 4950 Evan-

179 5006 198 5029 ι
232 4983 452 5056 gelium,
488 4983 643 5052 cujus
673 4983 844 5040 factus
875 5000 994 5038 sum
1024 4984 1293 5051 minister,
1345 4983 1641 5040 secundum
1673 4983 1778 5038 do-

182 5091 203 5120 ι
243 5087 369 5126 num
399 5072 594 5143 gratia;
634 5071 752 5138 Dei,
800 5089 922 5143 quae
967 5073 1094 5128 data
1143 5080 1226 5128 est
1273 5072 1426 5137 mihi,
1477 5071 1778 5128 secundum

183 5179 205 5208 ι
239 5161 608 5230 operationem
672 5159 883 5216 virtutis
943 5161 1080 5230 ejus.
1132 5160 1263 5215 Mihi
1327 5160 1475 5216 enim
1535 5159 1778 5216 omnium

185 5270 204 5293 ιι
241 5257 548 5305 sanctorum
577 5247 802 5304 minimo
835 5249 885 5318 (Ι
912 5250 1034 5305 Cor.
1071 5263 1167 5319 xv,
1218 5251 1274 5318 9)
1305 5249 1429 5303 data
1474 5256 1558 5304 est
1603 5248 1779 5318 gratia

187 5357 206 5384 ι
238 5337 369 5404 hinc,
404 5337 458 5391 in
490 5337 746 5409 gentibus
780 5337 1163 5411 evangelizare
1193 5336 1604 5410 investigabiles
1633 5335 1775 5392 divi-

184 5445 205 5473 ι
234 5425 331 5480 tias
361 5423 580 5492 ChriSti,
614 5434 667 5480 et
695 5425 998 5482 illuminare
1051 5442 1243 5482 omnes
1293 5443 1415 5498 quae
1444 5426 1512 5480 sit
1549 5425 1778 5496 dispen-

184 5533 206 5562 ι
239 5513 370 5569 satio
399 5515 726 5570 sacramenti
758 5515 1063 5571 absconditi
1093 5531 1126 5570 a
1173 5514 1387 5571 suculis
1419 5515 1473 5569 in
1523 5516 1639 5570 Deo
1688 5511 1781 5584 qui

181 5621 203 5651 ι
235 5603 412 5657 omnia
439 5603 664 5670 creavit,
717 5612 774 5658 ut
820 5603 1123 5660 innotescat
1161 5602 1553 5674 principatibus
1601 5600 1779 5673 [prin-

190 5709 211 5738 ι
245 5690 471 5764 cipibus]
501 5700 556 5746 et
581 5692 940 5764 potestatibus
968 5693 1025 5748 in
1067 5691 1384 5749 coelestibus
1430 5707 1534 5764 per
1578 5688 1779 5746 Eccle-

386 5789 628 5846 ΡΑηοι..
660 5789 840 5848 CLIII.

1871 1898 1892 1928 ι
1931 1892 2058 1931 nem
2086 1875 2476 1947 plenitudinem
2525 1876 2642 1930 Dei.
2690 1877 2755 1930 Ei
2802 1885 2980 1932 autem
3020 1878 3112 1950 qui
3151 1885 3347 1949 potens
3385 1887 3469 1934 est

1869 1988 1890 2013 α
1947 1964 2128 2020 omnia
2185 1963 2364 2020 facere
2437 1964 2941 2035 superabundanter
3005 1982 3170 2038 quam
3209 1967 3464 2038 petimus,

1869 2076 1890 2101 «ι
1930 2061 2020 2107 aut
2049 2052 2399 2125 intelligimus
2448 2053 2749 2109 secundum
2796 2053 3048 2109 virtutem
3097 2071 3218 2126 quae
3264 2071 3469 2126 opera-

1869 2163 1891 2192 «
1927 2148 2015 2195 tur
2043 2140 2099 2194 in
2128 2139 2303 2205 nobis,
2337 2139 2441 2210 ipsi
2473 2140 2643 2213 gloria
2691 2141 2746 2195 in
2795 2142 3040 2197 Ecclesia
3069 2151 3122 2198 et
3152 2142 3208 2197 in
3256 2143 3472 2200 Christo

1869 2253 1890 2277 α
1927 2229 2078 2296 Jesu,
2112 2228 2167 2283 in
2215 2244 2408 2285 omnes
2454 2230 2839 2302 generationes
2887 2231 3070 2288 seaculi
3119 2231 3467 2289 saeculorum.

1869 2341 1889 2365 «
1927 2321 2122 2373 Amen.
2161 2337 2184 2367 ι

2578 2462 2895 2505 EXPOSITIO.

1936 2582 2008 2637 Ut
2039 2579 2218 2653 magis
2249 2578 2516 2635 obnoxios
2548 2580 2738 2636 reddat
2781 2582 2970 2656 gratiae
3000 2582 3120 2651 Dei,
3165 2583 3296 2642 dicit
3323 2584 3473 2658 quod

1865 2679 2015 2733 Deus
2045 2677 2234 2733 fecerit
2262 2693 2386 2732 eum
2430 2678 2754 2748 Apostolum
2801 2688 3024 2750 pr0pter
3051 2681 3176 2736 illos
3210 2701 3223 2749 ;
3258 2683 3472 2739 vinctus

1866 2775 1950 2821 est
1979 2767 2142 2821 etiam
2171 2781 2272 2837 pro
2303 2765 2511 2821 eisdem
2536 2785 2549 2832 ;
2585 2766 2848 2822 revelavit
2879 2768 3043 2823 etiam
3069 2769 3118 2824 ei
3167 2771 3316 2826 Deus
3345 2788 3472 2844 my-

1867 2855 2034 2910 steria
2063 2871 2163 2910 sua
2192 2862 2413 2926 propter
2441 2871 2634 2910 eorum
2664 2855 2974 2912 utilitatem.
3033 2859 3128 2915 Vos
3157 2860 3473 2930 coaediﬁca-

1865 2945 2013 2999 mini
2040 2944 2096 2998 in
2127 2943 2362 3009 Christo,
2396 2951 2446 2998 et
2475 2945 2665 3014 gratia
2687 2944 2856 3015 hujus
2884 2947 2969 3001 rei
2989 2954 3046 3000 ut
3074 2955 3127 3001 et
3157 2963 3256 3003 vos
3277 2949 3472 3004 coaedi-

1864 3031 2120 3088 ﬁcemini.
2152 3033 2263 3101 Ego
2284 3032 2499 3086 Paulus
2530 3033 2753 3087 vinctus
2782 3034 2912 3088 Jesu
2936 3032 3161 3103 Christi,
3196 3052 3358 3107 quem
3389 3037 3470 3092 af-

1866 3121 2070 3177 ﬂictum
2100 3137 2210 3175 non
2248 3128 2458 3191 oportet
2504 3120 2833 3176 contristari.
2875 3123 3105 3179 Vinctus
3141 3124 3328 3196 utique
3363 3142 3468 3197 pro

1863 3210 2010 3266 vobis
2037 3207 2300 3282 gentibus
2323 3227 2338 3274 ;
2359 3208 2404 3262 si
2435 3207 2589 3264 enim
2628 3209 2787 3264 saluti
2830 3218 3022 3266 vestrae
3052 3227 3161 3267 non
3204 3213 3472 3284 praedica-

1865 3314 2000 3364 rem,
2033 3312 2376 3368 nequaquam
2410 3297 2466 3350 in
2494 3296 2724 3352 vinculis
2756 3314 2956 3353 essem.
3009 3301 3117 3356 Pro
3145 3302 3296 3358 vobis
3327 3301 3470 3370 dico,

1865 3386 1936 3440 ita
1970 3391 2162 3442 tamen
2186 3387 2236 3440 si
2264 3386 2508 3440 audistis
2531 3387 3012 3458 dispensationem
3039 3390 3240 3460 gratiae
3260 3391 3383 3456 Dei,
3415 3390 3474 3446 id

1866 3482 1950 3530 est
1979 3473 2232 3546 gratiam,
2267 3473 2494 3539 scilicet,
2526 3473 2888 3544 apostolatum
2916 3492 2983 3530 ex
3030 3476 3204 3546 gratia
3233 3478 3334 3532 Dei
3362 3478 3471 3533 mi-

1865 3562 1920 3618 hi
1953 3563 2226 3616 traditum.
2261 3561 2502 3616 Gratiam
2534 3562 2655 3617 dico
2703 3561 3076 3633 dispensatam
3108 3580 3141 3618 a
3172 3565 3306 3632 Deo,
3340 3566 3472 3638 quia

1867 3653 2014 3706 Deus
2047 3651 2186 3705 bene
2213 3651 2550 3721 dispensavit
2580 3651 2724 3721 apud
2751 3667 2830 3716 se,
2857 3668 3024 3722 quare
3047 3669 3134 3707 me
3150 3654 3473 3724 Apostolum

1867 3739 2172 3796 constituit.
2213 3739 2312 3793 Vel
2335 3754 2500 3810 quam
2529 3738 2761 3810 gratiam
2792 3755 2896 3810 ego
2943 3740 3204 3812 dispenso
3233 3742 3388 3797 vobis
3419 3751 3473 3798 et

1868 3828 2082 3884 caeteris
2107 3827 2388 3883 Ecclesiis.
2423 3827 2497 3894 Si,
2530 3827 2770 3899 inquam,
2806 3828 3033 3883 audistis
3064 3829 3320 3902 gratiam,
3353 3847 3477 3903 qua:

1868 3917 2004 3973 data
2025 3921 2110 3972 est
2139 3918 2284 3972 mihi
2313 3919 2376 3972 in
2398 3917 2561 3986 vobis,
2620 3917 2674 3970 id
2706 3925 2788 3971 est
2836 3917 2976 3973 sicut
3010 3935 3132 3973 vere
3165 3919 3478 3975 credidistis

1869 4022 1957 4061 me
1989 4021 2112 4061 esse
2140 4005 2464 4075 Apostolum
2494 4005 2669 4071 vobis,
2704 4005 2777 4060 ita
2806 4022 2934 4061 vere
2981 4007 3188 4063 credite
3235 4025 3322 4063 me
3352 4025 3478 4065 esse

1870 4093 2110 4150 vinctum
2139 4109 2240 4164 pro
2270 4093 2443 4148 vobis.
2478 4093 2670 4148 Gratia
2700 4093 2885 4164 utique
2913 4095 3030 4150 haec
3060 4096 3181 4150 data
3213 4105 3294 4151 est
3323 4097 3475 4164 mihi,

1871 4185 2139 4254 quoniam
2160 4187 2602 4248 sacramentum,
2626 4181 2682 4236 id
2714 4190 2796 4236 est
2813 4191 3085 4239 secretum
3111 4185 3229 4251 Dei,
3254 4188 3480 4256 factum

1872 4275 1958 4328 est
1987 4272 2130 4326 mihi
2159 4275 2360 4326 notum
2389 4271 2702 4326 secundum
2721 4272 3143 4338 revelationem,
3168 4273 3223 4327 id
3245 4273 3482 4331 estitaut

1874 4359 2112 4415 revelate
2142 4359 2307 4415 sciam
2337 4358 2462 4413 inde
2492 4358 2658 4429 loqui.
2717 4359 2918 4412 Notum
2967 4359 3171 4414 factum
3217 4369 3299 4416 est
3326 4362 3472 4433 dico,

1875 4449 2012 4504 sicut
2042 4465 2215 4520 supra
2256 4448 2460 4518 scripsi
2489 4445 2638 4502 vobis
2667 4447 2730 4501 in
2747 4447 2897 4502 brevi
2925 4463 3200 4518 sermone,
3233 4449 3326 4503 ubi
3357 4450 3434 4505 ait
3462 4468 3477 4507 :

1793 4529 1846 4589 D
1874 4538 1993 4610 Ipse
2016 4541 2100 4593 est
2126 4553 2246 4608 pax
2273 4539 2491 4603 nostra,
2525 4543 2576 4590 et
2606 4543 2693 4590 est
2711 4551 2862 4600 vera,
2895 4552 3069 4608 usque
3099 4537 3170 4592 ad
3200 4554 3329 4609 ergo
3357 4555 3476 4596 non

1875 4627 2013 4682 estis
2043 4626 2310 4696 hospites.
2332 4625 2409 4678 Ita
2426 4622 2620 4694 scripsi
2639 4628 2810 4695 prout
2829 4623 2968 4678 bene
2985 4627 3225 4694 potestis
3245 4627 3476 4683 intelli-

1875 4731 2027 4787 gere.
2067 4712 2299 4768 Potestis
2327 4712 2512 4784 utique
2544 4713 2812 4782 legentes,
2846 4711 2902 4766 id
2931 4719 3014 4767 est
3043 4712 3091 4766 si
3118 4721 3320 4769 attente
3348 4731 3476 4786 per-

1875 4803 2057 4874 legitis
2083 4801 2238 4856 illud.
2270 4801 2597 4872 Intelligere
2615 4800 2737 4856 dico
2766 4816 2874 4856 non
2904 4808 3110 4856 tantum
3153 4817 3477 4859 sacramen-

1879 4900 2011 4958 tum,
2032 4891 2130 4946 sed
2142 4890 2300 4945 etiam
2321 4888 2863 4961 potestisintelligere
2880 4891 3250 4962 prudentiam
3266 4908 3474 4961 meam,

1879 4980 2120 5036 habitam
2138 4982 2200 5035 in
2220 4981 2508 5051 mysterio.
2525 4978 2674 5033 Idem
2704 4985 2787 5033 est
2805 4977 3048 5035 240
3069 4980 3216 5052 quod
3235 4979 3291 5034 in
3303 4997 3484 5038 sacra-

1878 5076 2064 5124 mento
2097 5067 2328 5134 Christi,
2362 5067 2490 5138 quia
2521 5075 2571 5122 et
2589 5066 2906 5138 mysterium
2923 5067 3078 5134 novi,
3106 5077 3159 5123 et
3178 5069 3480 5140 prudenter

1880 5158 2097 5229 aperire
2128 5157 2259 5221 scio,
2284 5156 2426 5228 quod
2449 5154 2769 5226 mysterium
2790 5172 2905 5212 non
2927 5160 3009 5211 est
3029 5158 3319 5228 cognitum
3338 5159 3480 5228 filiis

1881 5246 2178 5302 hominum
2199 5247 2262 5300 in
2283 5245 2416 5315 aliis
2427 5245 2910 5314 generationibus,
2925 5243 2982 5300 id
2996 5253 3079 5300 est
3090 5245 3145 5299 in
3161 5245 3283 5301 aliis
3305 5247 3480 5303 artati-

1880 5335 2000 5390 bus.
2023 5334 2121 5389 Vel
2143 5333 2189 5388 si
2217 5332 2490 5404 aliquibus
2518 5347 2627 5387 non
2649 5331 2724 5387 ita
2743 5332 3021 5405 cognitum
3043 5335 3195 5390 sicut
3214 5351 3370 5393 nunc
3393 5351 3482 5393 re-

1880 5424 2129 5478 velatum
2151 5425 2236 5477 est
2271 5421 2487 5476 sanctis
2508 5421 2776 5492 apostolis
2797 5422 2937 5492 ejus,
2961 5437 3064 5477 nec
3085 5421 3141 5475 in
3159 5421 3265 5479 hoc
3295 5423 3484 5480 videar

1879 5511 2106 5583 gloriari
2142 5509 2266 5581 quia
2302 5508 2597 5564 revelatum
2637 5516 2720 5563 est
2759 5509 2813 5563 in
2845 5508 3045 5579 Spiritu
3083 5495 3274 5566 sanc'to
3305 5514 3482 5568 etiam

1879 5598 2190 5672 prophetis,
2218 5597 2273 5652 id
2302 5605 2382 5653 est
2421 5595 2750 5667 quibuslibet
2794 5596 3113 5652 illuminatis
3159 5615 3328 5655 sensu
3375 5601 3482 5656 hoc

1879 5686 2222 5759 mysterium,
2255 5684 2480 5751 scilicet,
2515 5688 2713 5755 gentes
2735 5701 2851 5742 esse
2871 5685 3186 5744 coheredes
3227 5687 3399 5743 Judaai
3427 5687 3484 5742 in

3207 5787 3264 5838 Η
