3932 6412
432 291 528 344 331

967 289 1028 344 S.
1086 289 1439 346 BRUNONIS
1478 289 2127 346 CARTllUSlANORUM
2165 287 2646 348 INSTITUTORIS
2686 291 2838 348 OPP.
2881 292 3076 348 PARS.
3119 291 3187 346 Il.

3629 291 3740 345 332

435 413 616 468 futura
645 422 800 468 atate
827 433 840 479 ;
875 422 926 468 et
956 415 1043 469 hic
1091 432 1211 469 esse
1262 418 1704 487 concorporales,
1760 416 1814 469 id
1861 423 1942 468 est
1972 414 2025 468 in
2049 417 2100 474 Α
2129 416 2347 481 mundo,
2379 434 2500 488 qua:
2531 415 2803 471 tribulatio
2833 421 2918 471 est
2965 417 3144 488 gloria
3191 420 3396 472 vestra.
3431 415 3490 470 Si
3520 415 3671 470 enim
3706 431 3741 470 a

433 502 628 556 eodem
657 518 882 572 corpore
913 503 1147 567 Christi;
1181 503 1232 556 id
1264 514 1339 556 est
1366 504 1418 557 in
1449 504 1694 558 Ecclesia
1715 520 1836 558 esse
1867 504 2025 556 etiam

435 592 863 661 comparticipes
893 592 1280 661 promissionis
1313 592 1463 645 factae
1492 592 1558 646 ad
1590 593 1882 646 Abraham.
1918 593 2026 646 Co-

434 677 682 732 haeredes
726 678 847 733 dico
893 680 1317 748 concorporales
1365 679 1775 750 c0mparticipes
1805 696 1926 733 esse
1966 681 2026 734 in

441 765 658 820 Christo
688 767 838 834 Jesu,
879 768 974 839 qui
1001 770 1143 837 fecit
1184 772 1422 839 utraque
1471 784 1650 822 unum
1694 784 1816 821 esse
1857 767 2026 821 sicin

438 855 674 920 Christo,
701 863 752 908 et
784 855 884 908 hoc
907 872 1009 926 per
1037 855 1421 927 Evangelium,
1446 856 1833 926 praedicatione
1851 857 2022 924 cujus,

435 943 506 997 ad
536 942 697 997 ﬁdem
745 944 990 998 veniunt.

507 1029 668 1098 Quod
698 1032 1055 1103 Evangelium
1087 1049 1193 1086 non
1219 1041 1301 1086 est
1331 1048 1528 1097 meum,
1556 1032 1652 1086 sed
1673 1035 1834 1103 cujus
1849 1033 2027 1086 Evan-

436 1118 566 1190 gelii
598 1122 789 1190 factus
820 1136 942 1174 sum
972 1122 1254 1175 minister.
1289 1121 1404 1175 Nec
1435 1121 1534 1174 hoc
1565 1137 1629 1173 ex
1662 1121 1852 1174 merito
1882 1135 2024 1183 meo,

439 1206 538 1260 sed
567 1208 878 1262 secundum
908 1210 1117 1262 donum
1147 1211 1346 1278 gratia?
1394 1210 1491 1263 Dei
1522 1228 1539 1263 :
1584 1224 1746 1279 quam
1796 1207 2027 1279 gratiam

438 1294 633 1348 iterum
663 1311 772 1349 non
801 1296 1068 1366 promerui
1099 1305 1154 1349 ut
1187 1297 1466 1360 haberem,
1503 1297 1597 1350 sed
1629 1313 1750 1367 qua?
1781 1297 1913 1350 data
1944 1300 2028 1350 est

438 1383 580 1438 mihi
603 1385 910 1439 secundum
942 1387 1322 1456 Operationem
1349 1387 1575 1440 virtutis
1601 1386 1736 1452 ejus,
1771 1385 1898 1454 quia
1927 1384 2029 1438 vir-

441 1479 526 1524 tus
557 1472 674 1539 ejus
703 1481 924 1542 operata
956 1481 1035 1527 est
1061 1472 1231 1526 multa
1272 1489 1368 1542 per
1410 1488 1586 1527 meam
1638 1472 2025 1526 inﬁrmitatem.

441 1560 584 1614 Data
607 1565 691 1614 est
721 1561 879 1614 mihi.
903 1561 967 1614 Et
989 1560 1075 1615 cui
1098 1561 1238 1615 mihi
1265 1567 1286 1615 ζ’
1307 1561 1433 1614 Mihi
1455 1561 1638 1630 utique
1660 1561 1891 1614 minimo
1913 1577 2028 1614 om-

437 1649 599 1702 nium
621 1653 969 1712 sanctorum,
1005 1649 1136 1702 data
1159 1653 1241 1703 est
1266 1649 1436 1719 gratia
1467 1649 1601 1713 hmo,
1639 1649 1842 1702 scilicet
1871 1665 2032 1702 evan-

438 1737 680 1805 gelisare
701 1737 761 1789 in
783 1734 1044 1806 gentibus
1063 1737 1288 1790 divitias
1304 1736 1510 1790 Christi
1525 1737 1957 1805 investigabiles,
1977 1736 2028 1790 id
2054 1759 2102 1818 Β

441 1830 522 1875 est
554 1822 1148 1892 incomprehensibiles.
1185 1825 1375 1878 Datum
1408 1832 1488 1877 est
1537 1824 1697 1877 etiam
1730 1823 1858 1876 mihi
1890 1826 2029 1878 illu-

444 1913 668 1964 minare
686 1926 876 1965 omnes
903 1911 971 1964 de
1001 1911 1136 1974 hoc;
1192 1929 1314 1982 quae
1345 1911 1394 1964 id
1426 1920 1506 1965 est
1554 1929 1721 1983 quam
1760 1912 1923 1981 digna
1953 1914 2028 1966 sit

440 1999 802 2068 dispensatio,
828 1999 881 2052 id
911 2007 991 2053 est
1024 1999 1262 2070 impletio
1293 2002 1637 2055 sacramenti
1659 2001 1966 2054 absconditi
1998 2017 2031 2054 a

438 2086 708 2155 prioribus
738 2087 981 2141 saeculis.
1030 2087 1092 2141 In
1139 2089 1246 2142 Deo
1283 2095 1480 2153 tamen,
1529 2088 1582 2141 id
1633 2096 1712 2142 est
1744 2087 1798 2141 in
1845 2088 2032 2141 notitia

443 2173 542 2228 Dei
572 2173 886 2238 existentis;
919 2174 1008 2245 qui
1039 2176 1184 2228 Deus
1233 2175 1488 2245 ignorare
1529 2191 1634 2230 non
1667 2176 1855 2245 potuit,
1902 2177 2031 2248 quia

445 2262 638 2316 omnia
659 2265 889 2316 creavit.
911 2263 1459 2331 ldeoevangelizare,
1485 2265 1836 2328 illuminare,
1857 2269 1919 2319 ut
1945 2280 2031 2318 sa-

441 2349 643 2419 pientia
670 2350 768 2404 Dei
797 2365 894 2419 per
913 2351 1200 2404 ecclesiam
1250 2368 1368 2420 quae
1399 2351 1452 2404 in
1500 2351 1881 2421 prmdicatione
1929 2369 2031 2406 no-'

446 2445 562 2491 stra
601 2438 962 2503 constituitur,
1011 2441 1316 2509 sapientia,
1366 2439 1609 2509 inquam,
1661 2440 1758 2494 Dei
1801 2456 1896 2509 per
1931 2441 2032 2494 hoc

445 2527 767 2580 innotescat
785 2529 1136 2597 principibus
1158 2532 1213 2582 et
1230 2529 1616 2598 potestatibus,
1650 2527 1704 2582 id
1725 2536 1807 2582 est
1826 2529 2032 2582 ordini-

441 2612 542 2667 bus
573 2613 914 2685 angelorum,
961 2615 1311 2668 existentibus
1341 2617 1401 2669 in
1450 2617 1784 2671 cwlestibus.
1837 2617 2033 2685 Angeli

442 2700 585 2754 enim
616 2702 920 2757 nescientes
962 2704 1309 2757 salvationem
1361 2704 1658 2771 hominum,
1693 2705 1954 2757 mirantur
1982 2712 2034 2758 et

443 2788 663 2843 laudant
696 2791 886 2856 Deum,
920 2807 1062 2855 cum,
1110 2809 1208 2862 per
1257 2793 1698 2862 praedicationem
1749 2793 2037 2862 Apostolo-

438 2891 576 2946 rum,
609 2877 727 2932 visa
776 2880 1150 2943 conversione,
1196 2879 1497 2950 intelligant
1539 2881 1888 2934 salvationem
1935 2897 2034 2934 eo-

441 2981 582 3020 rum.
614 2967 905 3036 Sapientia
927 2969 1025 3020 Dei
1055 2968 1446 3037 multiformis,
1484 2968 1610 3038 quia
1640 2969 1782 3022 hunc
1818 2968 2034 3022 lenitate

445 3053 733 3116 sermonis,
769 3054 911 3108 hunc
941 3056 1228 3123 asperitate
1278 3055 1600 3108 infirmitatis
1647 3057 1909 3110 convertit
1956 3056 2035 3109 in-

443 3140 662 3194 diverso
691 3141 853 3194 modo
885 3141 938 3194 in
967 3142 1216 3195 diversis.
1270 3145 1629 3212 Multiformis
1669 3143 1812 3211 dico,
1845 3153 2033 3198 osten-

445 3244 506 3282 sa
526 3229 834 3282 secundum
852 3230 1656 3300 prmﬁnitionemseculorum,
1684 3232 1736 3284 id
1761 3239 1841 3285 est
1861 3232 1914 3285 in
1937 3249 2038 3287 sae-

445 3315 580 3371 culis
611 3332 643 3370 a
671 3317 786 3370 Deo
817 3319 1102 3371 ordinante
1133 3318 1432 3387 pt‘azﬁnilis.
1484 3319 1659 3385 Quam
1720 3319 2035 3390 praiﬁnitio-

443 3419 588 3472 nem,
621 3405 674 3457 id
693 3406 893 3459 esthoc
911 3407 1056 3476 quod
1078 3406 1130 3458 in
1153 3405 1364 3460 szcculis
1388 3423 1445 3459 se
1469 3406 1727 3461 facturum
1760 3407 2035 3478 prteﬁnie-

445 3499 546 3558 rat,
579 3495 736 3562 fecit,
757 3493 810 3546 id
841 3502 924 3546 est
971 3493 1260 3564 complevit
1292 3494 1351 3548 in
1393 3494 1608 3550 Christo
1635 3497 1766 3550 Jesu
1806 3497 2037 3552 Domino

444 3583 656 3648 nostro,
688 3581 750 3634 in
778 3598 899 3652 quo,
935 3581 987 3634 id
1017 3591 1098 3635 est
1127 3597 1227 3651 per
1257 3598 1417 3651 quem
1467 3583 1740 3636 Christum
1771 3584 2037 3639 habemus

443 3668 709 3735 fiduciam
743 3669 1037 3723 accedendi
1067 3669 1135 3722 ad
1169 3670 1359 3722 Deum.
1393 3671 1508 3724 Nec
1547 3671 1719 3724 solum
1760 3670 2034 3739 fiduciam,

443 3755 540 3809 sed
570 3756 731 3809 etiam
764 3757 1027 3809 habemus
1057 3773 1343 3811 accessum
1365 3760 1436 3812 ad
1474 3759 1666 3824 Deum,
1700 3775 1806 3813 non
1838 3761 2037 3814 timen-

447 3851 528 3896 tes
558 3843 943 3912 repulsionem,
965 3845 1061 3898 sed
1093 3847 1154 3898 in
1184 3846 1544 3913 confidentia,
1580 3846 1634 3900 id
1665 3857 1746 3900 est
1773 3848 1840 3902 de
1871 3848 2038 3902 intro-

443 3930 695 3984 ductione
725 3929 1077 3986 conﬁdentes.
1115 3931 1447 3986 Conﬁdentia
1478 3935 1600 3988 dico
1630 3935 1810 3988 habito
1837 3953 1937 4006 per
1963 3937 2038 4005 ﬁ-

445 4019 570 4073 dem
599 4021 739 4087 eius,
774 4018 977 4073 scilicet
1006 4021 1222 4084 Christi,
1261 4021 1344 4075 cui
1373 4030 1425 4075 et
1453 4023 1507 4076 in
1547 4039 1708 4092 quem
1739 4025 2036 4078 credimus.

519 4107 969 4162 Commemoravit
1001 4125 1058 4162 se
1097 4119 1317 4178 propter
1355 4111 1634 4165 utilitatem
1685 4127 1870 4165 eorum
1901 4128 2037 4166 con-

447 4202 713 4249 secratum
745 4211 773 4247 a
804 4196 917 4250 Deo
944 4198 1280 4266 Apostolum.
1330 4199 1572 4254 Vinctum
1605 4199 1766 4253 etiam
1799 4217 1856 4252 se
1903 4215 2038 4269 pro-

448 4290 570 4352 pter
586 4299 698 4346 eos,
725 4284 960 4338 revelata
992 4285 1092 4338 sibi
1124 4301 1245 4340 esse
1277 4287 1528 4357 mysteria
1553 4287 1647 4342 Dei
1679 4288 1745 4340 ad
1777 4289 2039 4342 instruen-

449 4370 578 4424 dum
608 4388 722 4426 eos.
760 4374 998 4441 Ρνομρν
1028 4375 1190 4444 quod,
1226 4375 1352 4445 quia
1385 4376 1499 4430 haec
1529 4375 1711 4430 omnia
1745 4375 1883 4430 facta
1916 4384 2040 4429 sunt

2129 503 2471 558 tribulatione
2503 521 2624 559 mea
2656 505 2796 558 vires
2824 505 2950 559 boni
2996 506 3180 575 operis
3208 503 3440 570 sumitis,
3480 513 3610 560 tunc
3641 504 3737 558 di-

2128 592 2221 661 gni
2251 593 2380 646 estis
2420 593 2614 662 gloria.
2666 593 2722 647 Si
2771 601 2949 648 autem
2997 601 3220 662 propter
3268 609 3357 646 me
3405 593 3736 647 tribulatum

2127 680 2372 745 deficitis,
2407 681 2701 749 ignominia
2731 681 2881 750 digni
2911 681 3060 736 estis.
3093 683 3162 736 Et
3198 683 3390 753 gratia
3419 681 3588 748 huius
3617 681 3736 747 rei,

2129 768 2180 821 id
2213 776 2292 821 est
2324 784 2390 822 ne
2421 768 2705 832 deficiatis,
2725 769 2852 839 quia
2873 770 3008 833 huic,
3043 785 3132 823 res
3160 777 3318 841 grata
3345 776 3426 823 est
3446 767 3597 833 mihi,
3627 784 3736 823 vos

2129 855 2333 909 scilicet
2364 871 2468 909 non
2498 855 2753 920 deficere,
2801 855 2924 910 ideo
2971 857 3136 924 ﬂecto
3178 872 3389 926 genua.
3447 856 3593 910 Sicut
3624 871 3736 925 per

2129 959 2271 1014 genu
2303 943 2529 1013 erigitur
2577 959 2798 1014 corpus,
2847 953 2900 998 et
2942 944 3270 1009 humiliatur,
3312 944 3387 998 ita
3433 959 3534 1014 per
3574 959 3732 1015 genu

2129 1039 2369 1086 erectum
2400 1040 2453 1085 et
2482 1032 2698 1094 ﬂexum,
2733 1031 2896 1086 elatio
2933 1032 3130 1086 mentis
3174 1040 3227 1086 et
3274 1030 3575 1086 humiliatio
3621 1046 3732 1086 ac-

2129 1120 2344 1188 cipitur.
2379 1118 2571 1173 Paulus
2595 1120 2776 1189 utique
2807 1135 2986 1188 genua
3011 1120 3194 1175 carnis
3224 1119 3494 1184 ﬂectebat,
3527 1127 3586 1173 ut
3614 1119 3733 1173 hu-

2129 1208 2410 1262 militatem
2441 1207 2661 1277 spiritus
2692 1207 2962 1261 innueret.
2988 1209 3174 1264 Flecto
3193 1225 3376 1279 genua
3397 1207 3470 1262 ad
3491 1209 3734 1262 Patrem

2129 1296 2354 1350 Domini
2373 1297 2562 1349 nostri
2590 1297 2721 1350 Jesu
2754 1295 3003 1361 Christi;
3027 1296 3119 1366 qui
3149 1304 3202 1350 et
3231 1296 3384 1349 Pater
3430 1294 3588 1349 nobis
3618 1302 3729 1359 est,

2131 1399 2252 1436 cum
2285 1383 2452 1437 simus
2483 1382 2576 1436 filii
2606 1383 2824 1450 Christi,
2857 1383 3010 1451 cujus
3041 1383 3196 1438 Pater
3227 1381 3459 1439 241
3499 1391 3602 1437 est.
3639 1385 3730 1438 Ea:

2130 1487 2234 1542 quo
2269 1472 2444 1535 Patre,
2477 1471 2532 1524 id
2581 1479 2663 1524 est
2701 1487 2766 1525 ex
2816 1471 3148 1526 institutione
3176 1479 3229 1525 et
3275 1470 3522 1541 exemplo
3573 1471 3734 1538 cujus

2132 1567 2215 1612 est
2243 1559 2399 1612 nobis
2430 1562 2614 1614 omnis
2631 1561 2972 1630 paternitas,
3007 1559 3061 1612 id
3091 1567 3172 1613 est
3203 1567 3328 1612 sunt
3344 1558 3501 1613 nobis
3532 1574 3733 1612 omnes

2130 1655 2330 1716 patres,
2361 1663 2493 1718 quos
2523 1649 2607 1700 vel
2629 1649 2688 1701 in
2707 1649 2860 1701 caelis
2878 1647 3139 1701 habemus
3159 1646 3387 1719 angelos
3407 1647 3732 1716 provisores

2132 1734 2307 1801 nobis,
2340 1736 2424 1790 vel
2453 1751 2590 1804 quos
2639 1735 2900 1788 habemus
2949 1737 3011 1790 in
3048 1740 3199 1790 terra
3229 1742 3284 1788 ut
3328 1734 3640 1805 episcopos,
3676 1742 3732 1788 et

2133 1822 2403 1891 quoslibet
2434 1823 2695 1878 Ecclesia:
2727 1823 2934 1877 Patres.
2987 1824 3313 1878 Paternitas
3342 1838 3449 1876 non
3482 1822 3557 1875 ita
3586 1821 3729 1875 sim-

2132 1909 2342 1979 pliciter
2371 1919 2471 1973 est,
2506 1911 2603 1964 sed
2633 1911 2989 1980 nominatur,
3018 1910 3073 1964 id
3101 1918 3184 1964 est
3215 1910 3525 1980 quicunque
3551 1909 3736 1964 nomi-

2132 1998 2338 2052 nabiles
2356 1998 2611 2069 dignitate
2634 1999 2888 2052 virtutum
2919 2006 3042 2052 sunt
3063 1997 3220 2052 nobis
3252 1999 3453 2052 Patres.
3490 1997 3587 2052 Vel
3620 1997 3728 2051 ita:

2137 2085 2437 2139 Paternitas
2467 2086 2793 2150 nominatur,
2829 2086 2884 2140 id
2905 2093 2987 2141 est
3014 2086 3051 2140 ii
3079 2085 3389 2156 provisores
3417 2085 3591 2140 nostri
3621 2099 3729 2155 pa-

2135 2181 2244 2226 tres
2275 2174 2528 2227 dicuntur
2556 2173 2673 2227 solo
2716 2174 2950 2238 nomine,
2987 2173 3038 2226 id
3079 2182 3163 2227 est
3203 2173 3566 2244 nuncupative
3597 2181 3728 2226 tan-

2135 2270 2265 2325 tum,
2300 2277 2409 2315 non
2439 2261 2860 2316 substantialiter
2887 2261 3033 2332 quod
3055 2261 3202 2316 Deus
3231 2261 3380 2316 solus
3408 2269 3511 2316 est.
3535 2261 3728 2316 Flecto

2132 2367 2314 2420 genua
2333 2350 2402 2403 ad
2422 2351 2593 2403 Deum
2614 2367 2627 2402 :
2654 2354 2718 2404 ut
2739 2350 2830 2404 det
2855 2350 3001 2404 vobis
3018 2348 3328 2404 secundum
3347 2349 3581 2403 divitias
3599 2349 3727 2418 glo-

2136 2438 2235 2491 ria:
2264 2454 2398 2502 suae,
2433 2437 2485 2490 id
2515 2445 2595 2490 est
2625 2437 2966 2491 abundanter
2993 2445 3044 2491 et
3060 2437 3317 2509 gloriose,
3337 2435 3564 2501 scilicet,
3598 2451 3729 2491 cum

2135 2525 2388 2594 potentia.
2423 2526 2523 2578 Det
2549 2525 2670 2580 dico
2700 2526 2907 2580 virtute
2937 2526 3303 2589 corroborari,
3345 2524 3399 2578 id
3428 2532 3509 2578 est
3540 2532 3599 2578 ut
3629 2539 3730 2579 vos

2135 2613 2468 2666 corroborati
2498 2612 2612 2666 sitis
2643 2612 2697 2666 in
2727 2612 2888 2667 bono.
2922 2613 2992 2666 Et
3018 2613 3157 2668 hanc
3202 2612 3454 2667 virtutem
3483 2611 3540 2666 in
3569 2612 3730 2667 vobis

2133 2716 2240 2754 non
2273 2711 2508 2755 vestram
2539 2717 2661 2755 esse
2691 2701 2939 2766 credatis,
2993 2701 3090 2756 sed
3133 2717 3238 2772 per
3264 2701 3534 2771 spiritum
3579 2702 3727 2770 ejus,

2136 2796 2191 2840 ut
2220 2788 2406 2857 gratia:
2437 2789 2534 2842 Dei
2562 2789 2743 2842 omnia
2790 2789 3093 2843 ascribatis.
3144 2789 3246 2843 Det
3294 2788 3416 2843 dico
3466 2788 3725 2842 virtutem

2136 2893 2242 2930 non
2274 2876 2530 2941 exterius,
2565 2877 2660 2930 sed
2694 2878 2756 2930 in
2787 2879 3061 2932 interiore
3092 2878 3337 2932 homine.

2207 2964 2332 3019 ldeo
2361 2965 2507 3019 Deus
2547 2964 2796 3018 virtutem
2839 2965 3060 3032 justitia:
3107 2963 3160 3017 in
3207 2964 3386 3018 anima
3432 2963 3728 3028 ordinavit,

2135 3052 2261 3123 quia
2290 3053 2334 3106 si
2365 3061 2506 3106 esset
2540 3052 2592 3105 in
2635 3068 2862 3122 corpore
2900 3053 3047 3122 quod
3088 3052 3236 3107 omni
3279 3051 3593 3107 adversitati
3625 3067 3729 3106 ex-

2136 3140 2369 3210 positum
2401 3149 2500 3207 est,
2535 3141 2671 3194 sicut
2701 3156 2920 3210 corpus,
2975 3149 3080 3194 tam
3113 3140 3219 3194 cito
3267 3139 3528 3196 deﬁceret
3556 3139 3732 3194 virtus

2135 3245 2256 3300 qua:
2287 3228 2448 3300 longe
2478 3229 2669 3282 melius
2719 3230 2871 3283 sedet
2901 3229 2956 3282 in
2983 3229 3179 3293 anima,
3212 3229 3281 3283 de
3329 3243 3436 3298 quo
3465 3228 3541 3282 ait
3569 3227 3732 3282 Chri-

2137 3326 2288 3370 stus:
2326 3340 2346 3363 «ι
2386 3319 2678 3388 Postquam
2707 3316 3230 3386 occiderintcorpus,
3256 3316 3449 3374 animae
3479 3331 3589 3370 non
3621 3316 3731 3370 ha-

2137 3405 2265 3458 bent
2293 3405 2421 3476 quid
2450 3405 2640 3459 faciam
2665 3405 2888 3475 (Matth.
2923 3419 2981 3468 x,
3009 3408 3122 3474 28),
3162 3428 3183 3451 ιι
3220 3412 3280 3458 ιιι
3305 3404 3397 3458 det
3417 3403 3574 3458 vobis
3604 3403 3733 3473 Spi-

2137 3493 2318 3557 ritum,
2353 3501 2406 3547 et
2435 3501 2488 3546 ut
2517 3493 2605 3547 det
2623 3493 2779 3547 vobis
2799 3492 3055 3548 habitare
3079 3492 3360 3547 Christum
3385 3493 3446 3547 in
3467 3491 3731 3547 cordibus

2139 3582 2339 3635 vestris
2376 3597 2388 3635 :
2421 3596 2527 3635 non
2559 3581 2704 3651 quod
2735 3581 2807 3634 ibi
2837 3579 3191 3650 corporaliter
3233 3580 3420 3634 sedeat
3449 3599 3466 3634 :
3497 3578 3595 3633 sed
3625 3595 3732 3649 per

2135 3669 2321 3737 ﬁdem.
2356 3669 2504 3724 Licet
2532 3669 2624 3722 ubi
2667 3669 2916 3739 Spiritus,
2951 3669 3023 3723 ibi
3064 3668 3329 3734 Christus,
3355 3676 3533 3722 tamen
3585 3684 3731 3722 neu-

2137 3766 2277 3810 trum
2307 3765 2388 3811 est
2418 3758 2779 3826 superﬂuum,
2813 3758 2941 3826 quia
2971 3757 3202 3827 Spiritus
3233 3773 3330 3826 per
3357 3755 3730 3822 dilectionem,

2139 3845 2383 3899 Christus
2414 3861 2513 3915 per
2533 3845 2714 3899 ﬁdem.
2740 3847 2926 3900 Flecto
2945 3861 3129 3916 genua
3145 3845 3266 3898 ideo
3290 3852 3346 3898 ut
3365 3859 3463 3898 vos
3479 3844 3736 3900 radicati

2137 3938 2193 3989 et
2221 3935 2455 4004 fundati
2471 3936 2536 3990 in
2567 3933 2870 3988 charitate.
2891 3938 2933 3988 A
2955 3932 3304 3986 similitudine
3331 3931 3545 3986 arboris
3574 3931 3630 3985 in
3651 3932 3734 3986 al-

2136 4030 2250 4076 tum
2294 4023 2570 4088 radiculae,
2621 4029 2674 4076 et
2720 4039 2783 4076 ex
2829 4021 3156 4076 abundantia
3199 4021 3490 4076 humorum
3527 4020 3733 4091 quibus

2137 4111 2191 4163 in
2223 4110 2330 4164 alto
2361 4110 2575 4164 radices
2617 4109 2891 4163 abundant
2943 4109 3163 4179 copiose
3210 4107 3605 4173 fructificantis,
3657 4108 3736 4162 ait

2138 4198 2401 4264 radicati,
2435 4197 2488 4251 id
2511 4206 2590 4251 est
2612 4195 2994 4252 fructiﬁcantes
3015 4197 3068 4250 in
3085 4197 3368 4262 charitate,
3395 4201 3451 4251 et
3472 4195 3731 4267 fundati,

2136 4286 2191 4339 id
2222 4293 2304 4339 est
2335 4302 2497 4356 super
2525 4285 2930 4340 fundamentum
2980 4285 3032 4338 in
3078 4301 3184 4356 quo
3212 4284 3364 4338 ﬁrma
3409 4285 3477 4337 sit
3504 4291 3556 4338 et
3601 4300 3731 4340 cre-

2138 4382 2254 4428 scat
2283 4372 2561 4428 aediﬁcatio
2590 4375 2782 4428 domus
2811 4373 2929 4427 Dei.
2965 4375 3030 4426 Ut
3079 4389 3196 4438 vos,
3230 4373 3473 4443 inquam,
3501 4372 3736 4428 radicati

450 4467 674 4528 propter
703 4475 818 4522 vos,
849 4461 974 4531 quia
1005 4463 1163 4516 etiam
1197 4478 1480 4517 accessum
1530 4464 1740 4517 habetis
1771 4465 1836 4517 ad
1869 4465 2039 4517 Deum
2061 4457 2112 4516 D
2142 4469 2195 4516 et
2224 4461 2430 4515 fundati
2459 4463 2688 4534 possitis
2708 4460 3196 4532 comprehendere,
3219 4460 3492 4516 intellectu
3515 4468 3567 4514 et
3587 4459 3736 4514 utili-

452 4562 551 4616 per
578 4546 738 4601 ﬁdem
771 4549 965 4602 Christi
998 4550 1301 4612 nobiscum,
1341 4560 1566 4621 prOpter
1609 4553 1710 4606 hoc
1739 4568 1846 4605 non
1877 4551 2040 4606 modo

451 4647 664 4702 precor,
712 4637 807 4690 sed
857 4637 1012 4707 quasi
1063 4655 1177 4692 rem
1240 4639 1476 4692 debitam
1521 4644 1670 4709 peto,
1722 4648 1773 4692 et
1805 4655 1838 4694 a
1886 4640 2041 4693 vobis

456 4723 637 4793 exigo,
664 4741 735 4778 ne
756 4725 1031 4792 deﬁciatis
1051 4727 1113 4780 in
1139 4728 1593 4781 tribulationibus
1616 4730 1772 4781 meis.
1801 4728 1926 4781 [deo
1947 4744 2044 4796 per

455 4811 594 4866 hanc
624 4812 1048 4867 exhortationem
1072 4815 1181 4867 vult
1203 4830 1298 4868 eos
1315 4815 1640 4884 przemunire
1672 4815 1884 4882 Paulus,
1919 4816 2044 4886 quia

457 4899 734 4953 dubitabat
763 4917 831 4954 ne
864 4900 996 4955 forte
1028 4903 1376 4956 tribulatione
1423 4911 1473 4956 et
1516 4901 1802 4957 afﬂictione
1832 4905 2044 4975 magis-

457 4986 522 5039 tri
553 4988 883 5057 contemptui
904 4990 1182 5053 haberent,
1209 4990 1351 5060 quod
1373 4990 1440 5043 ab
1464 5006 1528 5044 eo
1550 4991 1639 5060 qui
1669 4991 2045 5061 contemptibi-

466 5073 584 5128 liter
631 5077 951 5131 tractabatur
995 5077 1330 5131 didicissent.
1395 5077 1854 5132 Tribulationibus
1923 5081 2046 5135 dico

460 5162 614 5227 meis,
649 5164 844 5217 habitis
872 5183 972 5236 pro
1005 5166 1164 5218 vobis.
1192 5165 1318 5218 ldeo
1349 5165 1491 5218 enim
1524 5167 1666 5219 Deus
1697 5183 1784 5220 me
1815 5168 2045 5237 permit-

456 5250 518 5304 tit
549 5250 714 5321 aﬁligi
744 5261 796 5304 ut
831 5252 1006 5322 qualis
1036 5261 1210 5305 vestra
1243 5253 1310 5305 sit
1341 5252 1475 5307 ﬁdes
1507 5253 1560 5306 in
1600 5255 1896 5310 tentatione
1927 5273 2047 5310 mea

457 5353 724 5407 apparere
753 5339 930 5394 faciat.
967 5341 1112 5393 Deus
1162 5340 1306 5392 enim
1360 5342 1628 5396 Abraham
1676 5351 1729 5396 et
1777 5345 2048 5414 quoslibet

455 5426 591 5480 alios
641 5443 749 5481 non
797 5428 918 5482 ideo
968 5427 1203 5493 tentavit,
1252 5429 1395 5497 quod
1427 5429 1555 5500 quid
1620 5429 1856 5484 futurum
1905 5441 2049 5488 esset

453 5513 750 5584 ignoraret,
785 5515 882 5569 sed
911 5523 969 5569 ut
998 5512 1156 5569 ﬁdem
1189 5532 1376 5571 eorum
1421 5519 1758 5588 probabilem
1788 5521 2050 5577 indicaret

2141 4558 2247 4604 tate
2277 4567 2405 4606 cum
2431 4551 2686 4606 omnibus
2714 4551 2950 4617 sanctis,
2973 4549 3027 4602 id
3057 4558 3140 4603 est
3180 4548 3316 4603 sicut
3363 4548 3736 4618 comprehen-

2141 4639 2273 4692 dunt
2301 4653 2490 4692 omnes
2520 4637 2712 4703 sancti,
2745 4655 2866 4709 qua:
2887 4639 2960 4692 sit
2979 4637 3245 4702 latitudo,
3265 4640 3320 4692 et
3342 4634 3652 4706 longitudo,
3675 4641 3737 4691 et

2141 4727 2481 4794 sublimitas,
2515 4730 2570 4780 et
2602 4727 2966 4797 profundum.
2992 4725 3256 4791 Latitudo,
3291 4723 3637 4779 adexterain
3659 4724 3737 4778 si-

2142 4815 2366 4868 nistram
2429 4814 2604 4869 crucis
2666 4814 2900 4878 Christi,
2949 4813 3356 4883 amplitudinem
3431 4812 3739 4867 dilectionis

2143 4901 2473 4974 signiﬁcavit
2503 4919 2606 4973 qua
2637 4903 2796 4956 etiam
2826 4918 2924 4972 pro
2939 4901 3170 4956 inimicis
3201 4901 3395 4956 oravit.
3427 4900 3737 4972 Longitudo

2145 4991 2320 5046 crucis
2351 5007 2383 5045 a
2413 4991 2588 5061 capite
2619 4991 2671 5044 in
2702 4990 2889 5061 pedes,
2931 4990 3398 5060 perseverantiam
3427 4989 3736 5044 dilectionis

2145 5079 2488 5150 signiﬁcavit,
2523 5079 2646 5150 quia
2675 5095 2798 5136 cum
2846 5078 3124 5133 dilexisset
3170 5094 3317 5144 suos,
3349 5077 3404 5131 in
3451 5075 3614 5132 finem
3644 5078 3738 5132 di-

2146 5167 2272 5221 lexit
2301 5184 2396 5222 eos
2425 5169 2608 5238 (Joan.
2662 5183 2783 5233 xm,
2834 5168 2907 5238 f).
2957 5167 3270 5222 Sublimitas
3317 5166 3516 5231 crucis,
3567 5166 3621 5220 id
3653 5175 3742 5221 est

2147 5272 2272 5325 pars
2303 5257 2394 5310 illa
2423 5273 2544 5327 quae
2573 5255 3008 5326 supereminebat
3053 5255 3237 5324 capiti,
3279 5255 3334 5309 in
3380 5271 3485 5326 qua
3533 5255 3738 5309 Pilatus

2146 5345 2357 5399 titulum
2392 5345 2627 5414 scripsit,
2676 5353 2983 5415 respectum
3025 5343 3268 5398 divinum
3308 5341 3652 5414 signiﬁcavit,
3687 5353 3744 5398 ut

2147 5431 2397 5487 innueret
2426 5433 2673 5488 Christus
2703 5449 2762 5488 se
2792 5449 2902 5487 non
2929 5448 3114 5486 amore
3163 5431 3351 5486 mundi
3388 5431 3522 5502 pati,
3554 5431 3652 5485 sed
3683 5440 3745 5486 ut

2149 5519 2352 5577 faceret
2379 5521 2706 5579 voluntatem
2737 5521 2912 5576 Patris
2942 5520 3042 5588 sui,
3077 5520 3170 5592 qui
3197 5527 3280 5576 est
3309 5519 3364 5574 in
3392 5519 3566 5576 ctelis.
3600 5519 3746 5576 Pro-
