3932 6492
160 385 245 441 333
737 385 1116 442 EXPOSITIO
1155 387 1229 442 IN
1265 386 1644 442 EPISTOLAS
1683 386 1907 442 PAULI.
1939 416 2008 426 —
2039 386 2113 440 IN
2152 387 2366 442 EPIST.
2409 389 2502 443 AD
2541 390 2786 446 EPHES.

3311 391 3415 444 334

165 509 378 576 fundum,
409 510 548 567 dicta
575 518 659 566 est
688 525 817 582 pars
847 510 938 566 illa
986 511 1166 567 crucis
1198 528 1320 583 qua
1351 511 1405 564 in
1433 519 1582 566 terra
1611 509 1716 564 fixa
1741 513 1792 571 Α
1827 530 1849 561 ι
1884 509 2034 565 omni
2060 511 2362 567 humilitate
2407 520 2459 568 et
2488 513 2904 570 mansuetudine
2930 555 2944 580 ,
2977 529 3102 570 cum
3144 512 3422 584 patientia,

164 597 263 668 fuit,
311 599 443 671 quod
483 599 807 670 profundum
864 599 1118 670 designat
1173 600 1442 655 occultam
1491 599 1726 670 gratiam

169 685 272 754 Dei,
310 704 409 758 qua
439 688 554 743 sine
586 688 778 744 merito
835 688 980 743 bona
1008 688 1330 758 multiplicat
1375 688 1487 742 suis
1519 687 1726 742 eisdem

165 774 499 830 nescientibus
527 793 694 848 quare
750 776 826 832 sic
859 775 1036 831 faciat.
1097 777 1224 830 Hrec
1283 784 1459 830 tamen
1499 775 1556 829 in
1593 776 1726 846 ipsis

165 861 505 934 intelligimus,
555 865 634 920 sic
689 865 1011 936 exponendo
1045 883 1057 918 :
1091 864 1313 919 Possitis
1367 865 1727 934 comprehen-

162 950 274 1006 dere
301 969 414 1023 quae
469 952 536 1007 sit
590 952 836 1020 latitudo,
898 953 951 1008 id
982 960 1064 1008 est
1119 969 1282 1024 quam
1310 953 1448 1007 latos
1479 960 1728 1022 Oporteat

162 1056 245 1096 vos
271 1057 385 1096 esse
415 1041 466 1094 in
498 1042 781 1109 charitate,
815 1050 873 1096 ut
900 1042 1060 1097 etiam
1107 1041 1247 1096 bene
1279 1041 1488 1096 faciatis
1522 1041 1604 1095 his
1636 1040 1727 1111 qui

160 1143 245 1182 vos
271 1129 492 1184 oderint.
541 1131 608 1185 Et
663 1130 964 1201 longitudo,
998 1130 1054 1184 id
1103 1138 1188 1184 est
1245 1146 1408 1202 quam
1448 1129 1642 1200 longos
1674 1135 1728 1183 et

156 1217 490 1287 perdurantes
519 1217 572 1272 in
606 1218 894 1274 dilectione
926 1227 1172 1289 oporteat
1193 1235 1290 1273 vos
1321 1235 1464 1284 esse,
1489 1227 1544 1273 ut
1563 1217 1725 1272 etiam

158 1305 197 1358 si
224 1306 425 1376 expedit
454 1323 560 1362 non
582 1305 884 1362 formidetis
905 1307 1045 1362 mori
1074 1323 1171 1377 pro
1194 1307 1307 1362 Deo
1337 1307 1424 1362 vel
1452 1306 1723 1377 proximo.

161 1392 215 1447 Et
239 1410 350 1466 quae
380 1395 446 1448 sit
477 1394 798 1462 sublimitas,
835 1395 1109 1467 quomodo
1156 1411 1391 1466 superno
1449 1402 1722 1465 respectu,

155 1497 250 1536 non
277 1492 521 1554 respectu
552 1483 739 1538 mundi
771 1483 1024 1554 quaelibet
1044 1484 1189 1538 bona
1220 1483 1448 1539 faciatis.
1485 1484 1548 1537 Et
1580 1484 1728 1553 quod

156 1569 215 1624 sit
249 1570 573 1641 profundum
595 1614 608 1637 ,
642 1571 696 1626 id
727 1581 809 1626 est
854 1572 1064 1628 occulta
1120 1573 1296 1643 gratia
1327 1571 1427 1626 Dei
1461 1571 1516 1625 in
1547 1571 1722 1635 vobis,

156 1674 251 1728 qua
270 1675 363 1714 vos
393 1659 508 1715 sine
542 1661 736 1716 merito
766 1659 1097 1730 justiﬁcavit,
1122 1669 1175 1715 et
1204 1660 1453 1730 provehit
1469 1667 1524 1713 ut
1553 1660 1726 1714 etiam

155 1746 359 1817 possitis
387 1750 532 1804 scire
575 1747 917 1805 charitatem
978 1748 1207 1814 Christi,
1241 1748 1295 1803 id
1324 1757 1406 1803 est
1453 1747 1726 1818 quomodo

152 1835 378 1890 Christus
415 1853 515 1892 vos
545 1837 816 1892 dilexerit.

216 1922 532 1980 Charitatem
564 1925 686 1981 dico
714 1926 1231 1997 supereminentem
1271 1924 1417 1980 omni
1448 1925 1724 1980 scientia.

150 2011 292 2066 Nulla
321 2012 461 2068 enim
493 2013 719 2069 scientia
766 2014 1235 2084 comprehendere
1283 2013 1478 2068 sufficit
1534 2020 1731 2083 quanta

150 2099 209 2154 sit
237 2101 459 2156 charitas
489 2101 718 2156 Christi.
759 2103 856 2157 Vel
886 2103 959 2157 ita
993 2121 1006 2156 :
1037 2102 1261 2157 Possitis
1321 2101 1464 2156 scire
1497 2101 1732 2156 charita-

147 2197 242 2242 tem
272 2189 513 2246 scientiae
544 2191 760 2256 Christi,
792 2191 1094 2246 secundum
1125 2190 1429 2246 scientiam.
1465 2190 1732 2260 Ignoran-

146 2285 218 2330 tes
247 2277 386 2332 enim
415 2279 738 2351 plerumque
767 2279 1064 2350 diligimus,
1099 2279 1218 2347 sed,
1254 2279 1300 2333 si
1358 2279 1731 2350 cognitionem

147 2364 217 2420 rei
246 2382 403 2438 quam
434 2367 717 2440 diligimus
738 2367 1059 2435 habeamus,
1084 2367 1254 2422 multo
1298 2366 1476 2438 magis
1509 2367 1560 2419 in
1587 2365 1735 2420 boni-

144 2460 244 2508 tate
282 2454 358 2510 rei
389 2455 628 2526 cognitae
647 2455 924 2528 diligenda
945 2455 1314 2511 accendimur.
1339 2454 1470 2510 Ideo
1500 2454 1574 2508 ait
1603 2454 1732 2509 cha-

148 2541 346 2598 ritatem
377 2543 624 2600 scientia:
657 2544 884 2607 Christi,
922 2543 976 2597 id
1007 2552 1090 2598 est
1119 2543 1418 2598 secundum
1450 2542 1731 2598 scientiam

143 2628 205 2684 de
233 2631 440 2686 Christo
472 2631 733 2686 habitam.
767 2631 1094 2687 Charitatem
1127 2630 1370 2687 scientiae
1392 2630 1512 2686 dico
1543 2646 1736 2700 super-

144 2717 460 2776 eminentem
495 2719 742 2776 charitati
773 2719 1116 2790 ignorantiae.
1160 2720 1369 2774 Bonum
1402 2717 1548 2789 quod
1577 2717 1735 2790 igno-

142 2814 278 2862 ratur
317 2808 500 2864 minus
558 2807 817 2880 diligitur.
879 2807 1106 2862 Possitis
1161 2807 1650 2878 comprehendere
1682 2815 1732 2860 et

142 2889 297 2957 scire,
328 2891 453 2947 ideo
489 2896 555 2947 ut
586 2893 948 2963 impleamini
976 2891 1155 2946 eundo
1183 2893 1248 2946 in
1279 2903 1533 2959 omnem,
1567 2889 1622 2943 id
1653 2897 1735 2944 est

141 2977 195 3032 in
223 2981 463 3035 omnium
509 2980 776 3035 bonorum
822 2980 1249 3052 plenitudinem
1283 2979 1400 3045 Dei,
1435 2978 1490 3033 id
1531 2986 1613 3032 est
1669 2993 1734 3032 ex

146 3067 256 3122 Deo
276 3067 544 3125 habitam.
577 3068 699 3140 Ego
729 3069 890 3136 ﬂecto
909 3084 1094 3139 genua
1123 3072 1188 3123 ut
1216 3082 1314 3122 vos
1334 3069 1565 3139 possitis
1585 3082 1735 3122 com-

145 3157 492 3228 prehendere
513 3164 566 3212 et
586 3156 746 3212 scire.
778 3157 899 3228 Ipse
928 3160 1124 3212 autem
1145 3157 1290 3212 Deus
1308 3159 1511 3227 potens
1532 3159 1616 3211 est
1636 3157 1732 3226 fa-

1834 622 1854 646 ε
1889 607 2272 670 supportantes
2319 600 2553 656 invicem
2609 601 2664 656 in
2706 602 2984 657 charitate.
3047 602 3270 658 Solliciti
3299 618 3422 658 ser-

1833 707 1855 736 α
1889 703 2022 741 vare
2054 687 2314 743 unitatem
2344 689 2568 760 spiritus
2596 689 2653 744 in
2682 690 2904 746 vinculo
2934 691 3087 761 pacis
3117 691 3294 760 (Rom.
3318 705 3421 756 xu,

1834 797 1854 822 ι
1893 777 2001 844 10).
2035 777 2212 831 Unum
2241 792 2471 848 corpus,
2503 786 2557 833 et
2585 795 2726 832 unus
2773 779 3015 849 spiritus,
3048 779 3189 834 sicut
3245 779 3424 835 vocati

1831 887 1854 909 ι
1889 863 2020 917 estis
2048 863 2102 918 in
2136 881 2244 919 una
2273 881 2371 936 spe
2394 865 2695 922 vocationis
2716 875 2927 922 vestrae.
2952 869 3104 923 Unus
3135 867 3420 936 Dominus,

1831 974 1852 997 «
1890 967 1998 1006 una
2029 951 2183 1019 ﬁdes,
2233 970 2399 1008 unum
2446 955 2734 1025 baptisma.
2783 957 2934 1011 Unus
2966 957 3113 1010 Deus
3173 963 3225 1010 et
3266 956 3426 1011 Pater

1833 1061 1854 1089 ι
1887 1039 2151 1107 omnium,
2186 1041 2278 1112 qui
2329 1058 2492 1113 super
2545 1059 2755 1108 omnes,
2790 1051 2842 1097 et
2900 1060 3000 1113 per
3055 1044 3254 1111 omnia,
3287 1052 3338 1099 et
3368 1045 3422 1098 in

1835 1147 1854 1180 ι
1890 1129 2143 1184 omnibus
2199 1131 2375 1184 nobis.
2442 1131 2746 1203 Unicuique
2803 1141 2982 1186 autem
3022 1141 3266 1186 nostrum
3297 1133 3425 1186 data

1833 1237 1855 1266 ι
1891 1224 1971 1271 est
2001 1217 2180 1288 gratia
2211 1219 2512 1273 secundum
2557 1235 2868 1274 mensuram
2925 1220 3235 1275 donationis
3264 1220 3426 1275 Chri-

1834 1326 1855 1349 «
1893 1303 1981 1359 sti.
2013 1305 2241 1376 Propter
2271 1305 2416 1377 quod
2444 1306 2573 1361 dicit
2612 1323 2623 1361 :
2656 1308 2976 1362 Ascendens
3007 1307 3061 1362 in
3093 1307 3260 1362 altum
3290 1323 3423 1379 cap-

1833 1414 1855 1443 ι
1889 1392 2051 1447 tivam
2093 1393 2246 1448 duxit
2293 1395 2678 1464 captivitatem,
2713 1396 2863 1451 dedit
2917 1396 3058 1452 dona
3116 1397 3426 1452 hominibus

1833 1502 1854 1530 α
1890 1481 2066 1551 (Psal.
2102 1497 2275 1547 van,
2313 1486 2420 1552 l9).
2454 1482 2613 1552 Quod
2642 1492 2823 1538 autem
2852 1485 3126 1552 ascendit,
3161 1476 3290 1557 quid
3321 1494 3425 1555 est,

1833 1590 1854 1618 ι
1890 1569 1995 1623 nisi
2039 1569 2164 1640 quia
2205 1578 2258 1624 et
2315 1571 2598 1626 descendit
2653 1573 2836 1642 (Joan.
2871 1589 2950 1639 Ill,
2986 1577 3073 1644 15)
3104 1575 3339 1644 primum
3371 1575 3426 1628 in

1833 1679 1854 1703 α
1892 1656 2180 1712 inferiores
2210 1666 2392 1728 partes
2424 1667 2610 1714 terrae.
2644 1659 2752 1728 Qui
2781 1661 3084 1728 descendit,
3115 1663 3232 1733 ipse
3263 1670 3346 1717 est
3374 1671 3428 1718 et

1835 1769 1854 1792 α
1891 1745 1982 1816 qui
2032 1746 2278 1801 ascendit
2326 1763 2490 1818 super
2544 1763 2734 1802 omnes
2765 1749 2955 1815 cmlos,
2997 1757 3056 1804 ut
3104 1751 3428 1822 adimpleret

1749 1866 1801 1924 B
1835 1857 1856 1881 «ι
1894 1834 2092 1924 omnia.
2128 1835 2196 1888 Et
2226 1834 2344 1905 ipse
2373 1835 2522 1890 dedit
2553 1837 2817 1906 quosdam
2864 1837 3083 1908 quidem
3124 1839 3424 1909 apostolos,

1835 1945 1857 1970 α
1893 1922 2159 1993 quosdam
2199 1931 2379 1978 autem
2426 1925 2739 1994 prOphetas.
2773 1925 2925 1980 Alios
2954 1941 3086 1981 vero
3116 1926 3429 1998 evangelis-

1837 2031 1859 2062 ι
1895 2018 1995 2078 tas,
2028 2011 2165 2066 alios
2215 2019 2396 2066 autem
2439 2021 2728 2082 pastores,
2764 2021 2816 2068 et
2859 2013 3114 2070 doctores
3145 2014 3290 2086 (Cor.
3324 2030 3426 2079 xu,

1837 2119 1859 2148 ι
1895 2099 2009 2168 28),
2043 2098 2110 2153 ad
2142 2099 2670 2155 consummationem
2715 2109 3032 2156 sanctorum
3074 2101 3130 2156 in
3159 2118 3294 2173 opus
3322 2103 3430 2157 mi-

1837 2208 1859 2236 ι
1896 2187 2127 2256 nisterii,
2161 2187 2214 2240 in
2245 2186 2656 2244 aedificationem
2687 2189 2934 2260 corporis
2974 2190 3174 2246 Christi
3208 2206 3220 2244 :
3254 2190 3432 2246 donec

1837 2299 1858 2322 α
1896 2291 2248 2329 occurramus
2277 2291 2470 2331 omnes
2495 2277 2549 2330 in
2579 2276 2840 2332 unitatem
2872 2277 3018 2345 fidei,
3051 2287 3105 2333 et
3136 2279 3431 2350 agnitionis

1839 2383 1861 2412 ι
1896 2362 1990 2416 ﬁlii
2021 2363 2140 2426 Dei,
2169 2363 2223 2417 in
2253 2364 2431 2418 virum
2479 2364 2798 2434 perfectum,
2831 2365 2886 2420 in
2915 2381 3226 2421 mensuram
3257 2367 3432 2421 aetatis

1840 2473 1861 2497 «ι
1899 2449 2251 2521 plenitudinis
2309 2451 2506 2506 Christi
2539 2471 2553 2506 :
2584 2461 2638 2507 ut
2681 2454 2793 2522 jam
2842 2470 2952 2508 non
3004 2454 3176 2509 simus
3221 2454 3431 2526 parvuli

1839 2563 1861 2586 α
1900 2539 2241 2605 ﬂuctuantes,
2276 2549 2329 2595 et
2358 2540 2805 2596 circumferamur
2833 2542 2980 2596 omni
3034 2550 3195 2598 vento
3223 2543 3433 2598 doctri-

1842 2651 1862 2674 ιι
1898 2643 2002 2692 nae,
2028 2627 2081 2680 in
2113 2628 2351 2698 nequitia
2401 2629 2700 2698 hominum,
2735 2630 2791 2684 in
2839 2631 3032 2684 astutia
3075 2631 3146 2684 ad
3193 2631 3432 2686 circum-

1841 2738 1861 2762 «
1895 2716 2206 2771 ventionem
2236 2717 2464 2771 erroris.
2507 2717 2802 2773 Veritatem
2833 2726 3012 2773 autem
3069 2718 3331 2775 facientes
3379 2720 3438 2774 in

1841 2824 1863 2854 ι
1901 2804 2180 2872 charitate,
2215 2820 2524 2860 crescamus
2556 2805 2611 2859 in
2643 2806 2735 2862 illo
2753 2822 2852 2876 per
2873 2807 3071 2872 omnia,
3106 2807 3199 2878 qui
3227 2815 3310 2862 est
3335 2823 3436 2863 ca-

1841 2914 1862 2940 α
1898 2899 1996 2962 put
2027 2892 2296 2960 Christus,
2330 2909 2394 2947 ex
2426 2909 2534 2964 quo
2566 2901 2734 2948 totum
2765 2909 2968 2964 corpus
2998 2903 3360 2966 compactum,
3381 2903 3435 2950 et

1843 3001 1864 3030 α
1902 2995 2208 3036 connexum
2241 2997 2338 3051 per
2365 2996 2584 3036 omnem
2599 2981 2914 3050 juncturam
2971 2983 3434 3039 subministratio-

1842 3092 1863 3115 ις
1899 3068 2005 3136 nis,
2039 3068 2343 3123 secundum
2371 3070 2741 3140 operationem
2771 3071 2826 3125 in
2877 3086 3192 3127 mensuram
3243 3071 3438 3126 unius-

1843 3179 1863 3203 α
1900 3157 2164 3228 cujusque
2215 3157 2484 3223 membri,
2530 3166 2886 3229 augmentum
2947 3160 3198 3230 corporis
3228 3159 3356 3216 facit
3386 3161 3442 3214 in

139 3219 255 3302 cere
276 3248 476 3302 omnia
500 3219 844 3319 quaecunque
872 3253 1174 3316 Opportuna
1199 3219 1440 3300 242
1459 3253 1598 3298 sunt.
1633 3219 1735 3298 ᾗτε,-
1759 3219 1806 3280 Ο
1843 3268 1864 3291 α
1902 3219 2319 3301 adificationem
2351 3245 2435 3300 sui
2464 3245 2520 3300 in
2551 3219 2839 3302 clivaritate.
2890 3248 3004 3303 Hoc
3035 3219 3201 3319 igitur
3232 3249 3356 3304 dico
3389 3257 3440 3304 et

136 3351 252 3390 cere
269 3335 393 3391 dico
411 3334 680 3391 abundan
692 3339 775 3390 ter
795 3351 967 3406 supra
980 3351 1147 3406 quam
1161 3334 1428 3404 petimus,
1445 3337 1547 3388 aut
1563 3349 1736 3404 supra

139 3440 300 3494 quam
316 3425 720 3494 intelligimus.
737 3423 910 3477 Nemo
928 3423 1070 3478 enim
1091 3421 1371 3476 hominum
1387 3421 1610 3476 auderet
1631 3422 1735 3475 hoc

136 3520 319 3582 petere
335 3529 366 3566 a
380 3514 500 3567 Deo
521 3520 579 3565 ut
600 3511 790 3566 Filium
813 3528 968 3565 suum
986 3511 1182 3575 Deum,
1196 3510 1473 3565 hominem
1499 3508 1732 3574 faceret;

136 3601 276 3671 quod
315 3609 504 3656 tamen
561 3599 712 3654 fecit.
778 3600 953 3654 Nemo
1000 3599 1164 3654 etiam
1194 3598 1500 3668 intelligere
1549 3605 1735 3668 posset

129 3706 232 3761 quo
261 3690 458 3745 ordine
500 3687 719 3760 pietatis
765 3687 1039 3744 hominem
1073 3686 1346 3757 perditum
1387 3686 1729 3751 restauravit,

130 3784 179 3831 et
208 3777 498 3834 innumera
523 3777 666 3831 bona
694 3793 813 3848 quae
845 3775 988 3840 facit,
1038 3783 1089 3830 et
1118 3775 1240 3829 ideo
1270 3775 1410 3830 bene
1439 3774 1530 3841 ait,
1566 3789 1734 3843 supra

126 3883 292 3938 quam
320 3871 600 3940 petimus,
625 3870 726 3920 aut
758 3865 1156 3935 intelligimus.
1189 3864 1257 3918 Et
1288 3863 1432 3934 quod
1452 3870 1599 3916 tanta
1628 3878 1732 3932 po-

128 3963 248 4011 tens
276 3957 346 4010 sit
373 3955 562 4010 facere
593 3953 826 4024 probare
856 3968 1178 4023 possumus,
1211 3952 1390 4006 eundo
1421 3950 1731 4006 secundum

126 4046 422 4111 virtutem,
449 4059 576 4116 qua
607 4042 776 4097 virtus
805 4042 920 4110 ejus
941 4045 1210 4113 operatur
1229 4042 1291 4096 in
1314 4041 1490 4105 nobis,
1515 4039 1660 4110 quia,
1686 4039 1732 4092 si

123 4133 548 4188 considerantur
569 4147 632 4184 ea
661 4147 782 4202 qua:
803 4128 962 4184 nobis
989 4128 1210 4185 contulit
1226 4136 1466 4199 potestas
1492 4127 1730 4183 miracu-

120 4219 318 4289 lorum,
355 4229 410 4276 et
442 4217 612 4274 multa
641 4218 763 4283 alia,
788 4235 888 4288 per
909 4219 1026 4272 haec
1055 4217 1215 4288 plane
1245 4215 1554 4288 colligimus
1587 4215 1731 4286 quod

123 4327 186 4364 ex
215 4310 505 4365 voluntate
535 4314 730 4378 potens
751 4305 820 4360 sit
849 4305 919 4361 de
967 4312 1168 4361 caetero
1197 4319 1578 4360 consummare
1607 4319 1730 4358 om-

121 4398 211 4453 nia
239 4399 294 4454 in
327 4397 518 4453 nobis.
551 4395 617 4450 Ei
655 4399 850 4451 autem
879 4395 978 4466 qui
1025 4393 1104 4450 sic
1157 4398 1357 4466 potens
1395 4397 1479 4448 est
1517 4395 1728 4464 facere,

120 4487 230 4559 ipsi
250 4487 355 4542 soli
387 4501 506 4541 non
536 4484 789 4538 humanae
819 4481 1028 4552 virtuti,
1080 4481 1148 4536 sit
1176 4483 1355 4554 gloria
1377 4483 1438 4536 in
1458 4481 1727 4545 Ecclesia,

1842 3354 1864 3382 ι
1902 3331 2164 3388 testificor
2185 3334 2239 3388 in
2268 3335 2522 3399 Domino,
2557 3343 2613 3389 ut
2636 3335 2749 3404 jam
2779 3352 2890 3391 non
2948 3335 3256 3405 ambuletis,
3297 3337 3439 3392 sicut

1842 3445 1862 3469 α
1900 3429 1952 3476 et
1983 3429 2177 3494 gentes
2206 3422 2482 3477 ambulant
2503 3423 2556 3477 in
2579 3424 2815 3478 vanitate
2838 3441 3035 3479 sensus
3056 3425 3159 3490 sui,
3192 3425 3436 3480 tenebris

1837 3533 1858 3556 «ι
1895 3511 2248 3565 obscuratum
2307 3511 2573 3566 habentes
2603 3511 2956 3580 intellectum,
2993 3512 3212 3568 alienati
3262 3529 3292 3567 a
3325 3513 3437 3569 vita

1840 3621 1861 3672 «_
1897 3598 1998 3652 Dei
2027 3615 2124 3668 per
2151 3598 2534 3669 ignorantiam,
2569 3616 2690 3670 quae
2722 3607 2804 3653 est
2832 3600 2886 3654 in
2918 3600 3025 3653 illis
3063 3608 3288 3671 propter
3319 3616 3433 3656 cae-

1840 3707 1864 3737 ι
1897 3687 2117 3742 citatem
2148 3686 2330 3741 cordis
2357 3687 2602 3757 ipsorum
2629 3705 2644 3753 ;
2677 3687 2768 3758 qui
2811 3688 3190 3758 desperantes,
3225 3697 3434 3744 semet-

1841 3797 1861 3820 «
1898 3774 2047 3845 ipsos
2075 3774 2412 3829 tradiderunt
2442 3775 2811 3845 impudicitia},
2844 3776 2900 3830 in
2930 3777 3300 3847 operationem
3331 3777 3434 3832 im-

1839 3883 1862 3912 α
1897 3862 2176 3917 munditias
2207 3863 2402 3928 omnis,
2437 3863 2490 3916 in
2521 3863 2803 3918 avaritiam
2827 3864 3294 3935 (Rom.l,21-3l).
3320 3867 3430 3921 Vos

1840 3973 1861 3997 α
1895 3958 2077 4006 autem
2107 3967 2215 4006 non
2246 3951 2320 4007 ita
2350 3951 2612 4006 didicistis
2644 3952 2934 4018 Christum,
2987 3953 3033 4006 si
3073 3961 3252 4008 tamen
3280 3953 3431 4009 illum

1840 4061 1861 4085 α
1905 4039 2152 4108 audistis,
2187 4046 2240 4095 et
2273 4039 2327 4093 in
2357 4039 2476 4110 ipso
2523 4041 2700 4096 edocti
2749 4041 2912 4106 estis,
2947 4041 3086 4096 sicut
3113 4050 3196 4096 est
3227 4043 3432 4098 veritas

1839 4149 1861 4173 «
1895 4125 1950 4182 in
1982 4128 2129 4182 Jesu.
2185 4129 2450 4198 Deponite
2487 4127 2610 4200 [al.,
2644 4128 2942 4202 deponere]
2999 4145 3098 4185 vos
3130 4130 3428 4186 secundum

1837 4236 1860 4266 ι
1894 4215 2181 4287 pristinam
2210 4217 2681 4272 conversationem
2730 4225 2973 4274 veterem
3028 4218 3304 4274 hominem
3338 4219 3432 4289 qui

1838 4327 1859 4350 α
1894 4304 2272 4374 corrumpitur,
2309 4305 2606 4359 secundum
2651 4305 2922 4360 desideria
2945 4306 3148 4362 erroris
3179 4306 3318 4376 (Col.
3343 4321 3428 4373 ιη,

1837 4415 1859 4439 α
1906 4394 1979 4461 8).
2000 4391 2356 4447 Renovamini
2385 4400 2564 4448 autem
2587 4393 2779 4463 spiritu
2805 4393 3003 4448 mentis
3026 4402 3240 4464 vestrae,
3267 4401 3320 4448 et
3340 4395 3430 4448 in-

1839 4500 1860 4528 «
1893 4479 2038 4534 duite
2067 4495 2266 4535 novum
2297 4481 2592 4549 hominem,
2622 4481 2713 4551 qui
2745 4481 3046 4536 secundum
3068 4482 3241 4537 Deum
3271 4497 3432 4538 crea-

117 4575 172 4628 id
195 4584 279 4630 est
301 4575 359 4630 in
388 4571 834 4630 consideratione
857 4571 1277 4641 bonorum,quaa
1297 4568 1507 4625 confert
1532 4567 1726 4624 Eccle-
1751 4573 1802 4631 D
1837 4591 1858 4615 ιι
1894 4576 1981 4623 tus
2003 4576 2081 4622 est
2113 4568 2168 4622 in
2192 4568 2404 4637 justitia
2434 4577 2486 4623 et
2516 4569 2801 4624 sanctitate
2860 4569 3107 4624 veritatis
3137 4571 3313 4640 (Rom.
3349 4586 3429 4637 vr,

115 4664 230 4734 size,
264 4669 323 4720 et
355 4663 525 4718 etiam
569 4662 633 4715 in
674 4661 1070 4724 Christo-Iesu,
1106 4658 1229 4730 quia
1255 4675 1356 4713 nec
1385 4656 1488 4728 ipsi
1518 4657 1728 4711 Christo

115 4754 428 4808 secundum
460 4748 738 4804 hominem
767 4749 837 4803 de
886 4748 1045 4802 bonis
1076 4764 1196 4818 quas
1228 4745 1399 4818 gessit
1429 4745 1604 4818 gloria
1636 4745 1732 4800 de-

115 4841 298 4911 betur,
333 4840 440 4896 sed
472 4839 611 4893 Deo.
648 4838 836 4893 Gloria
854 4835 976 4891 dico
994 4851 1324 4906 permanens
1353 4835 1415 4890 in
1434 4849 1626 4890 omnes
1647 4850 1733 4904 ge-

113 4932 456 4986 nerationes
481 4947 500 4994 ;
533 4926 604 4981 ab
625 4925 760 4981 Abel
791 4925 937 4980 enim
969 4925 1146 4996 primo
1170 4923 1318 4993 justo
1349 4922 1498 4977 nulla
1523 4929 1720 4993 praete-

113 5019 202 5074 riit
222 5015 544 5089 generatio,
578 5031 700 5084 quae
734 5029 843 5068 non
900 5014 1129 5067 haberet
1183 5012 1396 5083 aliquos
1427 5011 1484 5065 in
1531 5009 1726 5082 quibus

111 5107 455 5178 gloriaretur
477 5104 644 5158 Deus.
685 5103 1084 5158 Generationes
1104 5100 1226 5155 dico
1249 5100 1446 5155 saeculi
1462 5141 1474 5165 ,
1509 5114 1540 5154 a
1571 5097 1727 5169 prin-

111 5195 256 5267 cipio
289 5210 472 5267 usque
506 5191 574 5246 ad
632 5188 816 5245 finem.
851 5189 1048 5246 Saeculi
1094 5189 1218 5244 dico
1265 5189 1627 5249 saeculorum,
1675 5185 1731 5239 in

112 5299 222 5355 quo
267 5283 445 5337 multa
479 5279 682 5336 saecula
716 5279 1083 5344 continentur,
1143 5277 1247 5348 ipsi
1297 5276 1495 5348 gloria.
1531 5277 1725 5340 Amen,

112 5388 216 5444 pro
249 5379 409 5428 certo
441 5371 514 5426 ita
549 5377 650 5424 est.

771 5438 999 5494 CAPUT
1030 5437 1118 5492 IV.

187 5570 211 5601 ι
249 5549 504 5606 Obsecro
534 5547 714 5618 itaque
764 5561 862 5602 vos
905 5560 1011 5617 ego
1043 5543 1257 5599 vinctus
1304 5541 1358 5595 in
1407 5539 1640 5596 Domino
1674 5547 1732 5593 ut

114 5661 138 5691 ι
167 5640 345 5713 digne
388 5634 680 5694 ambuletis
727 5633 1014 5691 vocatione
1045 5647 1155 5705 qua
1208 5629 1384 5688 vocati
1414 5629 1566 5696 estis,
1607 5644 1730 5684 cum

1839 4680 1860 4704 α
1901 4656 2010 4727 48).
2036 4657 2262 4726 PrOpter
2287 4656 2431 4728 quod
2461 4657 2800 4728 deponentes
2847 4657 3209 4724 mendacium,
3247 4657 3432 4730 loqui-

1842 4765 1864 4795 ι
1898 4743 2030 4799 mini
2046 4744 2326 4799 veritatem
2339 4744 2713 4816 unusquisque
2727 4761 2850 4801 cum
2864 4746 3113 4816 proximo
3134 4761 3232 4801 suo
3244 4746 3429 4816 (Hebr.

1843 4855 1863 4880 «
1901 4836 1997 4898 12;
2030 4833 2058 4887 I
2075 4835 2230 4888 Petr.
2255 4847 2314 4898 ιι,
2349 4834 2424 4902 3),
2485 4833 2742 4905 quoniam
2774 4850 2961 4888 sumus
2991 4835 3223 4891 invicem
3251 4851 3432 4890 mem-

1842 4941 1864 4972 ι
1900 4920 2020 4975 bra.
2059 4943 2080 4970 α
2118 4921 2439 4987 lrascimini,
2462 4931 2515 4976 et
2543 4921 2709 4976 nolite
2737 4938 2972 4994 peccare
2990 4924 3168 4994 (Psal.
3194 4939 3269 4988 tv,
3295 4926 3371 4992 5).
3403 4945 3425 4975 ι

1843 5031 1864 5056 α
1903 5008 1994 5065 Sol
2025 5025 2134 5065 non
2163 5009 2378 5066 occidat
2409 5027 2573 5082 super
2611 5010 2949 5066 iracundiam
2970 5021 3221 5068 vestram.
3255 5011 3436 5068 Nolite

1842 5120 1864 5143 ια
1909 5097 2089 5154 locum
2165 5098 2300 5154 dare
2353 5099 2595 5154 diabolo.
2682 5098 2786 5167 Qui
2841 5099 3118 5156 furabatur
3170 5101 3285 5170 jam
3325 5117 3435 5156 non

1841 5209 1862 5233 ι
1900 5186 2108 5241 furetur
2145 5187 2284 5259 (Jac.
2339 5203 2416 5254 ιν,
2451 5190 2528 5257 7);
2579 5187 2757 5258 magis
2813 5197 2990 5244 autem
3037 5189 3266 5254 laboret,
3296 5203 3434 5260 cpe-

1843 5296 1864 5321 «
1903 5275 2073 5331 rando
2103 5276 2353 5330 manibus
2401 5276 2514 5330 suis
2545 5276 2690 5348 quod
2745 5277 2946 5331 bonum
2992 5286 3093 5345 est,
3138 5285 3193 5331 ut
3241 5277 3434 5332 habeat

1843 5383 1866 5412 ι
1902 5364 2046 5417 unde
2067 5363 2268 5418 tribuat
2291 5364 2673 5420 necessitatem
2698 5363 2936 5420 243
2961 5365 3208 5436 patienti.
3241 5365 3434 5420 Omnis

1843 5472 1865 5496 α
1901 5467 2084 5506 sermo
2118 5452 2291 5506 malus
2325 5469 2391 5507 ex
2422 5467 2516 5507 ore
2561 5460 2744 5506 vestro
2794 5468 2902 5507 non
2933 5453 3233 5523 procedat;
3266 5454 3363 5508 sed
3395 5454 3442 5508 si

1843 5559 1867 5588 ι
1906 5539 2028 5609 quis
2086 5541 2264 5594 bonus
2322 5549 2404 5595 est
2463 5541 2532 5596 ad
2587 5538 3002 5596 zedificationem
3051 5540 3199 5607 ﬁdei,
3241 5550 3300 5596 ut
3345 5542 3439 5598 det

1856 5647 1877 5673 α
1915 5627 2148 5699 gratiam
2177 5628 2545 5696 audientibus.
2596 5627 2664 5682 Et
2710 5627 2876 5684 nolite
2907 5630 3226 5686 contristare
3275 5629 3451 5700 Spiri-
