3932 6414
477 295 583 346 335

1023 288 1079 342 S.
1121 286 1475 343 BRUNONIS
1514 286 2158 342 CARTHUSIANORUM
2198 286 2680 343 lNSTlTUTORIS
2718 285 2871 342 OPP.
2914 285 3091 341 PARS
3129 285 3195 339 ll.

3691 289 3800 341 336

485 437 505 460 «
543 422 654 468 tum
686 420 929 467 sanctum
960 411 1077 472 Dei,
1104 410 1156 464 in
1188 427 1294 481 quo
1326 409 1521 479 signati
1580 410 1710 464 estis
1743 409 1797 462 in
1844 409 1932 462 die
1993 424 2068 462 re-
2087 412 2139 470 Α
2171 426 2363 465 omnes
2395 417 2679 480 potestate.
2716 411 2811 464 Est
2826 409 2988 464 etiam
3004 424 3106 480 per
3120 408 3312 464 omnia
3332 407 3479 474 loca,
3507 423 3620 464 nec
3651 407 3798 462 ulla-

485 527 505 548 ιι
542 500 886 572 demptionis.
931 498 1120 553 Omnis
1151 499 1486 564 amaritudo,
1523 505 1573 552 et
1606 498 1706 562 ira,
1741 506 1793 552 et
1823 497 2075 568 indigna-

484 611 507 640 ι
543 591 636 653 tio,
669 598 720 643 et
769 589 994 655 clamor,
1061 596 1113 640 et
1171 586 1510 656 blasphemia
1568 585 1782 640 tollatur
1819 601 1848 638 a
1897 583 2071 649 vobis,

489 701 509 722 α
549 693 672 732 cum
702 676 848 730 omni
879 675 1104 729 malitia.
1139 675 1326 728 Estote
1356 682 1534 727 autem
1562 673 1795 726 invicem
1828 670 2071 742 benigni,

487 787 508 809 «
545 764 966 832 misericordes,
1021 763 1286 816 donantes
1326 761 1560 816 invicem
1600 760 1800 830 (Catos.
1853 774 1930 823 ιιι,
1987 762 2071 824 12,

488 873 509 904 α
548 855 656 921 t3),
690 853 828 908 sicut
857 860 909 906 et
943 852 1088 905 Deus
1119 850 1174 904 in
1203 849 1412 904 Christo
1443 849 1662 904 donavit
1713 847 1888 904 vobis.
1939 872 1958 893 ιι

1107 1068 1401 1107 EXPOSITIO
1415 1094 1428 1106 .

556 1233 851 1301 Postquam
881 1225 1161 1281 admonuit
1200 1241 1295 1280 eos
1344 1223 1576 1278 diversis
1623 1222 1796 1277 modis
1827 1237 1896 1277 ne
1934 1221 2078 1274 intu-

487 1327 794 1376 mescerent
825 1317 892 1370 de
925 1315 1080 1370 bonis
1114 1314 1305 1385 gratiae
1337 1313 1456 1378 Dei,
1488 1329 1624 1366 neve
1656 1317 1949 1380 torperent,
1984 1308 2082 1363 sed

490 1424 707 1478 semper
752 1407 820 1459 de
875 1401 1210 1474 proﬁciendo
1258 1401 1312 1455 in
1379 1400 1570 1454 melius
1619 1398 1924 1469 vigilarent,
1961 1413 2081 1468 qua:

485 1507 710 1566 utroque
738 1491 1030 1547 admonitio
1082 1490 1291 1543 videtur
1334 1488 1540 1542 versari
1570 1487 1716 1542 circa
1745 1487 1919 1557 magis
1951 1501 2082 1555 per-

490 1586 681 1645 fectos,
715 1582 907 1635 transit
936 1579 1006 1634 ad
1036 1577 1294 1632 moralem
1330 1575 1760 1638 instructionem,
1803 1591 1923 1644 qua;
1964 1589 2084 1626 ma-

492 1674 578 1746 gis
607 1671 882 1742 pertinere
907 1667 1121 1721 videtur
1156 1666 1225 1719 ad
1256 1665 1434 1717 minus
1464 1663 1756 1733 perfectos.
1791 1662 1945 1715 Prius
1975 1661 2086 1713 ins-

2177 507 2333 553 tenus
2362 499 2522 553 abeo
2554 499 2680 554 licet
2735 497 2998 567 eﬂ'ugere.
3032 495 3136 564 Qui
3199 496 3241 550 si
3272 496 3346 550 ita
3406 496 3797 552 communiter

2176 595 2256 640 est
2287 603 2449 656 super
2475 602 2665 641 omnes
2696 594 2748 640 et
2777 602 2877 656 per
2923 585 3137 650 omnia,
3167 592 3346 638 tamen
3402 584 3456 638 in
3519 584 3794 639 omnibus

2175 675 2360 729 electis
2390 683 2470 728 est
2513 673 2860 736 familiarius,
2895 672 3078 727 dando
3116 672 3325 744 gratias
3366 688 3520 727 suas.

2248 763 2346 817 Hic
2376 771 2552 832 potest
2583 761 2809 831 intelligi
2840 760 3090 814 Trinitas.
3132 763 3310 832 Super
3330 776 3546 826 omnes,
3570 761 3789 825 Pater;

2175 867 2276 922 per
2303 852 2522 915 omnia,
2557 850 2754 912 Filius;
2791 851 2852 904 in
2883 849 3069 914 nobis,
3106 863 3258 902 amor
3287 849 3458 902 Patris
3491 856 3545 903 et
3574 847 3699 914 ﬁlii,
3738 848 3797 901 id

2179 947 2260 992 est
2293 938 2520 1008 Spiritus
2541 937 2730 992 sancti.
2755 935 2892 1005 Quia
2908 936 3113 990 dixerat
3136 952 3324 990 sumus
3344 953 3527 991 unum
3549 952 3792 1008 corpus,

2179 1042 2328 1082 unus
2348 1027 2608 1098 spiritus,
2627 1041 2776 1080 unus
2797 1032 2876 1078 est
2899 1024 3055 1078 nobis
3076 1025 3368 1091 Dominus,
3391 1039 3512 1078 una
3529 1024 3700 1093 ﬁdes,
3721 1040 3798 1078 ne

2183 1130 2283 1183 per
2342 1115 2444 1167 hoc
2491 1113 2634 1167 male
2690 1112 3044 1183 opinarentur
3099 1126 3293 1166 omnes
3349 1111 3638 1182 aequaliter
3665 1127 3803 1167 esse

2181 1201 2232 1255 in
2274 1202 2375 1255 hac
2406 1217 2548 1255 nova
2578 1201 2774 1272 gratia,
2818 1209 2872 1254 ut
2903 1215 3064 1255 nemo
3094 1199 3367 1270 praelatus,
3399 1214 3564 1254 nemo
3598 1199 3802 1253 subdi-

2181 1297 2285 1352 tus,
2321 1304 2482 1343 nemo
2514 1305 2722 1353 servus,
2772 1305 2935 1342 nemo
2965 1287 3249 1352 Dominus,
3310 1287 3648 1342 determinat
3680 1288 3796 1342 hoc

2182 1377 2368 1431 dicens
2404 1392 2414 1430 :
2449 1377 2590 1431 Licet
2614 1393 2780 1430 unum
2800 1376 2988 1442 simus,
3015 1391 3289 1446 unumque
3310 1376 3505 1444 Deum,
3532 1382 3587 1430 et
3618 1391 3793 1430 unam

2183 1464 2345 1519 ﬁdem
2378 1465 2698 1529 habeamus,
2721 1473 2900 1518 tamen
2919 1465 3224 1536 unicuique
3253 1467 3516 1519 nostrum
3536 1463 3679 1518 data
3704 1467 3796 1518 est

2182 1556 2368 1624 gratia
2387 1554 2484 1606 Dei
2505 1596 2517 1618 ,
2543 1569 2650 1607 non
2672 1552 2866 1607 eadem
2887 1552 3156 1619 omnibus,
3183 1551 3276 1606 sed
3295 1551 3610 1607 secundum
3626 1567 3798 1607 men-

2185 1657 2378 1696 suram
2409 1641 2755 1708 donationis,
2791 1641 2841 1694 id
2866 1649 2946 1694 est
2979 1639 3258 1694 donatoris
3280 1639 3510 1694 Christi.
3535 1640 3677 1694 Huic
3701 1639 3798 1692 illa

494 1727 680 1816 finiens
711 1773 904 1812 omnes
924 1755 977 1808 in
1000 1753 1292 1818 communi,
1328 1752 1523 1806 dehinc
1560 1749 1896 1805 conditiones
1926 1765 2084 1802 sexus

2188 1729 2376 1799 gratia,
2409 1730 2536 1784 huic
2568 1729 2692 1794 ista,
2725 1737 2778 1783 et
2805 1728 3126 1798 plerumque
3157 1727 3212 1781 in
3261 1727 3452 1782 eadem
3484 1728 3672 1800 gratia
3701 1727 3798 1782 di—

494 1858 547 1903 et
578 1854 764 1901 aetates
794 1842 1038 1898 divlsim.
1079 1841 1276 1894 Littera
1307 1839 1384 1893 sic
1437 1839 1680 1910 jungitur
1719 1852 1729 1890 :
1767 1835 1906 1904 Quia
1939 1837 2085 1890 Deus

493 1940 692 2007 potens
715 1937 796 1987 est
826 1935 1015 2001 facere
1036 1927 1191 1982 vobis
1214 1942 1377 1996 supra
1400 1943 1566 1996 quam
1595 1927 1844 1996 petimus
1875 1929 1975 1979 aut
2005 1925 2088 1978 in-

502 2023 828 2090 telligimus.
865 2019 1056 2088 Itaque
1085 2016 1327 2082 obsecro,
1380 2014 1434 2068 id
1467 2021 1548 2068 est
1593 2030 1691 2082 per
1720 2011 1898 2067 omnia
1929 2028 2089 2067 sacra

497 2109 806 2178 vosadjuro,
858 2121 953 2174 ego
1007 2106 1230 2158 vinctus
1260 2104 1321 2156 in
1365 2103 1618 2162 Domino.
1658 2101 1710 2154 id
1765 2109 1841 2154 est
1874 2108 2090 2170 pr0pter

497 2197 815 2258 Dominum,
855 2209 1013 2264 quem
1045 2192 1100 2244 in
1147 2190 1373 2245 vinculis
1426 2188 1702 2268 offendere
1736 2204 1842 2242 non
1873 2196 1953 2242 est
1982 2188 2088 2241 mi-

495 2287 644 2340 nima
673 2284 848 2352 culpa.
878 2282 1126 2344 Obsecro,
1151 2279 1390 2348 inquam,
1415 2281 1476 2332 ut
1501 2277 1804 2332 ambuletis
1834 2292 1930 2345 per
1969 2290 2090 2347 gra-

495 2375 598 2429 dus
629 2373 883 2427 virtutum
912 2370 1097 2438 digne,
1127 2368 1414 2422 vocatione
1434 2382 1542 2436 qua
1565 2365 1748 2418 vocati
1782 2364 1950 2429 estis;
1982 2377 2090 2417 non

498 2462 643 2517 enim
669 2458 841 2514 vocati
873 2457 1002 2511 estis
1037 2456 1106 2509 ad
1137 2453 1457 2524 complenda
1475 2451 1745 2506 desideria
1768 2451 1965 2519 carnis,
1993 2450 2090 2505 sed

495 2558 552 2604 ut
583 2547 879 2603 secundum
913 2543 1157 2614 spiritum
1189 2558 1413 2597 carnem
1469 2538 1827 2608 mortiticetis,
1862 2539 2086 2606 scilicet,

498 2635 786 2692 ambuletis
817 2650 943 2689 cum
975 2634 1130 2688 omni
1154 2631 1500 2694 humilitate,
1535 2637 1586 2684 et
1609 2629 1661 2682 in
1682 2627 1861 2681 animo
1881 2626 2086 2692 habita,

499 2734 552 2781 et
597 2724 730 2779 foris
760 2730 1007 2776 ostensa.
1049 2719 1223 2788 Culpa
1277 2717 1418 2773 enim
1451 2725 1533 2771 est
1564 2715 1706 2770 intus
1764 2731 1886 2769 esse
1917 2713 2090 2767 humi-

494 2815 624 2878 lem,
659 2820 712 2866 et
766 2809 895 2864 foris
940 2807 1198 2861 simulare
1262 2805 1604 2875 superbiam,
1636 2820 1756 2857 cum
1815 2803 1894 2858 sic
1932 2802 2001 2856 de
2029 2817 2089 2856 se

495 2899 841 2957 occasionem
875 2896 1078 2949 tribuat
1115 2892 1503 2959 maledicendi,
1539 2898 1592 2945 et
1638 2890 1938 2946 occultetur
1975 2889 2089 2944 vir-

495 2998 579 3043 tus
610 2988 763 3055 cujus
809 2983 1108 3037 imitatione
1151 2979 1324 3050 potuit
1381 2978 1575 3032 instrui
1611 2977 1906 3048 proximus.
1938 2975 2090 3030 Foris

494 3083 671 3129 autem
702 3071 981 3135 humilem,
1014 3069 1156 3121 intus
1187 3083 1309 3121 esse
1341 3065 1671 3134 superbum;
1705 3064 1835 3118 nulli
1867 3063 2088 3118 dubium

495 3163 625 3234 quin
671 3159 739 3213 sit
791 3155 1062 3227 culpabile
1105 3155 1159 3207 in
1198 3154 1346 3208 omni
1388 3152 1716 3216 humilitate,
1750 3157 1805 3207 et
1853 3152 1907 3206 in
1937 3151 2086 3206 omni

495 3247 934 3304 mansuetudine
969 3286 982 3309 ,
1039 3251 1096 3297 ut
1145 3241 1436 3296 tractabilis
1515 3240 1581 3293 sit
1649 3240 1720 3294 ad
1789 3254 1979 3294 omnes
2035 3248 2088 3294 et

498 3336 749 3400 affabilis,
782 3338 836 3389 et
869 3347 999 3387 cum
1046 3329 1195 3384 omni
1223 3330 1509 3401 patientia
1529 3336 1742 3383 servata
1772 3327 1826 3380 in
1855 3327 2085 3398 quibus-

493 3424 624 3478 libet
665 3420 931 3489 adversis,
964 3421 1364 3490 supportantes
1394 3417 1636 3472 invicem
1667 3415 1804 3469 alter
1835 3415 2082 3480 alterum,

495 3513 540 3566 si
570 3510 872 3566 molestiam
929 3507 1102 3561 intulit
1133 3506 1208 3561 ei.
1265 3504 1364 3560 Vel
1418 3507 1854 3576 supportantes,
1903 3501 1956 3556 id
2005 3510 2087 3557 est

494 3597 876 3671 compatiendo
905 3595 1151 3666 proximo
1179 3592 1225 3647 si
1255 3592 1388 3648 forte
1419 3591 1604 3662 lapsus
1635 3591 1816 3656 fuerit,
1855 3605 2088 3662 eumque

493 3687 800 3757 adjuvando
858 3683 1124 3747 oratione,
1156 3689 1209 3736 et
1241 3679 1466 3749 jejunio.
1526 3681 1933 3750 Supportantes
1961 3678 2085 3734 dico

492 3779 556 3831 in
586 3776 898 3836 charitate,
949 3787 1059 3823 non
1097 3770 1153 3822 in
1211 3766 1615 3837 exspectatione
1671 3765 1940 3820 vindicta.
1976 3767 2086 3822 Vos

491 3863 614 3918 diso
645 3859 863 3915 solliciti
891 3873 1108 3912 servare
1139 3854 1395 3909 unitatem
1427 3855 1482 3906 in
1531 3852 1713 3918 vobis,
1748 3861 1804 3906 ut
1836 3853 1904 3906 sit
1941 3853 2086 3923 apud

491 3967 589 4006 vos
620 3949 765 4002 idem
796 3946 952 4009 velle,
987 3945 1131 3999 idem
1154 3942 1319 3997 nolle.
1348 3941 1632 3998 Unitatem
1655 3940 1776 3996 dico
1811 3942 2082 4012 Spiritus,

495 4039 548 4092 id
580 4044 663 4091 est
697 4049 858 4106 quam
890 4033 1056 4088 dictat
1105 4029 1336 4101 Spiritus
1369 4037 1584 4084 sanctus
1631 4046 1850 4084 seruare
1880 4045 2004 4084 eam
2029 4028 2085 4082 in

495 4125 719 4182 vinculo
743 4123 934 4194 pacis;
966 4135 1087 4190 quae
1137 4133 1242 4188 pax
1297 4117 1534 4172 exterius
1566 4125 1778 4172 servata
1811 4116 2084 4172 vinculum

496 4221 610 4278 est,
658 4220 710 4267 et
776 4208 1160 4263 nutrimentum
1238 4205 1533 4276 spiritualis
1589 4204 1827 4259 unitatis.
1913 4206 1980 4259 Et
2028 4211 2085 4258 ut

498 4303 636 4357 hanc
701 4298 962 4353 unitatem
1003 4294 1252 4359 servetis,
1315 4298 1490 4349 estote
1548 4309 1729 4348 unum
1774 4309 1994 4364 corpus,
2029 4291 2085 4345 id

497 4399 577 4445 est
604 4404 769 4443 unum
797 4386 853 4440 in
882 4384 1214 4456 operatione.
1248 4385 1318 4437 Et
1347 4390 1518 4437 estote
1550 4397 1700 4436 unus
1736 4383 1995 4453 spiritus,
2027 4379 2082 4432 id

2189 1818 2438 1878 versitas,
2472 1817 2594 1888 quia
2639 1817 2727 1872 hic
2757 1817 2954 1880 minus,
2988 1815 3076 1870 hic
3132 1815 3255 1884 plus
3292 1816 3458 1870 habet
3487 1815 3557 1870 de
3585 1815 3794 1870 eadem

2187 1905 2379 1974 gratia.
2398 1907 2634 1976 Propter
2648 1904 2791 1976 quod
2807 1902 3266 1974 comprobandum
3287 1901 3532 1958 244
3547 1903 3794 1972 (scilicet

2188 1993 2331 2063 quod
2362 1993 2429 2045 sit
2457 1993 2689 2046 donator
2719 1992 3013 2061 gratiarum
3042 1991 3276 2061 Spiritus
3305 1997 3525 2046 sanctus
3553 1990 3703 2046 dicit
3736 1991 3791 2044 in

2189 2080 2406 2134 Psalmo
2438 2081 2617 2148 (Psal.
2650 2082 2932 2147 vau,19)
2960 2080 3166 2132 :Homo
3187 2078 3431 2132 Christus
3468 2078 3792 2134 ascendens

2189 2170 2250 2222 in
2281 2170 2485 2233 altum,
2520 2168 2573 2221 id
2605 2175 2687 2221 est
2719 2182 2886 2236 super
2913 2166 3246 2220 altitudinem
3298 2166 3570 2220 cmlorum
3596 2207 3612 2234 ,
3644 2183 3791 2238 cap-

2191 2258 2490 2319 tivitatem,
2526 2256 2580 2309 id
2610 2264 2692 2309 est
2732 2256 3020 2309 humanam
3068 2262 3314 2308 naturam
3364 2253 3516 2324 prius
3545 2269 3579 2308 a
3609 2269 3789 2324 para-

2188 2344 2308 2398 diso
2348 2352 2399 2398 et
2431 2344 2570 2399 ccelo
2601 2343 2882 2413 expulsam
2918 2343 3150 2398 reduxit
3181 2341 3236 2396 in
3269 2357 3328 2396 se
3358 2341 3579 2396 homine
3601 2343 3790 2413 capti-

2191 2448 2334 2496 vam,
2368 2431 2490 2502 quia
2521 2447 2553 2485 a
2584 2431 2706 2486 loco
2736 2431 2852 2501 (qui
2881 2429 2984 2500 ipsi
3027 2446 3127 2500 per
3180 2437 3462 2500 peccatum
3519 2429 3790 2484 naturalis

2189 2522 2329 2589 erat)
2360 2520 2591 2573 ablatam
2623 2519 2830 2574 revexit
2859 2518 2926 2572 ad
2957 2518 3147 2586 caelos,
3181 2518 3389 2574 scilicet
3435 2518 3506 2572 ad
3550 2518 3788 2588 patriam

2187 2607 2339 2678 prius
2369 2607 2471 2677 ipsi
2498 2607 2624 2678 (nisi
2655 2607 2934 2676 peccaret)
2970 2605 3316 2660 destinatam.
3376 2607 3550 2660 Homo
3612 2605 3784 2671 enim,

2188 2695 2245 2749 in
2274 2696 2503 2764 puritate
2531 2703 2767 2758 creatus,
2816 2694 3133 2765 paradisum
3181 2692 3370 2747 habuit
3410 2693 3479 2748 ad
3528 2693 3789 2748 habitan-

2189 2783 2338 2848 dum,
2371 2791 2428 2837 ut
2461 2783 2556 2837 tibi
2586 2790 2811 2853 peracta
2858 2781 3168 2837 obedientia
3212 2781 3338 2836 inde
3394 2780 3789 2836 transferretur

2191 2872 2258 2925 ad
2289 2871 2495 2936 caelos;
2529 2871 2626 2925 sed
2657 2870 2786 2941 quia
2816 2870 3061 2941 peccavit
3091 2878 3141 2924 et
3164 2869 3557 2940 repromissum
3578 2869 3786 2925 caelum

2189 2959 2444 3028 perdidit,
2478 2968 2529 3014 et
2559 2975 2589 3012 a
2619 2959 2740 3013 loco
2797 2957 3165 3023 habitationis,
3191 2957 3246 3012 id
3304 2966 3386 3012 est
3439 2974 3468 3011 a
3523 2957 3786 3028 paradiso

2189 3046 2449 3117 depulsus
2471 3037 2533 3100 in
2558 3054 2698 3101 terra
2728 3046 2829 3100 ista
2859 3046 3159 3116 captivatus
3207 3053 3310 3100 est.
3371 3043 3543 3112 Quam
3574 3053 3784 3100 terram

2188 3143 2469 3205 peccatum
2499 3134 2573 3189 ita
2603 3133 2809 3188 homini
2851 3133 2978 3189 fecit
3035 3132 3358 3198 naturalem,
3391 3133 3528 3188 sicut
3549 3133 3782 3201 justitia,

2190 3223 2432 3294 quandiu
2462 3222 2515 3276 in
2542 3238 2604 3276 ea
2635 3221 2734 3276 fuit
2765 3221 3079 3291 paradisum
3139 3220 3441 3276 naturalem
3480 3219 3627 3275 fecit.
3669 3221 3784 3276 Ite-

2189 3327 2305 3364 rum
2337 3311 2584 3365 Christus
2625 3310 2899 3366 destructo
2949 3317 3176 3380 peccato
3197 3308 3454 3374 hominis,
3486 3309 3782 3363 humanam

2189 3406 2436 3452 naturam
2465 3415 2496 3452 a
2517 3397 2739 3453 miseria
2767 3397 2869 3451 ista
2901 3397 3016 3468 (qui
3046 3397 3200 3452 locus
3223 3397 3334 3465 jam
3381 3395 3485 3467 ipsi
3512 3412 3614 3466 per
3643 3412 3782 3468 pec-

2187 3495 2362 3542 catum
2394 3486 2649 3541 naturalis
2681 3485 2815 3554 erat)
2845 3485 3152 3556 captivam;
3186 3485 3310 3556 quia
3337 3500 3370 3539 a
3397 3483 3626 3538 naturali
3655 3484 3782 3541 loco

2187 3576 2423 3630 ablatam
2481 3572 2694 3628 reduxit
2740 3573 2811 3628 ad
2868 3572 3102 3643 priorem
3159 3572 3414 3644 patriam,
3448 3572 3657 3628 scilicet
3710 3572 3780 3628 ad

2187 3663 2381 3719 caelos.
2414 3663 2523 3718 Sed
2555 3669 2758 3732 quanto
2787 3661 2937 3732 prior
2981 3661 3268 3732 captivitas
3321 3659 3592 3728 miserior,
3626 3668 3780 3716 tanto

2189 3751 2431 3807 secunda
2478 3750 2792 3821 gloriosior.
2843 3749 3161 3805 Ascendens
3216 3749 3458 3804 Christus
3504 3749 3692 3820 utique
3724 3749 3780 3803 in

2186 3839 2373 3907 altum,
2405 3838 2558 3894 dedit
2590 3839 2738 3893 dona
2772 3838 3108 3905 hominibus,
3141 3837 3268 3908 quia
3310 3837 3457 3892 misit
3515 3836 3778 3907 Spiritum

2187 3935 2433 3982 sanctum
2465 3926 2518 3981 in
2547 3926 2713 3981 corda
2743 3925 3155 3995 discipulorum.
3179 3926 3246 3980 Et
3275 3924 3402 3997 quia
3431 3924 3579 3979 dedit
3609 3924 3773 3992 dona,

2185 4015 2470 4086 probatum
2499 4022 2582 4068 est
2612 4014 2880 4068 Christum
2911 4029 3034 4068 esse
3063 4013 3386 4068 donatorem
3451 4012 3772 4085 gratiarum.

2187 4103 2320 4172 Quis
2351 4110 2533 4157 autem
2591 4101 2900 4156 intellectus
2957 4100 3140 4173 colligi
3185 4101 3382 4156 debeat
3420 4116 3486 4156 ex
3515 4115 3580 4156 eo
3628 4102 3780 4172 quod

2186 4191 2261 4246 ait
2289 4190 2598 4246 ascendens
2630 4191 2692 4244 in
2721 4190 2926 4256 altum,
2949 4189 3062 4243 vult
3093 4189 3408 4260 explanare,
3440 4204 3549 4243 non
3595 4196 3776 4244 tamen

2185 4277 2499 4349 digrediens
2528 4278 2598 4332 ab
2628 4275 2942 4332 intentione.
2976 4275 3111 4332 Dico
3139 4277 3469 4332 ascendens.
3504 4277 3613 4333 Sed
3642 4276 3776 4349 quid

2185 4371 2291 4434 est,
2324 4366 2379 4421 id
2409 4374 2491 4420 est
2520 4364 2650 4437 quid
2683 4381 2782 4436 per
2810 4365 2915 4420 hoc
2943 4363 3357 4436 intelligendum
3384 4372 3468 4420 est
3496 4365 3638 4438 quod
3666 4365 3778 4422 Do-

495 4487 577 4533 est
606 4492 772 4532 unum
821 4473 876 4527 in
909 4473 1204 4528 voluntate.
1248 4473 1327 4524 Ita
1379 4469 1495 4523 silis
1550 4485 1717 4522 unum
1775 4483 2005 4538 corpore
2037 4474 2084 4521 et

2189 4455 2367 4508 minus
2389 4454 2648 4509 ascendit
2673 4458 2696 4508 .9
2722 4452 3046 4509 Ascendens
3073 4461 3126 4507 et
3163 4453 3421 4509 ascendit
3449 4468 3551 4524 pro
3584 4453 3774 4509 eodem

495 4567 705 4637 spiritu,
737 4565 885 4618 sicut
913 4578 1003 4616 res
1033 4561 1125 4615 illa
1154 4558 1225 4613 ad
1255 4573 1418 4628 quam
1449 4559 1628 4611 vocati
1679 4557 1815 4611 estis
1845 4571 1951 4608 una
1980 4561 2081 4608 est.

500 4655 658 4722 Quod
689 4653 765 4707 sic
795 4651 869 4706 ait
902 4667 914 4704 :
948 4650 1058 4704 Vos
1097 4647 1229 4702 estis
1259 4645 1435 4700 vocati
1465 4645 1527 4698 in
1560 4661 1676 4698 una
1696 4659 1812 4714 spe,
1840 4643 1895 4695 id
1914 4649 1996 4697 est
2016 4641 2088 4696 ad

498 4758 660 4798 unam
691 4756 803 4796 rem
836 4745 1129 4808 speratam.
1164 4734 1270 4804 Spe
1301 4733 1424 4786 dico
1456 4732 1764 4786 vocationis
1790 4734 2007 4795 vestrm,
2033 4729 2088 4783 id

499 4839 580 4886 est
610 4844 717 4900 qua
744 4827 914 4898 digna
944 4831 1027 4878 est
1058 4828 1240 4876 vestra
1269 4819 1502 4873 vocatio.
1521 4818 1716 4872 Iterum
1733 4816 1944 4871 debetis
1965 4832 2088 4872 esse

403 4971 406 4973 .
467 4934 664 4998 uinum
693 4929 910 4984 corpus,
935 4919 988 4965 et
1016 4925 1156 4963 unus
1187 4905 1424 4976 spiritus,
1473 4905 1600 4976 quia
1629 4905 1899 4960 Dominus
1937 4920 2089 4962 unus

493 4990 650 5060 vobis
680 5000 1010 5063 dominatur,
1041 5005 1090 5051 et
1129 4996 1263 5064 ﬁdes
1299 5001 1478 5048 vestra
1505 5009 1623 5047 una
1651 4999 1751 5058 est,
1786 4999 1838 5046 et
1867 4990 2086 5048 indiffe-

493 5104 652 5152 rens;
685 5094 737 5140 et
768 5083 1044 5155 baptisma
1074 5086 1314 5135 vestrum
1343 5093 1525 5131 unum
1567 5084 1666 5140 est,
1701 5091 1892 5131 omnes
1931 5092 2085 5147 aeque

492 5173 832 5244 justificans;
876 5185 984 5225 non
1054 5165 1352 5222 secundum
1401 5165 1546 5236 quod
1603 5163 1822 5236 quidam
1856 5165 2082 5231 dicunt,

499 5261 798 5319 secundum
828 5257 1024 5313 merita
1062 5256 1406 5312 diversorum
1447 5252 1831 5324 baptizantium
1869 5252 2085 5324 dignius

495 5351 583 5408 vel
631 5348 929 5421 indignius.
980 5347 1046 5399 Et
1076 5351 1158 5399 est
1215 5359 1364 5398 unus
1422 5344 1596 5407 Deus,
1649 5341 1704 5396 id
1761 5349 1843 5397 est
1873 5349 2087 5396 creator

495 5438 752 5503 omnium,
786 5444 838 5492 et
867 5451 1005 5490 unus
1035 5435 1205 5489 Pater
1224 5433 1506 5498 omnium,
1547 5429 1637 5503 qui
1659 5445 1757 5486 vos
1787 5429 2085 5486 secundum

492 5527 840 5583 dilectionem
871 5523 1098 5578 ﬁliorum
1126 5521 1416 5595 gubernat.
1453 5519 1582 5589 Qui,
1646 5517 1907 5574 Dominus
1937 5519 2084 5573 Deus

495 5618 649 5672 Pater
694 5611 1023 5671 dominando
1054 5655 1067 5679 ,
1110 5609 1382 5676 creando,
1425 5607 1704 5680 diligendo
1729 5610 1859 5674 ,‘est
1918 5622 2085 5678 super

2189 4542 2369 4610 habet,
2405 4541 2509 4595 nisi
2538 4541 2642 4596 hoc
2689 4540 3054 4612 intelligamus
3087 4540 3232 4611 quod
3259 4583 3273 4608 ,
3309 4541 3356 4595 si
3382 4539 3647 4607 ascendit,
3680 4557 3773 4597 se-

2189 4630 2370 4700 quitur
2400 4629 2544 4700 quod
2570 4628 2720 4700 prius
2749 4643 2913 4700 quam
2942 4629 3267 4684 ascenderet
3287 4629 3600 4695 descendit,
3619 4628 3674 4683 id
3691 4636 3772 4685 est

2187 4718 2242 4772 in
2273 4717 2462 4772 humili
2491 4717 2611 4773 loco
2639 4715 2757 4771 fuit.
2791 4716 2848 4771 Si
2877 4715 3322 4785 enim_ascendit,
3353 4717 3597 4788 sequitur
3627 4718 3772 4789 quod

2189 4806 2256 4861 de
2286 4805 2530 4860 inferiori
2557 4805 2624 4859 ad
2681 4805 2934 4876 superius
2986 4805 3251 4861 ascendit.
3312 4805 3602 4861 Descendit
3649 4805 3772 4862 dico

2187 4895 2251 4949 in
2279 4895 2583 4964 inferiores
2606 4897 2802 4964 partes
2852 4897 3038 4959 terra,
3071 4893 3128 4948 id
3160 4902 3243 4948 est
3298 4893 3352 4947 in
3390 4891 3657 4948 internum
3683 4893 3772 4966 qui

2187 4981 2374 5052 utique
2401 4981 2457 5035 in
2486 4989 2646 5049 terra,
2678 4981 2777 5036 sed
2806 4981 2862 5035 in
2890 4980 3136 5036 inferiori
3165 4989 3319 5052 parte
3350 4997 3474 5036 esse
3515 4981 3767 5037 creditur.

2187 5068 2316 5125 Ideo
2347 5068 2590 5140 probavit
2643 5085 2768 5125 eum
2816 5069 2907 5140 qui
2937 5069 3212 5136 ascendit,
3269 5068 3422 5140 prius
3475 5069 3533 5124 in
3589 5069 3771 5125 humili

2187 5157 2328 5223 loco,
2361 5157 2500 5212 sicut
2529 5173 2716 5213 verum
2759 5158 3033 5213 hominem
3093 5156 3385 5227 habitasse,
3425 5167 3482 5213 ut
3541 5159 3768 5214 scientes

2187 5245 2458 5302 Christum
2501 5245 2750 5302 datorem
2805 5245 3128 5319 gratiarum,
3163 5245 3303 5302 sicut
3332 5261 3435 5302 nos
3464 5263 3668 5311 sumus,
3699 5247 3766 5302 ita

2187 5351 2310 5390 esse
2340 5333 2631 5401 hominem,
2672 5333 3011 5388 ﬁducialibus
3071 5334 3140 5389 ab
3169 5350 3235 5390 eo
3288 5341 3538 5404 petamus
3567 5335 3767 5407 gratias

2186 5438 2333 5487 suas,
2367 5423 2460 5493 qui
2497 5422 2602 5476 nisi
2631 5422 3136 5492 comparticipasset
3191 5422 3504 5477 humanitati
3551 5430 3764 5492 nostra,

2185 5509 2354 5565 multo
2382 5509 2541 5565 nobis
2569 5509 2953 5565 inexorabilior
2993 5517 3158 5565 esset.
3192 5510 3260 5565 Et
3301 5509 3432 5582 quia
3458 5509 3549 5567 ille
3577 5527 3766 5569 ascen-

2184 5599 2262 5654 dit
2275 5598 2529 5669 primum,
2545 5593 2708 5669 igitur
2727 5597 2818 5671 qui
2840 5597 3120 5655 descendit
3142 5606 3194 5656 et
3214 5600 3310 5672 qui
3327 5599 3586 5657 ascendit
3608 5617 3768 5674 super
