3932 6432
120 407 220 464 33³7

719 401 1101 463 EXPOSITIO
1140 404 1215 462 IN
1249 404 1632 465 EPISTOLAS
1669 406 1894 466 PAULI.
1926 437 1995 451 —
2035 407 2110 465 IN
2151 408 2372 467 EPIST.
2419 409 2516 467 AD
2552 409 2802 466 EPHES.

3307 409 3413 465 338

122 545 312 588 omnes
368 530 535 587 caios
555 569 571 599 ,
629 527 747 601 ipse
804 545 948 585 unus
1002 537 1057 588 et
1109 528 1258 587 idem
1315 539 1400 588 est
1452 531 1720 588 indivisus
1742 534 1791 595 Α
1821 540 2032 590 crescat
2074 548 2224 600 caro,
2256 550 2358 590 nec
2386 532 2444 589 in
2472 541 2768 606 augmento
2798 532 3013 601 virium,
3045 547 3150 590 nec
3175 531 3421 606 longitu-

120 618 383 685 Christus,
415 618 582 674 homo
625 618 793 674 Deus.

189 706 289 763 Vel
337 706 499 762 aliter
538 724 554 762 :
594 705 736 776 Quid
793 715 875 762 est
935 706 1082 780 quod
1128 708 1374 764 ascendit
1419 709 1725 765 humanitas

122 794 348 863 Christi,
381 793 488 850 nisi
517 794 641 867 quia
666 795 899 867 primum
927 795 1211 852 descendit
1236 795 1493 852 divinitas
1539 797 1596 851 in
1633 797 1722 852 in-

123 882 353 941 feriores
409 890 596 955 partes
649 891 815 939 terra
842 926 855 950 ,
896 882 953 939 id
1008 892 1091 940 est
1145 884 1216 940 ad
1269 884 1562 941 uniendam
1619 886 1724 941 sibi

125 972 510 1027 humanitatem
542 972 684 1028 inter
713 971 1008 1028 homines?
1035 972 1093 1028 Si
1121 973 1265 1029 enim
1296 989 1471 1046 usque
1498 974 1565 1029 ad
1595 974 1722 1046 glo—

122 1061 249 1116 bum
298 1059 435 1116 solis
481 1068 534 1116 et
577 1060 718 1116 luna
764 1060 1164 1128 descenderet,
1212 1061 1352 1116 infra
1400 1070 1575 1129 esset,
1626 1062 1724 1118 sed

120 1149 192 1205 ad
248 1156 429 1205 terras
483 1148 818 1205 descendere
875 1148 975 1204 fuit
1022 1148 1272 1205 inferius.
1319 1150 1389 1205 Et
1433 1150 1556 1206 licet
1584 1150 1724 1206 alius

120 1237 370 1293 videatur
399 1237 726 1305 ascendens,
762 1237 818 1292 id
846 1244 947 1307 est,
982 1238 1146 1293 homo
1174 1237 1315 1293 alius
1357 1238 1719 1305 descendens,

119 1325 173 1381 id
200 1333 282 1381 est
312 1326 504 1392 Deus;
550 1333 735 1382 tamen
761 1326 853 1398 qui
897 1326 1182 1382 descendit
1228 1333 1281 1381 et
1327 1327 1420 1399 qui
1477 1328 1725 1384 ascendit

120 1430 285 1486 super
312 1429 508 1471 omnes
537 1414 728 1481 calos,
758 1414 877 1485 ipse
908 1414 1055 1470 idem
1087 1422 1171 1470 est
1195 1431 1338 1470 unus
1367 1415 1543 1470 divisa
1590 1432 1721 1487 per-

120 1517 275 1559 sona.
323 1502 416 1559 Sic
463 1502 658 1558 iterum
708 1502 849 1558 bene
897 1502 968 1558 ad
994 1502 1349 1559 intentionem
1383 1521 1398 1558 :
1430 1502 1569 1572 Quia
1598 1519 1723 1560 cum

119 1598 325 1647 tantam
379 1590 666 1647 videamus
712 1590 832 1660 ejus
884 1590 1183 1663 potentiam
1242 1599 1301 1646 ut
1356 1592 1521 1648 homo
1574 1593 1724 1648 Deus

123 1695 291 1752 super
336 1679 513 1736 calos
545 1678 888 1745 ascenderit,
923 1678 1253 1736 ﬁducialiter
1281 1680 1560 1752 postulare
1589 1696 1725 1752 pos-

121 1784 309 1824 sumus
366 1768 441 1824 ab
498 1783 564 1823 eo
610 1767 702 1841 qui
748 1766 928 1824 omnia
968 1775 1170 1840 potest.
1217 1769 1476 1825 Ascendit
1503 1768 1629 1825 ideo
1658 1773 1725 1825 ut

119 1857 462 1950 adimpleret
489 1856 682 1950 omnia
713 1855 874 1950 donis
903 1854 1035 1950 suis,
1062 1857 1223 1926 juxta
1254 1857 1400 1929 quod
1423 1857 1574 1950 idem
1608 1856 1718 1913 ait:
1742 1890 1795 1950 Β

123 1968 145 1992 α
179 1944 299 2001 Nisi
344 1959 454 2016 ego
503 1944 694 2000 abiero
717 1987 732 2012 ,
787 1944 1105 2001 Paracletus
1156 1960 1265 2001 non
1312 1945 1493 2001 veniet
1522 1946 1592 2000 ad
1624 1961 1722 2002 vos

120 2034 305 2105 (Joan.
358 2047 483 2100 XVI,
514 2033 590 2104 '7).
643 2034 936 2104 Postquam
965 2033 1217 2105 probavit
1245 2033 1519 2089 Christum
1561 2034 1726 2089 dona-

121 2128 290 2177 torem
349 2121 692 2195 gratiarum,
737 2121 971 2177 ostendit
1017 2121 1389 2178 diversitatem
1429 2123 1719 2178 donorum.

122 2210 265 2266 Bene
295 2209 422 2266 dico
443 2209 784 2283 adimpleret
813 2210 1026 2276 omnia,
1061 2215 1121 2266 et
1146 2211 1301 2266 enim
1329 2210 1447 2283 ipse
1478 2210 1724 2266 Christus

122 2298 273 2354 dedit
302 2298 577 2371 quaedam
607 2298 849 2370 quidem,
884 2297 939 2353 id
969 2306 1052 2354 est
1067 2298 1299 2355 discrete
1328 2299 1397 2353 ab
1426 2299 1546 2354 aliis
1582 2315 1722 2373 apo-

120 2387 278 2443 toios.
315 2384 599 2454 Quosdam
633 2390 829 2442 autem
860 2387 1010 2441 dedit
1043 2388 1366 2460 prophetas,
1400 2388 1492 2459 qui
1514 2387 1723 2443 revela-

125 2482 241 2531 rent
259 2473 608 2546 Scripturas;
639 2475 782 2531 alios
813 2491 938 2532 vero
970 2477 1368 2546 evangelistas,
1391 2476 1447 2531 id
1475 2484 1557 2531 est
1586 2492 1723 2547 pra-

121 2562 427 2627 dicatores;
479 2563 623 2619 alios
675 2567 869 2619 autem
912 2567 1173 2635 pastores
1220 2568 1277 2620 et
1325 2564 1617 2631 doctores,
1668 2564 1723 2620 id

120 2659 200 2706 est
218 2651 535 2723 episcOpos,
565 2650 658 2723 qui
673 2650 742 2707 de
762 2666 956 2707 mensa
984 2651 1234 2723 corporis
1256 2652 1455 2707 Christi
1477 2653 1723 2709 subditos

120 2747 363 2810 pascant,
400 2747 456 2796 et
487 2739 556 2795 de
582 2739 740 2795 Novo
769 2747 823 2795 et
869 2739 1057 2796 Veteri
1092 2741 1438 2797 Testamento
1468 2741 1719 2797 doceant.

123 2827 248 2884 Ideo
276 2827 417 2884 alios
449 2836 503 2883 et
533 2827 671 2883 alios
698 2827 848 2883 dedit
876 2829 940 2884 in
972 2844 1109 2901 opus
1138 2829 1485 2897 ministerii,
1518 2830 1647 2901 quia
1676 2830 1724 2885 si

121 2915 209 2971 uni
238 2915 425 2972 omnia
446 2916 626 2984 daret,
649 2916 776 2971 dum
807 2933 949 2971 unus
975 2917 1046 2972 ad
1078 2917 1260 2973 omnia
1287 2933 1400 2973 non
1428 2916 1718 2985 sufﬁceret,

125 3004 424 3061 ministeria
454 3004 653 3061 Christi
681 3004 1003 3076 imperfecta
1030 3013 1395 3061 remanerent.
1442 3006 1725 3062 Ministerii

120 3092 239 3149 dico
269 3093 503 3149 valentis
532 3093 604 3149 ad
623 3094 1168 3151 consummationem
1187 3098 1537 3160 sanctorum,
1562 3094 1617 3150 id
1643 3104 1725 3151 est

122 3182 293 3255 utqui
335 3183 454 3252 jam
493 3181 628 3251 justi
676 3189 799 3237 sunt
847 3182 917 3237 ad
964 3181 1359 3253 perfectionem
1403 3182 1718 3240 ascendant.

122 3243 403 3326 Ministerii
434 3243 598 3326 etiam
629 3270 861 3326 valentis
892 3243 1420 3340 in-adiﬁcationem
1471 3272 1720 3344 corporis
1744 3243 1791 3304 Ο

122 3357 345 3425 Christi,
370 3358 428 3414 id
461 3365 545 3413 est
574 3358 643 3413 ad
672 3359 776 3415 hoc
805 3365 863 3413 ut
880 3358 950 3414 de
978 3359 1046 3413 iis
1067 3358 1161 3432 qui
1181 3359 1358 3415 adhuc
1390 3367 1515 3414 sunt
1546 3359 1721 3416 incre-

119 3445 227 3501 duli
268 3444 577 3503 adiﬁcetur
640 3461 844 3518 corpus
903 3446 1141 3515 Christi,
1198 3447 1254 3502 id
1313 3456 1397 3503 est
1448 3448 1717 3505 Ecclesia.

119 3535 370 3592 Dicerent
399 3534 479 3590 illi
509 3550 646 3607 quos
688 3537 780 3604 (ne
809 3543 1032 3608 propter
1076 3535 1338 3592 unitatem
1368 3535 1632 3593 Ecclesia
1661 3553 1722 3593 se

119 3622 318 3680 debere
370 3639 498 3679 esse
547 3623 781 3694 aequales
827 3625 1118 3695 putarent)
1163 3624 1460 3679 admonuit.
1522 3626 1721 3680 Parum

119 3708 336 3778 prodest
382 3706 535 3780 quod
584 3705 747 3763 ﬁdem
789 3707 1129 3779 accepimus,
1182 3708 1227 3764 si
1256 3724 1476 3780 semper
1504 3708 1558 3763 in
1587 3708 1721 3764 sub-

113 3794 344 3863 iectione
374 3811 480 3851 nos
511 3802 763 3866 oporteat
803 3811 1149 3867 permanere.
1183 3795 1423 3853 245
1480 3797 1561 3852 De
1618 3796 1722 3852 hoc

119 3883 428 3941 consolatur
447 3898 546 3940 eos
577 3883 769 3940 dicens
795 3902 808 3938 :
831 3885 914 3939 Ne
945 3900 1112 3957 grave
1140 3884 1208 3939 sit
1227 3884 1384 3940 vobis
1405 3884 1451 3939 si
1480 3884 1569 3939 alii
1598 3885 1724 3940 sub-

113 3972 367 4040 jiciuntur
386 4017 400 4040 ,
458 3971 551 4027 alii
576 3971 958 4043 praferuntur.
992 3973 1110 4029 Cito
1138 3973 1285 4029 enim
1304 3974 1464 4043 hujus
1484 3972 1721 4029 diversi-

116 4061 238 4117 tatis
284 4061 389 4118 erit
438 4059 584 4115 ﬁnis.
634 4060 970 4117 Diversitatis
998 4061 1123 4117 dico
1154 4077 1263 4117 non
1292 4061 1526 4133 amplius
1551 4061 1719 4117 dura-

117 4156 273 4218 tura,
306 4149 414 4205 nisi
443 4149 619 4206 donec
649 4164 1014 4207 occurramus
1042 4150 1342 4207 secundum
1384 4150 1719 4205 desiderium

118 4245 425 4295 sanctorum
456 4232 559 4294 ait.
599 4236 962 4293 Occurramus
978 4254 1169 4294 omnes
1191 4238 1488 4294 existentes
1507 4238 1569 4293 i‘n
1590 4239 1720 4294 uni-

119 4329 231 4382 tate
274 4327 430 4397 fidei,
481 4325 539 4380 id
583 4332 666 4380 est
713 4325 911 4398 quibus
957 4342 1066 4382 una
1114 4327 1184 4382 de
1232 4326 1450 4382 Christo
1475 4324 1632 4395 ﬁdes,
1664 4331 1721 4382 et

120 4413 410 4471 existentes
459 4414 518 4468 in
567 4414 772 4470 unitate
818 4416 1131 4487 agnitionis
1177 4416 1290 4485 ﬁlii
1320 4416 1435 4481 Dei,
1469 4414 1525 4471 id
1555 4422 1638 4470 est
1665 4414 1721 4468 in

118 4502 316 4559 unitate
369 4503 647 4559 bonorum
699 4518 927 4574 cperum
978 4502 1142 4559 ﬁdem
1191 4502 1562 4574 sequentium,
1620 4518 1722 4573 per

1821 621 1991 677 diuis.
2032 621 2238 678 Omnes
2267 622 2433 688 enim,
2466 623 2582 679 sive
2624 622 2871 692 juniores
2892 621 3007 677 sive
3037 620 3318 692 seniores,
3365 621 3423 677 in

1821 710 2017 766 eodem
2057 718 2258 781 puncto
2305 710 2477 766 atatis
2545 709 2906 766 resurrecturi
2954 726 3143 765 sumus
3197 710 3254 764 in
3313 725 3422 781 quo

1823 798 2069 854 Christus
2123 799 2388 854 mundum
2441 798 2605 854 exivit
2662 806 2712 854 et
2767 798 3081 853 resurrexit.
3115 798 3246 853 Ideo
3283 798 3422 853 alios

1820 886 2138 958 prOphetas,
2172 886 2312 941 alios
2345 887 2605 943 doctores
2632 886 2718 942 vel
2737 895 2989 958 pastores
3019 886 3188 954 dedit,
3220 890 3287 942 ut
3298 889 3426 959 jam

1824 974 1953 1031 olim
1983 974 2203 1047 quidem
2236 975 2315 1031 sic
2342 974 2562 1042 fuimus,
2596 975 2693 1030 sed
2723 975 2922 1030 amodo
2949 991 3065 1031 non
3084 975 3264 1030 simus
3289 992 3425 1048 par-

1822 1064 1942 1119 vuli
1961 1063 2258 1120 intellectu.
2282 1065 2398 1120 Nec
2419 1063 2591 1119 simus
2608 1080 2674 1119 ex
2695 1063 2854 1118 nobis
2869 1065 3237 1133 ﬂuctuantes,
3260 1062 3425 1119 modo

1821 1151 1982 1221 bene,
2005 1152 2170 1207 modo
2198 1152 2343 1207 male
2366 1160 2613 1223 agentes,
2635 1156 2691 1207 et
2711 1158 2768 1207 ut
2789 1167 2897 1206 non
2917 1167 3016 1222 per
3034 1150 3172 1206 alios
3192 1151 3431 1207 circum-

1820 1241 2081 1311 feramur
2099 1239 2261 1297 modo
2277 1242 2397 1308 hac,
2413 1240 2578 1295 modo
2598 1240 2745 1305 illac,
2766 1240 2923 1296 omni
2942 1243 3107 1295 vento
3128 1239 3423 1295 doctrina.

1821 1327 2025 1383 Alludit
2073 1328 2434 1383 similitudini.
2468 1330 2615 1384 Mare
2663 1327 2842 1397 enim,
2875 1327 3175 1393 mundum;
3208 1333 3424 1393 ventus,

1823 1415 2177 1483 seductores;
2236 1417 2420 1485 navis,
2482 1416 2828 1482 Ecclesiam,
2889 1431 3011 1487 qua
3066 1414 3229 1470 modo
3258 1413 3427 1481 infra,

1821 1504 1987 1559 modo
2032 1520 2197 1575 supra
2244 1504 2627 1575 persecutione
2681 1503 2949 1559 malorum
2995 1502 3317 1575 depellitur,
3351 1501 3427 1557 si-

1822 1590 2068 1664 gniﬁcat.
2093 1592 2370 1649 Doctrina
2397 1592 2519 1648 dico
2545 1592 2702 1648 facta
2732 1594 2796 1647 in
2816 1592 3071 1664 nequitia
3093 1592 3428 1659 hominum;

1822 1680 2147 1753 nequissimi
2195 1681 2339 1736 enim
2388 1688 2511 1735 sunt
2558 1681 2880 1737 seductores
2925 1679 3257 1750 hujusmodi.
3308 1680 3428 1735 Do-

1825 1769 2012 1825 ctrina
2042 1769 2204 1824 etiam
2252 1769 2411 1826 facta
2454 1771 2515 1825 in
2562 1771 2816 1835 astutia,
2876 1769 3105 1824 latenter
3161 1767 3428 1824 seducunt

1824 1857 2120 1930 simplices.
2172 1857 2386 1913 Astutia
2431 1857 2554 1913 dico
2583 1857 2838 1912 tendente
2881 1856 2954 1912 ad
2981 1857 3425 1913 circumventio—

1826 1963 1959 2003 nem
1986 1948 2227 2013 erroris,
2264 1946 2319 2001 id
2356 1954 2438 2001 est
2466 1954 2524 2001 ut
2549 1960 2650 2000 nos
2679 1945 3110 2001 circumveniant
3137 1944 3207 1999 de
3243 1959 3429 1999 errore

1826 2050 1947 2090 suo.
1977 2035 2098 2090 Non
2131 2034 2303 2089 simus
2320 2034 2663 2100 ﬂuctuantes,
2687 2034 2783 2089 sed
2813 2049 3132 2090 crescamus
3149 2035 3211 2089 in
3235 2032 3431 2088 chari-

1828 2127 1967 2193 tate,
1998 2122 2055 2177 id
2084 2130 2169 2178 est
2196 2122 2250 2177 in
2283 2122 2571 2179 dilectione
2592 2122 2692 2177 Dei
2729 2128 2782 2177 et
2809 2121 3065 2194 proximi.
3105 2121 3428 2192 Veritatem,

1825 2211 1880 2266 id
1926 2218 2011 2266 est
2038 2227 2234 2282 puram
2263 2227 2294 2265 a
2325 2210 2615 2266 mendacio
2644 2210 2947 2266 doctrinam
2976 2225 3085 2266 non
3110 2209 3288 2264 solum
3327 2225 3428 2263 au-

1824 2300 2074 2366 dientes,
2135 2300 2232 2355 sed
2307 2299 2469 2355 etiam
2526 2298 2791 2355 facientes
2846 2314 3036 2371 opere.
3103 2298 3430 2353 Crescamus

1824 2388 2004 2443 eundo
2058 2404 2160 2461 per
2206 2389 2401 2445 omnia
2445 2389 2587 2443 bona
2617 2387 3006 2459 cooperatione
3054 2394 3105 2441 et
3135 2401 3428 2442 consensu.

1825 2477 2151 2532 Crescamus
2182 2476 2307 2532 dico
2334 2477 2390 2531 in
2416 2476 2509 2531 illo
2539 2476 2830 2545 adjuvante
2860 2476 2915 2529 in
2945 2490 3053 2547 quo
3091 2474 3224 2530 satis
3271 2490 3429 2530 cres-

1824 2582 1951 2621 cere
1979 2581 2291 2636 possumus,
2326 2564 2454 2636 quia
2474 2565 2569 2638 qui
2599 2568 2684 2620 est
2714 2568 2907 2637 caput,
2931 2564 2984 2618 id
3014 2570 3093 2618 est
3124 2562 3354 2617 altitudo
3375 2562 3430 2618 in

1825 2670 1934 2726 qua
1963 2669 2181 2724 semper
2208 2652 2617 2708 ascendendum
2646 2660 2729 2707 est
2758 2660 2809 2707 et
2826 2651 2920 2724 qui
2949 2658 3033 2707 est
3058 2651 3313 2708 Christus
3331 2666 3436 2705 rex

1823 2750 2028 2811 noster,
2061 2759 2137 2798 ex
2156 2758 2263 2814 quo
2291 2741 2469 2812 capite
2487 2740 2699 2796 Christo
2730 2745 2911 2797 totum
2942 2756 3144 2813 corpus
3164 2738 3429 2795 Ecclesia

1823 2834 2180 2903 compactum
2210 2836 2292 2885 est
2323 2845 2424 2900 per
2452 2827 2635 2884 ﬁdem.
2666 2829 2734 2883 Et
2763 2829 2892 2900 quia
2919 2828 3162 2883 nondum
3209 2826 3425 2894 sufficit,

1824 2919 2033 2990 possint
2063 2918 2207 2974 enim
2230 2918 2512 2991 compingi
2544 2917 2597 2971 in
2630 2917 2880 2972 eamdem
2904 2915 3086 2983 ﬁdem,
3111 2923 3164 2971 et
3194 2931 3253 2970 se
3283 2915 3428 2971 invi-

1823 3024 1941 3064 cem
1973 3023 2083 3062 non
2114 3007 2290 3079 sequi,
2321 3006 2459 3061 sicut
2488 3005 2641 3079 ligna
2673 3005 3016 3061 solummodo
3046 3011 3350 3076 compacta,
3382 3004 3429 3059 si

1825 3096 2068 3152 trahatur
2096 3112 2281 3161 unum,
2315 3110 2425 3149 non
2454 3094 2699 3167 sequitur
2727 3094 2978 3149 alterum.
3003 3094 3071 3148 Et
3100 3093 3202 3148 hoc
3224 3092 3429 3147 malum

1824 3192 1970 3241 esset
2000 3184 2046 3239 si
2077 3183 2325 3240 membra
2356 3191 2518 3255 caput
2548 3199 2657 3238 non
2687 3189 3080 3254 sequerentur,
3125 3181 3250 3236 ideo
3280 3179 3433 3235 addit

1821 3289 2021 3344 corpus
2051 3272 2313 3328 Ecclesia
2329 3279 2671 3342 compactum
2687 3286 2788 3341 per
2815 3269 2998 3338 ﬁdem,
3022 3274 3077 3325 et
3099 3285 3428 3325 connexum

1821 3378 1923 3436 per
1937 3361 2298 3417 charitatem.
2326 3360 2554 3415 Dilectio
2571 3358 2715 3414 enim
2738 3359 2926 3414 clavus
2948 3365 3049 3426 est,
3074 3372 3182 3430 quo
3205 3357 3322 3413 sine
3345 3357 3429 3412 di-

1821 3449 2032 3505 visione
2062 3449 2321 3522 ligantur.
2354 3448 2710 3519 Compactum
2739 3447 2863 3503 dico
2895 3454 2947 3501 et
2977 3462 3285 3502 connexum
3324 3461 3431 3519 per

1822 3554 2046 3594 omnem
2059 3539 2403 3609 juncturam
2431 3536 2597 3605 ﬁdei,
2631 3535 2929 3603 charitatis,
2963 3543 3012 3589 et
3044 3535 3285 3589 omnium
3326 3532 3429 3589 vir-

1821 3634 2014 3681 tutum.
2039 3626 2357 3681 Juncturam
2384 3624 2507 3680 dico
2537 3640 2660 3696 qua
2689 3631 2771 3679 est
2801 3637 2968 3679 causa
3014 3622 3424 3678 subministra—

1825 3715 2017 3780 tionis,
2051 3713 2106 3769 id
2136 3722 2218 3768 est
2245 3713 2476 3769 alterum
2504 3712 2806 3767 membrum
2837 3710 3221 3765 subministrat
3242 3708 3419 3765 alteri.

1822 3801 2348 3858 Subministrationis
2365 3801 2489 3856 dico
2512 3800 2670 3856 facta
2686 3799 2997 3856 secundum
3032 3800 3423 3871 Operationem

1819 3908 1941 3964 qua:
1971 3890 2028 3945 fit
2057 3889 2110 3945 in
2140 3905 2454 3946 mensuram
2481 3889 2906 3960 uniuscujusque
2948 3886 3181 3943 membri
3223 3886 3424 3943 Eccle-

1819 3979 1933 4035 sia.
1968 3978 2128 4035 Aliud
2159 3979 2301 4033 enim
2333 3978 2640 4034 membrum
2667 3977 2867 4049 magis,
2901 3975 3046 4031 aliud
3077 3974 3285 4038 minus,
3327 3990 3423 4030 se-

1819 4068 2058 4124 cundum
2090 4067 2234 4140 quod
2264 4066 2490 4123 facultas
2511 4066 2614 4120 sibi
2643 4073 2744 4131 est,
2778 4064 3170 4119 subministrat.
3203 4064 3420 4129 Totum,

1818 4155 2057 4228 inquam,
2088 4171 2289 4227 corpus
2338 4156 2418 4211 sic
2465 4162 2808 4225 compactum
2857 4161 2910 4208 et
2955 4166 3262 4209 connexum
3296 4150 3423 4208 facit

1818 4248 2190 4316 augmentum
2212 4245 2459 4315 corporis
2477 4242 2759 4299 Ecclesia.
2781 4241 3088 4297 Secundum
3112 4240 3426 4295 incremen-

1774 4400 1778 4404 _
1821 4341 1931 4387 tum
1953 4331 2173 4402 justitia
2202 4332 2256 4386 in
2286 4329 2541 4387 ﬁdelibus
2571 4329 2735 4394 facit,
2771 4337 2824 4385 et
2853 4328 3044 4384 valens
3072 4330 3134 4384 in
3182 4326 3424 4397 adiﬁca-

1820 4423 2032 4477 tionem
2064 4419 2147 4475 sui
2173 4418 2440 4490 corporis,
2464 4418 2516 4472 id
2537 4426 2619 4472 est
2640 4416 2907 4473 Ecclesia
2936 4417 3091 4485 cujus
3112 4414 3418 4470 membrum

1818 4516 1918 4575 est,
1943 4508 2399 4577 aediﬁcationem,
2423 4505 2559 4561 sicut
2580 4520 2762 4576 supra,
2788 4503 3089 4560 secundum
3109 4501 3418 4560 incredulos

117 4607 227 4662 qua
274 4607 446 4663 opera
495 4589 641 4645 ﬁlius
688 4590 790 4646 Dei
836 4591 1170 4664 agnoscitur.
1222 4591 1342 4662 Vel,
1399 4590 1453 4645 in
1510 4590 1785 4657 unitateD
1817 4596 1909 4669 qui
1936 4593 2276 4652 adiﬁcantur
2302 4594 2373 4649 ad
2403 4592 2587 4648 ﬁdem.
2621 4595 2988 4663 Augmentum
3018 4598 3072 4645 et
3109 4588 3421 4645 adiﬁcatio-

116 4680 402 4753 agnitionis
432 4678 556 4748 Dei,
604 4687 662 4734 ut
690 4679 759 4735 de
812 4680 1122 4752 c0gnitione
1154 4679 1383 4736 Deitatis
1408 4694 1518 4735 non
1557 4678 1715 4735 labo-

118 4783 311 4837 remus,
335 4769 516 4825 donec
538 4783 904 4824 occurramus
925 4769 987 4823 in
1005 4769 1193 4825 virum
1206 4773 1544 4841 per/cetum,
1561 4767 1616 4822 id
1632 4775 1715 4823 est

116 4863 169 4910 ut
197 4857 365 4913 simus
390 4854 675 4928 perfectus
703 4855 802 4923 vir,
854 4856 1287 4928 impassibilitate
1335 4864 1389 4912 et
1424 4856 1713 4911 immorta-

117 4943 257 5001 litate
283 4953 539 5016 recepta.
573 4944 638 4999 In
666 4945 853 5000 virum
887 4948 1210 5018 perfectum
1239 4944 1382 5013 dico,
1416 4943 1621 5001 scilicet
1652 4944 1714 4999 in

120 5048 467 5099 mensuram,
520 5030 577 5086 id
605 5038 687 5087 est
727 5031 784 5086 in
809 5040 1013 5089 metam
1042 5033 1234 5088 aetatis
1260 5032 1488 5089 Christi.
1522 5031 1713 5087 ditatis

122 5119 237 5177 dico
260 5121 681 5195 plenitudinis,
727 5120 783 5176 id
806 5130 889 5177 est
916 5121 972 5176 in
1004 5137 1109 5194 qua
1139 5121 1387 5176 Christus
1415 5120 1712 5192 plenitudi-

121 5223 240 5265 nem
266 5209 474 5279 habuit,
509 5207 718 5265 scilicet
746 5217 871 5281 post
898 5209 1357 5266 resurrectionem
1391 5207 1565 5265 factus
1611 5207 1713 5262 im-

122 5298 386 5367 passibilis
414 5305 469 5354 et
513 5297 856 5353 immortalis.
908 5298 1004 5354 Vel
1035 5296 1225 5352 aliter:
1260 5296 1627 5354 Occurramus
1656 5296 1710 5350 in

124 5384 289 5442 virum
341 5385 689 5458 perfectum,
741 5387 880 5444 sicut
934 5386 1140 5443 dictum
1170 5393 1293 5454 est,
1347 5392 1401 5441 et
1428 5385 1483 5439 in
1513 5392 1710 5440 metam

122 5474 285 5529 atatis
329 5473 535 5532 Christi
583 5473 802 5547 triginta
846 5475 1009 5530 trium
1065 5489 1330 5529 annorum
1363 5481 1417 5529 et
1462 5472 1708 5539 dimidii;

125 5578 238 5633 qua
264 5571 394 5619 atas
431 5561 534 5618 fuit
550 5562 924 5634 plenitudinis.

190 5652 481 5730 Postquam
502 5650 651 5710 enim
679 5652 750 5707 ad
778 5652 923 5709 illam
954 5658 1172 5710 ventum
1202 5657 1304 5717 est,
1336 5665 1444 5707 non
1476 5656 1561 5707 est
1603 5664 1712 5727 quo

1814 4701 1938 4740 nem
1970 4684 2092 4739 dico
2120 4685 2339 4754 factam
2368 4683 2430 4737 in
2461 4681 2765 4746 charitate,
2799 4679 2852 4734 id
2882 4686 2963 4736 est
2992 4677 3293 4734 secundum
3321 4677 3411 4732 di-

1813 4773 2102 4830 lectionem
2134 4770 2231 4826 Dei
2270 4779 2324 4825 et
2352 4769 2604 4841 proximi.

1884 4860 1983 4917 Vel
2002 4861 2073 4916 ita
2093 4867 2494 4921 construamus,
2518 4873 2628 4912 non
2658 4863 2864 4911 mutata
2895 4853 3186 4910 sententia:
3204 4855 3291 4910 Ex
3306 4869 3412 4926 quo

1814 4954 2001 5007 totum
2020 4965 2222 5027 corpus
2243 4951 2599 5020 compactum
2620 4950 2675 5001 ct
2705 4961 3031 5002 connexum
3062 4959 3162 5015 per
3187 4958 3411 4997 omnem

1811 5040 2147 5107 iuncturam
2179 5034 2730 5092 subministrationis
2751 5032 2873 5089 facit
2890 5036 3260 5104 augmentum
3289 5047 3410 5086 cor-

1810 5128 1965 5199 poris
1996 5127 2059 5182 in
2079 5125 2515 5193 aediﬁcationem
2531 5125 2640 5190 sui,
2663 5121 2793 5179 facit
2809 5121 2931 5177 dico
2952 5120 3247 5176 secundum
3279 5133 3412 5190 Ope-

1812 5215 2081 5270 rationem
2128 5213 2473 5268 distributam
2521 5211 2575 5265 in
2622 5225 2937 5266 mensuram
2989 5208 3413 5278 uniuscujusque

1811 5302 2062 5368 membri,
2078 5303 2245 5358 ethoc
2261 5308 2429 5356 totum
2440 5300 2501 5354 in
2517 5300 2825 5363 charitate,
2841 5296 2967 5369 quia
2979 5298 3127 5351 Deus
3143 5295 3411 5369 quosdam

1811 5392 1967 5448 dedit
1980 5393 2279 5464 apostolos,
2296 5391 2439 5444 alios
2451 5388 2844 5459 evangelistas,
2858 5386 2999 5441 alios
3010 5385 3281 5450 doctores,
3301 5383 3407 5438 hoc

1811 5488 1989 5535 autem
2020 5479 2093 5534 ad
2113 5476 2660 5534 consummationem
2689 5472 2931 5529 246
2960 5471 3147 5528 vestri.
3180 5472 3405 5535 Iterum,

1810 5566 1937 5640 quia
1957 5575 2126 5623 totum
2170 5581 2370 5636 corpus
2406 5561 2667 5619 Ecclesia
2698 5560 2994 5632 compinxit
3022 5568 3074 5614 et
3116 5556 3409 5615 connexuit

1811 5666 1913 5722 per
1916 5650 2228 5724 juncturam
2245 5647 2372 5704 ﬁdei
2388 5653 2441 5703 et
2457 5643 2750 5710 charitatis,
2765 5643 2930 5723 igitur
2944 5644 3044 5698 hoc
3064 5642 3186 5697 dico
3202 5647 3255 5694 et
3275 5655 3410 5717 pm
