3932 6412
535 361 638 415 339

1083 366 1137 418 S.
1180 365 1536 422 BRUNONIS
1575 363 2213 422 CARTHUSIANORUM
2262 363 2748 419 INSTITUTORIS
2786 362 2938 418 OPP.
2982 363 3156 417 PARS
3195 363 3260 416 ll.

3745 362 3838 413 340

540 483 682 554 cipio
705 486 876 555 vobis,
896 503 995 542 nec
1027 488 1342 559 simpliciter
1365 490 1508 554 dico,
1534 490 1630 544 sed
1652 492 1828 544 etiam
1861 489 2133 556 testiﬁcor
2152 487 2206 546 Α
2237 485 2400 539 etiam
2433 502 2556 540 eum
2572 487 2886 542 secundum
2907 487 3182 541 desideria
3211 487 3443 553 erroris,
3467 484 3524 538 id
3547 491 3638 538 est
3672 483 3762 538 vel
3784 484 3839 536 de

539 572 600 624 in
624 573 876 638 Domino,
929 575 981 628 id
1021 585 1105 629 est
1133 578 1187 630 in
1219 579 1318 632 hac
1347 578 1714 631 admonitione
1762 577 1927 631 vestri
1960 577 2132 630 Deum

539 668 733 715 testem
763 663 998 731 adduco,
1025 681 1092 719 ne
1119 667 1354 736 amplius
1379 667 1667 737 quidquam
1685 667 1752 719 de
1784 666 1937 719 vobis
1969 679 2000 717 a
2022 679 2127 727 me,

540 749 635 801 sed
681 750 748 817 (si
793 752 1054 821 peccatis)
1105 754 1172 808 de
1204 755 1456 808 manibus
1489 755 1682 807 vestris
1715 754 1972 824 requirat.
2007 752 2132 805 llaec

539 836 704 890 verba
732 837 926 892 Paulus
958 840 1142 893 habuit
1171 841 1240 894 ad
1269 841 1411 907 illos,
1444 842 1661 912 quando
1692 847 1987 895 convocata
2018 838 2130 892 Ec-

536 923 701 978 clesia
729 927 1087 996 Ephesiorum
1120 928 1193 982 ait
1227 946 1239 982 :
1278 954 1298 975 α
1327 930 1447 983 Non
1475 929 1705 998 amplius
1737 929 1924 982 faciem
1956 942 2130 980 meam

537 1012 702 1066 visuri
754 1015 884 1068 estis
915 1031 927 1067 :
963 1023 1102 1069 state
1132 1016 1186 1070 in
1216 1032 1281 1070 eo
1331 1017 1476 1087 quod
1520 1032 1618 1070 vos
1664 1016 1821 1069 docui
1856 1031 1867 1068 :
1902 1015 2131 1068 Mundus

537 1100 679 1153 enim
728 1117 833 1171 ego
887 1118 1005 1155 sum
1037 1105 1234 1158 amodo
1266 1120 1297 1158 a
1327 1104 1592 1174 sanguine
1621 1113 1802 1158 vestro
1834 1104 1976 1170 (Act.
2026 1117 2126 1165 xx,

532 1189 644 1256 25).
687 1212 709 1235 ι
747 1189 934 1244 Videte
967 1191 1094 1260 quid
1133 1191 1390 1256 feceritis,
1427 1193 1549 1262 quia
1581 1192 1886 1262 requiretur
1917 1192 1984 1245 de
2014 1205 2129 1242 ma-

533 1275 694 1328 nibus
717 1278 933 1330 vestris.
960 1279 1260 1346 Testiﬁcor,
1287 1280 1528 1350 inquam,
1549 1281 1611 1334 in
1641 1281 1893 1342 Domino,
1918 1283 1982 1333 ut
2004 1280 2127 1346 jam

538 1380 651 1418 non
669 1365 968 1420 ambuletis
989 1369 1136 1421 sicut
1153 1367 1281 1421 olim
1303 1367 1639 1434 ambulastis,
1665 1372 1720 1422 et
1738 1371 1931 1437 gentes
1951 1367 2128 1420 adhuc

535 1452 853 1506 ambulant.
904 1453 1004 1508 Ubi
1034 1455 1106 1508 ait
1125 1457 1272 1524 jam,
1308 1455 1576 1526 significat
1605 1471 1699 1509 eos
1733 1455 1883 1524 prius
1931 1457 2125 1509 ambu-

533 1539 696 1593 lasse.
722 1541 840 1594 Non
863 1541 1148 1596 ambuletis
1171 1543 1303 1597 sicut
1328 1551 1520 1613 gentes
1555 1542 1828 1596 ambulant
1869 1545 1930 1597 in
1960 1547 2126 1599 vani-

537 1631 673 1691 tate,
698 1627 751 1681 id
781 1637 863 1682 est
898 1629 949 1682 in
996 1630 1355 1685 scecularitate
1385 1634 1474 1686 sui
1504 1647 1720 1686 sensus.
1750 1632 1954 1684 Sensus
1983 1632 2126 1685 enim

530 1715 714 1768 mundi
738 1715 945 1769 vanitas
968 1725 1068 1771 est.
1091 1718 1291 1773 Gentes
1312 1719 1437 1773 dico
1462 1720 1726 1773 habentes
1747 1719 2123 1784 intellectum,

528 1801 581 1855 id
604 1811 686 1856 est
721 1803 1022 1858 naturalem
1052 1805 1317 1861 rationem
1349 1807 1642 1862 obscurata
1668 1808 1928 1872 tenebris,
1963 1807 2014 1859 id
2046 1810 2126 1860 est

525 1889 663 1943 adeo
693 1898 748 1943 ut
777 1907 876 1960 per
907 1899 1073 1946 totum
1103 1893 1340 1947 tenebra:
1363 1902 1415 1948 et
1447 1894 1577 1947 nihil
1612 1893 1680 1947 sit
1703 1892 1936 1947 luminis.
1977 1896 2122 1949 Gen-

530 1982 612 2032 tes
631 1977 754 2031 dico
776 1979 1022 2034 alienati
1052 1998 1086 2034 a
1125 1983 1244 2035 vita
1275 1983 1403 2046 Dei,
1437 1981 1492 2036 id
1533 1990 1614 2035 est
1643 1982 1712 2034 ab
1743 1983 2041 2037 aeternitate
2070 1983 2124 2036 in

525 2081 632 2136 qua
662 2066 810 2120 Deus
853 2067 1000 2121 vivit.
1035 2068 1269 2123 Alienati
1299 2070 1605 2137 cognitione
1638 2078 1689 2124 et
1721 2071 2124 2140 participatione

527 2153 666 2208 sicut
696 2153 840 2208 idem
870 2155 980 2208 ait:
1005 2155 1232 2210 Alienati
1250 2173 1352 2228 per
1383 2160 1788 2226 ignorantiam,
1823 2157 1949 2228 quia
1971 2159 2125 2229 igno-

527 2248 648 2294 rant
677 2241 839 2296 vitam
870 2242 1002 2308 Dei,
1037 2260 1158 2314 quae
1187 2245 1492 2315 ignorantia
1541 2254 1622 2299 est
1666 2246 1720 2298 in
1768 2245 1871 2298 illis
1896 2252 2126 2318 prapter

525 2331 837 2385 caecitatem
865 2331 1070 2396 cordis,
1102 2331 1158 2386 id
1189 2341 1270 2386 est
1299 2341 1523 2403 propter
1552 2341 1879 2388 exczecatum
1911 2349 2004 2388 cor
2032 2350 2122 2388 eo-

523 2433 659 2472 rum.
694 2418 828 2472 Cum
875 2419 1019 2473 enim
1069 2420 1219 2490 prius
1267 2421 1615 2491 prazdicatum
1649 2429 1731 2476 est
1761 2423 1866 2475 illis
1900 2423 2123 2476 verbum

522 2505 641 2570 Dei,
674 2504 986 2561 facultatem
1016 2508 1320 2562 habuerunt
1354 2509 1728 2581 intelligendi;
1762 2518 1813 2564 et
1846 2526 1951 2564 non
1974 2509 2122 2563 intel-

521 2592 756 2663 ligendi,
790 2595 888 2650 sed
921 2595 1048 2667 quia
1077 2596 1362 2669 elegerunt
1391 2597 1642 2669 ignorare
1667 2642 1678 2663 ,
1715 2599 1836 2653 ideo
1866 2599 2121 2654 exceecati

522 2689 647 2736 sunt
677 2681 816 2737 adeo
864 2685 1007 2755 quod
1051 2685 1165 2752 jam
1210 2686 1534 2756 impotentes
1580 2687 1686 2740 sint
1734 2687 1879 2758 quod
1920 2687 2121 2740 bonum

523 2778 606 2824 est
633 2771 1084 2828 animadvertere.
1129 2775 1256 2829 Haec
1287 2789 1393 2829 non
1423 2775 1546 2829 ideo
1570 2775 1806 2845 loquitur
1829 2775 1951 2838 illis,
1977 2775 2119 2845 quod

522 2859 744 2928 Ephesii
774 2858 828 2913 in
857 2859 1041 2932 aliquo
1071 2861 1214 2916 male
1255 2862 1577 2926 erraverint,
1605 2863 1700 2916 sed
1733 2863 1855 2933 quia
1887 2863 2118 2916 vereba-

525 2953 614 3000 tur
659 2963 726 3001 ne
776 2945 960 3002 faciles
1011 2956 1194 3003 essent
1225 2949 1293 3002 ad
1330 2950 1466 3004 ritus
1495 2950 1777 3019 gentilium
1808 2950 2032 3014 retrahi,
2067 2950 2120 3003 in

521 3029 722 3100 quibus
752 3038 876 3084 ante
907 3030 1071 3084 fidem
1102 3031 1313 3086 fuerant
1346 3033 1670 3088 conversati.
1697 3032 1852 3101 Quod
1886 3049 1994 3088 non
2025 3050 2118 3087 er-

522 3117 760 3172 raverint
789 3117 1062 3190 colligitur
1091 3135 1156 3174 ex
1185 3135 1250 3174 eo
1281 3121 1424 3190 quod
1453 3120 1612 3191 paulo
1639 3119 1863 3174 inferius
1910 3122 2119 3176 vocabit

521 3219 618 3260 eos
648 3211 904 3271 sanctos;
954 3207 1049 3277 qui
1079 3208 1334 3262 excaecati
1372 3209 1752 3280 desperantes.
1806 3210 1939 3263 Cum
1969 3209 2112 3264 enim

520 3293 745 3347 audiunt
787 3308 799 3346 :
849 3294 1022 3349 Homo
1075 3303 1327 3368 resurget
1376 3296 1431 3349 in
1486 3295 1696 3367 gloria,
1758 3298 2115 3369 conregnabit

523 3381 758 3447 Christo,
813 3391 942 3448 etc.,
976 3382 1226 3438 frivolum
1273 3385 1373 3439 hoc
1427 3393 1675 3456 putantes
1721 3385 2030 3456 desperant,
2064 3395 2116 3442 et

518 3469 641 3526 ideo
671 3469 1005 3526 tradiderunt
1025 3473 1368 3543 semetipsos,
1402 3481 1455 3528 et
1476 3489 1586 3528 non
1607 3480 1814 3528 tantum
1844 3489 2114 3529 consensu

518 3566 572 3613 et
600 3558 873 3615 voluntate
902 3567 1093 3614 euntes
1128 3561 1181 3614 in
1211 3561 1583 3631 operationem
1613 3562 1790 3616 omnis
1820 3562 2113 3616 immundi-

518 3647 623 3712 tiae,
649 3647 777 3719 quia
806 3648 948 3718 quod
973 3647 1112 3703 male
1141 3649 1442 3715 voluerunt,
1464 3649 1702 3704 deterius
1732 3651 1936 3720 operati
1967 3660 2108 3706 sunt.

517 3735 577 3788 In
609 3735 981 3806 operationem
1012 3736 1366 3792 immunditiae
1385 3737 1527 3802 dico,
1552 3737 1606 3791 in
1636 3737 1878 3793 avaritia.
1900 3737 2112 3806 Quanto

518 3822 662 3876 enim
692 3823 1018 3876 immundius
1047 3824 1446 3893 Operabautur,
1499 3833 1646 3880 tanto
1687 3825 1957 3880 avidiores
1987 3827 2112 3882 facti

518 3917 642 3963 sunt
673 3910 1159 3965 immunditiarum.

588 3997 686 4052 Vel
716 3997 874 4052 aliter
904 4013 916 4052 :
956 4000 1332 4055 Tradiderunt
1349 4017 1407 4056 se
1428 4001 1488 4055 in
1512 4003 1939 4058 immunditiam
1962 4008 2016 4058 et
2046 4006 2108 4058 in

519 4086 842 4140 avaritiam.
879 4085 1082 4142 Gentes
1114 4087 1193 4144 sic
1220 4087 1490 4158 impudice
1521 4099 1571 4144 et
1600 4089 1874 4145 immundo
1915 4091 2108 4145 ambu-

517 4172 630 4226 lant
655 4192 668 4238 ;
704 4189 794 4229 vos
822 4179 1016 4230 autem
1047 4191 1161 4232 non
1193 4177 1277 4230 ita
1297 4177 1578 4233 didicistis
1605 4178 1888 4234 Christum
1910 4180 2109 4234 ambu-

523 4261 698 4329 lasse,
749 4277 909 4332 quem
957 4262 1111 4334 sequi
1157 4263 1389 4320 debetis.
1432 4265 1543 4321 Hac
1591 4275 1770 4322 tamen
1802 4267 2111 4322 conditione

519 4343 661 4410 dico,
694 4346 744 4399 si
773 4345 1031 4412 audistis,
1067 4346 1121 4400 id
1151 4355 1232 4402 est
1253 4347 1590 4403 intellexistis
1620 4351 1786 4406 illum
1815 4351 2105 4409 Christum,

517 4437 573 4488 et
603 4432 648 4486 si
680 4433 863 4488 edocti
897 4435 1033 4488 estis
1072 4436 1134 4489 in
1164 4435 1302 4506 ipso,
1333 4435 1387 4490 id
1419 4445 1500 4491 est
1527 4437 1582 4491 in
1612 4437 1992 4492 informatione
2023 4437 2108 4508 ip-

2233 589 2418 627 errore
2451 575 2746 639 venientia,
2778 574 2861 628 vel
2908 575 2960 627 in
2993 589 3237 626 errorem
3268 572 3704 643 praecipitantia,
3759 572 3841 642 qui

2233 670 2388 714 vetus
2425 663 2587 716 homo
2617 662 2675 715 in
2706 663 2825 731 ipso
2867 678 2965 714 suo
3003 676 3171 730 Opere
3201 661 3588 730 corrumpitur.
3629 660 3842 728 Quanto

2232 746 2375 798 enim
2407 745 2739 816 frequentius
2770 754 2988 815 peccat,
3039 753 3184 798 tanto
3209 745 3327 814 ipsa
3361 759 3494 798 caro
3525 745 3720 815 magis
3750 744 3844 796 de-

2231 833 2470 886 bilitatur
2499 841 2550 887 et
2580 832 2928 887 deformatur.
2965 832 3061 886 Vel
3087 833 3140 886 in
3170 832 3362 886 eadem
3393 833 3676 886 sententia
3700 841 3843 886 recte

2231 937 2524 992 sequamur
2567 922 2816 975 litteram.
2863 921 3129 991 Deponite
3161 928 3401 974 veterem
3432 920 3726 975 hominem
3759 922 3846 989 qui

2231 1009 2612 1079 corrumpitur,
2647 1024 2754 1062 non
2788 1008 2964 1062 solum
2997 1007 3292 1062 secundum
3324 1024 3492 1078 opus,
3540 1009 3647 1062 sed
3683 1008 3846 1062 etiam

2230 1097 2483 1166 deponite
2532 1097 2830 1152 secundum
2880 1097 3148 1150 desideria
3180 1096 3404 1151 erroris.
3451 1097 3719 1151 Veterem
3753 1097 3845 1150 de-

2230 1185 2430 1255 ponite,
2448 1201 2652 1239 novum
2670 1190 2858 1239 autem
2883 1184 3155 1239 hominem
3171 1184 3416 1239 induite.
3441 1184 3507 1237 Et
3526 1184 3660 1239 ideo
3685 1200 3844 1239 reno-

2231 1275 2474 1337 vamini,
2519 1274 2633 1340 jam
2663 1273 2806 1327 enim
2853 1289 2954 1343 per
2986 1273 3315 1342 baptismum
3347 1275 3516 1326 semel
3548 1273 3687 1326 novi
3720 1272 3840 1327 facti

2230 1370 2372 1424 sunt,
2410 1361 2516 1415 ait:
2543 1361 2740 1415 lterum
2770 1361 3128 1415 renovamini
3150 1361 3204 1413 in
3239 1360 3462 1431 Spiritu
3479 1365 3693 1414 sancto
3715 1360 3840 1413 illu-

2229 1450 2491 1502 minatore
2510 1450 2720 1503 mentis
2744 1453 2960 1502 vestra.
2997 1448 3091 1501 Vel
3113 1447 3451 1502 intransitive
3473 1449 3839 1502 renovamini

2230 1538 2439 1606 spiritu
2484 1539 2694 1590 mentis
2751 1541 2978 1600 vestrm,
3011 1535 3064 1589 id
3107 1543 3189 1590 est
3219 1535 3498 1606 sequendo
3531 1535 3840 1604 spiritalem

2229 1633 2468 1679 mentem
2499 1633 2750 1691 vestram,
2783 1629 2838 1679 et
2863 1625 2942 1679 sic
2974 1625 3217 1679 renovati
3248 1624 3476 1680 induite
3497 1640 3718 1678 novum
3746 1626 3837 1678 ho-

2229 1715 2462 1766 minem.
2495 1714 2706 1768 Novum
2733 1712 2854 1767 ideo
2878 1713 3004 1782 quia
3026 1728 3166 1767 nova
3198 1712 3326 1766 facit
3366 1712 3571 1776 omnia,
3607 1715 3714 1784 qui
3745 1727 3838 1765 no-

2147 1832 2200 1892 Β
2232 1818 2330 1855 vus
2362 1802 2522 1855 homo
2553 1806 2777 1856 creatus
2801 1805 2901 1863 est,
2929 1800 3164 1856 247
3189 1816 3294 1854 non
3320 1800 3621 1854 secundum
3656 1801 3837 1872 legem

2229 1890 2436 1953 carnis,
2472 1889 2569 1942 sed
2599 1888 2911 1943 secundum
2930 1889 3124 1955 Deum,
3157 1889 3226 1942 de
3257 1888 3457 1958 Spiritu
3488 1897 3686 1943 sancto
3710 1904 3839 1943 con-

2223 1984 2412 2046 ceptus
2456 1985 2507 2032 et
2554 1985 2732 2031 natus.
2775 1976 2984 2030 Induite
3014 1976 3136 2031 dico
3167 1976 3437 2030 Christum
3486 1978 3546 2030 in
3592 1978 3836 2046 justitia

2224 2074 2439 2120 servata
2471 2065 2537 2119 ad
2571 2065 2896 2135 proximum,
2921 2069 2975 2119 et
3010 2065 3062 2118 iu
3094 2067 3426 2128 sanctitate,
3459 2064 3512 2117 id
3543 2072 3626 2118 est
3657 2065 3838 2134 possi-

2222 2153 2414 2208 dentes
2445 2170 2540 2207 vos
2573 2154 2720 2223 ipsos
2750 2153 2804 2206 in
2834 2152 3316 2208 sanctificationem
3348 2153 3482 2207 Deo.
3536 2153 3834 2206 Sanctitate

2222 2242 2344 2295 dico
2389 2249 2440 2295 et
2463 2241 2671 2309 justitia
2728 2257 2836 2295 non
2891 2241 3282 2304 simulationis,
3316 2241 3414 2294 sed
3443 2241 3735 2305 veritatis,
3771 2256 3835 2292 ne

2224 2329 2539 2383 simulemus
2572 2345 2672 2382 nos
2703 2345 2824 2382 esse
2849 2329 3047 2396 justos,
3081 2344 3204 2383 cum
3237 2328 3364 2381 mali
3395 2328 3586 2382 simus.
3651 2331 3833 2399 Prop-

2227 2421 2314 2472 ter
2344 2418 2505 2488 quod,
2560 2416 2611 2469 id
2652 2426 2730 2470 est
2782 2417 2907 2488 quia
2936 2425 3088 2470 vetus
3139 2417 3301 2470 homo
3331 2416 3699 2486 deponendus
3731 2424 3829 2477 est,

2222 2521 2396 2559 novus
2459 2505 2766 2558 induendas
2788 2547 2800 2569 ,
2839 2505 2962 2558 ideo
2992 2519 3337 2558 assumamus
3367 2504 3618 2558 membra
3679 2504 3826 2564 novi,

2223 2593 2557 2663 deponentes
2579 2593 2825 2646 membra
2843 2593 3043 2646 veteris
3066 2591 3272 2646 scilicet
3293 2593 3638 2663 deponentes
3668 2609 3823 2646 men-

2221 2681 2447 2736 dacium
2477 2681 2619 2750 quod
2643 2680 2942 2734 membrum
2965 2680 3160 2734 veteris
3182 2689 3282 2734 est.
3308 2681 3630 2750 Loquimini
3650 2696 3822 2736 unus-

2219 2771 2446 2840 quisque
2499 2769 2798 2822 veritatem
2829 2784 2958 2822 cum
2985 2770 3247 2840 proximo
3277 2785 3397 2823 suo.
3437 2768 3653 2822 Veritas
3684 2768 3830 2822 enim

2220 2859 2523 2910 membrum
2557 2863 2637 2910 est
2667 2856 2884 2910 Christi.
2913 2855 3204 2910 Veritatem
3234 2855 3382 2926 loqui
3411 2855 3679 2910 debemus
3703 2870 3828 2910 cum

2220 2944 2486 3014 proximo,
2518 2945 2783 3015 quoniam
2814 2959 3008 2999 sumus
3053 2945 3302 2999 membra
3350 2945 3620 3007 invicem,
3657 2943 3713 2996 id
3740 2951 3822 2996 est

2219 3031 2356 3086 alter
2382 3031 2620 3086 alterius.
2667 3031 2755 3086 Sic
2802 3032 2893 3102 qui
2922 3030 3208 3086 defraudat
3239 3032 3564 3101 proximum,
3613 3031 3668 3084 in
3701 3047 3828 3086 cor-

2221 3135 2354 3189 pore
2385 3135 2484 3174 suo
2515 3119 2762 3174 fraudem
2795 3118 2937 3185 facit,
2973 3119 3167 3173 iterum
3197 3119 3470 3174 induendo
3513 3134 3740 3174 novum.

2289 3209 2608 3263 Irascimini
2655 3217 2845 3262 contra
2880 3216 3158 3278 peccatum
3216 3206 3437 3261 fratrum
3463 3248 3476 3273 ,
3511 3212 3566 3262 et
3616 3207 3672 3262 in
3713 3208 3827 3262 ira—

2218 3296 2422 3350 scendo
2452 3298 2630 3350 notite
2681 3295 2757 3350 sic
2785 3311 3018 3367 peccare
3041 3336 3054 3363 ,
3087 3304 3141 3348 ut
3171 3295 3239 3350 de
3271 3303 3583 3365 contemptu
3614 3296 3827 3367 peccati

2215 3383 2515 3454 improvide
2545 3383 2714 3437 ruatis
2745 3383 2797 3437 in
2829 3391 3194 3453 contemptum
3222 3383 3473 3453 proximi.
3530 3383 3623 3439 Sic
3679 3385 3826 3439 enim

2215 3479 2491 3541 peccatum
2537 3471 2830 3526 odiendum
2888 3480 2970 3525 est
3017 3479 3074 3525 ut
3138 3471 3271 3525 nihil
3327 3471 3507 3526 minus
3562 3471 3827 3544 diligatur

2216 3568 2463 3613 creatura
2495 3559 2612 3614 Dei.
2648 3561 2706 3612 In
2738 3558 3023 3614 irascendo
3052 3567 3230 3614 autem
3288 3574 3396 3614 non
3427 3560 3752 3629 peccabitis,
3781 3559 3825 3614 si

2213 3648 2314 3711 sol,
2348 3647 2402 3701 id
2433 3656 2512 3702 est
2543 3647 2793 3701 divinitas
2823 3646 3129 3702 illuminans
3158 3663 3276 3712 vos,
3311 3647 3396 3702 vel
3426 3647 3526 3716 sol,
3560 3648 3616 3701 id
3645 3656 3736 3702 est
3764 3647 3826 3701 il-

2214 3735 2470 3790 luminata
2499 3737 2638 3790 ratio
2669 3744 2847 3790 vestra
2875 3753 2989 3791 non
3021 3736 3239 3793 occidat
3264 3779 3278 3800 ,
3331 3735 3384 3789 id
3429 3744 3509 3790 est
3554 3752 3667 3790 non
3721 3738 3823 3790 de—

2214 3831 2450 3878 struatur
2483 3840 2684 3894 super,
2715 3823 2769 3877 id
2799 3831 2882 3879 est
2898 3832 3123 3894 propter
3161 3825 3520 3879 iracundiam
3550 3829 3821 3891 vestram,

2214 3912 2357 3982 quod
2381 3913 2463 3965 ira
2496 3913 2552 3966 in
2591 3912 2744 3966 vobis
2782 3928 2889 3967 non
2913 3920 3134 3982 superet
3154 3912 3442 3967 rationem.
3474 3912 3565 3968 Sol
3597 3914 3820 3969 occidat

2212 4016 2382 4070 super
2405 4001 2785 4068 iracundiam,
2830 4016 2861 4054 a
2909 3999 3260 4054 similitudine
3282 4016 3471 4055 eorum
3501 3999 3708 4055 dictum
3741 4009 3824 4055 est

2213 4087 2430 4157 quibus,
2456 4087 2510 4140 in
2522 4087 2664 4142 valle
2681 4089 2890 4158 positis,
2906 4104 3063 4142 mons
3080 4103 3312 4159 magnus
3333 4098 3641 4159 superesset
3655 4105 3827 4160 super

2212 4191 2374 4246 quem
2404 4175 2483 4230 eis
2512 4177 2783 4231 occideret
2814 4177 2917 4240 sol,
2949 4177 3078 4231 dum
3110 4177 3334 4231 altitudo
3384 4176 3581 4231 montis
3625 4193 3654 4230 a
3686 4177 3826 4232 valle

2211 4263 2381 4318 solem
2415 4272 2705 4319 averteret.
2741 4265 2838 4318 Vel
2867 4264 3023 4319 aliter
3055 4266 3212 4336 quasi
3245 4266 3451 4320 diceret
3483 4283 3496 4318 :
3532 4265 3708 4321 Video
3730 4282 3824 4320 vos

2211 4367 2318 4406 non
2371 4367 2534 4422 posse
2589 4352 2804 4422 penitus
2862 4352 3130 4408 contineri
3187 4353 3256 4406 ab
3310 4352 3409 4407 ira.
3479 4353 3658 4407 Patior
3703 4369 3823 4408 vos.

2213 4439 2535 4495 Irascimini
2563 4447 2615 4495 et
2663 4440 2736 4494 ita
2766 4439 2911 4511 quod
2943 4442 3120 4496 nolite
3158 4457 3389 4510 peccare
3414 4483 3427 4506 ,
3482 4441 3536 4495 id
3565 4449 3648 4508 est
3681 4442 3821 4496 iram

520 4520 650 4574 sius.
687 4519 844 4589 Quod
873 4521 1055 4593 utique
1083 4538 1268 4577 verum
1299 4532 1400 4589 est,
1433 4525 1578 4596 quod
1609 4526 1833 4580 audistis
1863 4542 2015 4592 eum,
2060 4533 2113 4580 et
2133 4529 2183 4587 D
2213 4536 2336 4582 actu
2383 4543 2781 4583 consummare.
2831 4529 2899 4582 Et
2943 4528 3047 4583 hoc
3094 4529 3396 4584 cavendum
3426 4529 3555 4582 utile
3588 4529 3714 4595 erit,
3777 4534 3821 4586 si

519 4607 572 4662 in
622 4607 742 4679 ipso
790 4608 969 4664 edocti
998 4610 1162 4677 estis,
1195 4627 1304 4666 non
1335 4613 1403 4667 de
1433 4612 1684 4682 falsitate,
1716 4613 1813 4668 sed
1845 4615 1994 4667 sicut
2027 4617 2112 4669 est

533 4698 744 4752 veritas
765 4697 827 4751 in
847 4699 994 4753 Jesu.
1029 4698 1124 4753 His
1154 4699 1297 4753 enim
1329 4717 1449 4770 qua:
1479 4701 1639 4755 docui
1664 4717 1763 4755 vos
1778 4701 1846 4754 de
1873 4701 2108 4766 Christo,

516 4782 650 4836 nihil
680 4783 930 4839 falsitatis
958 4785 1240 4855 admiscui,
1275 4796 1330 4841 ut
1360 4788 1658 4854 Nicolaitaa,
1697 4788 1787 4859 qui
1814 4788 2113 4858 pradicant

520 4870 792 4925 Christum
823 4887 931 4927 non
962 4873 1303 4945 improbasse
1333 4890 1676 4930 communem
1708 4891 1863 4929 usum
1911 4877 2112 4930 mulie-

516 4974 666 5026 rum,
712 4966 765 5012 et
805 4960 1012 5016 caeteris
1045 4960 1366 5016 falsitatibus
1417 4963 1698 5017 veritatem
1749 4962 1946 5017 Christi
1975 4980 2111 5019 eon-

516 5043 764 5101 fundunt.
796 5048 860 5102 Et
889 5049 1018 5118 quia
1048 5051 1344 5105 secundum
1377 5050 1660 5104 veritatem
1690 5050 1867 5105 edocti
1899 5052 2030 5106 estis
2058 5053 2111 5106 in

519 5131 736 5188 Christo
755 5175 770 5203 ,
797 5134 963 5206 igitur
989 5137 1250 5207 deponite
1280 5153 1370 5192 vos
1401 5141 1640 5192 veterem
1673 5137 1974 5194 hominem.
2015 5140 2113 5195 Vel

512 5218 613 5273 ita:
637 5220 833 5276 Edocti
853 5222 1036 5293 utique
1066 5225 1202 5278 estis
1223 5226 1285 5278 in
1306 5226 1437 5278 Jesu
1457 5224 1730 5295 deponere
1754 5242 1842 5282 vos
1871 5231 2112 5282 veterem

513 5306 825 5374 hominem,
859 5325 968 5364 non
999 5311 1142 5381 quod
1173 5325 1394 5366 carnem
1425 5311 1494 5366 ab
1525 5327 1589 5364 eo
1621 5313 1920 5367 derivatam
1945 5314 2112 5384 depo-

517 5395 676 5458 natis,
711 5413 832 5466 qua:
871 5397 1040 5450 semel
1071 5397 1360 5468 deponitur
1387 5416 1486 5469 per
1515 5408 1742 5454 mortem
1763 5443 1776 5466 ,
1811 5401 1908 5455 sed
1938 5402 2111 5472 depo-

514 5481 625 5536 nite
671 5499 794 5537 eum
841 5483 1150 5538 secundum
1172 5487 1483 5556 pristinam
1515 5491 2024 5555 conversationem,
2058 5491 2111 5544 id

513 5575 596 5624 est
612 5570 912 5626 secundum
927 5579 1243 5628 vetustatem
1259 5575 1584 5648 Operationis
1597 5577 1828 5648 peccati.
1846 5579 2111 5651 Deponite

2211 4615 2293 4669 sol
2323 4631 2432 4670 non
2461 4615 2674 4670 occidat
2705 4632 2871 4687 super
2897 4616 3236 4672 iracundiam
3265 4625 3521 4682 vestram,
3553 4616 3608 4670 id
3653 4627 3744 4672 est
3773 4619 3823 4671 si

2209 4704 2524 4774 priusquam
2553 4704 2734 4758 veniat
2783 4721 3010 4774 vespera
3031 4749 3043 4769 ,
3100 4705 3401 4775 deponatur
3429 4706 3528 4759 ira.
3561 4705 3817 4760 Dicerent

2213 4791 2288 4845 illi
2312 4809 2326 4846 :
2351 4791 2607 4862 Praecipis
2637 4794 2816 4848 nolite
2835 4809 3088 4864 peccare,
3109 4794 3207 4848 sed
3229 4793 3499 4864 quomodo
3521 4801 3700 4863 potest
3725 4795 3826 4848 hoc

2211 4895 2278 4934 ne
2307 4895 2598 4949 peccemus
2628 4878 2746 4935 ﬁeri
2767 4882 2794 4934 τ
2824 4881 2909 4935 Ad
2937 4881 3039 4936 hoc
3069 4881 3144 4934 ait
3175 4896 3186 4934 :
3221 4882 3287 4936 Ut
3304 4890 3588 4951 peccatum
3617 4882 3821 4936 evade—

2212 4983 2268 5022 re
2298 4967 2538 5037 possitis,
2563 4969 2739 5024 nolite
2763 4971 2966 5033 loeum,
2999 4969 3053 5023 id
3085 4977 3167 5024 est
3197 4969 3652 5040 Opportunilatem
3687 4985 3819 5040 pec-

2211 5055 2370 5110 candi
2401 5055 2537 5110 dare
2567 5055 2785 5112 diabolo
2822 5057 2879 5110 in
2908 5057 3083 5122 vobis,
3134 5057 3231 5111 sed
3261 5056 3430 5127 fugite
3453 5073 3596 5112 eum.
3637 5058 3821 5113 Nolite

2213 5143 2396 5198 locum
2417 5142 2550 5198 dare
2569 5144 2820 5210 diabolo;
2844 5145 2941 5198 sed
2962 5143 3051 5198 ille
3067 5146 3161 5216 qui
3179 5147 3339 5217 prius
3357 5146 3683 5214 furabatur,
3695 5148 3818 5216 jam

2211 5231 2409 5285 amodo
2440 5247 2553 5286 non
2575 5234 2826 5301 furetur.
2853 5233 2934 5286 Ad
2958 5232 3189 5287 litteram
3231 5234 3334 5288 Sed
3370 5235 3548 5303 magis
3586 5235 3816 5302 laboret,

2212 5318 2265 5372 id
2296 5326 2378 5373 est
2427 5319 2678 5374 laborare
2725 5319 2891 5392 eligat
2922 5322 3202 5392 operando
3232 5323 3492 5376 manibus
3521 5323 3661 5386 suis,
3717 5337 3821 5376 non

2211 5406 2501 5461 homicidia
2528 5408 2614 5462 vel
2645 5408 2975 5475 hujusmodi,
3028 5409 3126 5464 sed
3167 5409 3308 5481 quod
3330 5411 3534 5464 bonum
3587 5418 3640 5464 et
3696 5411 3820 5464 utile

2211 5499 2315 5548 est.
2349 5496 2416 5549 Et
2445 5495 2583 5550 adeo
2611 5495 2826 5550 laboret
2859 5505 2915 5550 ut
2945 5497 3143 5551 habeat
3175 5497 3297 5562 sibi,
3332 5502 3386 5552 et
3419 5498 3571 5552 unde
3605 5501 3812 5555 tribuat

2209 5581 2458 5656 proximo
2479 5585 2875 5640 necessitatem
2896 5587 3164 5663 patienti.
3191 5586 3389 5640 lterum
3411 5585 3557 5639 aliud
3584 5603 3596 5640 :
3623 5587 3811 5642 Omnis
