3932 6418
150 369 252 424 341

714 392 719 397 ·
774 366 1158 425 EXPOSITIO
1194 369 1270 425 IN
1305 368 1687 427 EPISTOLAS
1724 367 1948 426 PAULI.
1989 400 2059 413 —
2096 370 2171 427 IN
2207 370 2426 428 EPIST.
2467 372 2563 428 AD
2601 372 2849 430 EPHES.

3352 372 3459 428 342

153 511 340 553 sermo
364 495 555 550 malus
576 509 692 550 non
710 493 995 566 procedat,
1016 493 1070 548 id
1091 501 1174 549 est
1188 494 1371 549 nullus
1388 511 1572 551 sermo
1587 495 1761 550 malus
1780 496 1835 556 Α
1865 518 1888 543 ιι
1924 504 2111 567 pterea
2157 497 2323 553 nolite
2366 498 2483 553 ﬁeri
2529 499 2920 571 imprudentes,
2954 499 3055 556 sed
3098 496 3467 570 intelligentes

157 583 426 656 procedat
456 600 531 639 ex
556 599 650 640 ore
680 586 881 638 vestro.
915 582 1021 638 Sed
1049 584 1097 638 si
1128 584 1253 655 quis
1277 600 1460 639 sermo
1477 592 1560 639 est
1591 585 1765 641 bonus

160 681 215 729 et
244 672 393 727 utilis
422 672 495 728 ad
523 671 961 741 aediﬁcationem
990 671 1141 740 ﬁdei,
1176 672 1231 726 id
1260 680 1342 727 est
1370 680 1428 727 ut
1457 674 1766 744 proximum

162 759 401 817 aediﬁcet
427 760 485 814 in
512 758 639 827 ﬁde,
674 758 764 814 ille
791 759 1070 830 procedat.
1103 760 1185 815 Ita
1215 767 1392 816 tamen
1432 765 1498 816 ut
1526 761 1619 816 det
1637 778 1765 832 gra-

164 851 309 905 tiam
337 847 725 914 audientibus,
758 855 817 902 ut
846 855 1037 921 gratus
1082 848 1149 902 sit
1179 848 1245 903 iis
1293 849 1385 920 qui
1432 849 1676 915 audiunt,
1713 857 1766 904 et

159 937 307 1003 loco,
342 945 398 993 et
425 945 693 1008 tempore.
730 936 840 991 Vos
869 935 1079 1007 praelati
1112 936 1273 1006 (sicut
1304 937 1509 993 dictum
1538 938 1644 1009 est)
1675 938 1768 992 do-

160 1034 301 1081 cete.
335 1026 424 1093 Et,
447 1040 547 1080 vos
577 1025 872 1093 auditores,
894 1025 1075 1081 nolite
1108 1025 1474 1093 contristare,
1509 1041 1621 1080 non
1644 1026 1767 1081 dico

161 1115 340 1169 solum
372 1129 469 1169 eos
497 1113 588 1185 qui
616 1128 715 1168 vos
743 1112 1032 1181 instruunt,
1066 1113 1163 1168 sed
1210 1113 1302 1186 qui
1333 1112 1389 1167 in
1416 1113 1496 1168 eis
1528 1114 1768 1185 loquitur

159 1203 446 1275 Spiritum
475 1205 761 1257 sanctum.
784 1200 1059 1272 Spiritum,
1085 1202 1227 1266 dico,
1256 1202 1375 1257 Dei.
1396 1201 1587 1257 Videte
1608 1218 1768 1274 quam

158 1290 349 1363 gravis
378 1290 557 1360 culpa,
576 1289 705 1361 quia
734 1289 780 1344 si
810 1289 1247 1360 praedicatorem,
1272 1297 1326 1344 et
1355 1288 1600 1360 spiritum
1618 1289 1673 1343 in
1704 1305 1768 1345 eo

160 1379 482 1450 loquentem
505 1397 522 1445 ;
545 1386 599 1433 et
620 1378 667 1432 si
688 1377 956 1449 spiritum,
982 1377 1257 1433 offenditis
1273 1385 1326 1433 et
1348 1378 1518 1433 Deum
1545 1397 1559 1444 ;
1585 1378 1658 1432 ita
1678 1379 1769 1449 qui

160 1467 587 1538 prmdicatorem
616 1466 859 1531 offendit,
894 1467 1068 1522 Deum
1111 1465 1335 1522 offendit
1370 1482 1382 1520 :
1416 1466 1598 1523 Nolite
1629 1482 1768 1522 con-

168 1556 406 1612 tristare
427 1556 727 1628 Spiritum,
754 1556 815 1611 in
845 1573 950 1628 quo
986 1557 1205 1628 Spiritu
1225 1556 1445 1626 signati
1471 1558 1649 1622 estis;
1675 1571 1772 1610 vos

163 1644 312 1700 enim
355 1659 502 1710 cera,
538 1643 771 1715 Spiritus
821 1643 1060 1717 sigillum
1092 1643 1422 1714 impressum
1471 1643 1646 1699 vobis.
1681 1643 1770 1697 Si-

165 1732 323 1805 gnati
352 1732 478 1788 dico
512 1733 575 1787 in
623 1733 712 1788 die
756 1732 1178 1803 redemptionis,
1211 1731 1267 1786 id
1296 1739 1380 1786 est
1408 1731 1682 1802 baptismi,
1718 1731 1773 1785 in

1870 605 1891 631 α
1927 601 2047 656 quae
2079 585 2144 640 sit
2175 587 2427 642 voluntas
2458 588 2558 643 Dei
2590 590 2765 657 (Rom.
2800 604 2899 657 xu,
2919 593 2952 645 2
2977 607 2991 655 ;
3012 589 3039 643 1
3067 588 3250 643 Thess.
3285 602 3361 655 tv,
3382 584 3461 656 5).

1868 696 1889 719 υ
1928 674 1994 727 Ει
2023 674 2189 729 nolite
2236 674 2498 731 inebriari
2544 678 2689 742 vino,
2725 677 2778 731 in
2809 693 2917 748 quo
2966 684 3049 731 est
3095 675 3331 741 luxuria,
3365 674 3465 730 sed

1869 782 1892 811 ι
1927 761 2228 832 implemini
2257 763 2460 834 Spiritu
2509 773 2714 830 sancto,
2747 765 3033 836 loquentes
3065 763 3467 835 vobismetipsis

1873 871 1893 898 α
1928 849 1984 903 in
2030 851 2275 921 psalmis,
2325 859 2379 906 et
2424 852 2660 923 hymnis,
2696 861 2748 908 et
2796 854 3023 909 canticis
3072 852 3461 924 spiritualihus,

1871 958 1893 987 ι
1930 946 2215 994 cantantes
2264 947 2317 995 et
2359 940 2654 1011 psallentes
2698 942 2754 995 in
2800 942 3058 997 cordibus
3106 940 3302 997 vestris
3349 941 3466 995 Do-

1871 1046 1893 1076 «
1927 1026 2095 1094 mino,
2149 1027 2355 1099 gratias
2404 1036 2632 1101 agentes
2682 1045 2902 1099 semper
2948 1045 3048 1099 pro
3096 1029 3371 1092 omnibus,
3412 1028 3468 1083 in

1873 1132 1894 1155 ιι
1929 1111 2149 1166 nomine
2178 1112 2396 1167 Domini
2426 1112 2599 1167 nostri
2633 1113 2762 1167 Jesu
2812 1113 3031 1179 Christi,
3064 1114 3180 1167 Deo
3210 1119 3263 1167 et
3302 1112 3466 1166 Patri.

1873 1220 1894 1245 «ι
1932 1199 2171 1268 Subjecti
2204 1200 2456 1266 invicem,
2489 1200 2546 1254 in
2576 1201 2770 1256 timore
2801 1201 3020 1256 Christi.
3055 1201 3311 1256 Mulieres
3339 1200 3469 1256 viris

1873 1308 1894 1333 ιι
1933 1286 2045 1341 suis
2071 1288 2299 1343 subditae
2331 1288 2455 1355 sint,
2490 1290 2628 1344 sicut
2675 1289 2925 1355 Domino,
2964 1289 3219 1362 quoniam
3259 1289 3344 1345 vir
3370 1304 3469 1344 ca-

1873 1398 1895 1421 ‹‹
1934 1384 2027 1446 put
2057 1385 2137 1431 est
2166 1376 2426 1442 mulieris,
2461 1378 2600 1433 sicut
2630 1378 2875 1433 Christus
2905 1385 3067 1449 caput
3097 1385 3179 1433 est
3207 1377 3471 1433 Ecclesia:

1873 1487 1895 1510 υ
1933 1466 1985 1535 (I
2014 1466 2135 1521 Cor.
2167 1480 2248 1530 χι,
2284 1466 2338 1535 3)
2369 1465 2522 1535 ;ipse
2551 1465 2791 1522 salvator
2822 1466 3071 1537 corporis
3092 1466 3226 1535 ejus.
3263 1466 3370 1521 Sed
3403 1465 3476 1519 si-

1874 1576 1895 1600 a
1934 1561 2025 1607 cut
2055 1553 2306 1609 Ecclesia
2336 1554 2580 1623 subjecta
2610 1563 2693 1609 est
2739 1554 2975 1624 Christo,
3007 1554 3083 1609 ita
3113 1563 3166 1609 et
3212 1553 3474 1609 mulieres

1876 1663 1897 1691 ι
1933 1641 2065 1696 viris
2094 1642 2207 1697 suis
2235 1643 2289 1697 in
2322 1643 2595 1699 omnibus.
2632 1643 2766 1709 Viri,
2798 1643 3007 1714 diligite
3037 1659 3234 1699 uxores
3263 1650 3477 1697 vestras

1877 1750 1899 1781 ι
1935 1731 2078 1801 (Col.
2113 1747 2194 1796 ιιι,
2230 1735 2294 1785 18
2334 1750 2348 1796 ;
2384 1733 2410 1787 I
2434 1733 2589 1787 Petr.
2626 1747 2705 1799 ιιι,
2742 1732 2815 1803 1),
2851 1732 2988 1788 sicut
3019 1740 3069 1787 et
3101 1732 3349 1786 Christus
3385 1730 3475 1784 di-

164 1837 275 1894 quo
324 1821 392 1875 ab
439 1820 587 1876 omni
629 1828 856 1891 peccato
904 1819 1167 1890 redempti
1215 1819 1368 1874 estis.
1421 1821 1603 1876 Nolite
1632 1836 1845 1908 ωτι-Β
1876 1842 1898 1865 α
1933 1819 2063 1874 lexit
2108 1820 2437 1886 Ecclesiam,
2472 1828 2525 1875 et
2574 1820 2815 1891 seipsum
2862 1821 3082 1875 tradidit
3130 1836 3231 1891 pro
3282 1835 3368 1886 ea,
3417 1827 3476 1874 ut

166 1910 407 1965 tristare
429 1909 727 1981 Spiritum,
745 1907 840 1962 sed
866 1909 1106 1963 tollatur
1125 1925 1159 1963 a
1180 1908 1330 1963 vobis
1351 1909 1536 1962 omnis
1556 1909 1771 1962 amari-

167 1998 306 2053 tudo
337 1996 525 2063 animi,
560 2003 616 2052 et
647 1998 758 2061 ira,
790 1995 844 2050 id
873 2003 957 2051 est
987 1996 1167 2050 subita
1198 1996 1491 2051 commotio
1520 1995 1686 2050 animi
1716 2000 1773 2051 et

165 2085 515 2156 indignatio.
568 2084 624 2140 Si
668 2084 812 2139 enim
861 2084 1118 2158 ignobilis
1165 2084 1576 2155 superabundat
1617 2084 1773 2139 vobis

166 2174 465 2239 nobilibus,
489 2189 559 2228 ne
588 2172 970 2246 indignemini.
1002 2174 1071 2227 Et
1104 2174 1339 2236 clamor,
1362 2188 1432 2227 ne
1462 2172 1774 2227 inordinate

167 2261 526 2319 conclametis
555 2261 837 2332 litigando,
871 2265 927 2316 et
957 2261 1306 2333 blasphemia
1336 2260 1473 2316 facta
1516 2261 1572 2314 in
1602 2260 1773 2315 Deum

166 2351 256 2407 vel
285 2350 615 2422 proximum.
652 2348 758 2418 Qui
788 2349 933 2404 enim
983 2349 1060 2404 sic
1100 2349 1174 2404 ait
1208 2364 1221 2403 :
1254 2348 1438 2417 Quare
1480 2351 1585 2404 hoc
1626 2351 1775 2404 Deus

158 2438 344 2495 fecit?
371 2438 600 2495 Videtur
622 2437 825 2493 dixisse
866 2437 1012 2508 quod
1043 2438 1191 2492 Deus
1219 2453 1329 2492 non
1378 2438 1518 2493 bene
1548 2437 1764 2493 fecerit.

169 2529 238 2585 Ut
254 2526 501 2583 breviter
520 2526 701 2581 omnia
721 2540 1034 2581 removeam
1062 2544 1076 2593 ;
1106 2526 1224 2582 haec
1252 2542 1384 2582 cum
1413 2527 1571 2581 omni
1598 2527 1775 2581 mali—

170 2617 274 2678 tia,
306 2615 362 2669 id
394 2622 477 2669 est
516 2613 694 2669 omnis
738 2613 941 2668 malitia
991 2615 1232 2670 tollatur
1260 2631 1296 2669 a
1325 2613 1492 2670 vobis.
1524 2615 1607 2669 Ne
1658 2614 1776 2668 sitis

169 2702 344 2759 amari
367 2702 456 2758 vel
474 2701 796 2773 blasphemi,
830 2703 927 2758 sed
954 2706 1134 2757 estote
1167 2702 1413 2775 benigni,
1433 2702 1487 2756 id
1519 2710 1601 2757 est
1632 2702 1776 2775 largi

168 2792 405 2848 invicem
435 2790 574 2846 alter
616 2790 794 2846 dando
845 2788 1021 2845 alteri.
1055 2790 1119 2845 Et
1150 2790 1196 2844 si
1225 2806 1334 2846 non
1381 2790 1594 2845 habetis
1644 2790 1775 2862 quid

169 2880 330 2949 detis,
367 2886 543 2935 estote
584 2878 775 2935 saltem
820 2878 1211 2935 misericordes
1260 2878 1463 2945 animo,
1497 2880 1776 2935 donantes

168 2971 438 3035 invicem,
484 2967 541 3022 id
571 2974 654 3022 est
680 2966 1014 3040 indulgendo
1042 2967 1181 3022 alter
1207 2968 1381 3038 alteri,
1432 2970 1581 3024 sicut
1636 2970 1774 3026 Deus

170 3058 405 3114 donavit
453 3056 604 3113 vobis
631 3063 854 3127 peccata
878 3056 943 3111 in
975 3055 1216 3123 Christo,
1251 3055 1305 3111 id
1338 3064 1419 3113 est
1463 3072 1563 3129 per
1611 3056 1774 3112 Chri-

173 3153 339 3201 stum.

670 3285 912 3343 248
947 3286 1173 3343 CAPUT
1205 3285 1269 3341 V.

248 3443 270 3467 ιι
305 3421 499 3476 Estote
524 3434 660 3493 ergo
689 3417 986 3474 imitatores
1012 3418 1130 3484 Dei,
1156 3418 1290 3474 sicut
1320 3417 1414 3473 ﬁlii
1443 3418 1771 3485 charissimi,

178 3532 200 3555 ιι
234 3517 289 3565 ει
334 3507 607 3563 ambulate
631 3507 686 3562 in
717 3506 1027 3573 dilectione,
1061 3507 1199 3563 sicut
1227 3515 1276 3563 et
1309 3508 1558 3564 Christus
1588 3508 1777 3563 dilexit

179 3618 201 3643 ι
235 3612 354 3664 nos,
390 3604 446 3652 et
474 3595 693 3651 tradidit
730 3595 1083 3667 semetipsum
1112 3610 1214 3667 pro
1241 3596 1399 3652 nobis
1443 3597 1777 3652 oblationem

178 3708 200 3734 α
235 3694 290 3742 ει
320 3685 558 3742 hostiam
587 3685 703 3740 Deo
748 3684 804 3738 in
850 3684 1076 3740 odorem
1124 3685 1427 3741 suavitatis.
1474 3685 1778 3741 Fornicatio

179 3798 201 3822 σι
235 3783 439 3843 autem,
508 3780 561 3828 et
604 3772 780 3828 omnis
837 3772 1195 3843 immunditia,
1244 3782 1336 3828 aut
1366 3774 1627 3840 avaritia,
1677 3790 1777 3828 nec

180 3886 201 3911 ε
237 3862 551 3920 nominetur
581 3861 637 3916 in
678 3861 854 3928 vobis,
888 3861 1028 3917 sicut
1073 3862 1230 3917 decet
1260 3870 1498 3929 sanctos,
1529 3871 1620 3917 aut
1658 3871 1779 3917 tur-

181 3975 203 3999 a
234 3952 446 4023 pitudo,
494 3958 581 4005 aut
612 3949 1024 4021 stultiloquium,
1057 3957 1149 4005 aut
1196 3951 1522 4017 scurrilitas,
1557 3968 1679 4023 qua:
1710 3952 1780 4005 ad

181 4062 202 4086 ιι
238 4056 358 4097 rem
388 4054 500 4094 non
529 4038 777 4109 pertinet,
803 4038 901 4092 sed
930 4038 1108 4110 magis
1138 4039 1437 4111 gratiarum
1470 4039 1632 4095 actio.
1669 4041 1782 4095 Hoc

120 4140 129 4145 '
182 4150 203 4181 ι
241 4129 387 4185 enim
418 4126 612 4183 scitote
643 4126 1028 4200 intelligentes,
1062 4127 1209 4199 quod
1237 4127 1414 4182 omnis
1462 4127 1779 4198 fornicator,

187 4242 208 4265 ιι
243 4225 334 4272 aut
381 4216 717 4279 immundus,
768 4222 861 4269 aut
907 4230 1135 4280 avarus,
1187 4216 1333 4288 quod
1380 4224 1463 4271 est
1510 4216 1783 4271 idolorum

1877 1929 1899 1958 ι
1934 1908 2079 1963 illam
2144 1908 2524 1975 sanctiﬁcaret,
2585 1909 2857 1964 mundans
2920 1909 3138 1964 lavacro
3195 1923 3353 1981 aquae
3418 1909 3476 1962 in

1877 2017 1899 2046 ι
1938 1996 2107 2052 verbo
2145 1996 2288 2061 vitae,
2308 2005 2365 2051 ut
2385 1997 2664 2052 exhiberet
2691 1998 2808 2068 ipse
2830 1996 2934 2051 sibi
2963 1997 3261 2069 gloriosam
3284 1996 3473 2052 Eccle-

1878 2106 1901 2136 α
1936 2085 2095 2151 siam,
2146 2101 2256 2140 non
2302 2086 2596 2141 habentem
2644 2086 2933 2152 maculam,
2985 2092 3075 2139 aut
3120 2100 3337 2158 rugam,
3386 2092 3478 2139 aut

1879 2194 1902 2222 ι
1938 2173 2142 2245 aliquid
2185 2173 2515 2242 hujusmodi,
2550 2174 2648 2229 sed
2690 2182 2748 2228 ut
2779 2174 2846 2228 sit
2876 2182 3065 2229 sancta
3108 2182 3161 2228 et
3204 2173 3477 2251 immacu-

1879 2285 1901 2308 ιι
1938 2261 2065 2316 lata.
2119 2263 2197 2316 Ita
2227 2270 2279 2317 et
2326 2262 2428 2317 viri
2476 2262 2675 2318 debent
2722 2262 2951 2335 diligere
2995 2277 3195 2317 uxores
3241 2276 3389 2328 suas,
3421 2268 3480 2316 ut

1880 2373 1901 2396 ιι
1938 2364 2173 2420 corpora
2218 2366 2332 2405 sua.
2369 2349 2472 2419 Qui
2516 2367 2671 2405 suam
2719 2366 2941 2405 uxorem
2992 2350 3186 2423 diligit,
3238 2349 3478 2420 seipsum

1881 2459 1903 2489 ι
1940 2438 2137 2510 diligit.
2171 2439 2348 2494 Nemo
2371 2438 2513 2494 enim
2544 2452 2786 2510 unquam
2810 2455 3029 2494 carnem
3053 2454 3208 2492 suam
3237 2437 3364 2492 odio
3384 2438 3481 2491 ha-

1882 2548 1903 2573 α
1938 2527 2071 2592 buit,
2107 2527 2203 2581 sed
2234 2527 2395 2581 nutrit
2426 2535 2478 2581 et
2507 2526 2654 2582 fovet
2680 2541 2821 2593 eam,
2855 2527 3060 2581 sicutet
3091 2525 3341 2581 Christus
3363 2526 3477 2581 Ec-

1881 2635 1904 2665 ι
1941 2614 2166 2670 clesiam
2192 2632 2205 2669 :
2230 2615 2356 2686 quia
2373 2616 2619 2669 membra
2636 2631 2823 2669 sumus
2844 2614 3091 2686 corporis
3104 2615 3221 2683 ejus
3231 2614 3300 2668 de
3317 2628 3480 2669 carne

1882 2726 1904 2751 α
1941 2704 2058 2773 ejus
2080 2711 2133 2759 et
2153 2703 2220 2758 de
2249 2703 2466 2758 ossibus
2489 2704 2627 2772 ejus.
2650 2704 2880 2774 PrOpter
2900 2704 3004 2758 hoc
3024 2701 3295 2774 relinquet
3316 2703 3480 2757 homo

1881 2813 1903 2841 ι
1940 2799 2151 2863 patrem
2184 2800 2237 2846 et
2266 2800 2499 2845 matrem
2539 2807 2714 2856 suam,
2748 2799 2802 2846 et
2832 2790 3125 2846 adhaerebit
3156 2791 3311 2845 uxori
3342 2806 3475 2857 suae,

1882 2901 1904 2930 ι
1940 2888 1990 2935 ει
2022 2887 2179 2934 erunt
2225 2880 2334 2934 duo
2364 2879 2419 2933 in
2467 2895 2631 2935 carne
2681 2895 2787 2933 una
2816 2879 2975 2950 (Gen.
3032 2894 3090 2945 ιι,
3123 2883 3190 2936 28
3227 2896 3241 2944 ;
3274 2876 3474 2934 Matth.

1882 2989 1904 3019 ι
1942 2983 2064 3036 χιχ,
2098 2968 2173 3039 5).
2199 2968 2612 3023 Sacramentum
2634 2968 2737 3023 hoc
2758 2983 3016 3039 magnum
3038 2975 3138 3021 est.
3164 2967 3283 3039 Ego
3304 2973 3483 3021 autem

1882 3078 1904 3107 ι
1938 3057 2082 3123 dico,
2117 3056 2172 3110 in
2210 3056 2428 3111 Christo
2475 3064 2529 3111 et
2576 3055 2630 3109 in
2679 3055 2942 3112 Ecclesia.
2996 3056 3384 3110 Verumtamen
3428 3061 3483 3109 et

1885 3167 1907 3196 ι
1943 3161 2041 3201 vos
2109 3144 2349 3218 singuli,
2410 3144 2782 3216 unusquisque
2854 3159 3083 3198 uxorem
3143 3158 3297 3197 suam
3345 3141 3484 3197 sicut

1805 3204 1853 3265 Ο
1890 3256 1911 3281 α
1948 3204 2230 3304 εείρειιιῐιυ
2271 3232 2502 3304 diligat,
2570 3204 2709 3287 uxor
2789 3239 2977 3287 autum
3061 3230 3245 3287 timeat
3308 3229 3482 3286 virum

1885 3345 1907 3370 α
1942 3338 2117 3377 suum.
2158 3346 2179 3371 η

2514 3477 2587 3518 EX
2594 3477 2811 3517 POSITIO
2820 3503 2832 3517 .

1954 3600 2021 3654 Et
2050 3598 2177 3670 quia
2205 3599 2352 3654 Deus
2382 3595 2604 3652 donavit
2634 3602 2875 3668 peccata,
2910 3611 3035 3666 ergo
3075 3597 3254 3650 estote
3283 3594 3486 3649 imita-

1887 3692 2036 3744 tores
2084 3688 2202 3753 Dei,
2244 3690 2395 3743 sicut
2444 3686 2554 3755 ﬁlii
2600 3686 2943 3751 charissimi,
2977 3683 3301 3738 dimittenda
3349 3682 3488 3737 alter

1883 3776 2059 3831 alteri.
2114 3777 2232 3832 Nec
2288 3775 2465 3831 solum
2513 3774 2769 3830 donando
2814 3771 3116 3837 imitamini,
3177 3770 3274 3825 sed
3322 3770 3483 3825 etiam

1884 3865 2174 3921 ambulate
2218 3866 2281 3920 in
2330 3865 2654 3929 dilectione,
2706 3870 2763 3916 ut
2807 3861 2943 3915 alter
2988 3861 3220 3915 alterum
3266 3858 3482 3932 diligat,

1884 3956 2034 4010 sicut
2063 3958 2118 4009 et
2152 3954 2407 4010 Christus
2437 3952 2644 4007 dilexit
2673 3967 2794 4006 nos.
2816 3949 3014 4005 Dilexit
3037 3949 3221 4021 utique
3245 3967 3260 4016 ;
3285 3947 3488 4003 etenim

1887 4042 2124 4098 tradidit
2156 4043 2521 4113 semetipsum
2553 4056 2656 4112 pro
2688 4040 2848 4095 nobis
2888 4038 3230 4094 oblationem
3271 4040 3328 4093 et
3361 4038 3488 4093 hos-

1888 4132 2031 4186 tiam
2052 4131 2159 4185 Deo
2180 4132 2242 4184 in
2264 4131 2486 4186 odorem
2508 4130 2828 4184 suavitatis.
2850 4129 2909 4181 In
2930 4127 3101 4181 veteri
3119 4127 3241 4198 lege
3252 4124 3488 4181 oblatio-

1885 4236 1985 4274 nes
2005 4218 2329 4274 dicebantur
2347 4232 2518 4288 panes
2538 4215 2947 4288 prapositionis,
2972 4214 3280 4279 luminaria,
3305 4222 3358 4268 et
3378 4214 3488 4268 hu-

186 4327 208 4357 ι
245 4306 507 4371 servitus,
529 4319 638 4359 non
669 4303 836 4358 habet
866 4303 1243 4359 haereditatem
1272 4304 1328 4358 in
1357 4319 1529 4376 regno
1584 4303 1786 4359 Christi
1881 4306 2141 4377 jusmodi.
2200 4306 2388 4361 IIostia
2442 4320 2591 4370 vero,
2634 4304 2779 4376 quod
2825 4303 3162 4358 mactabatur
3204 4301 3258 4355 in
3306 4300 3486 4358 altari.

188 4414 210 4443 ι
245 4402 299 4450 ει
328 4393 450 4449 Dei.
472 4393 649 4447 Nemo
678 4406 776 4446 vos
802 4392 1022 4447 seducat
1051 4392 1306 4447 inanibus
1327 4392 1506 4449 verbis
1529 4401 1787 4464 ;pr0pter

192 4504 213 4531 ι
242 4483 361 4538 haec
391 4481 540 4537 enim
570 4480 716 4536 venit
744 4480 827 4535 ira
855 4479 955 4536 Dei
984 4479 1038 4534 in
1070 4478 1211 4535 ﬁlios
1239 4479 1570 4536 difﬁdentiae.
1608 4481 1786 4535 Nolite

1888 4396 1947 4449 In
1975 4394 2191 4450 Christo
2238 4408 2390 4459 vero,
2439 4392 2639 4447 oblatio
2689 4390 2786 4445 fuit
2826 4390 3012 4446 omnia
3053 4389 3143 4443 illa
3190 4389 3335 4443 bona
3365 4405 3489 4460 quae

1886 4482 2059 4556 gessit
2106 4498 2277 4554 usque
2308 4481 2375 4535 ad
2404 4479 2549 4535 diem
2598 4480 2808 4534 mortis.
2844 4480 3031 4534 llostia
3081 4486 3266 4533 autem
3309 4477 3490 4532 dictus

193 4593 214 4617 «ι
249 4586 385 4643 ergo
405 4567 545 4625 efﬁci
575 4568 871 4640 participes
893 4583 1099 4623 eorum.
1120 4568 1300 4623 Eratis
1328 4568 1472 4623 enim
1493 4568 1783 4641 aliquando
1804 4563 1856 4624 D
1890 4579 1991 4637 est,
2026 4571 2241 4643 quando
2289 4569 2528 4640 seipsum
2571 4567 2761 4623 obtulit
2808 4567 2865 4621 in
2911 4581 3006 4620 ara
3051 4566 3251 4631 crucis,
3298 4572 3352 4620 et
3397 4565 3495 4621 illa

195 4679 216 4709 ε
250 4658 514 4725 tenebrae,
550 4671 696 4712 nunc
725 4665 904 4712 autem
934 4656 1023 4711 lux
1051 4656 1111 4738 in
1142 4656 1412 4723 Domino;
1442 4665 1500 4711 ut
1530 4656 1625 4712 ﬁlii
1653 4657 1790 4713 lucis

193 4770 214 4794 ι
252 4746 531 4802 ambulate
566 4760 579 4800 :
611 4747 841 4801 Fructus
887 4745 1031 4800 enim
1063 4744 1199 4801 lucis
1244 4753 1327 4801 est
1353 4745 1407 4799 in
1436 4746 1583 4801 omni
1629 4746 1791 4801 boni-

193 4855 214 4885 ι
250 4842 379 4903 tate,
413 4843 469 4890 et
491 4833 700 4904 justitia
728 4841 781 4888 et
811 4833 1035 4889 veritate
1071 4846 1084 4887 :
1116 4833 1417 4889 Probantes
1438 4834 1567 4906 quid
1594 4834 1663 4888 sit
1690 4833 1791 4888 be-

196 4943 219 4974 ι
252 4922 590 4995 neplacitum
618 4921 754 4977 Deo.
785 4922 854 4976 Et
882 4921 1049 4977 nolite
1098 4922 1497 4977 communicare
1534 4922 1793 4993 operibus

196 5034 217 5058 ι
252 5010 608 5067 infructuosis
635 5010 985 5086 tenebrarum
1010 5029 1025 5078 ;
1059 5011 1237 5083 magis
1255 5017 1437 5066 autem
1456 5011 1791 5084 redarguite.

199 5120 221 5150 ι
255 5098 390 5167 Quae
439 5099 589 5155 enim
614 5098 670 5153 in
714 5098 927 5155 occulto
973 5098 1108 5154 ﬁunt
1136 5099 1207 5154 ab
1235 5098 1390 5171 ipsis,
1426 5108 1584 5171 turpe
1632 5109 1714 5156 est
1744 5108 1797 5155 et

201 5209 222 5234 α
254 5188 456 5244 dicere.
509 5185 703 5243 Omnia
752 5196 937 5244 autem
984 5205 1108 5260 quae
1157 5196 1484 5261 arguuntur,
1515 5205 1546 5242 a
1592 5188 1795 5243 lumine

202 5295 224 5326 ι
257 5276 691 5332 manifestantur.
724 5274 900 5332 Omne
929 5276 1077 5331 enim
1107 5276 1253 5347 quod
1298 5275 1678 5332 manifestatur
1708 5277 1796 5331 lu-

203 5385 224 5410 ι
258 5380 383 5420 men
410 5362 525 5421 est.
559 5364 788 5436 Propter
834 5364 980 5436 quod
1010 5364 1140 5419 dicit
1172 5382 1185 5419 :
1221 5364 1399 5437 Surge
1429 5363 1522 5437 qui
1568 5364 1796 5431 dormis,

206 5473 227 5497 ιι
260 5461 311 5507 ει
340 5468 580 5525 exsurge
608 5468 641 5506 a
675 5452 924 5518 mortuis,
958 5460 1011 5509 et
1059 5451 1386 5507 illuminabit
1431 5461 1482 5508 te
1529 5452 1795 5508 Christus.

209 5560 230 5585 ι
266 5540 455 5596 Videte
498 5540 698 5613 itaque,
733 5539 946 5611 fratres,
980 5541 1256 5613 quomodo
1303 5548 1460 5597 caute
1488 5540 1797 5607 ambuletis,

204 5651 225 5674 ε
265 5644 370 5683 non
404 5628 562 5701 quasi
582 5628 920 5699 insipientes,
945 5629 1043 5684 sed
1072 5636 1131 5683 ut
1150 5628 1424 5699 sapientes
1444 5630 1583 5700 (Col.
1617 5644 1698 5693 ιιι,
1723 5630 1798 5697 5),

207 5738 229 5764 ιι
269 5717 599 5774 redimentes
627 5724 864 5792 tempus,
895 5716 1150 5792 quoniam
1181 5716 1299 5773 dies
1327 5716 1458 5776 mali
1486 5724 1631 5777 sunt.
1662 5717 1802 5778 Pro-

1890 4668 2045 4716 vetus
2074 4658 2252 4713 hostia
2300 4657 2581 4713 dicebatur
2610 4673 2732 4711 esse
2782 4654 3141 4710 suavissimus
3184 4654 3321 4709 odor
3350 4653 3489 4721 Deo,

1892 4748 2190 4803 secundum
2236 4745 2561 4801 sacriﬁcium
2612 4744 2829 4811 Christi,
2864 4744 3008 4816 quod
3056 4740 3489 4815 praeﬁgurabat;

1893 4837 2190 4892 secundum
2222 4851 2280 4890 se
2310 4834 2455 4890 enim
2488 4833 2711 4889 fetidum
2744 4840 2881 4888 erat.
2932 4834 3125 4887 Estote
3174 4832 3494 4887 imitatores

1893 4926 2013 4991 Dei,
2046 4939 2154 4978 non
2185 4931 2367 4978 autem
2418 4921 2790 4977 fornicatores.
2821 4919 2980 4989 Quod
3030 4920 3109 4975 sic
3138 4919 3213 4975 ait
3247 4934 3260 4973 :
3295 4919 3496 4974 Forni-

1893 5014 2043 5069 catio
2100 5012 2283 5067 omnis
2338 5011 2714 5067 immunditia
2744 5009 2907 5080 (sicut
2938 5024 3084 5079 saepe
3115 5006 3496 5079 exposuimus)

1894 5104 1996 5156 aut
2043 5102 2310 5165 avaritia,
2362 5115 2471 5154 non
2516 5098 2693 5154 solum
2758 5098 2881 5153 dico
2924 5113 3032 5152 non
3095 5097 3184 5166 sit,
3236 5095 3335 5152 sed
3392 5112 3497 5151 nec

1896 5189 2056 5244 etiam
2086 5190 2418 5243 nominetur
2460 5189 2524 5242 in
2567 5186 2733 5250 vobis,
2783 5186 2839 5240 id
2882 5193 2962 5240 est
2994 5201 3062 5240 ne
3095 5201 3193 5241 vos
3222 5184 3360 5240 tales
3390 5185 3499 5239 im-

1896 5276 2125 5348 provide
2174 5275 2526 5331 exhibueritis
2569 5274 2713 5328 unde
2764 5273 2888 5345 quis
2931 5273 3071 5327 male
3100 5273 3296 5328 saltem
3324 5271 3502 5343 possit

1896 5364 2123 5436 opinari.
2182 5364 2319 5419 Dico
2375 5378 2486 5417 non
2539 5361 2850 5417 nominetur
2903 5362 2959 5414 in
3005 5361 3180 5428 vobis,
3229 5360 3381 5416 sicut
3407 5360 3501 5416 de-

1898 5457 1987 5509 cet
2040 5455 2287 5517 sanctos,
2346 5449 2493 5522 quod
2549 5449 2682 5504 estis
2730 5465 2847 5516 vos,
2898 5464 3010 5503 non
3056 5455 3262 5502 tantum
3315 5463 3502 5502 coram

1900 5542 2035 5606 Deo,
2085 5540 2182 5595 sed
2228 5539 2387 5598 etiam
2431 5537 2720 5609 providere
2770 5537 2911 5591 bona
2949 5551 3133 5591 coram
3160 5534 3497 5590 hominibus.

1902 5627 2147 5685 249
2184 5629 2393 5682 Vocans
2419 5640 2515 5679 eos
2546 5631 2787 5687 sanctos,
2820 5624 2991 5683 innuit
3020 5640 3079 5677 se
3113 5638 3222 5676 non
3258 5622 3504 5677 scribere

1901 5718 2039 5783 haec,
2056 5715 2181 5796 quia
2191 5712 2559 5787 peccaverint,
2578 5710 2675 5765 sed
2690 5719 2913 5791 propter
2928 5712 3032 5772 hoc
3043 5709 3218 5768 solum
3240 5716 3293 5765 et
3306 5706 3505 5771 sibi'do
