3932 6418
441 330 546 384 3ιό

1004 331 1061 386 8.
1101 327 1454 386 BRUNONIS
1490 326 2139 384 CARTHUSIANORUM
2177 326 2664 385 INSTITUTORIS
2701 327 2856 385 OPP.
2897 327 3074 386 PARS
3110 330 3179 386 II.

3653 332 3772 389 3“

447 459 645 507 caetero
674 453 1013 523 provideant.
1046 452 1353 508 Fornicatio
1382 467 1492 507 non
1521 459 1829 507 nommetur
1856 468 1910 506 ιιι
1941 466 2042 507 vo-
2061 453 2117 512 Δ
2146 465 2270 507 cum
2298 451 2523 522 poenitet
2551 468 2612 507 se
2639 452 2782 508 male
2809 452 3011 525 egisse.
3046 453 3144 509 Vel
3172 452 3331 510 aliter
3352 471 3366 509 :
3388 453 3596 511 Omnia
3626 470 3765 527 quae

447 538 554 605 bis,
570 543 673 595 aut
697 541 1008 612 turpitudo,
1026 546 1129 596 aut
1144 541 1586 612 stultiloquium,
1601 544 1703 595 aut
1723 540 2041 595 currilitas.

446 626 859 698 Turpitudinem
905 636 1063 684 vocat
1126 627 1526 683 attrectationes
1568 635 1618 681 et
1666 626 1787 681 illas
1844 626 2043 682 mulie-

446 730 569 769 rum
599 714 1036 771 deosculationes
1064 734 1079 782 ;
1111 715 1525 786 stultiloquium,
1556 714 1611 768 in
1641 714 1747 768 illis
1776 713 1868 786 qui
1896 714 2045 768 labo-

450 810 572 857 rant
599 803 846 873 apposite
888 803 1039 875 loqui
1084 803 1402 858 mulieribus
1450 803 1521 857 ad
1566 801 2035 873 persuadendum.

448 889 754 946 Scurrilitas
782 900 864 946 est
891 900 1108 963 pectere
1138 899 1193 946 et
1222 906 1419 946 ornare
1450 907 1509 945 se
1527 933 1540 957 ,
1575 899 1633 946 ut
1661 890 1905 961 placeant
1939 889 2045 944 illis

451 977 543 1049 qui
566 978 809 1047 judicent
839 979 1222 1045 curialitatem,
1257 996 1377 1050 qua:
1408 978 1711 1033 scurrilitas
1754 995 1869 1033 non
1913 994 2045 1050 per-

450 1066 599 1121 tinet
629 1067 703 1121 ad
734 1083 873 1132 rem,
909 1067 964 1121 id
994 1075 1079 1122 est
1108 1082 1214 1122 non
1246 1075 1451 1137 spectat
1481 1067 1551 1121 ad
1579 1066 1816 1138 aliquam
1845 1065 2046 1121 utilita-

450 1161 581 1223 tem,
601 1162 654 1209 et
681 1153 805 1209 ideo
835 1170 945 1209 non
970 1154 1276 1210 nominetur
1290 1154 1345 1208 in
1366 1154 1539 1218 vobis,
1563 1155 1659 1209 sed
1687 1154 1863 1225 magis
1895 1155 2046 1209 actio

448 1243 792 1314 gratiarum,
824 1242 878 1297 id
909 1251 992 1297 est
1021 1242 1100 1298 sic
1129 1244 1355 1297 honeste
1387 1259 1485 1297 vos
1513 1242 1728 1308 habete,
1763 1251 1819 1296 ut
1860 1241 1914 1295 in
1944 1256 2046 1296 vo-

449 1329 535 1384 bis
582 1338 748 1401 agant
803 1330 1006 1401 gratias
1062 1331 1176 1385 Deo
1233 1331 1323 1401 qui
1371 1330 1513 1385 bona
1560 1338 1743 1385 vestra
1791 1329 2043 1384 viderint.

450 1417 581 1472 Ideo
605 1418 723 1473 hac
750 1433 859 1473 non
888 1418 1232 1473 nominentur
1261 1418 1313 1471 in
1346 1418 1521 1483 vobis,
1558 1417 1684 1489 quia
1731 1417 1823 1488 qui
1851 1418 2047 1487 hujus-

448 1504 597 1560 modi
628 1513 729 1572 est,
763 1521 872 1560 non
900 1506 1063 1561 habet
1110 1505 1478 1561 haereditatem
1508 1504 1563 1559 in
1593 1521 1761 1577 regno
1792 1505 1912 1560 Dei.
1949 1504 2048 1560 Vel

444 1593 522 1648 ita
557 1611 571 1647 :
603 1594 727 1648 Non
758 1594 935 1649 solum
964 1594 1092 1649 ideo
1123 1610 1230 1648 non
1258 1594 1607 1649 nominentur
1627 1592 1681 1648 in
1711 1593 1884 1662 vobis,
1919 1592 2047 1664 quia

444 1697 558 1736 non
586 1681 860 1752 pertinent
882 1682 949 1735 ad
979 1697 1095 1736 rem
1119 1701 1133 1747 ;
1168 1681 1265 1736 sed
1297 1681 1458 1736 etiam
1484 1681 1608 1735 ideo
1649 1681 1773 1752 quia
1802 1679 2047 1735 auferunt

2142 547 2442 612 arguuntur
2468 539 2730 594 alumine
2778 540 2942 610 (sicut
2980 540 3182 597 dictum
3231 542 3337 613 est)
3381 542 3764 598 manifestan-

2144 636 2229 683 tur
2266 627 2399 698 ipsis
2446 627 2540 699 qui
2588 628 3102 698 reprehenduntur;
3132 629 3287 700 prius
3328 629 3474 686 enim
3523 631 3765 702 ignora-

2145 717 2275 771 bant
2303 715 2519 786 pondus
2565 716 2771 786 peccati
2799 716 2900 781 sui,
2933 716 3082 788 quod
3109 733 3211 787 per
3256 718 3763 789 reprehensionem

2144 811 2469 876 agnoscunt.
2516 804 2691 860 Omne
2746 808 2941 860 autem
2991 805 3135 876 quod
3191 806 3274 861 sic
3329 808 3762 878 manifestatur

2148 894 2341 948 lumen
2370 895 2475 957 est,
2511 891 2634 963 quia
2663 891 2719 946 in
2750 906 2815 947 eo
2844 892 2990 964 quod
3010 893 3123 961 jam
3141 895 3427 967 cognoscit
3455 902 3759 965 peccatum

2146 996 2325 1046 suum,
2355 979 2758 1051 quodammodo
2779 980 3137 1048 illuminatur,
3151 989 3206 1036 et
3226 982 3631 1055 appropinquat
3646 984 3758 1053 ju-

2146 1067 2325 1122 stitiae.
2361 1070 2598 1139 Propter
2630 1067 2775 1139 quod
2815 1068 3308 1139 comprobandum,
3349 1070 3556 1126 scilicet
3595 1070 3759 1143 quod

2144 1151 2387 1206 tenebrae
2401 1149 2534 1205 fiunt
2561 1151 2745 1206 lumen
2755 1168 2855 1222 per
2867 1151 3377 1223 manifestationem,
3400 1154 3539 1210 dicit
3570 1154 3761 1225 Spiri-

2145 1246 2232 1293 tus
2254 1247 2476 1296 sanctus
2505 1238 2561 1293 in
2588 1254 2695 1293 me.
2755 1240 2884 1295 Haec
2934 1240 3080 1295 enim
3128 1240 3417 1296 auctoritas
3460 1241 3593 1296 alibi
3636 1258 3761 1297 non

2145 1327 2415 1383 invenitur
2442 1327 2497 1381 in
2530 1327 2840 1397 Scripturis.
2891 1327 3053 1396 Dicit,
3086 1328 3325 1400 inquam,
3358 1329 3433 1384 ita
3463 1347 3479 1384 :
3517 1331 3595 1385 Tu
3651 1331 3764 1402 qui

2146 1415 2357 1470 dormis
2377 1430 2476 1484 per
2496 1414 2858 1486 ignorantiam
2882 1415 2937 1470 in
2958 1423 3186 1486 peccato
3211 1431 3404 1489 :surge
3434 1432 3532 1488 per
3559 1417 3761 1491 cogni-

2146 1502 2347 1557 tionem
2374 1503 2608 1573 peccati,
2657 1519 2754 1558 seu
2797 1520 2898 1574 per
2944 1502 3363 1571 confessionem,
3419 1512 3474 1560 et
3520 1504 3758 1578 cognito

2144 1598 2373 1661 peccato
2428 1606 2669 1662 exsurge
2698 1608 2733 1646 a
2760 1593 3021 1657 mortuis,
3069 1591 3126 1646 id
3171 1599 3254 1647 est
3280 1608 3312 1646 a
3337 1592 3579 1663 peccatis
3624 1609 3758 1664 qua

2144 1685 2408 1749 generant
2439 1686 2691 1733 mortem.
2740 1678 2838 1733 Vel
2883 1694 2913 1732 a
2958 1677 3208 1745 mortuis,
3257 1679 3312 1733 id
3339 1687 3422 1735 est
3450 1694 3484 1734 a
3512 1696 3756 1736 numero

450 1785 683 1840 regnum
704 1769 823 1823 Dei.
846 1768 1004 1837 Quod
1028 1769 1107 1825 sic
1127 1770 1200 1823 ait
1225 1772 1459 1825 :scitote
1492 1770 1612 1838 hoc,
1636 1770 2041 1840 intelligentes,
2064 1798 2116 1859 Β
2143 1772 2475 1859 mortuorum
2497 1809 2514 1859 ,
2565 1765 2619 1820 id
2639 1773 2749 1859 Dest
2798 1774 3151 1859 peccatorum
3175 1806 3190 1834 ,
3232 1764 3480 1859 faciendo
3536 1766 3754 1823 fructus

445 1857 503 1911 id
533 1865 616 1911 est
644 1857 828 1911 subtili
844 1856 1201 1928 intelligentia
1228 1858 1334 1913 hoc
1362 1856 1737 1926 discutientes,
1760 1856 1901 1928 quod
1929 1872 2045 1913 om-

447 1947 542 2001 nis
562 1947 897 2015 fornicator,
914 1953 1017 2000 aut
1030 1946 1381 2011 immundus,
1396 1949 1499 2001 aut
1521 1962 1746 2012 avarus,
1762 1943 1921 2017 quod,
1942 1944 2045 1999 sci-

445 2032 577 2089 licet
605 2047 836 2087 avarum
858 2049 979 2087 esse
1010 2038 1095 2088 est
1122 2034 1365 2089 servitus
1396 2033 1699 2088 idolorum.
1731 2033 1867 2086 Dum
1899 2031 2044 2087 enim

449 2136 644 2175 avarus
685 2120 862 2193 magis
908 2119 1082 2191 diligit
1132 2120 1419 2191 pecuniam
1467 2135 1630 2191 quam
1678 2121 1872 2187 Deum,
1926 2135 2043 2175 eam

447 2208 555 2263 sibi
584 2206 715 2264 facit
760 2208 954 2263 Deum.
985 2208 1321 2275 Fornicator,
1358 2208 1597 2281 inquam,
1629 2223 1752 2264 cum
1794 2207 1900 2261 illis
1924 2224 2044 2266 non

448 2296 612 2351 habet
645 2295 1036 2351 haereditate-ni
1066 2297 1130 2351 in
1159 2313 1325 2368 regno
1349 2297 1559 2353 Christi
1588 2300 1644 2352 et
1672 2296 1790 2365 Dei,
1815 2303 1867 2350 et
1886 2311 1953 2349 ne
1970 2295 2041 2349 ab

445 2383 761 2440 haereditate
809 2384 969 2457 regni
1014 2384 1175 2439 alieni
1222 2384 1340 2438 sitis
1375 2384 1571 2439 videte.
1619 2384 1787 2440 Nemo
1816 2383 2045 2439 seducat

441 2489 532 2529 vos
560 2472 739 2528 verbis
767 2472 1055 2537 inanibus,
1079 2471 1137 2526 id
1161 2480 1243 2527 est
1273 2472 1422 2527 falsis
1445 2480 1496 2527 et
1525 2471 1896 2527 mendacibus.
1930 2471 2044 2527 Hoc

447 2560 521 2615 ait
546 2568 773 2632 propter
802 2559 925 2615 illos
953 2560 1273 2628 Nicolaitas,
1305 2560 1397 2631 qui
1443 2560 1743 2616 suadebant
1769 2560 1886 2615 Deo
1932 2574 2042 2614 non

448 2648 743 2719 displicere
774 2665 1109 2720 quaecunque
1137 2648 1395 2704 carnalia.

521 2736 735 2803 Videte,
755 2752 916 2792 nemo
937 2737 1159 2792 seducat
1176 2753 1274 2792 vos
1298 2756 1313 2803 ;
1346 2739 1486 2793 Nam
1512 2743 1747 2811 propter
1776 2739 1893 2795 haec
1923 2754 2045 2810 qua:

446 2826 696 2897 superius
740 2824 1016 2896 prohibita
1062 2833 1204 2891 sunt,
1237 2827 1396 2881 venit
1440 2827 1550 2892 ira,
1573 2826 1627 2881 id
1681 2836 1763 2881 est
1811 2826 2045 2881 vindicta

445 2915 547 2970 Dei
574 2915 636 2969 in
660 2913 808 2982 ﬁlios
839 2913 1187 2983 difﬁdentiae,
1218 2912 1275 2967 id
1306 2921 1388 2968 est
1435 2929 1666 2985 quorum
1716 2914 1885 2969 salute
1934 2912 2044 2969 dif-

447 3001 686 3068 ﬁdimus,
705 3000 792 3055 vel
821 3000 912 3071 qui
940 3000 1010 3055 de
1039 3000 1214 3055 salute
1238 3000 1339 3055 Dei
1360 2999 1623 3056 difﬁdunt.
1656 3003 1725 3057 Et
1752 3003 1880 3074 quia
1908 3015 2045 3073 pro-

448 3097 571 3162 pter
605 3088 725 3144 haec
752 3087 899 3143 venit
936 3088 1016 3141 ira
1044 3087 1165 3154 Dei,
1185 3105 1311 3160 ergo
1345 3090 1522 3145 nolite
1556 3090 1701 3160 e/ﬁci
1736 3090 2044 3162 participes

2144 1852 2343 1924 dignos
2370 1852 2702 1924 paenitentia:
2732 1861 2784 1910 et
2814 1854 2893 1910 sic
2922 1854 3020 1909 tibi
3048 1855 3360 1927 exsurgenti
3388 1856 3757 1914 illuminabit

2149 1941 2424 2007 Christus,
2456 1940 2511 1995 in
2542 1940 2818 1997 fundendo
2846 1942 3083 2015 gratiam

2214 2028 2359 2083 Dixit
2390 2028 2639 2099 superius
2668 2030 2976 2103 redarguite
3008 2046 3171 2101 opera
3200 2031 3589 2098 tenebrarum;
3622 2047 3754 2103 qua

2145 2115 2289 2170 enim
2340 2125 2644 2187 arguuntur
2690 2134 2793 2188 per
2843 2117 3356 2184 manifestationem,
3387 2119 3457 2174 de
3504 2118 3755 2174 tenebris

2147 2203 2390 2260 250
2421 2202 2555 2259 ﬁunt
2582 2204 2785 2271 lumen,
2811 2214 2862 2261 et
2903 2206 3030 2277 quia
3056 2206 3127 2262 de
3172 2206 3561 2279 redargutione
3592 2214 3752 2262 tanta

2146 2292 2390 2363 sequitur
2417 2292 2621 2347 utilitas
2651 2301 2708 2347 ut
2737 2295 2884 2365 quod
2927 2294 3275 2349 tenebrosum
3305 2304 3387 2349 est
3415 2294 3507 2349 ﬁat
3537 2295 3750 2351 lumen.

2145 2381 2337 2452 Itaque
2365 2382 2579 2451 fratres
2611 2382 2924 2452 redarguite
2962 2398 3130 2454 opera
3178 2382 3528 2438 tenebrarum
3559 2401 3575 2439 :
3608 2392 3662 2438 et
3692 2391 3754 2437 ut

2146 2468 2319 2523 libere
2341 2468 2699 2539 redarguatis,
2722 2470 2902 2526 videte
2932 2471 3199 2543 quomodo
3221 2471 3527 2527 ambuletis
3553 2475 3748 2538 caute,

2145 2555 2199 2610 id
2231 2564 2311 2611 est
2338 2572 2406 2611 ne
2438 2554 2577 2612 forte
2607 2557 2908 2612 inveniatur
2945 2557 3002 2612 in
3029 2558 3205 2626 vobis,
3238 2559 3384 2631 quod
3413 2559 3468 2613 in
3498 2558 3620 2614 aliis
3649 2575 3749 2614 re-

2144 2642 2425 2716 darguitis.
2465 2645 2637 2700 Caute
2680 2645 3001 2713 ambuletis,
3024 2661 3141 2700 non
3170 2647 3333 2718 quasi
3361 2646 3704 2718 insipientes
3723 2667 3747 2714 ;

2146 2730 2237 2801 qui
2280 2731 2425 2786 enim
2456 2733 2603 2803 quod
2648 2731 2704 2786 in
2734 2749 2794 2787 se
2823 2741 2925 2801 est,
2958 2733 3014 2787 in
3043 2732 3149 2788 alio
3195 2733 3567 2804 reprehendit,
3601 2733 3747 2789 insi-

2145 2818 2356 2889 pienter
2401 2819 2534 2891 agit,
2568 2819 2694 2874 dum
2746 2821 2890 2891 quod
2919 2821 3023 2875 sibi
3064 2820 3119 2875 in
3149 2820 3256 2877 alio
3302 2821 3553 2893 displicet
3579 2821 3637 2875 in
3680 2838 3746 2878 se

2145 2906 2248 2961 sibi
2268 2906 2449 2977 placet
2473 2925 2486 2961 :
2511 2908 2627 2963 Non
2650 2910 2811 2980 quasi
2840 2910 3196 2981 insipientes,
3219 2908 3316 2965 sed
3345 2913 3410 2965 ut
3428 2911 3744 2982 sapientes,

2144 2994 2200 3049 id
2231 3002 2313 3049 est
2342 2995 2494 3065 prius
2542 3003 2844 3067 purgantes
2874 2996 3279 3065 conscientiam,
3313 3004 3366 3052 et
3394 3004 3523 3053 tunc
3567 2996 3749 3053 libere

2144 3081 2285 3137 mala
2315 3082 2547 3153 proximi
2591 3084 3007 3155 redarguentes.
3041 3084 3232 3152 Caute,
3266 3084 3508 3156 inquam,
3542 3085 3747 3140 ambu-

453 3146 669 3243 eorum,
696 3174 752 3229 id
781 3183 862 3231 est
904 3146 1298 3241 fornicationis,
1331 3146 1702 3243 immunditiis,
1733 3146 1820 3231 iiut
1863 3146 2046 3233 avari-
2068 3146 2115 3207 Ο
2143 3169 2267 3225 late.
2287 3172 2399 3225 No's
2416 3146 2914 3239 dico,redimEntes
2948 3146 3746 3243 tempus.Secundumbeatum

452 3264 561 3319 tiae.
594 3264 723 3319 Ideo
754 3278 865 3318 non
903 3262 1114 3319 debetis
1135 3262 1465 3334 participare
1492 3264 1597 3332 his,
1623 3265 1745 3336 quia
1766 3265 1929 3320 modo
1945 3263 2048 3319 dif-

454 3351 649 3408 ﬁcilius
676 3358 821 3406 esset
851 3351 1006 3406 vobis
1043 3367 1288 3422 peccare,
1321 3368 1483 3423 quam
1526 3352 1694 3419 olim;
1728 3360 1856 3408 tunc
1902 3351 2047 3407 enim

453 3456 557 3513 per
584 3439 963 3511 ignorantiam,
998 3440 1097 3495 sed
1142 3455 1287 3495 nunc
1333 3440 1629 3511 prudentes
1670 3456 1889 3495 manum
1918 3440 2048 3495 mit-

458 3528 643 3585 teretis
672 3528 728 3583 in
756 3528 961 3601 ignem.
1007 3527 1166 3596 Quod
1211 3528 1290 3584 sic
1338 3529 1410 3583 ait
1444 3545 1456 3584 :
1494 3531 1681 3584 Eratis
1723 3529 2044 3601 aliquando,

457 3617 514 3672 id
541 3625 624 3673 est
651 3624 777 3671 ante
808 3614 971 3671 fidem
1004 3616 1267 3682 tenebrae,
1300 3616 1354 3670 id
1386 3623 1465 3670 est
1506 3616 1861 3687 ignorantes;
1894 3632 2049 3672 nunc

458 3709 653 3761 autem
671 3706 775 3760 tua:
794 3705 857 3759 in
878 3705 1129 3771 Domino,
1154 3703 1207 3758 id
1229 3711 1311 3759 est
1332 3703 1616 3759 illuminati
1629 3720 1729 3775 per
1740 3704 2046 3759 Dominum.

457 3794 525 3848 Et
555 3793 678 3847 ideo
708 3791 997 3847 ambulate
1041 3796 1108 3847 ut
1154 3792 1266 3861 ﬁlii
1311 3792 1452 3847 lucis
1499 3792 1699 3847 debent
1745 3792 2047 3848 ambulare.

460 3880 761 3936 Ambulate
790 3879 912 3933 dico
942 3879 997 3932 in
1026 3878 1173 3934 omni
1218 3879 1457 3935 bonitate
1485 3880 1669 3934 habita
1707 3880 1762 3935 in
1791 3880 1964 3945 vobis,
2000 3889 2053 3936 et

454 3967 666 4039 justitia
694 3975 903 4022 servata
934 3967 1005 4022 ad
1033 3967 1359 4038 proximum,
1395 3975 1449 4023 et
1479 3968 1535 4022 in
1562 3968 1787 4024 veritate
1833 3977 1891 4023 ut
1920 3984 2053 4025 vera

464 4056 636 4112 verba
664 4055 875 4111 dicatis.
911 4055 1038 4110 Ideo
1067 4056 1129 4110 in
1160 4056 1245 4112 his
1276 4055 1401 4128 quia
1430 4056 1509 4112 sic
1529 4057 1803 4112 ambulare
1833 4066 1915 4112 est
1944 4073 2053 4112 non

465 4142 784 4215 simpliciter
813 4159 970 4214 opus,
1001 4144 1099 4198 sed
1145 4146 1370 4214 fructus
1402 4145 1563 4211 lucis,
1595 4145 1651 4199 id
1680 4153 1762 4200 est
1809 4145 2052 4201 fructife-

463 4249 585 4287 rum
612 4247 749 4303 opus
779 4230 1221 4287 illuminatorum.
1268 4233 1567 4289 Ambulate
1615 4237 1681 4289 ut
1726 4234 1839 4302 ﬁlii
1886 4234 2049 4301 lucis,

463 4320 784 4395 probantes,
809 4320 861 4374 id
880 4328 961 4375 est
981 4320 1335 4391 probabiliter
1355 4321 1786 4387 considerantes,
1806 4320 1948 4394 quod
1969 4325 2053 4376 est

464 4409 879 4480 beneplacitum
923 4409 1051 4463 Deo.
1084 4408 1151 4462 Et
1180 4416 1237 4463 ut
1264 4409 1410 4480 quod
1455 4409 1853 4480 beneplacitum
1884 4416 1965 4463 est
2003 4408 2053 4463 ei

2149 3258 2476 3329 Gregorium
2506 3266 2720 3329 tempus
2746 3259 3040 3328 redimere,
3072 3268 3157 3315 est
3183 3251 3428 3316 anteacta
3464 3260 3609 3315 mala
3638 3261 3745 3317 ﬂe-

2149 3346 2291 3401 tibus
2321 3344 2547 3402 diluere.
2581 3348 2713 3403 Cum
2743 3348 2886 3402 enim
2914 3348 3059 3403 male
3100 3348 3337 3420 agimus,
3369 3356 3583 3419 tempus
3612 3365 3749 3420 per-

2150 3435 2327 3490 dimus
2351 3453 2365 3500 ;
2399 3451 2523 3490 eum
2551 3451 2683 3491 vero
2710 3435 2848 3491 mala
2879 3453 3001 3508 quae
3042 3436 3314 3508 gessimus
3343 3452 3442 3508 per
3467 3437 3750 3507 poeniten-

2150 3522 2277 3577 tiam
2307 3524 2680 3592 emendamus,
2714 3532 2766 3579 et
2793 3523 3053 3595 deinceps
3090 3525 3231 3579 bene
3262 3524 3497 3596 agimus,
3528 3533 3750 3598 tempus

2150 3610 2422 3682 perditum
2448 3610 2782 3666 redimimus.
2817 3611 2914 3667 Vel
2946 3611 3306 3679 redimentes,
3340 3612 3395 3667 id
3426 3620 3509 3668 est
3536 3629 3753 3684 praepa-

2151 3707 2335 3753 rantes
2365 3699 2520 3754 vobis
2552 3707 2782 3770 tempus.
2816 3700 2967 3755 Tunc
2995 3699 3139 3754 enim
3168 3708 3383 3772 tempus
3402 3700 3745 3772 redimimus,

2151 3802 2273 3843 cum
2305 3802 2405 3841 nos
2434 3787 2503 3841 ad
2523 3788 2796 3860 agendum
2824 3787 2970 3860 quod
2999 3788 3202 3844 bonum
3221 3787 3320 3844 sed
3347 3788 3575 3844 idoneos
3603 3805 3750 3861 prae-

2151 3890 2427 3946 paramus.
2477 3875 2625 3931 Sicut
2667 3875 2811 3931 enim
2841 3876 2932 3947 qui
2961 3876 3103 3932 male
3131 3876 3265 3949 agit,
3299 3884 3511 3947 tempus
3537 3878 3740 3947 perdit,

2151 3962 2229 4018 sic
2277 3963 2368 4034 qui
2415 3963 2553 4018 bene
2600 3963 2715 4036 agit
2755 3971 2967 4034 tempus
3021 3964 3242 4035 quidem
3288 3964 3469 4030 habet,
3504 3964 3605 4020 sed
3633 3980 3747 4022 non

2152 4051 2406 4116 redimit;
2439 4051 2536 4105 sed
2565 4052 2919 4122 prmparando
2947 4068 3027 4117 se,
3060 4060 3116 4105 ut
3146 4052 3215 4106 sit
3243 4051 3473 4108 idoneus
3502 4052 3573 4107 ad
3603 4052 3745 4109 bene

2151 4139 2446 4211 agendum,
2480 4138 2564 4193 his
2592 4139 3080 4211 praeparationibus
3108 4148 3320 4212 tempus
3350 4140 3624 4196 redimere
3653 4140 3746 4195 di-

2152 4226 2306 4282 citur.
2342 4226 2533 4281 Videte
2562 4234 2620 4282 ut
2649 4235 2803 4283 caute
2831 4228 3139 4295 ambuletis,
3173 4236 3226 4283 et
3254 4235 3467 4299 tempus
3495 4228 3739 4284 redimao

2153 4313 2241 4379 tis,
2272 4314 2537 4386 quoniam
2587 4315 2703 4370 dies
2750 4316 2910 4383 mali,
2944 4315 2998 4369 id
3045 4322 3129 4370 est
3168 4315 3418 4370 homines
3446 4315 3501 4369 in
3549 4316 3745 4372 diebus

2153 4401 2271 4456 istis
2287 4401 2417 4457 mali
2436 4406 2592 4457 sunt.
2624 4403 2691 4456 Et
2705 4408 3003 4473 propterea
3032 4403 3291 4473 quoniam
3311 4403 3428 4459 dies
3447 4403 3577 4458 mali
3598 4390 3743 4472 sunt,

460 4496 692 4563 faciatis,
718 4498 897 4552 nolite
926 4499 1344 4552 communicare
1375 4498 1631 4569 operibus
1665 4497 2047 4561 tenebrarum,
2072 4493 2124 4552 D
2150 4491 2327 4545 nolite
2355 4491 2482 4558 ﬁeri
2510 4491 2915 4562 imprudentes,
2941 4490 2992 4545 id
3013 4497 3095 4545 est
3112 4491 3413 4562 improvide
3425 4500 3740 4564 arguentes,

458 4584 515 4639 id
547 4592 630 4641 est
660 4584 1091 4639 tenebrosorum.
1126 4584 1397 4655 Operibus
1422 4584 1546 4640 dico
1592 4585 1967 4655 infructuosi:
1998 4590 2049 4638 et

455 4672 753 4741 inutilibus,
770 4672 939 4728 nolite
959 4673 1385 4738 communicare,
1400 4672 1497 4728 sed
1520 4674 1700 4743 magis
1723 4672 2048 4742 redarguite

453 4776 622 4832 opera
651 4761 1017 4815 tenebrarum.
1050 4762 1173 4815 Non
1203 4760 1414 4815 debetis
1458 4758 1881 4824 communicare,
1916 4760 2049 4831 quia

455 4848 622 4916 turpe
640 4848 724 4899 est
743 4846 917 4899 etiam
938 4843 1356 4909 dicere,nedum
1376 4845 1564 4913 facere
1581 4858 1647 4897 ea
1667 4858 1790 4913 qua:
1808 4843 1959 4911 ﬁunt
1978 4842 2046 4897 ab

450 4932 593 5004 ipsis
621 4934 683 4987 in
711 4931 945 4987 occulto.
985 4954 1006 4980 α
1044 4930 1149 5000 Qui
1179 4931 1323 4985 enim
1366 4930 1510 4983 male
1553 4929 1667 5001 agit
1711 4929 1885 4984 lucem
1934 4929 2048 4983 odit

450 5019 633 5091 (Joan.
668 5034 748 5085 ιιι,
780 5019 892 5089 20).
921 5040 945 5069 ι
970 5019 1150 5090 Opera
1167 5018 1513 5073 tenebrarum
1531 5016 1863 5089 redarguite.
1887 5016 2046 5072 Modo

451 5106 681 5162 assumit
706 5123 718 5161 :
746 5108 950 5163 Omnia
970 5116 1163 5163 autem
1191 5124 1313 5178 quae
1333 5108 1657 5177 arguuntur
1674 5122 1709 5159 a
1740 5104 2047 5170 lumine,id

449 5202 532 5251 est
586 5195 1057 5266 reprehenduntur
1115 5195 1183 5248 ab
1232 5192 1574 5258 illuminatis,
1633 5191 2047 5247 manifestantur

446 5298 549 5355 per
595 5282 1016 5351 confessionem,
1063 5289 1115 5336 et
1161 5281 1289 5335 dum
1336 5284 1661 5351 arguuntur
1720 5280 1943 5351 poenitet
1984 5296 2045 5335 se

445 5370 589 5427 male
636 5372 839 5443 egisse.
892 5372 961 5425 Et
1004 5369 1134 5443 utile
1183 5376 1266 5423 est
1296 5369 1341 5422 si
1387 5367 1819 5423 manifestantur.
1868 5368 2044 5424 Omne

449 5459 595 5514 enim
642 5441 787 5531 quod
819 5458 897 5515 sic
941 5441 1049 5528 per:
1087 5456 1485 5512 confessionem
1536 5455 1912 5512 manifestatur
1952 5457 2041 5511 lu-

445 5562 572 5605 men
601 5546 768 5603 estid
798 5553 881 5602 est
918 5545 1027 5613 jam
1071 5544 1261 5616 incipit
1304 5561 1425 5601 esse
1456 5545 1510 5600 in
1560 5544 1763 5601 lumine
1798 5544 2037 5615 justitia,

2151 4577 2247 4632 sed
2277 4579 2687 4647 intelligentes,
2710 4578 2763 4632 id
2784 4586 2867 4632 est
2887 4594 2953 4633 ex
2972 4578 3335 4651 intelligentia
3363 4586 3417 4634 et
3446 4579 3744 4636 calliditate

2149 4664 2289 4719 mala
2318 4664 2547 4735 proximi
2596 4665 2969 4736 corripientes.
3002 4667 3413 4737 Intelligentes,
3445 4666 3586 4733 dico,
3620 4685 3743 4740 qua:

2146 4753 2224 4807 sit
2263 4754 2548 4808 voluntas.
2594 4754 2836 4809 Domini.
2861 4754 3123 4809 Voluntas
3152 4755 3294 4809 enim
3324 4753 3426 4810 Dei
3453 4762 3537 4810 est
3564 4755 3744 4826 magis

2146 4839 2416 4895 humiliter
2460 4840 2904 4896 condescendere
2945 4841 3214 4912 proximo,
3249 4857 3412 4913 quam
3438 4842 3607 4897 nimia
3648 4858 3744 4898 as-

2146 4927 2373 4997 peritate
2404 4943 2524 4982 eum
2562 4929 2858 4984 deterrere.
2892 4928 3069 4984 Nolite
3109 4928 3230 4984 fieri
3258 4929 3652 5000 imprudentes,
3686 4936 3742 4987 et

2147 5016 2325 5071 nolite
2353 5016 2630 5072 inebriari
2661 5018 2809 5081 vino,
2845 5018 2908 5072 in
2936 5034 3043 5089 quo
3072 5016 3197 5072 vino
3218 5022 3303 5073 est
3333 5032 3458 5074 cum
3478 5018 3743 5075 ebrietate

2148 5104 2425 5170 luxuria;
2449 5104 2544 5159 sed
2573 5104 2943 5160 inebriamini
2972 5104 3191 5176 Spiritu
3227 5110 3442 5161 sancto.
3475 5104 3635 5174 Quod
3663 5106 3744 5165 sic

2145 5191 2248 5245 ait:
2269 5192 2594 5264 Implemini
2608 5193 2825 5264 Spiritu
2845 5196 3063 5261 sancto,
3085 5193 3371 5265 loquentes
3394 5194 3743 5268 vobismetip-

2143 5279 2240 5345 sis,
2273 5278 2327 5333 id
2357 5287 2440 5333 est
2474 5296 2596 5333 cum
2624 5280 2895 5335 intellectu
2944 5296 3134 5335 eorum
3163 5297 3284 5351 qua:
3332 5280 3609 5351 profertis.
3638 5284 3739 5338 Lo-

2143 5370 2396 5438 quentes,
2410 5366 2553 5433 dico,
2573 5369 2636 5422 in
2662 5369 2919 5440 psalmis.
2956 5367 3201 5422 Psalmus
3221 5368 3420 5424 dicitur
3439 5377 3633 5424 cantus
3648 5369 3735 5427 ille

2143 5454 2237 5525 qui
2277 5461 2425 5510 motu
2468 5470 2724 5510 manuum
2753 5454 2809 5509 tit
2835 5455 2891 5509 in
2936 5455 3295 5510 instrumento
3322 5456 3438 5524 illo,
3471 5458 3619 5529 quod
3648 5459 3735 5514 di-

2142 5542 2283 5599 citur
2310 5541 2648 5618 psalterium.
2681 5543 2835 5603 Unde
2867 5543 2946 5600 sic
2974 5543 3042 5601 ait
3077 5558 3089 5599 :
3120 5546 3427 5616 Loquentes
3469 5545 3535 5600 in
3577 5548 3734 5620 psal-
