3932 6424
170 377 270 433 3ιὸ

771 371 1152 430 EXPOSITIO
1181 372 1257 428 IN
1294 371 1677 430 EPISTOLAS
1724 373 1952 432 PAULI.
1987 405 2056 416 —
2085 375 2161 432 IN
2192 375 2412 434 EPIST.
2462 377 2559 433 AD
2604 377 2853 434 EPHES.

3368 381 3474 437 3L6

170 499 294 566 mis,
349 496 408 552 id
456 504 539 553 est
585 496 640 551 in
690 495 772 552 his
802 512 926 568 quae
953 495 1226 566 pertinent
1256 495 1327 551 ad
1355 496 1769 553 instructionem
1793 500 1845 560 Α
1873 515 2020 554 sum.
2074 500 2224 555 Uxor
2271 499 2415 555 enim
2463 517 2584 556 cara
2628 500 2728 556 viri
2776 509 2877 568 est,
2924 509 2978 557 et
3005 501 3134 558 ideo
3162 501 3323 559 debet
3353 519 3477 559 eam

170 585 537 643 mortalitatis.
569 587 880 658 Loquentes
925 587 990 640 in
1030 584 1276 657 hymnis.
1309 585 1555 655 Hymnus
1584 585 1780 642 dicitur

171 676 288 731 laus
315 674 416 730 Dei
447 690 574 730 cum
603 674 851 739 cantico;
887 674 1120 743 hymnos
1151 673 1316 729 etiam
1347 673 1438 729 hic
1480 681 1659 742 vocat,
1693 673 1779 730 vel

171 763 360 819 laudes
387 762 489 818 Dei
520 762 607 817 vel
637 770 794 834 gesta
823 769 1137 817 sanctorum
1167 761 1419 816 similiter
1443 762 1515 816 ad
1544 761 1779 832 gloriam

173 851 290 907 Dei.
315 854 629 923 Loquentes
650 851 812 906 etiam
833 852 896 906 in
917 850 1161 906 canticis
1194 851 1572 922 spiritalibus.
1598 850 1780 905 Canti-

169 955 287 996 cum
342 939 543 996 dicitur
587 938 875 994 exsultatio
904 939 973 993 de
1002 938 1210 994 caelesti
1241 939 1406 1004 bono,
1440 947 1495 994 et
1548 938 1674 994 ideo
1705 938 1780 995 ait

169 1027 502 1099 spiritalibus
537 1042 550 1082 :
611 1027 808 1099 quibus
865 1025 1094 1082 canticis
1123 1026 1358 1082 maxime
1404 1034 1624 1082 utuntur
1651 1044 1778 1084 mo-

169 1117 346 1182 nachi,
378 1124 608 1188 agentes
638 1115 712 1170 ibi
743 1115 799 1169 in
846 1113 1121 1170 desiderio
1150 1114 1347 1171 futurae
1395 1115 1767 1171 beatitudinis.

171 1206 290 1262 Non
312 1206 491 1261 solum
520 1220 648 1261 cum
679 1203 959 1260 intellectu
990 1200 1278 1276 loquente‘s
1317 1204 1581 1274 psalmos,
1613 1205 1774 1276 hym-

169 1310 286 1365 nos,
316 1294 548 1359 cantica,
601 1293 701 1349 sed
754 1292 918 1349 etiam
947 1301 1240 1364 operantes
1271 1294 1418 1364 quod
1447 1294 1766 1365 loquuntur.

172 1381 329 1452 Quod
379 1382 459 1438 sic
500 1383 618 1438 ait:
656 1381 968 1438 Cantantes
1011 1381 1068 1435 in
1119 1381 1335 1452 hymnis
1379 1386 1436 1436 et
1464 1382 1774 1451 canticis,et

166 1472 500 1543 psallentes,
535 1470 591 1525 id
613 1478 696 1525 est
716 1470 858 1526 bene
878 1478 1170 1541 operantes
1207 1469 1260 1523 in
1279 1469 1526 1540 psalmis.
1547 1471 1776 1527 Cantare

175 1561 230 1614 in
284 1559 504 1631 hymnis
562 1566 615 1614 et
644 1558 866 1615 canticis
922 1573 1021 1630 pro
1053 1559 1219 1614 modo
1275 1574 1376 1614 suo
1405 1559 1622 1629 operari
1669 1567 1772 1615 est.

179 1648 489 1705 Cantantes
543 1648 688 1716 dico,
719 1651 778 1703 et
814 1649 1128 1720 psallentes
1168 1649 1405 1704 Domino
1425 1649 1490 1703 in
1517 1649 1774 1704 cordibus

170 1737 388 1802 vestris,
421 1736 477 1792 id
507 1744 590 1791 est
611 1752 677 1792 ex
701 1736 994 1792 dilectione
1015 1751 1126 1792 non
1144 1736 1298 1808 quasi
1323 1736 1518 1803 coacti;
1541 1741 1773 1806 agentes

1880 585 2134 658 diligere.
2195 589 2364 644 Nemo
2409 592 2564 644 enim
2585 606 2838 662 unquam
2871 590 3072 646 habuit
3100 591 3225 648 odio
3244 607 3477 648 carnem

1878 690 2064 740 suam,
2110 677 2206 731 sed
2250 677 2441 732 nutrit
2472 677 2627 742 cibis,
2673 682 2731 734 et
2766 681 2916 749 fovet
2951 695 3078 735 eam
3107 679 3472 736 vestimentis.

1878 763 2144 833 Martyres
2201 764 2366 819 etiam
2422 765 2513 837 qui
2587 781 2782 821 carnes
2839 771 2967 822 sua’s
3023 767 3360 824 tradiderunt
3411 768 3480 824 ad

1877 849 2082 923 ignem,
2117 851 2371 908 dicentur
2400 853 2660 910 dilexisse
2699 870 2942 921 carnem,
2974 855 3105 910 dum
3134 873 3255 912 eam
3284 857 3479 912 volue-

1871 946 2002 998 runt
2032 939 2146 1010 pati
2166 940 2235 995 ad
2266 941 2478 1008 horam,
2513 949 2569 996 ut
2598 942 2678 998 sic
2706 943 3076 1015 requiesceret
3105 944 3159 999 in
3192 953 3476 1012 aeternum,

1879 1026 2029 1082 Sicut
2083 1027 2333 1084 infirmus
2383 1029 2476 1101 qui
2519 1045 2744 1086 carnem
2789 1046 2944 1086 suam
2975 1032 3189 1088 medico
3219 1033 3384 1088 tradit
3408 1035 3480 1090 ad

1877 1115 2164 1184 urendum,
2217 1125 2271 1173 et
2327 1118 2644 1186 secandum,
2693 1127 2752 1174 ut
2795 1136 2896 1191 per
2940 1121 3291 1192 asperitatem
3319 1122 3482 1178 unius

1875 1203 1982 1259 diei
2031 1205 2232 1260 habeat
2275 1206 2441 1276 longo
2485 1215 2735 1279 tempore
2767 1208 3007 1280 quietam
3035 1209 3318 1266 sanitatem
3347 1225 3480 1268 cor-

1873 1292 2043 1362 poris.
2077 1294 2257 1348 Nutrit
2285 1294 2410 1351 dico
2442 1303 2494 1351 et
2521 1295 2686 1363 fovet,
2727 1300 2879 1353 sicut
2911 1299 3175 1378 Christus
3220 1299 3388 1354 nutrit
3427 1306 3483 1356 et

1875 1379 2022 1436 fovet
2051 1382 2361 1439 Ecclesium
2383 1384 2591 1440 scilicet
2613 1400 2714 1440 nos
2734 1386 2827 1458 qui
2846 1387 3093 1442 Ecclesia
3115 1388 3231 1456 ejus
3251 1404 3439 1442 sumus
3462 1405 3478 1455 ;

1874 1467 2000 1524 ideo
2028 1469 2198 1524 nutrit
2217 1487 2339 1538 nos,
2372 1472 2672 1528 Ecclesiam
2706 1489 2884 1542 suam,
2915 1493 3026 1548 qua
3053 1492 3250 1531 sumus
3295 1493 3480 1532 mem-

1874 1556 1975 1612 bra
2006 1561 2257 1631 corporis
2281 1562 2404 1633 ejus
2435 1561 2659 1630 Christi,
2702 1562 2757 1616 id
2784 1571 2865 1618 est
2895 1563 3177 1620 Ecclesiae.
3210 1564 3325 1619 Nos
3355 1565 3481 1621 dico

1873 1645 2175 1702 existentes
2234 1647 2456 1720 quidam
2504 1650 2571 1705 de
2627 1666 2802 1707 carne
2859 1654 2999 1721 eius.
3031 1651 3098 1706 Hi
3127 1659 3254 1707 sunt
3281 1651 3482 1707 inﬁrmi

1873 1733 2053 1789 minus
2083 1734 2250 1791 fortes
2279 1736 2335 1791 in
2367 1737 2637 1794 Ecclesia.
2673 1737 2907 1808 Quidam
2936 1755 3067 1796 vero
3094 1740 3394 1796 existentes
3413 1741 3481 1797 de

172 1825 331 1882 etiam
368 1826 586 1898 gratias
605 1841 829 1897 semper
859 1826 974 1880 Deo
1004 1833 1059 1880 et
1087 1825 1247 1891 Patri,
1283 1825 1376 1896 qui
1406 1832 1458 1880 et
1486 1824 1690 1881 creavit
1717 1833 1770 1881 et
1798 1853 1851 1915 Β
1873 1824 2087 1878 ossibus
2135 1827 2277 1895 ejus,
2328 1825 2383 1879 id
2413 1833 2496 1880 est
2542 1827 2611 1882 de
2643 1826 3040 1883 robustioribus
3085 1827 3142 1882 in
3185 1829 3471 1915 Ecclesia.

169 1913 372 1988 diligit.
402 1913 628 1970 Gratias
657 1913 781 1970 dico
827 1929 928 1986 pro
955 1915 1213 1971 omnibus
1245 1929 1344 1969 seu
1374 1913 1638 1983 adversis,
1672 1930 1769 1969 seu
1798 1909 1843 1915 ”
1873 1909 2123 1966 Christus
2177 1927 2397 1968 carnem
2457 1914 2667 1983 habuit,
2740 1916 3045 1972 secundum
3109 1914 3480 1972 inﬁrmitatem

169 2002 470 2074 prosperis.
503 2003 748 2074 Agentes
779 2001 905 2057 dico
934 2004 997 2057 in
1026 2001 1276 2068 nomine,
1297 2002 1352 2056 id
1374 2010 1457 2057 est
1475 2002 1546 2057 ad
1568 2000 1770 2074 gloriﬁ-
1871 2000 2025 2069 cujus
2045 2000 2279 2056 taedebat
2311 2009 2365 2057 et
2395 2003 2648 2074 pavebat.
2703 2004 2902 2059 Habuit
2929 2020 3079 2072 ossa,
3110 2005 3166 2060 id
3197 2013 3280 2060 est
3308 2005 3478 2062 ratio-

169 2091 401 2147 candum
420 2105 620 2146 nomen
643 2091 865 2145 Domini
886 2091 1071 2146 nostri
1091 2093 1222 2146 Jesu
1245 2091 1471 2146 Christi.
1493 2091 1603 2145 Vos
1622 2091 1766 2158 dico,
1871 2103 1999 2142 nem
2033 2090 2336 2145 secundum
2369 2108 2532 2163 quam
2563 2092 2782 2149 dicebat
2815 2109 2828 2148 :
2867 2115 2889 2144 ι
2934 2093 3166 2165 Spiritus
3193 2102 3480 2166 promptus

170 2180 407 2252 subjecti
427 2179 671 2235 invicem
699 2179 839 2234 alter
867 2178 1023 2234 alteri
1052 2180 1115 2234 in
1147 2179 1369 2244 timore,
1402 2178 1457 2232 id
1487 2187 1570 2234 est
1598 2178 1655 2233 in
1679 2179 1768 2234 di-
1871 2183 1954 2230 est
1984 2177 2208 2245 (Matth.
2243 2193 2404 2243 xxvr,
2456 2182 2574 2252 41).
2613 2205 2636 2230 η
2668 2181 2759 2237 Sic
2796 2181 2960 2237 hodie
2989 2182 3044 2236 in
3072 2181 3323 2238 Ecclesia
3353 2183 3478 2254 qui-

172 2267 404 2324 lectione
438 2267 676 2323 Christi.

241 2357 533 2428 Postquam
563 2357 681 2411 haec
700 2364 978 2426 praecepta
1005 2356 1059 2410 in
1079 2355 1298 2427 publico
1319 2355 1488 2423 dedit,
1512 2355 1771 2412 admonet

172 2445 460 2515 separatim
519 2461 683 2500 sexus
713 2453 765 2500 et
793 2445 1155 2512 conditiones,
1187 2446 1462 2516 quomodo
1493 2446 1769 2502 cohaerere

175 2533 371 2589 debent
398 2533 536 2588 alter
565 2533 743 2588 alteri.
775 2531 972 2588 Littera
1009 2534 1087 2590 sic
1126 2534 1376 2606 jungitur
1404 2551 1417 2588 :
1469 2534 1606 2590 Dico
1635 2536 1769 2590 sub-

164 2622 303 2692 jecti
333 2629 508 2677 estote
540 2623 800 2689 invicem,
825 2623 924 2677 sed
943 2623 1212 2679 mulieres
1232 2622 1339 2677 alio
1360 2638 1562 2693 genere
1583 2623 1770 2692 subje-

172 2710 361 2765 ctionis
389 2711 627 2766 subdita:
655 2711 928 2767 sintviris
959 2712 1097 2778 suis,
1135 2711 1207 2765 ita
1231 2711 1464 2766 subditae
1493 2713 1644 2767 sicut
1664 2713 1771 2768 Do-

174 2801 344 2855 mino.
397 2799 528 2854 Ideo
559 2799 690 2854 viris
734 2799 1091 2868 subjiciantur
1117 2807 1174 2854 ut
1201 2799 1456 2866 Domino,
1493 2801 1758 2872 quoniam

175 2887 259 2941 vir
285 2891 462 2958 caput
496 2927 510 2955 ,
542 2887 597 2941 id
629 2895 710 2942 est
739 2895 919 2943 rector
947 2892 1033 2944 est
1049 2895 1103 2942 et
1130 2888 1456 2958 principium
1485 2890 1766 2957 mulieris,

171 2976 317 3031 sicut
338 2980 398 3031 et
418 2975 675 3031 Christus
685 2981 857 3048 caput
876 2983 960 3031 est
975 2977 1256 3044 Ecclesiae,
1271 2976 1633 3047 gubernando
1649 2992 1773 3031 eam

175 3077 332 3133 quam
391 3063 646 3118 formavit
675 3065 744 3120 de
771 3064 937 3120 latere
968 3080 1086 3119 suo.
1147 3063 1296 3120 Sicut
1341 3065 1485 3120 enim
1523 3065 1592 3120 de
1621 3073 1774 3120 costa

177 3152 274 3206 viri
328 3152 530 3207 mulier
585 3153 743 3223 (Cen.
790 3168 848 3217 ιι,
899 3157 988 3218 2t,
1022 3154 1135 3223 22),
1171 3152 1250 3209 sic
1280 3153 1348 3208 de
1375 3153 1546 3209 latere
1573 3154 1773 3209 Christi

173 3239 440 3296 Ecclesia.
470 3243 596 3314 Ipse
624 3241 786 3296 etiam
815 3241 1064 3296 Christus
1101 3243 1352 3299 salvator
1397 3251 1481 3297 est
1526 3244 1772 3314 corporis

172 3330 306 3399 ejus,
339 3330 394 3384 id
426 3338 511 3384 est
540 3330 822 3398 Ecclesiae,
865 3345 989 3386 cum
1039 3329 1185 3386 enim
1223 3329 1416 3397 salvat;
1441 3331 1537 3385 sed
1569 3331 1651 3385 vir
1677 3347 1766 3387 re-

175 3433 307 3489 gere
335 3419 560 3491 quidem
606 3427 785 3490 potest
814 3419 1124 3485 mulierem,
1168 3419 1267 3475 sed
1297 3420 1518 3475 salvare
1548 3419 1761 3491 nequit.

172 3505 239 3560 Et
266 3506 392 3564 licet
422 3507 477 3562 in
507 3508 610 3563 hoc
641 3506 912 3572 differant,
950 3509 1098 3580 quod
1117 3508 1368 3563 Christus
1384 3508 1558 3564 salvat
1585 3508 1772 3564 Eccle-

172 3594 325 3662 siam,
355 3596 438 3651 vir
494 3611 605 3651 non
632 3595 800 3651 salvat
828 3597 1111 3652 mulierem
1137 3615 1151 3663 ;
1187 3605 1368 3653 tamen
1398 3612 1507 3652 non
1537 3605 1768 3668 propte-

171 3698 255 3738 rea
286 3684 468 3739 minor
497 3683 565 3739 sit
596 3684 882 3753 subjectio.
918 3685 1026 3740 Sed
1056 3687 1207 3742 sicut
1235 3687 1489 3742 Ecclesia
1514 3686 1770 3757 subjecta

170 3775 249 3826 est
282 3771 524 3839 Christo,
559 3774 642 3828 ita
672 3777 728 3829 et
761 3774 1032 3829 mulieres
1061 3775 1326 3846 subjectae
1345 3775 1467 3830 sint
1488 3776 1628 3830 viris
1649 3777 1768 3830 suis

169 3862 229 3915 in
247 3862 508 3916 omnibus
539 3877 660 3932 quae
698 3869 932 3932 oportet.
975 3861 1232 3917 Mulieres
1277 3863 1578 3917 subdantur
1597 3863 1758 3919 viris.

173 3949 278 4004 Vos
292 3958 475 4005 autem
507 3951 617 4005 viri
635 3965 742 4005 non
766 3951 890 4006 dico
908 3957 1078 4006 estote
1098 3950 1300 4006 subditi
1316 3951 1648 4018 mulieribus,
1669 3952 1768 4008 sed

85 4087 102 4107 ,
170 4037 382 4108 diligite
403 4055 614 4095 uxores
637 4043 852 4094 vestras
875 4059 893 4105 ;
926 4055 1028 4095 nec
1055 4055 1267 4110 parum,
1300 4041 1397 4096 sed
1418 4042 1572 4097 sicut
1602 4041 1766 4096 Chri-

167 4129 282 4182 stus
293 4127 674 4183 dilexit25
691 4127 750 4184 1
773 4129 1100 4183 Ecclesium.
1119 4127 1509 4200 Dilexitutique
1529 4148 1543 4194 ;
1558 4138 1610 4184 et
1623 4130 1767 4184 enim

173 4216 406 4270 tradidit
437 4217 684 4288 seipsum
719 4216 1034 4272 in‘mortem
1054 4235 1155 4289 pro
1175 4233 1260 4283 ea,
1287 4221 1350 4272 ut
1378 4218 1766 4286 sanctiﬁcaret

171 4303 328 4357 illam
356 4322 390 4359 a
411 4305 676 4375 peccatis,
707 4306 996 4360 mandans
1042 4322 1168 4361 eam
1200 4307 1424 4362 lavacro
1455 4324 1632 4379 aqum.
1669 4307 1766 4363 Hic

169 4404 355 4461 aquam
404 4393 645 4448 ostendit
691 4394 1057 4449 necessariam
1107 4394 1459 4450 absolutioni.
1500 4396 1766 4450 Mundans

170 4477 287 4535 dico
331 4482 394 4536 in
453 4481 636 4537 verbo.
672 4482 910 4536 Verbum
959 4482 1090 4538 dicit
1134 4483 1496 4553 prolationem
1526 4484 1762 4539 Trinita-

1870 2258 1999 2313 dam
2057 2275 2208 2330 caro,
2276 2263 2498 2335 quidam
2557 2280 2686 2320 ossa
2742 2265 3014 2322 dicuntur.
3076 2267 3136 2321 In
3185 2267 3289 2323 hoc
3319 2267 3482 2322 etiam

1870 2348 2043 2403 verbo
2097 2349 2258 2405 mittit
2314 2367 2415 2406 nos
2474 2353 2544 2408 ad
2589 2354 2824 2424 primam
2873 2354 3227 2422 creationem,
3261 2356 3478 2428 quando

1870 2436 2044 2490 Adam
2065 2437 2260 2494 videns
2308 2440 2478 2495 Evam
2527 2449 2764 2497 creatam
2791 2442 2866 2497 ait
2900 2461 2914 2497 :
2943 2465 2966 2493 ι
3000 2443 3116 2499 Hoc
3143 2460 3287 2499 nunc
3315 2459 3380 2499 os
3407 2443 3478 2499 de

1871 2524 2091 2580 ossibus
2121 2526 2281 2593 meis,
2320 2536 2372 2582 et
2398 2543 2526 2584 caro
2556 2529 2625 2585 de
2656 2545 2823 2586 carne
2852 2547 2975 2587 mea
3003 2531 3167 2602 (Gen.
3202 2547 3262 2598 ιι,
3293 2533 3413 2601 23).
3449 2556 3472 2580 ιι

1871 2615 2118 2684 Propter
2152 2616 2273 2686 hoc,
2310 2616 2434 2688 quia
2454 2632 2588 2673 uxor
2609 2633 2740 2674 caro
2759 2619 2861 2676 viri
2881 2627 2983 2685 est,
3007 2621 3291 2694 relinquet
3315 2622 3476 2678 homo

1869 2705 2097 2772 patrem
2120 2707 2176 2758 et
2196 2709 2442 2761 matrem
2462 2723 2647 2773 suam,
2664 2711 2721 2763 et
2742 2707 3050 2765 adhaerebit
3066 2709 3237 2766 uxori
3255 2726 3391 2776 suae,
3417 2712 3476 2766 et

1872 2794 2045 2845 erunt
2075 2791 2202 2859 duo,
2255 2792 2340 2848 vir
2368 2801 2422 2848 et
2451 2809 2608 2860 uxor,
2640 2796 2704 2850 in
2745 2812 2920 2852 carne
2965 2813 3103 2852 una.
3147 2798 3279 2852 Cum
3309 2798 3475 2853 homo

1873 2893 1998 2933 caro
2027 2878 2097 2933 sit
2127 2879 2302 2951 patris
2338 2889 2392 2936 et
2420 2882 2609 2937 matris
2639 2883 2694 2937 in
2723 2899 2910 2954 carne,
2944 2901 3176 2956 quorum
3204 2885 3474 2957 originem

1875 2965 2312 3042 habuit;magis
2355 2970 2555 3026 dicitur
2602 2971 2684 3027 vir
2712 2987 2843 3028 caro
2889 2973 3154 3044 mulieris,
3187 2983 3241 3030 et
3267 2989 3472 3030 secun-

1874 3055 2002 3109 dum
2059 3064 2308 3112 naturam
2357 3059 2666 3126 creationis,
2719 3078 2841 3134 qua:
2869 3062 2939 3118 de
2969 3061 3088 3118 viro
3129 3063 3325 3118 mulier
3355 3062 3473 3118 for-

1874 3151 2018 3198 mata
2051 3152 2152 3200 est.
2186 3147 2253 3202 Et
2283 3148 2584 3204 secundum
2642 3150 2752 3205 vim
2795 3150 2938 3205 illius
2967 3151 3365 3220 conjunctionis
3418 3151 3476 3207 in

1872 3248 1978 3304 qua
2017 3233 2341 3291 mirabiliter
2388 3245 2672 3293 transeunt
2710 3240 2765 3293 in
2813 3239 3072 3296 unitatem
3101 3240 3303 3305 carnis,
3335 3240 3476 3296 adeo

1873 3328 1931 3374 ut
1950 3321 2133 3378 dicant
2161 3324 2376 3395 physici
2424 3327 2589 3396 quod,
2623 3327 2669 3382 si
2718 3328 2945 3399 sanguis
2994 3328 3098 3384 viri
3129 3337 3182 3384 et
3209 3328 3470 3396 mulieris,

1871 3409 1964 3480 qui
1994 3411 2292 3467 carnaliter
2335 3415 2608 3470 commisti
2653 3415 2778 3483 sint,
2811 3417 2868 3471 in
2897 3417 3088 3473 eodem
3122 3433 3249 3497 vase
3296 3433 3474 3489 pona—

1873 3503 1976 3564 tur,
2037 3499 2446 3557 indivisibiliter
2499 3503 2898 3560 commiscetur.
2942 3505 3000 3562 Si
3065 3522 3198 3562 vero
3245 3505 3475 3578 sanguis

1871 3601 2060 3641 eorum
2111 3589 2204 3660 qui
2240 3605 2356 3644 rem
2406 3591 2566 3646 simul
2609 3608 2719 3647 non
2757 3593 3062 3660 habuerint,
3096 3593 3344 3650 similiter
3367 3609 3474 3666 po-

1869 3682 2046 3744 natur,
2099 3692 2208 3733 non
2259 3678 2340 3734 sic
2390 3679 2742 3751 admiscetur,
2771 3683 2868 3737 sed
2899 3682 3122 3754 sanguis
3153 3682 3254 3740 viri
3285 3699 3384 3754 per
3411 3699 3473 3740 se

1871 3771 1924 3817 et
1951 3764 2217 3832 mulieris,
2270 3766 2408 3823 sicut
2435 3777 2560 3824 ante
2604 3770 2690 3825 vel
2720 3779 2844 3842 post
2881 3771 3115 3843 positum
3147 3779 3249 3839 est,
3281 3787 3471 3827 rema-

1870 3860 1983 3908 net.
2033 3854 2332 3926 Propterea
2368 3857 2496 3929 quia
2543 3873 2652 3914 una
2682 3875 2810 3915 caro
2849 3868 2994 3927 sunt,
3026 3859 3110 3915 vir
3138 3859 3301 3916 debet
3327 3876 3468 3916 uxo-

1869 3956 1992 3996 rem
2048 3941 2294 4014 diligere.
2344 3946 2612 4002 Praeterea
2640 3947 2764 4004 ideo
2795 3948 2922 4021 quia
2942 3950 3064 4017 hoc,
3087 3949 3145 4004 id
3186 3957 3270 4004 est
3298 3947 3468 4006 relin-

1869 4039 1998 4102 quet
2025 4031 2189 4088 homo
2218 4041 2445 4104 patrem,
2478 4043 2608 4104 etc.,
2631 4041 2719 4092 est
2751 4054 3042 4110 magnum,
3073 4037 3128 4093 id
3149 4045 3233 4094 est
3251 4054 3469 4111 magna:

1868 4119 1950 4175 rei
1968 4126 2415 4179 sacramentum.
2433 4122 2592 4193 Quod
2609 4125 2754 4180 enim
2772 4126 2848 4180 ait
2860 4146 2878 4182 :
2895 4128 3192 4200 Relinquat
3203 4128 3364 4184 homo
3372 4145 3470 4200 pa-

1871 4212 2038 4277 trem,
2071 4209 2348 4282 signiﬁcat
2379 4211 2572 4267 Filium
2603 4213 2703 4269 Dei
2743 4215 3031 4286 reliquisse
3069 4216 3305 4284 Patrem,
3337 4216 3466 4270 dum

1865 4295 1969 4366 ipsi
2001 4313 2102 4367 per
2126 4305 2380 4353 naturam
2411 4300 2624 4355 deitatis
2653 4302 2940 4358 invisibilis
2982 4303 3122 4358 sicut
3149 4304 3326 4371 Pater,
3362 4304 3468 4359 sub

1866 4384 2045 4440 forma
2099 4387 2245 4441 servi
2297 4388 2533 4458 praebuit
2561 4405 2620 4445 se
2661 4390 2954 4447 visibilem.
3004 4390 3242 4463 Reliquit
3269 4391 3464 4448 iterum

1865 4481 2116 4540 matrem,
2150 4474 2206 4529 id
2234 4483 2318 4530 est
2368 4477 2722 4551 Synagogam
2752 4479 2806 4532 in
2839 4494 2947 4551 qua
2974 4480 3211 4534 nutritus
3241 4489 3378 4545 erat,
3409 4489 3464 4536 et

171 4566 254 4621 tis.
288 4569 468 4624 Verbo
498 4569 625 4626 dico
673 4571 823 4638 vita,
857 4570 910 4624 id
950 4579 1033 4626 est
1063 4571 1116 4625 in
1149 4588 1258 4643 quo
1291 4572 1471 4628 Verbo
1498 4573 1763 4644 accipitur
1782 4562 1834 4622 D
1865 4563 2096 4618 adhaesit
2121 4563 2275 4618 uxori
2305 4581 2436 4632 sum,
2466 4566 2518 4621 id
2551 4575 2634 4622 est
2659 4567 2922 4624 Ecclesia:
2941 4583 3104 4640 quam
3135 4568 3240 4623 sibi
3259 4569 3462 4625 annulo

172 4655 274 4711 vita
299 4658 540 4727 justitiaz.
602 4659 702 4714 Vel
733 4659 914 4714 Verbo
941 4658 1083 4726 vitae,
1119 4659 1174 4714 id
1213 4669 1296 4714 est
1339 4661 1556 4716 Christo
1587 4661 1676 4732 qui
1706 4662 1762 4716 in

171 4743 433 4816 baptismo
465 4748 636 4802 vitam
667 4747 826 4802 nobis
857 4747 1120 4816 justititias
1150 4749 1402 4804 restituit.
1435 4749 1761 4807 Sanctifica-

172 4841 248 4888 ret
275 4833 397 4890 ideo
428 4840 496 4891 ut
526 4836 578 4889 in
609 4835 698 4890 die
727 4836 1032 4906 nuptiarum
1064 4836 1180 4907 ipse
1209 4836 1318 4893 sibi
1335 4839 1633 4895 exhiberet
1654 4842 1761 4896 Ec-

171 4922 410 4990 clesiam,
472 4925 676 4980 decore
711 4924 964 4980 virtutum
984 4927 1303 4996 gloriosam,
1329 4943 1444 4982 non
1464 4927 1762 4984 habentem

171 5013 466 5076 macula-ns,
493 5012 548 5068 id
571 5020 655 5068 est
682 5013 882 5085 aliquid
905 5013 1206 5082 criminale,
1237 5020 1340 5070 aut
1362 5011 1582 5088 rugam;
1605 5016 1659 5070 id
1680 5024 1764 5072 est

169 5095 503 5157 dolositatem
527 5117 539 5155 :
572 5106 676 5157 aut
705 5103 920 5174 aliquid
951 5104 1244 5173 ejusmodi,
1271 5105 1417 5175 quod
1446 5105 1533 5160 vel
1551 5106 1758 5161 macula

177 5184 412 5244 videatur
471 5206 599 5246 esse
643 5190 730 5245 vel
783 5190 960 5258 dolus,
1000 5192 1098 5247 sed
1147 5197 1211 5248 ut
1240 5195 1317 5248 sit
1347 5198 1570 5258 sancta,
1604 5194 1759 5266 posi-

176 5272 307 5330 tione
337 5279 612 5346 virtutum,
638 5283 697 5336 et
721 5287 776 5334 ut
805 5282 881 5336 sit
911 5283 1308 5349 immaculata,
1344 5283 1644 5339 remotione
1673 5283 1759 5338 vi-

177 5359 375 5422 tiorum.

243 5451 384 5510 Sicut
411 5457 658 5512 Christus
679 5458 1000 5526 Ecclesiam,
1024 5461 1109 5514 ita
1128 5459 1372 5532 diligant
1393 5462 1500 5517 viri
1519 5477 1756 5526 uxores;

177 5535 240 5591 ita
267 5543 423 5599 etiam
453 5546 657 5602 debent
685 5547 917 5620 diligere
947 5552 1014 5603 ut
1041 5563 1274 5621 corpora
1297 5567 1420 5606 sua.
1457 5550 1685 5606 Vereita
1699 5559 1760 5606 ut

133 5702 144 5714 .
178 5635 412 5700 corpora.
440 5631 549 5699 Qui
559 5632 713 5688 enim
729 5633 929 5706 attigit
946 5649 1110 5689 suam
1127 5634 1601 5706 uxorem,'diligit
1612 5635 1757 5710 seip-

1867 4649 1993 4707 fidei
2049 4653 2422 4724 desponsavit.
2472 4656 2608 4721 lloc,
2641 4656 2879 4728 inquam,
2914 4665 2997 4713 est
3027 4666 3451 4714 sacramentum.

1864 4741 1974 4813 Ego
2003 4747 2195 4798 autem
2225 4743 2346 4800 dico
2394 4760 2507 4800 rem
2565 4745 2724 4815 hujus
2778 4746 3102 4802 sacramenti
3131 4746 3367 4802 existere
3396 4747 3459 4802 in

1868 4830 2108 4896 Christo,
2139 4836 2196 4887 et
2226 4833 2287 4887 in
2319 4833 2587 4900 Ecclesia,
2623 4835 2763 4890 sicut
2819 4835 3022 4891 dictum
3052 4843 3154 4891 est.
3189 4835 3247 4892 Si
3278 4835 3459 4891 omnis

1864 4918 1968 4974 alia
1999 4935 2166 4976 causa
2194 4919 2247 4975 in
2279 4923 2538 4996 conjugio
2567 4933 2831 4992 cessaret,
2866 4924 3252 4981 celebrandum
3273 4931 3458 4980 tamen

1863 5015 2009 5063 esset
2058 5024 2162 5080 pro
2209 5010 2328 5066 sola
2383 5012 2648 5083 dignitate
2680 5013 2760 5068 rei
2792 5014 2946 5083 cujus
2986 5013 3167 5084 ﬁgura
3198 5021 3305 5069 est.
3346 5014 3457 5070 Sed

1862 5095 1989 5152 licet
2019 5113 2106 5152 res
2163 5099 2323 5168 hujus
2378 5101 2710 5157 sacramenti
2739 5102 2793 5156 in
2825 5103 3042 5158 Christo
3073 5111 3278 5158 tantum
3311 5103 3378 5158 sit
3406 5113 3459 5160 et

1860 5183 1917 5239 in
1945 5186 2214 5255 Ecclesia,
2251 5203 2361 5244 non
2389 5189 2445 5242 in
2474 5189 2590 5245 viro
2618 5198 2672 5246 et
2700 5191 2950 5261 muliere,
2985 5195 3379 5248 verumtamen
3399 5197 3458 5249 et

1861 5289 1953 5329 vos
1979 5275 2214 5346 singuli,
2250 5292 2360 5332 non
2392 5277 2482 5332 ille
2511 5295 2738 5334 uxorem
2761 5280 3012 5351 proximi,
3039 5281 3137 5337 sed
3159 5283 3459 5353 unusquis-

1860 5379 1964 5435 que
1995 5363 2196 5435 diligat
2225 5381 2389 5421 suam
2409 5367 2555 5423 sicut
2574 5368 2843 5440 seipsum;
2863 5386 3012 5426 uxor
3033 5374 3225 5426 autem
3241 5384 3352 5425 non
3374 5386 3458 5425 so-

1858 5450 1970 5505 lum
1999 5452 2206 5526 diligat,
2239 5455 2334 5509 sed
2358 5454 2523 5510 etiam
2557 5457 2756 5512 timeat
2792 5459 2980 5514 virum
3010 5475 3204 5514 suum.
3240 5458 3331 5516 Sic
3353 5459 3455 5516 viri

1859 5540 1930 5594 ad
1959 5556 2180 5608 uxores,
2214 5550 2268 5598 et
2295 5558 2492 5602 uxores
2516 5560 2577 5599 se
2606 5545 2840 5601 habeant
2869 5546 2938 5600 ad
2973 5546 3137 5603 viros.
