3932 6414
446 361 552 417 διτ

1057 549 1284 605 CAPUT
1333 551 1401 605 Vl
1416 592 1428 605 .

529 687 730 753 «Filii,
788 688 1004 743 obedite
1061 692 1372 760 parentibus
1439 691 1634 745 vestris
1685 692 1738 744 in
1811 691 2042 746 Domino

468 796 490 819 ι
527 774 663 843 (Col.
699 791 777 840 ιιι,
824 780 916 845 20)
939 797 956 832 :
987 779 1091 833 hoc
1141 779 1285 832 enim
1323 780 1525 848 justum
1555 788 1657 835 est.
1691 781 1908 834 Honora
1940 793 2042 849 pa-

461 885 482 906 ει
516 869 648 916 trem
681 871 849 927 tuum,
900 873 953 919 et
982 875 1209 920 matrem
1252 875 1414 931 tuam,
1449 867 1591 938 quod
1621 876 1699 921 est
1730 867 2041 921 mandatum

461 972 482 993 -
518 950 753 1020 primum
781 951 835 1005 in
866 954 1247 1023 promissione,
1282 963 1337 1008 ut
1366 955 1502 1009 bene
1518 955 1581 1008 sit
1605 955 1720 1021 tibi,
1747 964 1797 1009 et
1825 955 2040 1009 sislon-

455 1061 475 1082 ιι
515 1055 701 1107 gaavus
751 1056 919 1112 super
965 1050 1161 1096 terram
1193 1044 1391 1112 (Exod.
1436 1058 1534 1110 xx,
1565 1048 1658 1108 12;
1695 1046 1841 1098 Eccl.
1863 1059 1942 1108 Ill,
1968 1048 2038 1109 9;

455 1149 477 1171 α
517 1127 708 1183 Matth.
738 1143 834 1197 xv,
861 1130 940 1196 4).
970 1130 1211 1186 252
1240 1132 1307 1184 Et
1337 1147 1434 1185 vos
1457 1139 1641 1202 patres
1663 1132 1826 1186 nolite
1849 1132 1915 1185 ad
1940 1132 2042 1184 ira-

455 1237 475 1259 ιι
511 1215 760 1269 cundiam
774 1232 1074 1286 provocare
1105 1217 1242 1272 filios
1270 1227 1513 1273 vestros:
1550 1220 1645 1272 sed
1676 1220 1900 1273 educate
1921 1219 2040 1273 illos

455 1325 476 1347 α
514 1303 568 1356 in
597 1303 887 1374 disciplina
919 1314 967 1359 et
999 1307 1344 1376 corruptione
1368 1307 1600 1360 Domini.
1627 1307 1798 1371 Servi,
1825 1307 2040 1361 obedite

453 1413 473 1434 α
509 1391 745 1444 dominis
800 1393 1106 1447 carnalibus
1163 1409 1286 1449 cum
1343 1395 1534 1449 timore
1584 1403 1637 1448 et
1680 1402 1934 1461 tremore,
1986 1395 2040 1448 in

455 1501 475 1522 «
513 1479 856 1550 simplicitate
917 1482 1099 1536 cordis
1151 1483 1339 1544 vestri,
1373 1483 1510 1538 sicut
1538 1483 1768 1537 Christo.
1819 1484 1942 1538 Non
1973 1484 2041 1537 ad

454 1589 474 1611 σι
509 1568 722 1622 oculum
783 1569 1102 1635 servientes,
1162 1571 1316 1641 quasi
1375 1571 1685 1624 hominibus
1740 1571 2036 1640 placentes,

457 1677 476 1700 ιι
516 1656 611 1709 sed
645 1665 702 1710 ut
759 1657 901 1710 servi
933 1657 1132 1711 Christi
1180 1657 1442 1713 facientes
1487 1659 1815 1712 voluntatem
1847 1659 1944 1712 Dei
1976 1675 2041 1712 ex

455 1766 476 1788 α
517 1743 718 1799 animo.
755 1747 887 1799 Cum
921 1747 1063 1800 bona
1101 1747 1376 1800 voluntate
1406 1747 1725 1810 servientes,
1759 1747 1895 1800 sicut
1930 1748 2040 1800 Do-

451 1854 474 1876 υ
507 1832 652 1886 mino
684 1842 735 1887 et
782 1850 890 1888 non
922 1835 1231 1888 hominibus
1261 1854 1275 1899 ;
1311 1835 1546 1888 scientes
1577 1835 1832 1906 quoniam
1864 1851 2035 1889 unus-
2059 1845 2112 1904 Β

453 1937 475 1960 σι
512 1915 763 1986 quisque,
823 1917 1186 1988 quodcunque
1219 1917 1404 1972 fecerit
1434 1918 1655 1983 bonum,
1685 1919 1789 1973 hoc
1818 1918 2042 1988 recipiet

453 2025 476 2048 «
510 2019 540 2056 a
595 2004 846 2069 Domino,
898 2005 1011 2058 sive
1068 2021 1282 2070 servus,
1331 2006 1446 2059 sive
1493 2006 1650 2060 liber.
1700 2006 1768 2059 Et
1808 2023 1906 2060 vos
1938 2007 2040 2060 do-

451 2113 474 2136 ι
509 2090 639 2145 mini
670 2092 857 2145 eadem
890 2091 1054 2147 facite
1087 2093 1217 2158 illis,
1250 2094 1586 2147 remittentes
1617 2094 1824 2147 minas:
1860 2094 2040 2148 scien-

455 2201 477 2224 «
512 2187 593 2234 tes
614 2180 737 2250 quia
767 2189 817 2234 et
844 2180 1056 2234 illorum
1090 2190 1140 2235 et
1173 2191 1353 2236 vester
1384 2182 1646 2236 Dominus
1667 2191 1748 2236 est
1770 2182 1822 2235 in
1854 2182 2038 2247 ctrlis;

453 2289 474 2312 σι
511 2275 563 2321 et
637 2284 994 2338 personarum
1073 2270 1316 2339 acceptio
1398 2286 1506 2322 non
1584 2279 1664 2323 est
1721 2270 1863 2340 apud
1919 2286 2042 2324 eum

462 2376 483 2400 οι
516 2357 691 2422 (Rom.
726 2360 892 2422 11,11;
927 2359 1045 2411 Act.
1082 2371 1140 2426 x,
1175 2360 1262 2421 34-,
1289 2358 1484 2412 IPetr.
1521 2373 1557 2422 l,
1592 2359 1696 2427 t7).
1723 2359 1801 2412 De
1823 2366 2037 2422 caetero,

455 2465 476 2488 «
515 2443 728 2506 fratres,
789 2444 1170 2498 confortamini
1229 2445 1282 2498 in
1330 2444 1580 2512 Domino,
1616 2454 1666 2500 et
1714 2445 1768 2499 in
1806 2445 2042 2515 potentia

457 2554 478 2576 «
516 2531 726 2585 virtutis
772 2533 906 2600 ejus.
942 2533 1152 2587 lnduite
1197 2549 1293 2586 vos
1332 2542 1658 2587 armaturam
1687 2534 1804 2598 Dei,
1828 2543 1882 2587 ut
1908 2550 2040 2603 pos-

455 2642 477 2664 κ
511 2619 624 2672 sitis
655 2628 800 2675 stare
831 2621 1097 2675 adversus
1126 2621 1352 2675 insidias
1393 2622 1615 2687 diaboli;
1649 2622 1904 2693 quoniam
1934 2637 2043 2674 non

455 2731 477 2752 ει
513 2716 594 2761 est
634 2709 790 2762 nobis
820 2709 1128 2764 colluctatio
1175 2709 1440 2764 adversus
1473 2726 1692 2765 carnem
1722 2719 1772 2764 et
1813 2709 2041 2781 sangui-

455 2819 474 2842 «
517 2812 662 2863 nem,
701 2798 798 2852 sed
829 2798 1092 2852 adversus
1117 2799 1391 2869 principes
1421 2807 1471 2852 et
1499 2807 1809 2868 potestates,
1843 2799 2042 2852 adver-

454 2907 475 2930 α
512 2901 605 2938 sus
661 2885 845 2940 mundi
899 2894 1138 2940 rectores
1197 2887 1539 2941 tenebrarum
1599 2888 1809 2952 harum,
1857 2894 2043 2939 contra

455 2995 477 3018 οι
515 2973 826 3042 spiritualia
881 2974 1133 3044 nequitia:
1199 2974 1251 3026 in
1341 2975 1672 3029 cmlestibus.
1749 2975 2046 3043 PrOpterea

453 3082 475 3107 «ι
517 3061 750 3130 accipite
805 3069 1130 3114 armaturam
1182 3061 1301 3126 Dei,
1350 3068 1407 3114 ut
1452 3061 1671 3131 possitis
1699 3061 1957 3115 resistere
1990 3061 2044 3114 in

451 3170 472 3193 ιι
511 3148 600 3202 die
632 3149 796 3213 malo,
833 3157 885 3202 et
915 3149 968 3202 in
998 3148 1246 3202 omnibus
1277 3148 1499 3218 perfecti
1531 3157 1692 3203 stare.
1728 3149 1875 3203 State
1909 3163 2043 3220 ergo

449 3258 472 3282 α
506 3235 767 3291 succincti
815 3235 1028 3290 lumbos
1075 3244 1282 3290 vestros
1305 3236 1358 3289 in
1386 3236 1632 3301 veritate,
1663 3244 1716 3291 et
1753 3235 1924 3289 induti
1952 3235 2036 3290 lo-

453 3345 476 3370 «
513 3323 631 3379 rica
674 3323 918 3392 justitite,
965 3332 1015 3378 et
1056 3324 1276 3380 calceati
1307 3325 1475 3394 pedes
1505 3325 1558 3378 in
1589 3323 2040 3395 praeparationem

451 3433 473 3457 α
508 3411 793 3483 Evangelii
849 3412 1015 3482 pacis,
1074 3413 1128 3466 in
1185 3413 1436 3467 omnibus
1494 3420 1770 3467 sumentes
1829 3419 2038 3466 scutum

451 3523 472 3546 ει
506 3499 650 3567 fidei,
685 3501 739 3554 in
768 3517 875 3572 quo
906 3501 1124 3571 possitis
1155 3501 1337 3556 omnia
1376 3501 1481 3556 tela
1529 3500 1847 3572 nequissimi
1879 3499 2038 3572 ignea

452 3610 474 3634 α
509 3588 878 3661 exstinguere.
932 3591 997 3644 Et
1039 3589 1250 3660 galeam
1303 3589 1488 3643 salutis
1515 3589 1788 3652 assumite,
1821 3603 1886 3643 ac
1916 3588 2038 3660 gla-

448 3698 471 3723 «
507 3677 657 3732 dium
689 3678 914 3748 spiritus
941 3679 1106 3748 (quod
1137 3686 1218 3731 est
1248 3678 1476 3732 verbum
1507 3677 1647 3746 Dei).
1681 3692 1779 3747 per
1821 3691 2040 3730 omnem

449 3787 472 3812 α
508 3765 811 3820 orationem
861 3773 913 3819 et
960 3766 1399 3820 obsecrationem
1448 3773 1666 3819 orantes
1715 3764 1863 3818 omni
1895 3772 2039 3819 tem-

451 3874 473 3899 α
507 3867 642 3923 pore
682 3853 734 3906 in
766 3853 977 3922 spiritu,
1013 3861 1065 3906 et
1111 3853 1166 3906 in
1207 3853 1326 3923 ipso
1365 3853 1652 3924 vigilantes
1693 3853 1748 3906 in
1776 3853 1923 3906 omni
1951 3852 2039 3905 in-

443 3962 465 3986 a
500 3940 692 3993 stantia
723 3947 776 3995 et
805 3941 1178 3995 obsecratione
1209 3957 1309 4010 pro
1339 3941 1590 3996 omnibus
1619 3941 1816 3996 sanctis
1836 3959 1849 4005 ;
1871 3950 1921 3995 et
1939 3956 2040 4011 pro

455 4049 476 4073 «
514 4043 623 4095 me,
682 4035 739 4081 ut
791 4027 952 4082 detur
979 4028 1110 4082 mihi
1140 4043 1321 4084 sermo
1367 4029 1420 4082 in
1453 4028 1730 4098 apertione
1770 4029 1882 4082 oris
1912 4029 2036 4091 mei,

453 4139 474 4162 α
510 4131 634 4171 cum
685 4113 883 4170 fiducia
931 4125 1114 4170 notum
1159 4116 1335 4172 facere
1367 4117 1682 4187 mysterium
1712 4117 2037 4189 Evangelii;

451 4227 473 4250 «
507 4221 611 4274 pro
658 4219 766 4276 quo
795 4203 1066 4277 legatione
1097 4203 1299 4276 fungor
1328 4205 1382 4257 in
1411 4214 1596 4259 catena
1627 4205 1717 4270 ita,
1752 4213 1808 4258 ut
1839 4205 1889 4257 in
1921 4205 2041 4274 ipso

454 4315 476 4339 ι·
513 4293 767 4360 audeam,
800 4301 956 4364 prout
985 4301 1200 4364 oportet
1229 4309 1334 4361 me,
1368 4293 1536 4363 loqui.
1569 4293 1638 4348 Ut
1667 4301 1846 4346 autem
1869 4302 1921 4347 et
1942 4307 2040 4346 vos

450 4404 471 4427 ει
508 4382 690 4437 sciatis
721 4398 841 4453 quae
870 4381 1012 4437 circa
1043 4398 1131 4436 me
1160 4389 1300 4445 sunt,
1335 4381 1464 4452 quid
1495 4395 1677 4452 agam,
1727 4381 1911 4435 omnia
1940 4395 2042 4436 vo-

447 4493 469 4516 α
509 4470 591 4524 bis
622 4479 749 4525 nota
785 4469 949 4525 faciet
989 4470 1275 4540 Tychicus,
1309 4467 1662 4524 charissimus
1695 4467 1859 4522 frater
1893 4475 1946 4522 et
1977 4467 2038 4521 ti-

1011 376 1070 430 S.
1109 373 1461 430 BRUNONIS
1499 372 2145 431 CARTHUSIANORUM
2180 373 2661 430 INSTITUTORIS
2699 374 2852 430 OPP.
2893 373 3070 431 PARS
3105 373 3171 430 Il.

3641 373 3762 428 3‘8

2065 498 2120 558 Α
2141 498 2322 552 cunda
2351 497 2549 553 tabula.
2601 499 2735 554 Duae
2762 499 2958 554 tabulae
2985 499 3123 553 datae
3153 506 3279 553 sunt
3307 498 3502 570 Moysi.
3549 499 3610 552 ln
3633 499 3756 570 pri-

2142 601 2231 639 ma
2275 587 2447 656 posita
2497 595 2620 640 sunt
2651 588 2755 641 tria
2783 587 3054 654 mandata,
3107 587 3434 656 pertinentia
3463 587 3534 641 ad
3567 588 3758 641 Deum

2142 673 2347 728 scilicet
2377 675 2574 746 diliges
2605 677 2776 730 Deum
2807 684 2975 743 tuum,
3002 683 3054 729 et
3076 675 3364 728 Dominum
3389 677 3566 730 Deum
3586 684 3756 728 tuum

2141 762 2417 825 adorabis,
2450 773 2501 817 et
2529 763 2604 816 illi
2635 763 2733 816 soli
2767 763 2998 817 servies.
3035 765 3096 816 Et
3128 778 3234 816 non
3269 779 3520 817 assumes
3538 778 3755 817 nomen

2142 845 2240 899 Dei
2271 845 2344 898 tui
2401 846 2455 899 in
2512 861 2730 910 vanum,
2786 854 2896 900 etc.
2937 847 2996 899 ln
3027 845 3265 900 secunda
3307 846 3494 900 tabula
3526 853 3755 915 septem

2140 934 2391 987 mandata
2441 935 2619 1004 posita
2665 941 2807 997 sunt,
2861 934 2930 987 ad
2961 933 3210 988 homines
3239 934 3587 1004 pertinentia.
3624 935 3756 990 Hoc

2142 1029 2322 1074 autem
2349 1039 2362 1074 :
2408 1024 2626 1076 Honora
2663 1027 2904 1093 patrem,
2951 1022 3302 1091 praepositum
3335 1031 3418 1076 est
3450 1022 3574 1075 aliis
3605 1037 3742 1076 sex.

2143 1112 2247 1164 Hoc
2287 1111 2449 1164 etiam
2499 1110 2836 1164 mandatum
2867 1111 2984 1179 fuit
3011 1110 3209 1164 datum
3239 1112 3299 1164 in
3340 1111 3748 1181 promissione,

2141 1198 2267 1268 quia
2325 1198 2506 1251 statim
2561 1206 2685 1267 post
2715 1197 3030 1251 mandatum
3063 1197 3350 1265 subjuncta
3381 1206 3463 1252 est
3492 1198 3752 1251 mandati

2141 1286 2468 1356 promissio;
2529 1286 2644 1339 haec
2677 1285 2883 1340 scilicet
2913 1290 2978 1339 ut
3027 1286 3161 1340 bene
3208 1287 3283 1340 sit
3319 1286 3418 1340 tibi
3445 1286 3751 1340 honorauti

2142 1382 2371 1443 patrem,
2399 1378 2454 1427 et
2476 1377 2538 1427 ut
2561 1375 2638 1427 sis
2668 1375 2948 1441 longaevus
2972 1388 3141 1444 super
3171 1376 3382 1428 terram
3426 1373 3585 1438 hanc,
3609 1382 3668 1427 et
3690 1373 3750 1427 in

2142 1478 2269 1515 vera
2314 1470 2453 1514 terra
2503 1460 2945 1530 repromissionis
2993 1459 3293 1531 longaevus,
3344 1461 3472 1531 quia
3520 1477 3751 1530 perma-

2142 1566 2297 1603 nens.
2331 1549 2447 1602 Filii
2477 1549 2734 1602 obediant
2763 1548 3098 1618 parentibus.
3124 1550 3211 1612 Et,
3238 1565 3327 1603 vos
3344 1553 3540 1620 patres
3556 1549 3748 1602 nolite

2140 1639 2287 1706 ﬁlios
2321 1641 2527 1690 vestros
2554 1652 2853 1708 provocare
2885 1636 2955 1690 ad
2973 1637 3354 1703 iracundiam,
3387 1636 3482 1690 sed
3501 1636 3747 1691 educate

2140 1727 2268 1780 illos
2291 1726 2351 1778 in
2375 1726 2699 1795 disciplina,
2725 1725 2985 1779 docentes
3014 1740 3109 1778 eos
3139 1739 3261 1795 quia
3291 1725 3372 1777 eis
3401 1724 3748 1779 addiscenda

2143 1822 2286 1876 sunt,
2306 1817 2360 1867 et
2397 1814 2458 1866 in
2494 1814 2867 1883 correptione,
2900 1819 2957 1865 ut
2987 1812 3031 1865 si
3063 1812 3426 1882 peccaverint,
3461 1812 3746 1882 quomodo

2142 1902 2298 1955 decet
2336 1900 2656 1970 corripiatis.
2696 1899 2991 1969 Disciplina
3022 1908 3074 1953 et
3105 1900 3442 1970 correptione
3471 1900 3595 1954 dico
3624 1902 3746 1955 Do-

2141 1991 2308 2052 mini,
2346 1988 2395 2040 id
2427 1997 2508 2041 est
2540 1989 2835 2041 secundum
2864 1988 3150 2042 Dominum
3173 1986 3340 2042 facta.
3380 1987 3497 2041 Filii
3518 1987 3746 2042 obcdite

2141 2077 2486 2146 parentibus;
2519 2093 2616 2129 vos
2639 2076 2819 2140 etiam,
2853 2077 3018 2139 servi,
3040 2076 3250 2130 obcdite
3278 2075 3537 2140 dominis,
3573 2075 3746 2130 etiam

2141 2166 2487 2219 carnalibus.
2504 2164 2734 2218 Obedite
2749 2164 2871 2218 dico
2888 2181 3016 2220 cum
3032 2166 3234 2218 timore
3247 2163 3412 2217 animi
3424 2168 3478 2218 et
3494 2168 3747 2219 tremore

2141 2251 2405 2322 corporis.
2443 2253 2507 2305 Et
2539 2255 2597 2306 in
2619 2253 2992 2323 simplicitate
3012 2253 3194 2306 cordis
3224 2253 3418 2314 vestri,
3441 2251 3493 2304 id
3515 2260 3599 2305 est
3621 2252 3747 2307 sine

2140 2340 2286 2395 omni
2315 2340 2618 2404 dolositate,
2651 2340 2867 2394 obcdite
2898 2339 3004 2392 illis
3047 2340 3197 2394 sicut
3226 2339 3444 2394 Christo
3474 2338 3746 2393 obedire-

2141 2429 2226 2482 tis.
2263 2428 2370 2481 Vos
2402 2427 2525 2481 dico
2557 2443 2669 2481 non
2701 2429 3010 2481 servientes
3026 2426 3131 2479 illis
3153 2427 3224 2480 ad
3240 2428 3488 2489 oculum,
3513 2426 3567 2480 id
3590 2435 3748 2482 estut

2140 2516 2196 2570 in
2254 2513 2392 2570 facie
2441 2515 2655 2568 Domini
2684 2514 2867 2567 devoti
2900 2515 3053 2578 sitis;
3088 2522 3236 2568 retro
3266 2522 3446 2568 autem
3478 2514 3737 2584 superbi.

2142 2603 2276 2658 Dico
2325 2618 2434 2657 non
2475 2603 2777 2656 servientes
2810 2602 2881 2656 ad
2911 2602 3147 2669 oculum,
3171 2605 3332 2674 quasi
3361 2603 3576 2673 perhoc
3608 2604 3746 2674 pla-

2141 2693 2316 2746 ceatis
2349 2691 2688 2756 hominibus,
2722 2691 2816 2744 sed
2840 2691 2989 2745 sicut
3007 2692 3155 2744 servi
3179 2689 3409 2757 Christi,
3435 2705 3508 2744 ex
3522 2692 3743 2753 animo,

2141 2794 2249 2833 non
2299 2779 2491 2845 coacti,
2553 2777 2814 2832 facientes
2872 2779 3224 2832 voluntatem
3260 2779 3376 2842 Dei,
3405 2778 3456 2830 id
3487 2786 3569 2832 est
3601 2779 3747 2833 sicut

2144 2867 2343 2921 bonum
2401 2874 2546 2920 esset
2593 2864 2750 2919 vobis
2795 2865 2975 2919 facere
3005 2865 3335 2919 voluntatem
3367 2865 3483 2931 Dei,
3517 2865 3591 2919 ita
3622 2865 3751 2920 sitis

2145 2955 2447 3008 servientes
2479 2954 2584 3006 illis
2615 2970 2744 3008 cum
2765 2953 2904 3008 bona
2928 2954 3216 3008 voluntate
3236 2955 3659 3018 sicutDomino,
3689 2959 3749 3009 et

2142 3059 2257 3096 non
2273 3041 2408 3097 sicut
2428 3042 2764 3097 hominibus.
2787 3042 2914 3095 Ideo
2933 3041 3006 3094 ait
3020 3043 3169 3096 sicut
3188 3042 3441 3107 Domino,
3457 3057 3580 3097 cum
3594 3042 3749 3096 enim

2142 3146 2244 3200 pro
2300 3138 2524 3200 peccato
2572 3145 2671 3183 suo
2719 3129 2804 3183 vel
2850 3137 3138 3199 parentum
3187 3129 3332 3183 servi
3376 3129 3506 3184 facti
3535 3130 3663 3197 sint,
3702 3130 3751 3184 si

2143 3219 2290 3274 hanc
2351 3234 2566 3288 pinnam
2615 3217 2823 3288 peccati
2867 3218 3138 3287 patienter
3169 3217 3386 3271 tulerint
3416 3218 3532 3272 Deo
3561 3218 3752 3289 magis

2140 3306 2366 3361 obedire
2423 3306 2676 3360 videntur
2733 3321 2893 3375 quam
2951 3304 3177 3370 homini,
3237 3305 3330 3376 qui
3379 3320 3475 3359 eos
3507 3305 3609 3359 sub
3642 3306 3751 3361 hac

2139 3393 2448 3449 conditione
2505 3409 2602 3463 pro
2658 3401 2886 3463 peccato
2946 3393 3176 3462 redegit.
3215 3393 3428 3447 Servite
3460 3393 3566 3447 illis
3601 3393 3751 3449 sicut

2141 3478 2297 3534 25
2309 3479 2379 3534 3
2396 3477 2650 3543 Domino,
2671 3479 2912 3532 scientes
2928 3478 3193 3549 quoniam
3210 3479 3610 3548 unusquisque,
3627 3479 3752 3532 sive

2137 3583 2330 3621 servus
2361 3569 2475 3620 sive
2508 3565 2665 3630 liber,
2709 3566 2981 3636 percipiet
3024 3582 3057 3619 a
3100 3566 3330 3621 Domino
3361 3574 3749 3620 remunerante

2140 3655 2241 3708 sibi
2265 3653 2644 3726 quodcumque
2666 3655 2871 3708 bonum
2894 3654 3116 3722 fecerit.
3138 3653 3311 3718 Servi,
3329 3653 3544 3708 obedite
3566 3653 3749 3707 domi-

2139 3742 2242 3807 nis,
2279 3746 2333 3796 et
2365 3758 2456 3797 vos
2485 3742 2704 3796 domini
2723 3743 2898 3810 facite
2921 3742 3039 3795 illis
3062 3740 3276 3805 eadem,
3327 3757 3436 3794 non
3461 3740 3608 3811 quod
3630 3741 3746 3794 illis

2140 3830 2407 3894 serviatis,
2434 3829 2530 3883 sed
2560 3837 2617 3882 ut
2647 3828 2860 3882 labores
2891 3844 3082 3883 eorum
3111 3827 3200 3897 pie
3231 3828 3594 3883 remuneretis
3626 3830 3746 3883 Ea-

2139 3919 2263 3973 dem
2294 3917 2449 3972 facite
2480 3916 2605 3980 illis,
2627 3917 2987 3970 remittentes
3018 3917 3224 3980 minas,
3258 3915 3311 3969 id
3345 3923 3428 3971 est
3456 3916 3623 3971 nolite
3644 3932 3747 3971 eos

2140 4021 2336 4060 vexare
2365 4004 2545 4069 minis,
2577 4005 2819 4058 scientes
2849 4005 2980 4075 quia
3011 4005 3159 4058 idem
3192 4006 3465 4060 Dominus
3506 4005 3747 4060 illorum

2140 4098 2194 4150 et
2219 4097 2398 4148 vester
2422 4097 2508 4147 est
2526 4093 2588 4146 in
2631 4093 2804 4156 caelis,
2847 4099 2901 4146 et
2931 4090 3165 4146 scientes
3194 4093 3463 4163 quoniam
3489 4093 3746 4163 acceptio

2137 4196 2511 4250 personarum
2558 4195 2673 4234 non
2712 4183 2797 4234 est
2829 4179 2981 4250 apud
3010 4181 3218 4244 Deum;
3248 4195 3357 4233 non
3387 4179 3532 4234 enim
3559 4179 3745 4234 minus

2140 4268 2314 4340 diligit
2369 4284 2589 4322 servum
2645 4282 2807 4338 quam
2835 4266 3108 4333 liberum;
3168 4267 3514 4322 solummodo
3563 4267 3745 4323 bonus

2143 4356 2236 4410 sit.

2212 4445 2502 4515 Postquam
2545 4442 2850 4515 singulares
2905 4441 3304 4497 admonitiones
3361 4443 3432 4497 ad
3480 4459 3643 4498 sexus
3691 4452 3746 4498 et

451 4582 472 4606 η
507 4558 646 4613 dens
704 4558 950 4612 minister
1005 4531 1058 4610 il',
1091 4531 1324 4611 Domiﬁo
1361 4572 1373 4609 ε
1408 4572 1570 4627 quem
1600 4556 1723 4610 misi
1753 4557 1821 4610 ad
1855 4572 1950 4611 vos
1984 4555 2038 4611 in
2063 4539 2117 4599 D
2137 4532 2475 4588 conditiones
2506 4531 2649 4594 fecit,
2679 4531 2968 4586 revertitur
2997 4531 3066 4586 ad
3097 4545 3444 4586 communem
3473 4531 3742 4587 Ecclesiae

448 4669 470 4693 «ι
504 4648 606 4702 hoc
667 4647 845 4717 ipsum
886 4654 941 4700 ut
969 4646 1313 4716 cognoscatis
1343 4661 1463 4716 quae
1508 4644 1652 4699 circa
1677 4660 1777 4699 nos
1807 4653 1950 4712 sunt,
1986 4652 2037 4698 et

450 4759 473 4783 «ι
508 4736 819 4790 consoletur
871 4735 1036 4790 corda
1086 4741 1287 4787 vestra.
1337 4733 1449 4786 Pax
1479 4731 1758 4798 fratribus,
1792 4741 1844 4787 et
1864 4731 2039 4788 chari-

450 4847 470 4870 α
511 4831 595 4877 tas
659 4839 782 4878 cum
850 4821 974 4886 fide,
1043 4837 1076 4874 a
1130 4821 1244 4874 Deo
1300 4828 1452 4890 patre
1518 4829 1570 4875 et
1623 4821 1855 4875 Domino
1909 4821 2039 4875 Jesu

448 4935 470 4959 α
515 4911 752 4966 Christo.
786 4909 967 4965 Gratia
997 4925 1122 4964 cum
1156 4909 1425 4974 omnibus,
1460 4909 1550 4980 qui
1597 4909 1826 4982 diligunt
1855 4908 2040 4964 Domi-

446 5022 468 5047 u
509 5016 639 5053 num
689 5005 935 5053 nostrum
982 4999 1166 5052 Jesum
1215 4997 1483 5053 Christum
1513 4997 1568 5052 in
1599 4997 2031 5068 incorruptione.

453 5109 476 5134 α
518 5090 690 5142 Amen
705 5127 717 5140 .
761 5111 782 5134 η

1088 5198 1399 5238 EXPOSI’I‘IO.

521 5325 635 5380 Vos
684 5324 869 5389 etiam,
927 5324 1057 5393 ﬁlii,
1090 5323 1303 5380 obcdite
1351 5325 1681 5395 parentibus
1722 5325 1941 5388 vestris,
1975 5323 2045 5378 ita

451 5420 641 5468 tamen
682 5413 827 5484 quod
877 5415 937 5468 in
991 5413 1256 5479 flvmine;
1296 5412 1350 5466 in
1399 5411 1484 5465 his
1527 5411 1670 5466 enim
1713 5428 1833 5482 quae
1863 5419 2045 5466 contra

451 5500 616 5556 fidem
677 5509 819 5569 sunt,
883 5509 1133 5571 parentes
1188 5499 1443 5556 audiendi
1496 5516 1604 5554 non
1635 5507 1778 5554 sunt.
1825 5500 2046 5556 Obedite

449 5589 572 5644 dico
590 5608 604 5655 ;
621 5590 720 5645 hoc
738 5591 890 5644 enim
893 5591 1120 5659 justum
1137 5593 1240 5653 est,
1259 5590 1362 5643 hoc
1383 5587 1588 5642 scilicet
1606 5588 1816 5644 honora
1825 5592 2048 5659 patrem

459 5682 620 5734 tuum
639 5682 694 5734 et
714 5683 981 5745 matrem,
998 5676 1141 5752 quod
1162 5676 1501 5734 mandatum
1515 5676 1767 5748 primum
1783 5683 1865 5731 est
1876 5674 1931 5729 in
1955 5691 2048 5730 se-

2138 4621 2581 4683 admonitionem,
2640 4619 2836 4674 timens
2891 4618 3160 4675 defectum
3217 4634 3425 4685 eorum,
3458 4627 3509 4674 et
3559 4620 3743 4674 sciens

2139 4726 2234 4764 eos
2286 4725 2394 4762 non
2425 4707 2654 4778 amplius
2685 4708 2898 4762 visuros
2957 4706 3147 4762 faciem
3196 4723 3368 4762 suam.
3404 4707 3494 4763 Sic
3523 4706 3618 4761 filii
3668 4709 3740 4762 ad

2139 4805 2412 4868 parentes,
2448 4795 2589 4851 servi
2611 4795 2679 4850 ad
2699 4795 2947 4850 dominos
2969 4812 3026 4850 se
3048 4796 3298 4861 habeant,
3323 4804 3374 4850 et
3399 4811 3428 4850 e
3443 4811 3738 4851 converso.

2141 4887 2251 4942 Vos
2279 4893 2456 4940 autem
2511 4888 2742 4955 fratres,
2795 4884 2850 4937 in
2879 4884 3154 4940 communi
3184 4886 3251 4940 de
3300 4889 3522 4952 cwtero,
3571 4884 3625 4938 id
3659 4894 3745 4940 est

2140 4975 2192 5028 in
2225 4973 2423 5039 futuro,
2457 4973 2884 5042 confortamini,
2917 4973 2972 5026 id
3001 4980 3084 5027 est
3133 4971 3299 5027 fortes
3329 4980 3502 5026 estote
3535 4973 3595 5027 in
3631 4974 3744 5027 Do-

2140 5062 2318 5127 mino,
2340 5070 2392 5116 et
2419 5068 2475 5115 ut
2504 5059 2886 5116 confortemini
2947 5065 3096 5115 state
3125 5062 3189 5114 in
3215 5061 3479 5131 potentia
3510 5061 3746 5115 virtutis

2142 5153 2284 5222 ejus,
2316 5149 2370 5202 id
2417 5157 2500 5202 est
2528 5156 2776 5218 potentes
2823 5155 2995 5203 estote
3025 5164 3122 5218 per
3168 5148 3423 5202 virtutem
3449 5147 3587 5216 ejus.
3622 5148 3742 5202 Vir-

2143 5245 2312 5292 tutem
2337 5235 2426 5292 hic
2458 5244 2615 5292 vocat
2643 5251 2792 5290 arma
2819 5253 2940 5306 quae
2969 5243 3288 5307 sequuntur,
3323 5235 3519 5306 quibus
3539 5243 3738 5306 poten-

2143 5334 2226 5380 tes
2274 5332 2396 5378 sunt
2426 5331 2616 5379 contra
2645 5324 2850 5378 hostes.
2898 5325 2964 5378 Ut
2994 5331 3171 5377 autem
3204 5322 3373 5378 fortes
3405 5331 3458 5378 et
3487 5331 3741 5393 potentes

2144 5413 2281 5478 sitis,
2314 5413 2540 5468 induite
2561 5428 2650 5467 vos
2695 5415 3055 5467 armaturam
3085 5413 3209 5479 Dei,
3233 5419 3287 5464 ut
3319 5411 3488 5465 armis
3520 5411 3620 5465 Dei
3653 5411 3742 5465 in-

2145 5501 2256 5556 duti
2285 5502 2516 5572 possitis
2539 5515 2691 5554 more
2724 5499 3083 5571 pugnantium
3113 5503 3268 5554 stare
3299 5499 3563 5554 adversus
3594 5500 3746 5555 insi-

2145 5590 2266 5644 dias
2297 5588 2525 5653 diaboli,
2557 5587 2613 5642 id
2645 5595 2728 5641 est
2759 5587 3036 5641 diabolum
3086 5585 3431 5640 insidiantem
3461 5586 3640 5652 vobis,
3693 5595 3748 5642 et

2147 5693 2216 5732 ne
2238 5675 2292 5730 in
2323 5677 2424 5732 hac
2452 5690 2637 5747 pugna
2684 5674 3029 5747 negligentes
3055 5674 3191 5740 sitis,
3225 5676 3356 5747 quia
3373 5690 3490 5732 non
3521 5680 3608 5733 est
3642 5693 3751 5736 no~
