3932 6418
268 349 373 403 3L9
878 344 1262 414 EXPOSITIO
1300 347 1376 403 IN
1412 347 1796 406 EPISTOLAS
1837 343 2070 400 PAULI.
2105 373 2176 387 —
2204 346 2278 400 IN
2315 347 2536 404 EPIST.
2584 349 2680 405 AD
2719 349 3007 406 PHILIPP.
3485 352 3589 406 350

277 471 358 525 bis
380 471 719 528 colluctatio
739 471 1005 527 adversus
1023 487 1254 528 carnem
1286 476 1342 528 et
1362 474 1782 545 sanguinem,id
1804 482 1887 530 est
1907 469 1962 528 Α
1992 476 2205 523 scutum
2237 477 2289 524 et
2343 471 2738 541 protectionem
2791 473 2968 528 vobis.
3020 473 3088 528 In
3135 490 3240 546 quo
3277 481 3433 530 scuto
3462 473 3590 528 ﬁdei

282 567 472 618 contra
505 559 776 613 visibilem
806 560 1038 615 hostem.
1073 559 1177 616 Ubi
1207 560 1284 615 ait
1311 563 1662 628 colluctatio,
1715 563 1889 618 innuit
1984 559 2214 628 possitis
2255 561 2626 629 exstinguere
2647 563 2841 617 omnia
2869 564 3035 632 ignea
3055 565 3170 618 tela
3192 562 3338 617 illius
3359 564 3587 634 nequis-

281 663 524 720 pugnam
556 663 680 703 esse
709 648 777 702 de
805 647 1074 718 proximo.
1131 650 1236 705 Sed
1265 658 1347 705 est
1377 651 1535 705 nobis
1573 651 1886 708 colluctatio

283 735 555 792 adversus
592 737 902 808 principes,
937 737 990 790 id
1040 745 1122 792 est
1167 738 1440 809 malignos
1489 739 1714 810 spiritus
1745 760 1759 806 ;
1790 741 1882 812 qui

282 824 448 879 etiam
478 824 600 878 aliis
650 825 926 896 spiritibus
970 825 1359 897 principantur,
1391 832 1450 883 et
1493 829 1656 883 etiam
1688 831 1883 885 adver-

278 930 376 968 sus
403 917 734 986 potestates,
767 913 822 968 id
843 922 925 968 est
945 930 1044 970 eos
1061 915 1282 986 spiritus
1305 916 1397 988 qui
1419 933 1586 987 super
1605 917 1882 988 principes

275 1003 575 1072 potentiam
607 1002 828 1058 habent.
861 1003 931 1057 Et
960 1004 1228 1060 adversus
1260 1011 1511 1062 rectores
1530 1007 1750 1074 mundi,
1770 1022 1878 1062 non

273 1090 423 1162 quod
455 1091 714 1146 saeculum
740 1092 843 1146 hoc
864 1100 1075 1164 regant,
1116 1093 1213 1148 sed
1251 1102 1494 1149 rectores
1519 1096 1882 1151 tenebrarum

278 1179 506 1244 harum,
539 1179 594 1233 id
651 1187 733 1234 est
785 1181 980 1234 horum
1038 1181 1092 1234 in
1124 1183 1364 1251 peccatis
1410 1183 1880 1251 tenebrosorum;

275 1282 374 1322 eos
420 1266 562 1322 enim
611 1275 835 1334 tantum,
881 1284 991 1324 non
1033 1269 1172 1324 alios
1218 1279 1436 1343 regunt.
1486 1272 1555 1326 Et
1601 1279 1684 1326 est
1723 1273 1882 1328 nobis

275 1371 464 1428 pugna
495 1363 699 1411 contra
728 1357 1082 1428 spiritantia,
1139 1358 1193 1414 id
1225 1367 1307 1414 est
1350 1367 1540 1415 contra
1578 1360 1880 1416 invisibiles

276 1445 482 1499 hostes.
516 1444 828 1514 Spiritualia
866 1444 991 1501 dico
1021 1448 1293 1519 nequitia:
1322 1469 1340 1514 ;
1372 1449 1692 1520 nequissimi
1735 1450 1879 1505 enim

273 1539 401 1585 sunt
419 1532 474 1586 hi
504 1532 747 1602 spiritus.
783 1533 913 1589 Hec
941 1541 1122 1589 autem
1145 1551 1329 1609 pugna
1350 1545 1431 1591 est
1451 1539 1513 1592 in
1536 1537 1876 1605 caelestibus,

273 1620 330 1674 id
359 1628 441 1674 est
471 1636 579 1676 non
607 1637 706 1692 pro
737 1621 991 1686 terrenis,
1026 1623 1124 1677 sed
1156 1631 1214 1678 ut
1263 1625 1506 1679 coelestia
1545 1627 1744 1697 gaudia
1775 1642 1872 1682 au-

276 1707 455 1763 ferant
497 1725 526 1762 a
558 1709 740 1764 vobis.
782 1709 903 1776 Vel,
940 1711 1239 1765 secundum
1271 1713 1656 1786 Augustinum,
1678 1719 1880 1770 contra

1989 646 2125 700 simi
2155 646 2478 702 adversarii.
2504 650 2784 705 Assumite
2817 653 2992 706 etiam
3027 653 3247 722 galeam
3277 651 3506 720 salutis,
3531 650 3587 705 id

1989 741 2072 787 est
2101 750 2228 804 spes
2256 743 2308 789 et
2335 736 2670 792 desiderium
2701 745 2919 793 eterna;
2937 739 3123 793 salutis
3144 739 3214 794 sit
3230 740 3386 794 vobis
3403 739 3584 810 galea,

1988 837 2096 893 qua
2126 831 2288 893 caput
2318 825 2422 879 hoc
2451 825 2758 880 involvatis.
2813 827 2959 883 Sicut
2989 829 3133 882 enim
3177 837 3341 899 caput
3367 828 3588 900 dignius

1986 912 2294 966 membrum
2339 920 2440 977 est,
2493 913 2573 969 sic
2619 913 2796 969 futura
2845 916 2994 970 salus
3040 917 3260 989 dignior
3307 924 3588 987 respectus

1987 1007 2087 1054 est.
2120 1001 2393 1056 Assumite
2423 1001 2582 1056 etiam
2613 1004 2871 1074 gladium
2902 1007 3149 1076 Spiritus
3171 1008 3377 1070 sancti,
3414 1004 3580 1076 quod,

1985 1087 2040 1140 id
2069 1097 2152 1142 est
2181 1091 2277 1161 qui
2303 1089 2527 1160 gladius
2554 1091 2782 1147 verbum
2831 1094 2928 1148 Dei
2971 1097 3075 1148 est.
3126 1094 3193 1147 Et
3223 1095 3326 1149 hoc
3372 1093 3579 1166 gladio,

1985 1176 2194 1232 scilicet
2223 1179 2394 1233 verbo
2447 1179 2545 1234 Dei
2577 1179 2845 1235 feriuntur
2891 1182 3078 1236 hostes
3127 1191 3178 1237 et
3207 1182 3428 1238 cadunt.
3471 1183 3582 1237 Vos

1983 1265 2108 1320 dico
2159 1271 2390 1322 orantes
2435 1284 2538 1338 per
2579 1285 2822 1336 omnem,
2885 1270 2940 1325 id
2997 1279 3080 1325 est
3127 1287 3226 1341 per
3255 1270 3582 1326 omnismodi

1983 1356 2301 1410 orationem
2335 1355 2581 1412 254
2609 1362 2668 1412 et
2705 1374 2808 1430 per
2837 1374 3055 1414 omnem
3116 1360 3577 1416 obsecrationem.

1983 1441 2175 1498 Oratio
2196 1443 2395 1499 dicitur
2425 1452 2482 1498 ut
2513 1444 2828 1516 simpliciter
2856 1463 2869 1502 :
2895 1449 3042 1502 Deus
3063 1448 3260 1516 adjuva
3280 1464 3398 1514 me;
3421 1448 3584 1502 obse-

1982 1531 2173 1594 cratio,
2225 1549 2349 1587 cum
2370 1533 2772 1602 adjuramento,
2805 1543 2861 1590 ut
2894 1551 2906 1589 :
2940 1538 3045 1591 Per
3074 1537 3382 1608 passionem
3413 1545 3578 1602 tuam,

1981 1619 2154 1674 libera
2186 1635 2304 1688 nos,
2339 1621 2598 1676 Domine.
2641 1624 2897 1689 Orantes,
2931 1625 3085 1687 dico,
3133 1626 3286 1680 omni
3333 1629 3578 1697 tempore

1979 1723 2088 1762 non
2121 1709 2309 1781 lingua
2365 1717 2594 1779 tantum,
2627 1711 2727 1766 sed
2777 1714 3006 1784 spiritu,
3043 1713 3096 1767 id
3145 1722 3230 1768 est
3259 1729 3322 1768 ex
3373 1713 3567 1769 corde.

275 1798 606 1868 spiritualia
648 1797 947 1853 habitantia
976 1799 1031 1852 in
1061 1800 1401 1866 coelestibus,
1432 1802 1487 1856 id
1519 1811 1600 1858 est
1633 1802 1686 1856 in
1714 1819 1864 1858 aere.
1894 1817 1948 1878 Β
1982 1797 2052 1850 Et
2082 1799 2145 1852 ἱη
2175 1799 2310 1869 ipsa,
2344 1797 2399 1852 id
2429 1807 2512 1853 est
2537 1799 2592 1853 in
2623 1801 2834 1856 orando
2861 1801 2978 1854 sitis
3009 1803 3308 1873 vigilantes
3329 1803 3391 1856 in
3421 1803 3580 1858 omni

270 1886 340 1940 Et
377 1890 672 1958 prapterea
722 1886 848 1958 quia
895 1895 1087 1942 contra
1143 1889 1419 1960 principes
1475 1898 1526 1945 et
1575 1890 1876 1961 spiritualia

269 1989 455 2045 pugna
483 1981 587 2038 est,
609 1975 849 2046 accipite
869 1975 993 2030 ideo
1015 1976 1352 2046 spiritualem
1371 1983 1732 2034 armaturam
1763 1982 1872 2045 Dei,

268 2061 323 2116 id
355 2069 436 2116 est
467 2061 715 2124 virtutes,
746 2067 813 2117 ut
839 2079 937 2133 per
982 2065 1097 2119 haec
1142 2081 1287 2119 arma
1329 2068 1562 2138 possitis
1612 2069 1878 2124 resistere

268 2150 333 2204 in
367 2151 453 2204 die
484 2151 654 2217 malo,
689 2149 746 2204 id
776 2159 858 2205 est
906 2151 960 2205 in
989 2160 1239 2224 tempore
1292 2154 1398 2209 hoc
1429 2155 1520 2226 qui
1552 2155 1672 2210 dies
1701 2156 1876 2211 malus

267 2237 482 2302 dicitur,
516 2237 642 2308 quia
676 2238 850 2293 sancti
879 2239 933 2293 in
963 2241 1069 2295 hoc
1099 2240 1484 2296 tentationibus
1525 2242 1865 2316 aﬁliguntur.

263 2325 380 2381 Nec
412 2325 583 2380 solum
616 2325 888 2393 resistere,
925 2328 1023 2382 sed
1057 2329 1216 2383 etiam
1265 2330 1489 2400 possitis
1539 2335 1694 2387 stare
1741 2349 1874 2404 per-

266 2415 411 2484 fecti
439 2423 814 2469 consummata
860 2416 1087 2484 justitia.
1141 2418 1306 2473 Stare
1335 2418 1457 2474 dico
1490 2421 1550 2474 in
1593 2422 1871 2487 omnibus,

265 2509 375 2556 tam
433 2502 680 2557 adversis
735 2519 897 2575 quam
959 2506 1257 2576 prosperis.
1333 2507 1402 2561 Et
1477 2508 1606 2579 quia
1662 2508 1716 2562 in
1773 2509 1875 2565 hac

261 2606 446 2663 pugna
477 2599 754 2646 armatura
812 2592 911 2647 Dei
962 2594 1282 2649 necessaria
1329 2603 1432 2661 est,
1476 2612 1613 2669 ergo
1645 2597 1874 2668 accipite

262 2679 562 2751 cingulum,
619 2679 868 2745 loricam,
928 2689 1144 2736 scutum
1209 2690 1314 2738 etc.
1387 2683 1547 2752 Quod
1609 2685 1689 2740 sic
1747 2686 1869 2741 ait:

262 2769 421 2824 State
444 2769 505 2822 in
534 2783 723 2839 pugna
751 2770 1033 2825 succincti
1066 2769 1280 2827 lumbos
1308 2777 1539 2839 vestros,
1573 2773 1624 2826 id
1649 2780 1733 2828 est
1760 2775 1862 2828 ba-

264 2855 456 2910 bentes
492 2857 770 2926 cingulum
810 2858 864 2912 in
898 2859 1117 2924 lumbis,
1145 2876 1252 2930 quo
1289 2861 1866 2932 reprimaturluxuria.

263 2945 552 3000 Succincti
583 2945 706 3000 dico
736 2947 798 3000 in
828 2948 1088 3002 veritate.
1121 2963 1190 3002 ne
1240 2948 1378 3004 forte
1425 2957 1575 3005 extra
1606 2950 1871 3006 simuletis

259 3033 582 3101 castitatem,
617 3033 760 3088 intus
787 3035 1072 3090 lasciviam
1125 3036 1395 3092 habeatis.
1459 3038 1557 3093 Vel
1587 3041 1870 3095 succincti

1978 1887 2263 1941 instantia
2285 1891 2340 1941 et
2370 1889 2431 1942 in
2453 1888 2601 1942 omni
2623 1888 3024 1955 obsecratione,
3041 1889 3182 1946 facta
3202 1905 3302 1962 pro
3321 1891 3580 1947 omnibus

1978 1976 2214 2038 sanctis,
2253 1974 2394 2031 facta
2423 1977 2598 2031 etiam
2626 1993 2726 2048 pro
2757 1993 2847 2033 me
2876 1978 2947 2032 ad
2977 1979 3081 2033 hoc
3111 1983 3174 2033 ut
3230 1979 3400 2034 detur
3428 1978 3575 2033 mihi

1977 2078 2159 2118 sermo
2205 2065 2265 2117 in
2311 2066 2606 2135 apertione
2655 2067 2772 2120 oris
2807 2069 2938 2131 mei,
2972 2066 3028 2120 id
3058 2073 3143 2121 est
3172 2075 3228 2120 ut
3270 2075 3460 2136 aperto
3490 2067 3576 2122 ori

1974 2151 2414 2206 accommodetur
2469 2153 2644 2224 gratia
2703 2154 2990 2209 sermonis.
3054 2157 3123 2210 Et
3172 2163 3229 2209 ut
3258 2156 3416 2210 detur
3444 2155 3576 2209 mihi

1977 2255 2106 2294 cum
2134 2239 2344 2308 ﬁducia
2374 2245 2573 2297 notum
2593 2245 2783 2313 facere
2806 2245 3170 2314 mysterium,
3214 2244 3268 2298 id
3290 2252 3373 2298 est
3395 2259 3574 2300 secre-

1975 2334 2087 2381 tum
2119 2329 2407 2402 Evangelii
2465 2330 2588 2386 mei.
2650 2333 2758 2386 Pro
2799 2348 2904 2404 quo
2959 2333 3221 2402 mysterio
3278 2333 3572 2388 revelando

1974 2419 2183 2489 fungar
2223 2419 2502 2490 legatione
2535 2423 2751 2491 positus
2787 2421 2852 2475 in
2887 2425 3110 2476 catena.
3147 2423 3234 2477 Ita
3265 2421 3423 2476 detur
3450 2436 3574 2477 cum

1973 2503 2175 2560 fiducia
2202 2510 2266 2561 ut
2312 2508 2553 2562 audeam
2602 2511 2665 2563 in
2695 2509 2814 2580 ipso
2864 2508 3165 2580 Evangelia
3198 2511 3367 2582 loqui,
3398 2514 3572 2580 prout

1973 2610 2062 2648 me
2109 2598 2347 2666 oportet,
2404 2611 2513 2650 non
2543 2597 2776 2667 amplius
2814 2604 3073 2652 venturus
3098 2598 3169 2652 ad
3222 2614 3342 2653 vos.
3376 2599 3456 2653 De
3486 2597 3572 2653 his

1973 2694 2095 2749 quae
2125 2677 2280 2733 vobis
2311 2681 2528 2751 agenda
2557 2688 2701 2747 sunt,
2735 2681 2814 2736 sic
2842 2697 2942 2735 vos
2980 2681 3159 2736 docui.
3199 2685 3262 2740 Ut
3293 2687 3487 2738 autem
3516 2687 3573 2738 et

1972 2782 2064 2821 vos
2093 2769 2292 2822 sciatis
2323 2768 2715 2835 tribulationes,
2747 2787 2868 2842 quae
2887 2771 3040 2825 circa
3061 2775 3300 2826 mesunt
3331 2779 3425 2838 ;et
3441 2771 3572 2842 quid

1971 2870 2077 2927 ego
2105 2871 2261 2926 agam
2290 2855 2345 2910 in
2368 2856 2494 2910 illis.
2525 2857 2812 2928 Tychicus,
2837 2860 3205 2915 charissimus
3226 2864 3413 2931 frater
3436 2864 3492 2916 et
3505 2861 3573 2928 ﬁ-

1970 2944 2113 2998 delis
2135 2947 2399 3000 minister
2418 2947 2479 3000 in
2522 2947 2776 3013 Domino,
2806 2952 2940 3004 nota
2969 2950 3144 3019 faciet
3172 2950 3316 3004 vobis
3351 2949 3564 3015 omnia,

1975 3033 2146 3100 Quem
2175 3035 2475 3104 Tychicum
2508 3035 2640 3090 misi
2671 3037 2742 3091 ad
2771 3050 2862 3092 vos
2904 3037 2967 3091 in
3007 3036 3106 3094 hoc
3150 3039 3337 3109 ipsum
3386 3041 3452 3092 ut
3473 3052 3568 3092 co-

259 3122 472 3176 lumbos
504 3121 556 3175 in
588 3122 868 3189 charitate,
903 3125 1048 3194 quod
1081 3123 1303 3180 dilectio
1335 3126 1434 3180 Dei
1485 3127 1766 3197 cingulum
1800 3128 1867 3182 sit
1896 3174 1942 3197 η
1967 3123 2252 3192 gnoscatis
2272 3138 2372 3193 per
2400 3139 2527 3178 eum
2557 3141 2679 3196 quas
2698 3127 2852 3181 circa
2878 3143 2978 3180 nos
3008 3130 3163 3191 sunt,
3201 3131 3255 3181 et
3278 3130 3345 3182 ut
3373 3140 3567 3182 conso-

513 3174 555 3175 π
910 3174 1048 3194 Ί-,ᾐ
1086 3174 1297 3180 ___---_-
1336 3174 1434 3180 η,
1488 3174 1766 3197 μηδ---.η
1800 3174 1867 3182 υ.-
2558 3174 2670 3196 τη--
2699 3174 2846 3181 ---η
3201 3174 3251 3181 ν-
3281 3174 3340 3182 η-
3373 3174 3535 3182 --.ην

257 3209 588 3278 lumborum,
647 3209 981 3267 mortiﬁcans
1039 3211 1093 3266 in
1152 3213 1312 3268 nobis
1369 3214 1661 3269 luxuriam.
1725 3216 1871 3272 State
1896 3174 1942 3235 Ο
1975 3211 2128 3266 letur
2155 3212 2323 3266 corda
2368 3216 2554 3268 vestra
2600 3228 2725 3269 Cum
2764 3213 3046 3269 audieritis
3080 3231 3167 3269 me
3195 3215 3304 3286 pati
3335 3231 3432 3286 pro
3463 3232 3568 3272 no-

261 3297 422 3359 etiam
450 3299 646 3353 induti
678 3299 909 3355 loricam
932 3301 1201 3370 justitiw,
1222 3301 1277 3356 id
1307 3309 1411 3367 est,
1429 3303 1639 3371 justitia
1668 3303 1738 3358 sit
1765 3321 1868 3360 vo-

259 3385 343 3440 bis
393 3386 582 3455 lorica,
640 3386 756 3443 sine
819 3387 1042 3442 laesione
1092 3390 1363 3460 quoslibet
1395 3391 1532 3446 ictus
1563 3391 1861 3462 excipiens.

255 3475 378 3528 Non
411 3475 534 3528 ideo
564 3474 694 3531 dicit
727 3475 1008 3531 veritatem
1041 3477 1320 3550 cingulum
1350 3479 1679 3545 lumborum,
1705 3488 1757 3535 et
1785 3481 1865 3550 ju-

258 3562 460 3616 stitiam
491 3579 614 3618 esse
643 3563 889 3632 loricam,
923 3565 1056 3636 quin
1106 3583 1136 3620 e
1191 3582 1462 3622 converso
1487 3568 1634 3623 idem
1681 3569 1862 3626 dicere

255 3650 458 3705 bonum
493 3659 658 3707 esset.

327 3739 475 3794 State
505 3741 666 3795 etiam
700 3742 942 3796 calceati
990 3743 1176 3814 pedes,
1211 3743 1265 3798 id
1295 3752 1377 3799 est
1416 3743 1734 3802 affectiones
1759 3763 1858 3803 ve-

253 3835 390 3882 stras
441 3832 578 3884 bene
609 3829 874 3884 habentes
904 3830 1158 3885 munitas.
1204 3833 1329 3888 Non
1377 3833 1502 3890 dico
1543 3843 1752 3888 tantum
1801 3835 1858 3890 in

249 3916 570 3988 Evangelio,
606 3917 704 3972 sed
733 3917 895 3972 etiam
925 3919 988 3973 in
1007 3921 1430 3992 preparatione
1451 3924 1764 3993 Evangelii,
1800 3932 1859 3978 ut

253 4004 490 4075 primum
519 4006 574 4059 in
607 4005 762 4060 vobis
808 4007 1088 4061 ostendam
1140 4009 1287 4079 quod
1317 4009 1438 4064 aliis
1488 4011 1853 4083 Evangeliza-

253 4092 396 4147 bitis.
423 4093 550 4150 Haec
581 4093 724 4148 enim
755 4095 1078 4165 preparatio
1108 4095 1248 4151 bona
1279 4105 1380 4152 est.
1418 4099 1703 4171 Evangelii
1733 4099 1857 4156 dico

252 4181 428 4252 pacis,
461 4181 514 4236 id
548 4189 630 4236 est
662 4197 763 4252 per
790 4182 936 4253 quod
965 4183 1108 4238 inter
1155 4185 1329 4240 Deum
1360 4193 1413 4241 et
1446 4187 1723 4242 hominem
1755 4204 1856 4258 pax

248 4268 591 4324 reformatur.
625 4269 865 4325 Calceati
896 4271 1065 4342 pedes
1112 4289 1210 4328 vos
1262 4274 1406 4342 dico,
1455 4281 1746 4332 sumentes
1793 4278 1856 4332 in

253 4357 506 4415 omnibus
535 4358 1040 4430 impugnationibus
1071 4366 1298 4418 scutum
1317 4363 1468 4433 ﬁdei,
1494 4363 1546 4418 id
1565 4372 1646 4419 est
1667 4363 1852 4433 ﬁdem,
1889 4353 1912 4371 ⁸

253 4535 2062 4569 m

1971 3299 2117 3354 mine
2149 3299 2369 3369 Christi,
2425 3316 2523 3372 pro
2554 3318 2662 3373 quo
2693 3317 2854 3358 omne
2911 3318 3050 3358 onus
3094 3303 3213 3359 leve
3269 3313 3370 3369 est,
3405 3321 3567 3360 omne

1963 3388 2155 3461 jugum
2174 3389 2315 3444 ferre
2338 3405 2506 3444 suave
2522 3398 2604 3445 est
2628 3392 2846 3459 (Matth.
2880 3406 2961 3457 ιι,
2995 3394 3106 3462 30).
3134 3392 3232 3448 Hic
3259 3393 3568 3464 Thychicus

1967 3476 2064 3531 fuit
2093 3493 2194 3547 per
2223 3493 2381 3548 quem
2413 3479 2556 3534 hanc
2587 3479 2887 3549 Epistolam
2927 3479 3098 3548 misit,
3131 3479 3420 3536 intendens
3468 3498 3568 3552 per

1966 3573 2260 3636 utrumque
2289 3582 2386 3620 eos
2414 3566 2706 3622 consolari.
2761 3567 2928 3622 Vobis
2957 3569 3234 3638 fratribus
3264 3569 3332 3624 sit
3360 3587 3479 3641 pax
3505 3575 3565 3626 et

1961 3653 2216 3709 charitas
2262 3671 2392 3710 cum
2430 3655 2538 3723 ﬁde
2559 3697 2572 3723 ,
2635 3655 2686 3709 id
2718 3663 2800 3710 est
2845 3665 2898 3710 et
2927 3654 3062 3710 ﬁdes
3091 3674 3126 3711 a
3159 3659 3263 3712 Deo
3295 3659 3468 3714 Patre
3508 3663 3568 3714 et

1963 3743 2198 3798 Domino
2238 3745 2371 3798 Jesu
2415 3743 2657 3799 Christo.
2693 3745 2885 3800 Gratia
2920 3745 2987 3799 sit
3016 3757 3146 3801 cum
3179 3746 3437 3802 omnibus
3467 3748 3567 3818 qui

1959 3830 2212 3901 diligunt
2231 3833 2532 3887 Dominum
2563 3837 2824 3888 nostrum
2861 3835 3051 3889 Jesum
3091 3834 3397 3890 Christum.
3424 3835 3565 3889 Dili-

1961 3928 2095 3991 gunt
2123 3919 2246 3976 dico
2268 3922 2330 3975 in
2351 3922 2798 3993 incorruptione,
2823 3921 2875 3976 id
2894 3931 2974 3976 est
2991 3923 3046 3976 in
3063 3922 3375 3996 integritate
3396 3923 3566 3980 dilec-

1959 4008 2141 4064 tionis.
2168 4009 2382 4065 Dictum
2405 4018 2486 4065 est
2504 4027 2534 4064 a
2557 4010 2909 4066 similitudine
2932 4027 3297 4083 sponsm,quae
3319 4029 3378 4068 se
3398 4013 3567 4068 mari-

1960 4105 2073 4151 tum
2130 4098 2358 4169 diligere
2415 4099 2637 4170 probat,
2697 4100 2829 4154 dum
2885 4100 2936 4155 ei
2984 4100 3356 4173 integritatem
3409 4117 3565 4157 suam

1957 4194 2223 4241 reservat.
2260 4187 2359 4242 Vel
2388 4187 2462 4242 ita
2492 4204 2508 4240 2
2543 4187 2734 4243 Gratia
2770 4188 2837 4242 sit
2880 4189 2988 4244 illis
3017 4192 3080 4245 in
3109 4190 3560 4262 incorruptione,

1956 4273 2012 4329 id
2069 4283 2153 4329 est
2211 4274 2263 4329 in
2322 4292 2420 4347 spe
2472 4276 2919 4348 incorruptionis,
2953 4278 3008 4332 id
3035 4286 3119 4334 est
3166 4278 3290 4334 vitae
3318 4286 3555 4336 aeterne.

1959 4364 2159 4421 Amen.

3147 4543 3550 4558 ἡ

1027 4698 1524 4757 ARGUMENTUM
1563 4703 1636 4756 IN
1673 4700 2069 4758 EPISTOLAM
2109 4704 2204 4758 AD
2244 4703 2762 4758 PHILIPPENSES.

314 4875 658 4956 Pilippenses
685 4882 826 4956 _s_unt_
842 4876 1189 4956 Macedones.
1223 4877 1288 4932 Hi
1316 4887 1543 4956 accepto
1571 4880 1742 4956 veer
1775 4879 2036 4956 veritatis,
2069 4881 2428 4956 perstiterunt
2451 4881 2504 4935 in
2535 4880 2641 4956 fide
2663 4896 2811 4956 ,‘nec
2843 4890 3168 4954 receperunt
3198 4881 3363 4939 falsos
3419 4899 3554 4956 apo-

252 4946 435 5004 stolos.
469 4949 582 5004 Hos
614 4946 884 5003 collaudat
911 4949 1225 5019 Apostolus,
1258 4946 1506 5006 scribens
1535 4950 1616 5006 eis
1645 4967 1678 5006 a
1707 4951 1882 5007 Roma
1909 4952 1978 5007 de
2008 4946 2230 5008 carcere
2261 4969 2359 5024 per
2387 4953 2836 5025 Epaphroditum.

249 5101 3548 5128 Μ

1104 5247 1550 5312 PROLOGUS
1593 5251 1671 5311 Β.
1718 5250 2138 5313 BRUNONIS
2179 5251 2264 5312 IN
2306 5250 2674 5312 EAMDEM.

311 5431 537 5504 Philippi
566 5430 766 5490 civitas
796 5437 877 5486 est
907 5430 961 5485 in
990 5430 1346 5488 Macedonia:
1381 5432 1508 5489 inde
1526 5434 1837 5507 Philippen-
1867 5438 1920 5496 D
1941 5452 2037 5490 sua
2070 5436 2146 5506 (II
2173 5436 2300 5492 Cor.
2340 5451 2419 5502 ιιι,
2453 5438 2528 5507 5).
2562 5436 2720 5507 Apud
2751 5437 2850 5492 hos
2883 5437 3259 5509 Philippenses
3305 5438 3552 5511 aliquan-

239 5537 341 5575 ses.
401 5521 438 5574 li
497 5529 680 5576 autem
739 5519 808 5574 de
862 5536 1091 5575 numero
1123 5537 1314 5576 eorum
1346 5521 1580 5588 fuerunt,
1615 5540 1753 5595 quos
1785 5525 1837 5578 in
1940 5525 2422 5580 diu'conversatus
2480 5525 2656 5579 fuerat
2702 5525 2930 5595 Paulus,
2979 5526 3280 5596 praedicans
3310 5527 3390 5582 eis
3421 5543 3548 5582 ver-

239 5610 472 5664 secunda
526 5607 781 5682 Epistola
811 5609 881 5662 ad
925 5608 1236 5664 Corinthios
1291 5611 1429 5666 adeo
1469 5611 1838 5682 magniﬁcavit
1940 5613 2070 5667 bum
2101 5613 2229 5681 Dei,
2265 5622 2317 5668 et
2346 5630 2447 5684 per
2503 5630 2626 5668 eum
2684 5623 3046 5684 susceperunt
3104 5614 3265 5669 fidem
3297 5615 3496 5668 Christi
3530 5635 3543 5680 ;

238 5699 448 5766 Paulus,
482 5699 680 5757 dicens
712 5714 725 5754 :
760 5696 983 5774 Seipsos
1029 5697 1265 5769 primum
1293 5699 1603 5768 dederunt;
1637 5700 1835 5761 deinde
1937 5701 2132 5776 quibus
2162 5700 2477 5760 confortatis
2522 5701 2576 5762 in
2608 5701 2878 5762 mandatis
2910 5703 3031 5778 Dei,
3063 5701 3318 5758 discessit
3346 5702 3413 5758 ab
3444 5701 3544 5762 eis.
