3932 6408
370 351 468 406 351

904 351 962 406 S.
1014 348 1366 408 BRUNONIS
1411 351 2061 412 CABTHUSIANORUM
2103 354 2586 414 INSTITUTORIS
2623 357 2782 415 OPP.
2830 360 3007 417 PARS
3055 362 3122 416 Π.

3572 368 3683 422 352

370 471 469 528 sed
504 487 627 530 cum
657 473 842 529 Romae
870 480 1016 529 esset
1044 472 1099 527 in
1129 473 1378 538 vinculis,
1409 483 1633 546 propter
1661 476 1965 532 absentiam
1988 478 2038 538 Α
2070 478 2233 533 modo
2263 485 2322 532 ut
2350 480 2618 549 approbet
2637 496 2732 536 eos
2752 482 3187 551 persecutionem
3209 484 3444 542 libenter
3463 486 3679 543 debere

374 567 427 615 et
464 561 866 616 tribulationem
916 560 1170 632 pastoris,
1220 562 1668 617 existimaverunt
1715 579 1969 634 persecu-

375 656 524 704 tores
546 649 766 718 justitias
793 657 844 704 et
875 649 1086 719 pseudo
1113 650 1367 720 apostoli,
1399 651 1788 721 depravatores
1818 653 1968 707 veri-

375 737 518 804 tatis,
549 737 651 790 sibi
703 737 884 791 datam
933 752 1062 792 esse
1108 738 1563 808 Opportunitatem
1608 741 1971 811 aggrediendi

372 840 510 895 quos
543 825 738 879 Paulus
780 824 1103 880 instruxerat
1151 825 1550 896 Philippenses,
1584 835 1640 881 ut
1671 837 1720 882 et
1756 827 1970 883 facilius

371 912 629 967 cederent
656 912 1046 983 persecutioni,
1099 922 1322 983 pr0pter
1367 914 1709 970 aﬂlictionem
1741 924 1790 970 et
1838 932 1969 972 con-

373 1008 633 1070 temptum
691 1000 964 1072 magistri,
1021 1008 1073 1054 et
1103 1009 1159 1054 ut
1206 1001 1414 1071 pseudo
1452 1004 1809 1073 opportunius
1838 1021 1967 1074 per-

372 1096 645 1143 verterent
676 1088 838 1142 fidem
869 1104 1076 1154 eorum,
1127 1089 1353 1143 absente
1404 1090 1572 1145 Paulo
1631 1092 1721 1162 qui
1761 1093 1966 1147 contir-

370 1185 542 1231 maret
571 1192 690 1230 eos.
726 1175 904 1245 Quam
935 1184 1220 1247 utramque
1253 1193 1488 1249 pugnam
1521 1179 1749 1249 (scilicet
1780 1197 1965 1250 perse-

371 1272 618 1319 cutorum
671 1272 726 1342 et
783 1265 1303 1334 pseudodoctorum)
1373 1266 1572 1320 Paulus
1628 1267 1960 1340 intelligens,

373 1351 594 1422 scripsit
620 1352 700 1406 eis
731 1353 873 1407 hanc
904 1352 1223 1422 Epistolam,
1258 1353 1312 1407 in
1362 1369 1470 1424 qua
1497 1354 1608 1425 agit
1639 1355 1706 1409 de
1739 1357 1828 1409 illa
1859 1357 1962 1411 du-

371 1435 501 1507 plici
531 1451 717 1508 pugna
774 1444 1183 1506 persecutorum
1243 1445 1295 1491 et
1339 1439 1857 1508 pseudodoctorum,
1897 1457 1963 1496 eo

373 1617 3340 1650 __________.__._____________

2069 565 2176 636 pati
2205 582 2306 636 pro
2337 565 2440 622 fide
2473 567 2693 634 Christi,
2727 570 2862 624 Cum
2895 572 3214 641 Apostolum
3237 590 3394 628 suum
3423 576 3679 647 gauden-

2070 662 2178 708 tem
2207 654 2424 708 audiant
2450 656 2506 709 in
2560 656 2808 720 vinculis,
2849 659 2940 729 qui
2971 659 3172 732 dignus
3221 661 3438 717 habitus
3467 663 3537 717 sit
3571 680 3678 734 pro

2069 741 2289 797 nomine
2318 743 2448 797 Jesu
2505 745 2882 799 contumeliam
2913 746 3021 816 pati
3053 766 3066 812 ;
3099 763 3224 803 cum
3285 751 3447 804 etiam
3498 751 3682 806 sciant

2068 831 2254 883 Jesum
2286 846 2387 900 pro
2437 831 2606 886 salute
2640 848 2832 887 eorum
2861 849 3100 904 passum.
3134 835 3207 890 lis
3238 845 3292 891 et
3321 838 3442 892 aliis
3489 839 3678 894 causis

2068 917 2379 987 patientiam
2428 934 2552 974 cum
2601 921 2899 976 humilitate
2949 924 3298 979 commendat
3334 925 3433 980 eis.
3468 927 3675 981 lterum

2068 1005 2368 1060 doctrinam
2400 1022 2587 1062 eorum
2619 1009 2827 1078 pseudo
2855 1009 2962 1064 illis
3001 1011 3141 1066 adeo
3189 1012 3446 1083 deprimit
3477 1023 3535 1068 ut
3575 1030 3678 1070 vo-

2067 1101 2151 1146 cet
2181 1109 2298 1147 eam
2326 1101 2590 1160 stercora,
2623 1104 2678 1150 et
2707 1097 2902 1151 multas
2933 1098 3026 1152 dat
3056 1099 3318 1164 ration'es,
3361 1117 3530 1172 quare
3558 1117 3675 1156 non

2067 1180 2174 1233 sint
2203 1182 2481 1236 audiendi.
2514 1184 2582 1237 Et
2612 1184 2667 1237 in
2699 1185 2839 1239 hunc
2868 1186 3087 1241 modum
3107 1203 3278 1257 agens
3297 1189 3366 1243 de
3396 1191 3498 1245 hac
3526 1198 3677 1244 utra-

2066 1285 2172 1338 que
2230 1285 2433 1339 pugna,
2493 1271 2721 1326 intendit
2751 1289 2848 1328 eos
2878 1289 3089 1330 armare
3144 1275 3200 1329 in
3227 1277 3334 1332 hoc
3384 1277 3530 1332 bello
3570 1294 3679 1348 per

2069 1357 2205 1411 hanc
2235 1358 2557 1427 Epistolam,
2591 1376 2660 1415 ne
2692 1361 2776 1416 vel
2807 1361 3002 1416 cedant
3022 1364 3408 1434 persecutioni,
3432 1365 3520 1420 vel
3539 1381 3684 1421 con-

2066 1443 2297 1498 sentiant
2331 1447 2522 1501 errori.

1106 1789 1708 1886 EPISTOLA
1765 1790 1927 1887 AD
1995 1794 2914 1902 PHILIPPENSES.

750 2039 989 2096 255
1033 2039 1256 2096 CAPUT
1295 2038 1587 2094 PRIMUM.

451 2223 472 2246 ιι
509 2199 710 2254 Paulus
739 2207 793 2256 et
823 2199 1159 2264 Timotheus,
1190 2198 1334 2254 servi
1361 2199 1490 2252 Jesu
1519 2197 1739 2261 Christi,
1782 2197 1963 2252 omni-

376 2307 398 2341 s
433 2289 536 2344 bus
566 2288 768 2344 sanctis
798 2289 853 2342 in
903 2288 1118 2342 Christo
1171 2288 1322 2356 Jesu,
1382 2285 1474 2358 qui
1521 2294 1646 2341 sunt
1702 2285 1964 2357 Philippis

375 2399 397 2428 ι
431 2393 556 2433 cum
585 2376 861 2448 episcopis
890 2384 942 2432 et
972 2375 1312 2431 diaconibus.
1345 2373 1535 2430 Gratia
1573 2374 1728 2428 vobis
1759 2382 1810 2428 et
1858 2389 1962 2445 pax

377 2489 397 2511 «
433 2481 466 2520 a
495 2467 612 2520 Deo
643 2466 798 2520 Patre
820 2473 1030 2530 nostro,
1065 2473 1116 2519 et
1148 2463 1380 2518 Domino
1409 2460 1537 2518 Jesu
1568 2463 1803 2518 Christo.
1828 2461 1964 2517 Gra-

376 2575 398 2605 ι
435 2553 538 2609 tias
568 2570 676 2626 ago
707 2555 822 2608 Deo
850 2569 974 2609 meo
1005 2553 1058 2606 in
1087 2553 1234 2607 omni
1259 2552 1517 2607 memoria
1536 2551 1723 2617 vestri,
1748 2567 1966 2622 semper

375 2663 397 2691 ι
432 2641 486 2696 in
517 2642 727 2698 cunctis
755 2641 1091 2697 orationibus
1150 2641 1286 2694 meis
1328 2656 1426 2711 pro
1474 2640 1726 2694 omnibus
1785 2639 1960 2704 vobis,

375 2754 395 2776 σε
431 2746 554 2786 cum
583 2731 786 2801 gaudio
815 2729 1256 2800 deprecationem
1316 2728 1541 2792 faciens,
1593 2743 1758 2798 super
1815 2743 1958 2782 com-

375 2839 397 2868 ι
434 2818 798 2874 municatione
828 2826 1012 2872 vestra
1041 2817 1096 2872 in
1127 2817 1426 2887 Evangelio
1475 2815 1673 2870 Christi
1703 2831 1736 2869 a
1790 2816 1964 2885 prima

375 2929 396 2952 α
432 2907 520 2962 die
579 2922 752 2977 usque
799 2921 963 2970 nunc,
1013 2903 1296 2959 confidens
1336 2905 1439 2960 hoc
1485 2903 1680 2974 ipsum,
1715 2904 1843 2974 quia
1873 2903 1964 2973 qui

375 3016 396 3038 «
431 2993 597 3064 ccepit
651 2993 705 3046 in
762 2993 917 3048 vobis
965 3008 1104 3063 opus
1142 2992 1363 3053 bonum,
1407 2990 1647 3062 perﬁciet
1694 3007 1865 3061 usque
1908 2990 1964 3043 in

374 3104 395 3128 ιε
431 3082 576 3136 diem
607 3081 806 3136 Christi
835 3081 985 3135 Jesu.
1020 3080 1168 3135 Sicut
1188 3087 1271 3134 est
1301 3079 1430 3133 mihi
1465 3081 1671 3147 justum
1701 3079 1802 3134 hoc
1833 3095 1962 3133 sen-

375 3193 396 3216 «
433 3170 533 3224 tire
560 3184 664 3240 pro
694 3168 948 3224 omnibus
996 3167 1172 3232 vobis,
1207 3182 1273 3222 eo
1319 3167 1466 3238 quod
1513 3167 1740 3221 habeam
1785 3181 1880 3220 vos
1909 3166 1962 3220 in

373 3279 395 3308 ι
430 3257 618 3322 corde,
653 3264 706 3312 et
731 3256 785 3310 in
814 3255 1042 3311 vinculis
1074 3255 1210 3309 meis
1241 3263 1292 3309 et
1322 3255 1377 3308 in
1407 3254 1724 3308 defensione
1755 3261 1808 3308 et
1835 3270 1964 3309 con-

372 3369 393 3392 «ι
430 3344 731 3400 ﬁrmatione
761 3343 1066 3416 Evangelii,
1093 3343 1273 3398 socios
1303 3343 1488 3415 gaudii
1517 3343 1624 3397 mei
1655 3358 1846 3397 omnes
1867 3357 1964 3397 vos

372 3458 393 3480 «
427 3449 550 3490 esse
581 3433 756 3488 Testis
788 3432 930 3487 enim
963 3431 1094 3486 mihi
1125 3439 1206 3486 est
1252 3432 1418 3497 Deus,
1453 3430 1726 3503 quomodo
1749 3430 1962 3501 cupiam

373 3544 396 3573 ι
430 3539 529 3579 vos
557 3537 749 3578 omnes
779 3521 836 3575 in
867 3521 1172 3576 visceribus
1197 3522 1325 3574 Jesu
1355 3520 1578 3573 Christi.
1611 3519 1679 3574 Et
1708 3519 1811 3574 hoc
1839 3535 1959 3584 oro,

374 3634 394 3658 σι
432 3619 489 3665 ut
543 3609 777 3666 charitas
833 3617 1016 3664 vestra
1073 3608 1251 3680 magis
1306 3623 1370 3663 ac
1417 3607 1596 3679 magis
1642 3607 1880 3661 abundet
1909 3607 1963 3660 in

371 3722 392 3747 α
428 3699 654 3755 scientia
692 3707 745 3753 et
775 3697 831 3751 in
882 3698 1030 3752 omni
1062 3714 1244 3760 sensu,
1281 3705 1338 3750 ut
1366 3695 1609 3766 probetis
1643 3695 1874 3765 potiora,
1906 3703 1964 3748 ut

374 3810 394 3833 α
429 3787 548 3841 sitis
579 3786 800 3851 sinceri,
834 3793 888 3840 et
919 3786 1037 3839 sine
1066 3783 1276 3838 oﬁ‘ensa
1331 3783 1385 3836 in
1415 3784 1560 3836 diem
1604 3782 1824 3848 Christi,
1868 3798 1960 3837 re-

371 3898 392 3921 α
428 3874 561 3946 pleti
590 3874 770 3928 fructu
821 3872 1042 3940 justitia:
1069 3887 1167 3942 per
1191 3872 1378 3925 Jesum
1417 3869 1706 3936 Christum,
1758 3869 1811 3923 in
1841 3869 1962 3923 lau-

372 3986 394 4015 ι
429 3963 557 4018 dem
579 3969 633 4017 et
663 3959 888 4032 gloriam
908 3960 1028 4015 Dei.
1064 3959 1212 4014 Scire
1243 3967 1421 4012 autem
1452 3975 1550 4012 vos
1589 3958 1733 4023 volo,
1771 3957 1962 4012 fratres

373 4074 393 4097 «
429 4051 559 4123 quia
587 4066 708 4121 qua:
737 4048 880 4104 circa
909 4064 995 4102 me
1018 4055 1161 4112 sunt,
1186 4046 1362 4117 magis
1381 4047 1448 4101 ad
1465 4045 1767 4118 profectum
1790 4063 1959 4101 vene-

371 4163 392 4186 «
425 4146 552 4194 runt
579 4136 878 4209 Evangelii,
912 4136 982 4190 ita
1003 4144 1056 4190 ut
1078 4135 1294 4191 vincula
1319 4151 1443 4190 mea
1463 4135 1744 4190 manifesta
1768 4135 1962 4191 fierent

369 4250 392 4279 ι
427 4228 484 4282 in
515 4226 730 4282 Christo
759 4225 815 4279 in
865 4225 1010 4280 omni
1069 4224 1342 4296 prmtorio,
1379 4233 1429 4279 et
1466 4225 1519 4278 in
1551 4224 1761 4279 caeteris
1789 4223 1964 4279 omni-

369 4339 390 4362 ει
426 4316 546 4382 bus,
579 4323 632 4371 et
676 4315 862 4385 plures
913 4330 943 4368 e
991 4313 1244 4367 fratribus
1273 4313 1328 4366 in
1360 4313 1591 4367 Domino
1620 4311 1959 4368 conﬁdentes

369 4427 389 4450 α
421 4405 476 4459 in
506 4403 735 4460 vinculis
766 4403 922 4468 meis,
955 4401 1319 4456 abundantius
1350 4402 1615 4456 auderent
1633 4401 1750 4455 sine
1766 4401 1956 4455 timore

370 4517 390 4539 α
426 4493 648 4548 verbum
704 4491 803 4546 Dei
858 4491 1027 4563 loqui.
1087 4490 1320 4559 Quidam
1385 4490 1624 4561 quidem,
1657 4497 1709 4543 et
1737 4496 1961 4559 propter

369 4581 684 4636 «invidiam
737 4587 790 4635 et
863 4579 1283 4644 contentionem,
1363 4578 1580 4649 quidam
1651 4585 1832 4631 autem
1907 4583 1960 4629 et

367 4693 389 4716 ιι
424 4678 646 4741 propter
678 4670 876 4724 bonam
907 4667 1240 4722 voluntatem
1287 4666 1558 4720 Christum
1607 4664 1908 4734 pradicant
1940 4681 1955 4729 ;

1990 2017 2042 2077 Β
2070 2037 2091 2066 ι
2119 2016 2234 2072 sive
2263 2035 2363 2089 per
2394 2019 2555 2074 vitam
2587 2021 2700 2077 sive
2727 2039 2829 2093 per
2855 2030 3106 2080 mortem.
3149 2025 3278 2080 Mihi
3308 2025 3451 2081 enim
3479 2026 3674 2084 vivere

2074 2126 2095 2154 ι
2133 2105 2384 2162 Christus
2415 2118 2514 2175 est,
2549 2118 2600 2164 et
2629 2111 2767 2165 mori
2797 2110 3029 2168 lucrum.
3090 2111 3250 2182 Quod
3298 2114 3344 2167 si
3392 2114 3582 2170 vivere
3614 2116 3675 2172 in

2071 2215 2092 2243 ι
2131 2209 2313 2259 carne,
2347 2196 2434 2251 hic
2464 2197 2595 2251 mihi
2627 2197 2829 2254 fructus
2876 2200 3058 2271 operis
3087 2210 3190 2267 est,
3223 2210 3274 2256 et
3303 2202 3433 2274 quid
3464 2203 3672 2276 eligam

2071 2305 2091 2328 ι
2131 2281 2349 2353 ignoro.
2404 2286 2667 2340 Coarctor
2720 2296 2899 2342 autem
2957 2304 2986 2343 e
3034 2289 3291 2344 duobus:
3326 2289 3671 2346 desiderium

2070 2395 2089 2416 «
2131 2371 2334 2426 habens
2365 2373 2610 2443 dissolvi,
2645 2383 2698 2430 et
2728 2392 2848 2430 esse
2879 2393 3000 2432 cum
3023 2377 3260 2444 Christo,
3293 2377 3461 2433 multo
3487 2380 3670 2452 magis

2070 2481 2091 2508 ι
2127 2461 2322 2514 melius
2356 2480 2370 2527 ;
2404 2478 2721 2532 permanere
2760 2473 2940 2519 autem
2983 2465 3036 2518 in
3066 2481 3250 2531 carne,
3284 2468 3668 2522 necessarium

2071 2567 2091 2599 ι
2130 2557 2214 2602 est
2245 2558 2462 2620 propter
2492 2567 2609 2605 vos.
2657 2553 2720 2606 Et
2771 2553 2874 2608 hoc
2929 2553 3212 2608 conlidens
3243 2554 3358 2609 scio
3387 2554 3510 2626 quia
3543 2572 3668 2609 ma-

2070 2659 2090 2680 «
2127 2637 2268 2692 nebo
2300 2645 2353 2691 et
2383 2639 2717 2708 permanebo
2766 2641 3019 2695 omnibus
3067 2641 3223 2696 vobis
3251 2642 3319 2696 ad
3357 2641 3669 2712 perfectum

2069 2748 2089 2770 υ
2126 2733 2386 2793 vestrum,
2435 2735 2487 2781 et
2517 2728 2776 2798 gaudium
2820 2728 2964 2787 fidei.
3025 2738 3081 2784 ut
3135 2729 3425 2802 gratulatio
3481 2739 3669 2786 vestra

2070 2834 2090 2861 ε
2128 2813 2366 2868 abundet
2399 2813 2453 2867 in
2483 2815 2694 2870 Christo
2721 2817 2850 2871 .lesu
2891 2817 2942 2870 in
2973 2833 3079 2883 me,
3112 2834 3210 2888 per
3237 2833 3420 2872 meum
3449 2818 3665 2873 adven-

2073 2925 2092 2946 α
2130 2910 2239 2955 tum
2295 2902 2485 2956 iterum
2526 2904 2596 2957 ad
2662 2921 2779 2958 vos.
2844 2905 3076 2960 Tantum
3129 2906 3296 2977 digne
3361 2907 3665 2978 Evangelia

2069 3011 2090 3039 ‹
2127 2991 2327 3044 Christi
2383 2992 2803 3061 conversamini,
2851 3002 2926 3061 ut,
2987 2994 3101 3049 sive
3157 3010 3282 3048 cum
3342 3010 3548 3050 venero
3604 3005 3663 3050 et

2070 3101 2089 3124 α
2125 3079 2315 3134 videro
2373 3096 2489 3143 vos,
2553 3079 2666 3135 sive
2719 3081 2918 3135 absens
2964 3081 3178 3136 audiam
3225 3083 3293 3136 de
3324 3082 3498 3148 vobis,
3533 3083 3664 3154 quia

2067 3187 2089 3216 ι
2126 3168 2279 3222 statis
2308 3168 2362 3222 in
2391 3184 2497 3222 uno
2528 3168 2716 3239 spiritu
2765 3169 3069 3236 unanimes,
3103 3169 3503 3226 collaborantes
3532 3169 3666 3226 ﬁdei

2068 3280 2088 3302 α
2124 3257 2428 3327 Evangelii,
2463 3266 2512 3311 et
2543 3258 2597 3312 in
2626 3258 2772 3313 nullo
2821 3255 3133 3313 terreamini
3179 3259 3248 3312 ab
3279 3258 3609 3313 adversariis
3646 3279 3662 3325 ;

1994 3370 2038 3430 ο
2071 3367 2090 3392 α
2126 3363 2247 3416 qua:
2277 3354 2359 3400 est
2397 3345 2504 3400 illis
2531 3362 2700 3401 causa
2724 3346 3065 3418 perditionis,
3100 3347 3257 3401 vobis
3287 3354 3466 3401 autem
3497 3347 3657 3402 salu-

2069 3457 2089 3478 u
2127 3433 2214 3497 tis,
2247 3443 2298 3488 et
2329 3435 2429 3489 hoc
2460 3451 2492 3489 a
2522 3436 2638 3490 Deo
2674 3451 2685 3488 :
2719 3436 2843 3507 quia
2897 3435 3050 3490 vobis
3106 3435 3365 3490 donatum
3415 3442 3498 3490 est
3556 3453 3660 3508 pro

2068 3543 2088 3571 ι
2127 3522 2360 3586 Christo,
2393 3540 2500 3577 non
2531 3523 2705 3578 solum
2753 3532 2809 3578 ut
2867 3522 2922 3577 in
2963 3539 3089 3578 eum
3145 3523 3397 3588 credatis,
3448 3524 3549 3578 sed
3598 3533 3660 3578 ut

2067 3631 2088 3659 ι
2124 3610 2288 3664 etiam
2326 3619 2441 3681 ‘pro
2495 3611 2588 3666 illo
2649 3611 2962 3682 patiamini:
3013 3612 3156 3666 idem
3215 3619 3493 3666 certamen
3551 3613 3660 3666 ha-

2069 3721 2088 3745 ιι
2129 3698 2337 3764 bentes,
2371 3699 2533 3771 quale
2563 3709 2615 3756 et
2672 3700 2884 3755 vidistis
2926 3699 2980 3754 in
3012 3716 3120 3766 me,
3153 3706 3206 3755 et
3252 3715 3398 3756 nunc
3427 3700 3661 3757 audistis

2067 3808 2088 3836 ι
2123 3787 2191 3842 de
2223 3804 2328 3841 me.
2372 3812 2392 3834 η

2710 3926 3004 3966 EXPOSI‘I‘IO
3013 3954 3025 3966 .

2133 4046 2374 4109 Paulus,
2408 4052 2512 4100 etc.
2543 4044 2774 4100 Nomina
2805 4044 3087 4118 dignitatis
3117 4043 3206 4100 hic
3241 4060 3350 4100 non
3379 4043 3655 4115 apposuit,

2061 4133 2240 4190 sciens
2271 4133 2649 4204 Philippenses
2670 4150 2779 4188 non
2799 4133 3050 4189 dubitare
3071 4133 3139 4188 de
3153 4132 3456 4202 apostolatu
3482 4131 3653 4196 Pauli,

2061 4239 2224 4294 quem
2254 4221 2574 4293 magistrum
2601 4229 2653 4276 et
2699 4223 3016 4292 Apostolum
3046 4238 3203 4276 suum
3234 4221 3654 4286 confitebantur,

2016 4324 2040 4343 °
2059 4312 2208 4377 dum,
2242 4311 2380 4366 sicut
2411 4310 2515 4364 illis
2538 4310 2832 4365 tradiderat
2863 4310 3078 4380 Paulus,
3117 4310 3172 4364 in
3203 4308 3308 4364 fide
3337 4309 3654 4380 operaban-

2060 4408 2191 4464 tur;
2226 4399 2322 4453 sed
2381 4397 2667 4453 intendens
2725 4399 3112 4454 commendare
3163 4397 3243 4453 eis
3272 4397 3656 4464 humilitatem,

2060 4503 2180 4542 cum
2203 4486 2463 4558 patientia
2502 4486 2817 4541 humilitatis
2847 4503 3046 4542 nomen
3076 4488 3159 4555 (se
3190 4502 3410 4540 servum
3440 4484 3658 4553 dicens)

2059 4575 2304 4630 inseruit.
2360 4575 2513 4630 Unde
2545 4574 2622 4630 sic
2669 4575 2738 4628 ait
2773 4590 2784 4628 :
2820 4577 3033 4631 Paulus
3064 4579 3120 4631 et
3154 4574 3497 4630 Timotheus.
3528 4573 3654 4628 Non

2061 4663 2186 4717 ideo
2215 4663 2553 4719 Timotheum
2588 4664 2843 4734 apposuit
2881 4663 3028 4734 quod
3077 4678 3197 4718 cum
3231 4661 3400 4716 Paulo
3429 4660 3656 4730 Episto-

369 4781 389 4803 «
424 4727 666 4830 quidam,
701 4774 766 4812 ex
796 4755 1074 4818 charitate,
1108 4755 1345 4810 scientes
1386 4727 1644 4824 quoniam
1674 4752 1730 4805 in
1761 4727 1956 4805 defen¥
1977 4727 2030 4785 D
2067 4753 2173 4806 lam
2205 4751 2502 4822 scripserit,
2541 4727 2639 4806 sed
2661 4727 2817 4824 'quia
2847 4727 2916 4806 in-
2934 4751 3127 4807 eadem
3159 4750 3431 4806 voluntate
3479 4727 3655 4804 Paulo

366 4867 388 4896 α
425 4846 578 4901 sione
608 4844 894 4916 Evangelii
937 4846 1146 4914 positus
1175 4858 1315 4896 sum.
1375 4840 1605 4908 Quidam
1655 4848 1833 4894 autem
1893 4855 1958 4892 ex

368 4955 390 4984 «
427 4933 770 4989 contentione
826 4930 1098 4984 Christum
1155 4929 1471 4983 annuntiant
1528 4943 1636 4983 non
1695 4927 1955 4993 sincere;

369 5044 391 5067 «
428 5021 802 5076 existimantes
829 5033 1146 5088 pressuram
1179 5033 1236 5071 se
1270 5017 1531 5071 suscitare
1549 5016 1774 5070 vinculis
1798 5016 1974 5087 meis._

372 5132 393 5155 α
430 5108 572 5178 Quid
593 5107 737 5162 enim
754 5109 782 5161 ?
803 5108 942 5160 Dum
963 5106 1112 5161 omni
1138 5105 1321 5170 modo,
1339 5105 1453 5158 sive
1474 5120 1573 5175 per
1589 5105 1954 5173 occasionem,

371 5221 392 5244 σε
427 5197 542 5252 sive
572 5212 669 5267 per
699 5194 983 5250 veritatem
1014 5194 1260 5248 Christus
1289 5193 1652 5261 annuntietur,
1687 5201 1738 5247 et
1769 5193 1822 5248 in
1853 5193 1958 5250 hoc

372 5309 394 5332 σε
429 5285 666 5357 gaudeo,
698 5284 796 5338 sed
825 5291 878 5338 et
903 5283 1174 5355 gaudebo.
1209 5282 1333 5338 Scio
1363 5282 1505 5336 enim
1534 5282 1660 5354 quia
1689 5283 1793 5338 hoc
1823 5282 1954 5336 mihi

369 5397 391 5421 ει
425 5372 707 5446 proveniet
746 5371 814 5426 ad
871 5371 1101 5425 salutem
1156 5387 1256 5442 per
1286 5379 1524 5426 vestram
1571 5370 1870 5426 orationem
1901 5379 1956 5426 et

371 5460 979 5516 «subministrationem
1013 5459 1240 5530 Spiritus
1296 5460 1426 5514 Jesu
1479 5459 1694 5526 Christi,
1750 5476 1952 5515 secun-

365 5573 387 5597 «
422 5551 553 5605 dum
584 5549 1046 5620 exspectationem
1077 5557 1128 5604 et
1156 5565 1307 5620 spem
1331 5565 1524 5615 meam,
1559 5549 1687 5621 quia
1715 5549 1770 5604 in
1801 5549 1950 5604 nullo

362 5662 383 5686 «
419 5638 740 5705 confundar,
771 5638 868 5694 sed
899 5638 954 5692 in
999 5637 1146 5694 omni
1190 5636 1408 5708 fiducia,
1442 5638 1578 5695 sicut
1626 5655 1864 5710 semper,
1898 5646 1952 5694 et

353 5751 374 5777 κ
411 5744 556 5785 nunc
607 5726 1045 5800 magnificabitur
1104 5727 1352 5783 Christus
1398 5727 1452 5783 in
1500 5743 1733 5802 corpore
1788 5743 1938 5783 meo.

2059 4841 2326 4897 concessit
2361 4841 2524 4907 ;ideo
2578 4842 2758 4906 etiam,
2807 4841 2950 4912 quia,
3012 4840 3151 4895 sicut
3208 4839 3262 4892 in
3296 4837 3653 4909 sequentibus

2058 4929 2250 4996 innuit,
2283 4929 2545 4982 missurus
2601 4937 2713 4982 erat
2769 4928 2849 4982 eis
2893 4928 2948 4981 in
2996 4927 3244 4999 proximo
3275 4925 3642 4980 Timotheum.

2059 5017 2155 5071 Cui
2214 5017 2268 5070 in
2315 5017 2567 5071 omnibus
2613 5017 2918 5082 obedirent,
2968 5015 3195 5088 dignum
3245 5013 3342 5068 fuit
3391 5013 3649 5084 praescri-

2059 5106 2190 5160 bere
2233 5105 2704 5161 commendatione
2751 5105 2922 5160 Pauli.
2965 5103 3162 5158 Paulus
3211 5111 3264 5157 et
3309 5101 3646 5168 Timotheus,

2057 5196 2204 5250 servi
2230 5197 2362 5250 Iesu
2393 5195 2621 5261 Christi,
2658 5193 2735 5248 sic
2778 5201 2830 5247 et
2875 5209 2974 5247 vos
3006 5191 3320 5246 servitutem
3367 5189 3563 5244 Christi
3595 5189 3649 5244 in

2057 5284 2203 5338 omni
2258 5283 2557 5337 humilitate
2614 5281 2882 5353 patientes
2930 5281 3217 5337 custodite.
3278 5277 3491 5343 Paulus,
3557 5277 3646 5331 in-

2055 5388 2239 5444 quam,
2273 5381 2323 5426 et
2370 5371 2684 5426 Timotheus
2744 5371 2987 5426 scribunt
3014 5369 3272 5425 omnibus
3303 5368 3522 5422 sancti:
3551 5368 3648 5438 qui

2053 5465 2190 5516 sunt
2223 5461 2522 5532 Philippis.
2555 5459 2765 5515 Sanctis
2795 5459 2917 5514 dico
2947 5459 3008 5513 in
3049 5457 3269 5513 Christo
3297 5457 3448 5524 Iesu,
3480 5453 3536 5508 id
3566 5462 3651 5511 est

2052 5549 2108 5604 in
2138 5548 2244 5605 fide
2278 5547 2479 5604 Christi
2507 5549 2635 5602 Jesu
2665 5547 2887 5602 sancitis
2945 5554 2998 5601 et
3026 5543 3381 5602 confirmatis.
3443 5542 3546 5597 Ubi
3575 5543 3652 5598 ait

2052 5637 2313 5694 omnibus
2338 5637 2576 5702 sanctis,
2608 5636 3050 5692 communitatem
3079 5631 3340 5688 Ecclesia:
3373 5630 3648 5701 intelligit,

2051 5726 2108 5782 id
2137 5733 2240 5794 est,
2264 5725 2532 5793 subditos,
2565 5725 2762 5797 quibus
2792 5725 2846 5780 in
2868 5725 3061 5780 eadem
3091 5719 3412 5778 salutatione
3442 5719 3649 5792 praela-
