3932 6494
200 378 296 431 353

783 369 1168 428 EXPOSITIO
1206 372 1280 427 IN
1336 370 1720 428 EPISTOLAS
1773 370 2006 427 PAULI.
2043 399 2112 410 —
2143 369 2216 425 IN
2245 368 2466 425 EPIST.
2499 368 2594 424 AD
2622 367 2916 426 PHILIPP.

3407 369 3512 423 35L

201 509 281 556 tos
294 497 566 572 adjungit,
582 497 772 553 dicens
796 514 810 551 :
835 495 1078 552 256
1117 496 1370 552 Scribunt
1390 498 1646 554 omnibus
1687 497 1882 557 san-A
1913 494 2060 550 diem
2090 509 2249 548 suum
2277 492 2484 560 habuit,
2515 492 2718 549 faciens
2747 492 2951 548 bonum
2990 491 3077 547 vel
3105 490 3329 557 malum,
3363 490 3512 563 quod

203 591 326 654 ctis,
357 587 414 642 id
439 594 526 642 est
545 584 780 640 subditis
808 601 938 640 cum
960 585 1257 657 episcOpis,
1279 584 1334 639 id
1358 593 1440 640 est
1459 593 1513 641 et
1534 584 1810 656 episcOpis

204 682 274 746 et.
294 676 624 732 diaconibus
652 674 707 728 in
735 673 930 729 eadem
959 673 1226 730 Ecclesia.
1262 673 1364 730 Hic
1391 690 1490 745 per
1519 675 1810 745 episcopos

209 764 504 836 accipimus
533 763 929 834 presbyteros;
961 777 1082 818 cum
1114 761 1168 816 in
1198 761 1395 817 eadem
1433 762 1651 818 civitate
1698 778 1808 817 non

212 854 335 918 sint,
367 852 671 924 putandum
697 850 885 921 plures
915 865 1039 905 esse
1083 850 1395 920 episcopos.
1431 850 1528 905 Vel
1571 851 1620 904 si
1647 851 1812 905 etiam

211 939 434 1012 Philippi
462 938 617 1011 regio
665 946 812 993 esset
859 938 1110 993 diversas
1155 939 1366 993 habens
1397 938 1666 1008 civitatas,
1717 939 1812 992 ab-

207 1029 364 1084 surde
393 1027 649 1082 transiret
675 1027 746 1081 ab
777 1025 1052 1097 episcopis
1083 1025 1153 1080 ad
1174 1026 1450 1091 diacones,
1484 1025 1813 1081 intermissis

206 1115 558 1190 presbyteris.
591 1116 706 1170 Nec
733 1115 1031 1169 absurdum
1061 1122 1162 1180 est,
1189 1114 1236 1168 si
1266 1115 1586 1171 sacerdotes
1616 1114 1813 1170 dican-

210 1215 297 1262 tur
341 1203 618 1275 episcopi,
651 1219 794 1269 cum,
829 1203 1130 1258 secundum
1161 1203 1558 1276 Augustinum,
1588 1202 1815 1274 quilibet

212 1292 618 1365 paterfamilias,
653 1291 777 1363 quia
823 1307 991 1362 super
1019 1291 1248 1346 intendit
1279 1292 1484 1359 domui,
1523 1291 1814 1362 episcopus

213 1381 382 1453 possit
419 1380 554 1437 dici.
612 1380 829 1445 Paulus,
862 1379 1109 1451 inquam,
1142 1387 1196 1434 et
1216 1380 1530 1436 Timotheus
1561 1380 1641 1436 sic
1673 1379 1816 1435 scri-

217 1471 384 1525 bunt:
422 1469 621 1525 Gratia
650 1470 796 1524 vobis
827 1472 883 1524 et
910 1485 1032 1540 pax
1061 1486 1096 1523 a
1133 1470 1242 1525 Deo
1287 1476 1484 1524 nostra
1516 1471 1706 1534 Patre,
1760 1472 1816 1525 et

213 1559 445 1615 Domino
466 1560 600 1614 Jesu
622 1556 863 1613 Christo.
907 1557 1056 1612 Sicut
1085 1573 1232 1628 saepe
1263 1557 1570 1628 expositum
1591 1564 1693 1612 est.
1717 1556 1817 1612 Hic

213 1648 378 1702 modo
405 1647 461 1700 in
484 1645 676 1716 primis
713 1644 914 1699 mistim
945 1645 1015 1699 de
1056 1653 1289 1717 utraque
1318 1661 1506 1718 pugna
1532 1661 1816 1701 commen-

216 1736 354 1790 dans
402 1734 483 1790 eis
539 1733 900 1788 humilitatem
947 1749 1071 1789 cum
1118 1734 1380 1804 patientia
1442 1733 1590 1805 agit,
1641 1750 1817 1805 usque

215 1823 349 1878 illud
371 1821 614 1890 inferius,
762 1821 836 1876 ait
871 1838 884 1876 :
920 1823 1075 1879 Scire
1101 1826 1315 1889 autem,
1335 1829 1440 1879 etc.
1471 1821 1641 1890 Quasi
1660 1822 1814 1878 dice-
1837 1853 1890 1913 B

214 1919 299 1968 ret
339 1929 352 1965 :
385 1910 627 1966 Audiens
674 1908 838 1964 ﬁdem
868 1917 920 1964 et
950 1910 1265 1980 patientiam
1305 1919 1564 1977 vestram,
1597 1911 1817 1982 gratias

214 2018 318 2071 ago
345 2000 453 2055 Deo
495 2015 638 2068 meo,
689 1998 744 2053 id
790 2007 874 2053 est
921 1998 1054 2053 mihi
1100 1998 1240 2054 bene
1279 1999 1337 2053 in
1378 1999 1534 2056 vobis
1581 1998 1810 2054 faventi.

217 2089 477 2143 Nostrum
508 2086 740 2142 dicimus
770 2087 963 2152 Deum,
1000 2087 1220 2158 quando
1247 2087 1336 2158 pie
1383 2087 1633 2143 concedit
1672 2087 1821 2159 quod

223 2190 531 2247 precamur.
566 2174 809 2241 Gratias,
843 2174 1087 2246 inquam,
1116 2191 1224 2247 ago
1253 2177 1370 2231 Deo
1399 2191 1523 2232 meo
1560 2179 1625 2231 in
1665 2177 1822 2232 omni

219 2266 493 2320 memoria
520 2266 717 2330 vestri,
749 2263 895 2335 quia,
927 2263 1142 2334 quoties
1162 2265 1324 2320 audio
1353 2264 1560 2336 aliquid
1580 2265 1649 2319 de
1666 2264 1822 2320 vobis

218 2352 371 2424 (quia
398 2352 566 2425 digna
593 2350 700 2408 ﬁde
730 2351 935 2407 Christi
963 2354 1132 2422 sunt),
1157 2352 1364 2424 gratias
1393 2368 1502 2426 ago
1533 2354 1680 2419 Deo,
1712 2368 1822 2409 non

211 2441 270 2496 in
301 2441 554 2512 quadam,
588 2440 685 2495 sed
705 2442 947 2497 inomni
966 2443 1238 2497 memoria
1259 2444 1456 2497 vestri.
1488 2442 1550 2495 In
1571 2441 1824 2496 omnibus

219 2530 421 2585 bonum
447 2529 676 2584 audiens
708 2529 777 2585 de
808 2529 984 2595 vobis,
1037 2531 1275 2600 gratias,
1308 2530 1551 2600 inquam,
1585 2546 1685 2601 ago
1715 2531 1823 2585 Dea

218 2620 283 2674 in
304 2619 460 2674 omni
479 2619 753 2674 memoria
780 2619 955 2674 vestri
987 2620 1210 2688 faciens
1240 2618 1697 2690 deprecationem
1723 2634 1824 2690 pro

218 2707 366 2763 vobis
393 2707 673 2774 omnibus,
705 2706 834 2777 quia
865 2721 1027 2761 nemo
1076 2721 1136 2761 se
1166 2706 1453 2779 indignum
1481 2722 1602 2760 mea
1650 2707 1825 2761 inter-

217 2795 470 2852 cessione
499 2794 625 2850 facit
656 2812 670 2848 :
702 2795 770 2849 Et
816 2795 920 2850 hoc
970 2811 1102 2851 cum
1146 2795 1370 2867 gaudio.
1427 2795 1485 2850 Si
1531 2802 1828 2865 peccarent

209 2883 308 2949 illi,
343 2890 662 2954 precaretur
684 2881 906 2954 quidem
933 2897 1036 2954 pro
1064 2882 1164 2952 eis,
1191 2883 1298 2948 sed
1332 2882 1388 2937 in
1410 2883 1638 2938 tristitia.

291 2971 433 3040 Quia
451 2987 580 3027 vero
610 2970 839 3042 perfecti
868 2978 1009 3037 sunt,
1045 2979 1214 3026 restat
1242 2980 1300 3026 ut
1320 2979 1440 3026 oret
1467 2987 1566 3042 pro
1597 2971 1676 3026 eis
1696 2989 1827 3028 cum

219 3061 449 3132 gaudio.
477 3060 726 3121 Faciens,
763 3059 957 3131 inquit,
1012 3059 1468 3131 deprecationem
1496 3061 1559 3115 in
1601 3062 1828 3116 cunctis

216 3148 569 3206 orationibus
597 3148 760 3204 meis.
790 3149 1082 3220 Nunquam
1113 3147 1257 3204 enim
1288 3164 1388 3204 oro
1417 3149 1564 3220 quod
1592 3157 1825 3220 praeter-

1911 583 2099 638 voluit.
2155 583 2256 638 Vel
2286 583 2332 636 si
2379 581 2611 637 dicimus
2656 581 2804 636 diem
2850 579 3071 646 Christi,
3105 581 3252 635 diem
3292 579 3512 648 judicii,

1911 680 2041 727 tunc
2067 671 2168 726 erit
2195 671 2263 726 ad
2286 670 2682 742 probationem.
2716 671 2794 724 Ita
2832 668 3078 740 perﬁciet
3106 669 3162 723 in
3190 669 3346 724 vobis
3374 684 3515 739 opus

1913 761 2114 816 bonum
2144 775 2336 831 usque,
2368 759 2423 813 id
2455 767 2558 823 est,
2605 758 2824 813 assidue
2863 756 3068 813 faciens
3112 758 3217 814 hoc
3258 756 3314 812 in
3354 756 3517 827 justis

1912 864 2086 920 usque
2120 847 2176 901 in
2205 847 2352 902 diem
2380 845 2579 901 Christi
2606 847 2756 912 Jesu,
2793 845 2846 900 id
2879 855 2980 911 est,
3013 845 3253 916 quandiu
3281 845 3518 900 mundus

1913 937 2149 992 durabit.
2182 936 2478 992 Conﬁdens
2517 943 2571 990 et
2611 934 2820 990 faciens
2848 935 3283 1006 deprecationem
3315 941 3519 989 tantam

1912 1028 2064 1082 sicut
2090 1029 2177 1081 est
2196 1027 2413 1094 iustum
2434 1044 2453 1091 ;
2476 1024 2530 1078 id
2557 1031 2660 1092 est,
2692 1039 2799 1079 non
2820 1022 2999 1078 minus
3019 1038 3217 1093 precor
3237 1038 3338 1093 pro
3361 1022 3522 1078 vobis

1915 1129 2079 1186 quam
2103 1113 2313 1182 justitia
2348 1121 2532 1168 vestra
2576 1120 2630 1168 et
2666 1111 2995 1184 benignitas,
3029 1127 3135 1182 qua
3155 1127 3242 1167 me
3288 1111 3519 1167 honori-

1916 1202 2019 1258 ﬁce
2044 1201 2363 1273 suscepistis
2384 1200 2572 1273 exigit.
2595 1202 2844 1266 Iustum,
2877 1200 3120 1270 inquam,
3153 1203 3237 1256 est
3255 1199 3400 1256 mihi
3429 1197 3524 1272 qui

1915 1290 2116 1346 nullius
2148 1289 2417 1346 beneﬁcio
2447 1289 2702 1362 ingratus
2729 1305 2872 1355 sum,
2907 1288 3006 1343 sed
3036 1288 3274 1360 benigne
3302 1303 3523 1344 recom-

1916 1395 2109 1451 penso.
2142 1381 2323 1444 Sicut,
2358 1379 2597 1449 inquam,
2621 1379 2851 1449 justum
2888 1380 2973 1433 est
3007 1378 3152 1432 mihi
3190 1392 3300 1432 non
3343 1375 3524 1432 solum

1917 1468 2220 1539 deprecari,
2251 1468 2350 1523 sed
2389 1467 2552 1522 etiam
2581 1467 2798 1522 sentire
2826 1467 2931 1522 hoc
2975 1482 3079 1538 pro
3118 1466 3304 1532 vobis;
3347 1465 3525 1522 sentio

1917 1556 2063 1612 enim
2087 1556 2492 1612 tribulationem
2521 1562 2758 1611 vestram
2788 1569 2856 1610 ex
2905 1553 2959 1610 vi
2988 1554 3406 1625 compassionis,
3457 1568 3526 1611 ac

1917 1646 1964 1700 si
2010 1661 2131 1701 eam
2173 1645 2229 1699 in
2272 1661 2433 1702 carne
2481 1659 2606 1699 mea
2649 1643 2994 1699 sustinerem.
3047 1645 3156 1700 Pro
3203 1645 3352 1700 vobis
3397 1642 3525 1700 dico

1917 1735 2213 1803 omnibus,
2267 1733 2398 1805 quia
2433 1749 2626 1788 omnes
2681 1731 2908 1803 perfecti
2948 1732 3100 1787 estis.
3149 1733 3374 1788 Sentire
3432 1747 3524 1788 me

1917 1822 2043 1879 dico
2083 1831 2134 1878 et
2177 1822 2374 1888 sentio,
2409 1838 2470 1877 eo
2501 1822 2644 1894 quod
2687 1822 2921 1876 habeam
2964 1836 3057 1875 vos
3107 1836 3218 1874 non
3261 1820 3315 1874 in
3363 1819 3527 1876 labiis

1918 1919 2144 1976 tantum,
2199 1910 2295 1966 sed
2328 1911 2392 1964 in
2439 1909 2560 1980 ipso
2605 1909 2788 1965 corde.
2831 1908 3085 1964 Tribulor
3117 1907 3264 1963 enim
3296 1907 3524 1964 interius

1917 2015 2018 2070 pro
2065 1999 2265 2055 vestris
2321 1997 2780 2053 tribulationibus.
2825 1997 3011 2052 Habeo
3064 2012 3163 2053 vos
3210 1996 3266 2050 in
3321 1997 3524 2067 corde,

1919 2096 1974 2144 et
2002 2087 2132 2142 dum
2163 2104 2285 2141 sum
2313 2088 2376 2141 in
2405 2087 2670 2151 vinculis,
2705 2093 2758 2140 et
2776 2085 2908 2140 dum
2939 2101 3058 2140 sum
3088 2086 3152 2141 in
3174 2085 3524 2156 defensione,

1921 2185 1974 2232 et
2002 2176 2211 2247 positus
2239 2177 2303 2231 in
2344 2176 2782 2244 conﬁrmatione
2819 2175 3133 2246 Evangelii.
3184 2175 3252 2229 In
3281 2175 3529 2231 vinculis

1924 2267 2061 2320 meis
2094 2265 2270 2319 habeo
2309 2280 2402 2320 vos
2435 2264 2500 2318 in
2539 2263 2723 2330 corde,
2773 2277 3091 2318 memorans
3139 2277 3236 2318 vos
3282 2261 3524 2319 257

1922 2353 2034 2424 pati
2060 2353 2499 2424 persecutionem
2533 2351 2671 2406 sicut
2717 2359 2771 2407 et
2807 2367 2923 2406 me.
2975 2353 3046 2406 Et
3092 2352 3156 2406 in
3204 2351 3530 2422 defensione

1923 2443 2251 2513 Evangelii,
2312 2441 2367 2496 id
2409 2449 2492 2496 est
2552 2441 2607 2494 in
2654 2456 2764 2512 quo
2820 2438 3057 2495 defendo
3118 2438 3283 2494 ﬁdem
3336 2446 3530 2496 contra

1922 2531 2155 2600 pseudo,
2190 2529 2282 2599 qui
2311 2530 2554 2583 nituntur
2575 2536 2890 2600 pervertere
2919 2543 3063 2583 eam.
3098 2528 3287 2584 Habeo
3333 2544 3428 2583 vos
3467 2528 3532 2583 in

1923 2618 2108 2686 corde,
2142 2633 2354 2673 memor
2371 2617 2518 2688 quod
2550 2632 2648 2671 vos
2668 2632 2794 2672 cum
2814 2616 3024 2687 pseudo
3053 2633 3155 2687 pro
3185 2616 3384 2673 tuenda
3422 2614 3532 2672 ﬁde

1925 2714 2111 2762 vestra
2136 2705 2448 2761 decertatis.
2473 2706 2578 2760 Per
2598 2704 2814 2760 vincula
2841 2713 2896 2759 et
2921 2704 3300 2760 defensionem
3329 2704 3531 2760 utrius-

1927 2811 2034 2866 que
2063 2810 2263 2866 pugnae
2296 2809 2489 2850 eorum
2519 2792 2728 2850 faciens
2757 2793 3110 2858 mentionem,
3134 2793 3406 2849 confortat
3433 2809 3532 2850 eos

1927 2883 1985 2937 in
2013 2891 2259 2954 utraque.
2291 2883 2481 2938 Habeo
2511 2883 2671 2938 etiam
2705 2899 2797 2938 vos
2834 2883 2897 2938 in
2917 2883 3100 2953 corde,
3130 2884 3194 2938 in
3221 2883 3532 2951 conﬁrma-

1931 2975 2085 3029 tione
2129 2971 2448 3044 Evangelii,
2500 2971 2556 3026 id
2594 2979 2677 3026 est
2711 2971 2930 3043 quando
2997 2971 3333 3043 simplicibus
3380 2971 3538 3027 Chri-

1929 3061 2121 3116 stianis
2170 3058 2440 3116 conﬁrmo
2487 3058 2651 3115 ﬁdem
2699 3075 2858 3114 suam
2912 3076 3012 3130 per
3068 3060 3378 3131 Scripturas
3427 3067 3535 3116 etc.

1931 3150 2138 3206 Memor
2163 3166 2284 3204 sum
2324 3165 2423 3205 vos
2463 3147 2710 3204 similiter
2752 3147 2918 3204 ﬁdem
2961 3148 3291 3220 simplicium
3327 3147 3534 3206 conﬁr-

216 3237 426 3292 mittam
454 3251 578 3292 vos.
600 3221 948 3292 Orationibus
976 3236 1101 3292 dico
1132 3252 1244 3292 non
1263 3251 1405 3302 raro,
1455 3237 1554 3292 sed
1582 3253 1820 3310 semper,
1848 3209 1898 3272 Ο
1927 3254 2098 3294 mare.

222 3325 280 3380 id
338 3333 421 3381 est
465 3325 721 3380 continue
769 3325 1077 3381 celebratis.
1127 3327 1268 3396 Ago,
1324 3325 1567 3397 inquam,
1613 3326 1824 3397 gratias

221 3429 461 3485 semper,
503 3413 558 3468 id
588 3421 672 3469 est
703 3414 770 3468 de
807 3415 1222 3470 communitate
1263 3418 1454 3470 vestra
1500 3422 1719 3470 ostensa
1761 3417 1826 3470 in

220 3503 528 3572 Evangelia
562 3501 791 3558 Christi.
834 3502 1288 3559 Communicastis
1334 3502 1480 3558 enim
1524 3503 1826 3574 Evangelia

221 3589 444 3657 Christi,
475 3590 752 3646 credendo
781 3605 944 3662 quam
972 3590 1080 3647 cito
1101 3590 1350 3646 audistis.
1375 3591 1644 3648 Faciendo
1665 3591 1826 3646 etiam

220 3695 397 3750 opera
426 3677 572 3748 ﬁdei,
597 3686 652 3734 et
670 3679 1022 3750 praedicando
1039 3679 1158 3734 aliis
1178 3695 1395 3736 mecum
1416 3679 1580 3735 ﬁdem
1602 3680 1822 3736 Christi.

223 3766 323 3822 Vel
344 3767 420 3822 ita
452 3784 466 3823 :
502 3768 726 3823 Gratias
746 3784 846 3839 ago
865 3784 1037 3841 super
1063 3769 1583 3825 communicatione
1614 3773 1823 3839 vestra,

218 3856 279 3910 id
308 3863 392 3911 est
419 3855 488 3912 de
517 3855 622 3911 hoc
651 3856 800 3928 quod
829 3872 919 3911 res
935 3864 1150 3912 vestras
1168 3872 1488 3913 communes
1508 3857 1828 3913 exhibuistis

222 3944 478 4000 omnibus
536 3945 763 4001 sanctis.
828 3946 1350 4001 Communicatione
1397 3946 1521 4002 dico
1577 3945 1722 4002 facta
1763 3947 1827 4001 in

223 4034 546 4104 Evangelia,
565 4033 620 4087 id
649 4041 732 4088 est
751 4033 1054 4090 secundum
1073 4034 1430 4106 Evangelium
1450 4035 1669 4105 Christi,
1701 4035 1829 4107 quia

221 4138 326 4178 vos
353 4121 586 4193 primum
630 4123 766 4188 Deo,
807 4121 1007 4179 dehinc
1037 4131 1220 4178 vestra
1263 4123 1467 4179 sanctis
1507 4123 1826 4194 tradidistis,

220 4218 279 4266 et
305 4209 362 4264 in
382 4209 684 4282 Evangelia
711 4227 808 4282 per
853 4212 972 4267 haec
1018 4219 1072 4266 et
1117 4211 1296 4267 omnia
1327 4221 1602 4283 praecepta
1649 4212 1827 4268 adim-

218 4298 444 4372 plenda.
481 4299 1005 4357 Communicatione
1043 4300 1167 4356 dico
1197 4300 1435 4372 incoepta
1461 4319 1498 4356 a
1521 4303 1712 4374 prima
1739 4303 1828 4358 die

220 4387 601 4444 conversionis
634 4397 828 4444 vestrae
873 4405 1046 4462 usque
1075 4406 1251 4456 nunc,
1285 4389 1340 4445 id
1369 4398 1449 4445 est
1479 4389 1551 4445 ad
1577 4407 1827 4462 praesen-

221 4485 334 4533 tem
363 4476 534 4532 diem.
572 4478 686 4548 Ago
722 4480 961 4549 gratias,
1003 4479 1224 4549 faciens
1251 4495 1352 4551 pro
1392 4479 1542 4536 vobis
1572 4481 1830 4552 depreca-

2000 3329 2067 3382 Et
2087 3327 2229 3384 sicut
2269 3341 2481 3382 memor
2510 3342 2633 3381 sum
2659 3325 3070 3381 tribulationum
3099 3334 3425 3393 vestrarum,
3454 3325 3537 3382 sic

1927 3424 1982 3472 et
2033 3432 2133 3472 vos
2191 3423 2365 3471 estote
2411 3415 2704 3486 participes
2759 3414 3076 3470 humilitatis
3126 3432 3280 3471 mem.
3325 3413 3539 3470 Inutilis

1927 3505 2072 3560 enim
2101 3512 2185 3560 est
2239 3504 2516 3575 patientia,
2568 3519 2734 3576 quam
2781 3519 2892 3558 non
2923 3504 3211 3560 comitatur
3237 3503 3536 3561 humilitas.

1929 3592 2131 3662 Quales
2159 3593 2339 3648 habeo
2365 3608 2462 3648 vos
2492 3591 2546 3646 in
2575 3591 2744 3648 corde
2769 3609 2782 3646 :
2805 3591 2961 3658 tales,
2987 3592 3197 3648 scilicet
3226 3608 3420 3650 omnes
3440 3608 3535 3649 vos

1929 3697 2046 3737 esse
2066 3683 2244 3738 socios
2261 3682 2456 3753 gaudii
2471 3681 2604 3746 mei,
2630 3679 3088 3736 remunerationis
3108 3697 3246 3736 mea
3261 3680 3316 3735 in
3334 3689 3538 3738 mtemo

1927 3769 2129 3843 gaudio
2153 3813 2166 3835 ,
2227 3769 2367 3825 sicut
2421 3769 2565 3824 enim
2627 3767 2993 3823 tribulationis
3044 3785 3212 3835 mea},
3243 3769 3538 3842 participes

1929 3859 2083 3915 eritis
2113 3858 2320 3930 gaudii.
2346 3859 2489 3914 Vere
2519 3857 2698 3914 habeo
2727 3873 2826 3913 vos
2853 3857 2908 3912 in
2945 3858 3134 3914 corde.
3175 3859 3351 3914 Testis
3380 3861 3540 3916 enim

1928 3948 2074 4004 mihi
2102 3953 2187 4004 est
2215 3949 2381 4012 Deus,
2413 3947 2702 4020 quomodo,
2735 3947 2789 4001 id
2821 3955 2905 4002 est
2932 3963 3097 4019 quam
3133 3945 3342 4003 inﬁnito
3384 3947 3540 4004 desi-

1928 4037 2084 4093 derio
2103 4052 2211 4109 ego
2238 4037 2468 4108 cupiam
2505 4051 2700 4093 omnes
2746 4051 2846 4092 vos
2888 4052 3030 4104 esse,
3063 4051 3174 4092 non
3209 4035 3266 4091 in
3303 4036 3539 4107 pedibus

1928 4125 2276 4192 Christi,fsed
2305 4126 2371 4180 in
2398 4126 2701 4180 visceribus
2735 4125 2952 4180 Christi
2969 4127 3121 4194 Jesu,
3153 4124 3210 4180 id
3234 4132 3450 4181 estnon
3480 4125 3538 4182 in

1929 4214 2304 4280 inferioribus;
2337 4213 2434 4269 sed
2457 4215 2597 4268 inter
2625 4213 2802 4286 magis
2828 4213 3059 4269 dilectos
3088 4213 3190 4268 Dei
3217 4213 3308 4286 qui
3339 4213 3541 4270 dicun-

1929 4313 2018 4358 tur
2044 4303 2256 4359 viscera
2304 4303 2442 4371 ejus.
2492 4303 2562 4356 Et
2591 4302 2716 4373 quia
2753 4302 2834 4358 sic
2877 4301 3040 4373 cupio
3085 4302 3155 4357 de
3189 4302 3365 4372 vobis,
3412 4302 3540 4359 ideo

1929 4409 2024 4449 ora
2055 4393 2156 4448 hoc
2183 4395 2249 4447 ut
2268 4391 2522 4446 charitas
2543 4395 2729 4446 vestra
2756 4391 2965 4462 magisf,
2989 4389 3324 4461 proﬁciendo
3351 4391 3539 4447 abun-

1929 4482 2042 4548 det,
2074 4487 2374 4551 temperata
2404 4479 2460 4533 in
2487 4478 2637 4534 omni
2665 4479 2928 4545 scientia,
2961 4477 3017 4533 id
3036 4487 3120 4534 est
3147 4478 3201 4532 in
3221 4478 3540 4536 omnimoda

224 4566 462 4632 tionem,
504 4566 677 4622 ethoc
704 4567 912 4638 ipsum,
945 4566 1000 4621 id
1028 4575 1112 4622 est
1141 4567 1282 4623 sicut
1310 4567 1527 4638 postulo
1554 4568 1898 4639 integrumD
1930 4569 2284 4626 discretione.
2338 4568 2467 4622 Ideo
2508 4566 2739 4623 scientia
2779 4567 3087 4623 necessaria
3133 4575 3218 4622 est
3262 4567 3537 4637 charitati,

219 4653 516 4723 conﬁdens
544 4670 631 4708 me
671 4653 1129 4726 impetraturum;
1159 4672 1270 4711 non
1308 4665 1492 4712 tamen
1538 4672 1603 4712 ex
1635 4656 1831 4713 virtute

217 4751 430 4811 vestra,
467 4743 566 4798 sed
595 4742 720 4799 ideo
758 4744 1065 4813 conﬁdens,
1099 4744 1227 4816 quia
1264 4745 1414 4801 Deus
1437 4746 1535 4818 qui
1569 4748 1736 4818 erepit
1767 4747 1831 4801 in

217 4831 371 4888 vobis
391 4831 597 4887 bonum
621 4848 775 4904 opus,
803 4832 920 4903 ipse
940 4831 1085 4888 idem
1112 4834 1388 4906 perﬁciet.
1422 4834 1551 4890 Ideo
1567 4834 1642 4889 ait
1663 4835 1832 4906 carpit

219 4928 276 4975 et
299 4921 578 4993 perﬁciet,
613 4928 682 4986 et,
718 4927 776 4974 ut
805 4921 1080 4992 superius,
1110 4924 1328 4994 gratias
1346 4939 1467 4994 ago,
1500 4932 1557 4977 ut
1585 4910 1835 4978 ostendat

220 5008 550 5081 principium
571 5016 624 5065 et
655 5007 819 5064 ﬁnem
839 5010 1210 5079 justitias_sua3
1241 5019 1412 5066 totum
1440 5017 1494 5066 et
1522 5011 1704 5085 gratia
1730 5011 1832 5067 Dei

220 5111 375 5154 esse.
411 5097 544 5154 Ideo
596 5097 758 5152 etiam
799 5098 873 5152 ait
908 5099 1216 5169 conﬁdens,
1261 5099 1390 5171 quia
1436 5099 1483 5155 si
1509 5100 1683 5171 pietas
1732 5100 1835 5156 Dei

220 5185 368 5242 bona
397 5186 565 5259 coepit
599 5185 655 5240 in
684 5185 794 5240 illis
815 5185 908 5258 qui
937 5187 1066 5243 mali
1087 5196 1264 5254 erant,
1289 5187 1458 5244 multo
1486 5188 1666 5262 magis
1716 5204 1835 5245 cre-

220 5274 463 5332 dendum
509 5283 596 5331 est
640 5283 700 5330 ut
745 5274 802 5328 in
837 5275 905 5330 iis
934 5276 1027 5349 qui
1059 5277 1176 5347 jam
1218 5277 1352 5346 justi
1398 5284 1542 5345 sunt,
1585 5276 1835 5349 perﬁciat

213 5364 764 5422 consummationem.
825 5366 1089 5435 Perﬁciet
1140 5365 1263 5423 dico
1321 5383 1496 5439 usque
1553 5367 1618 5422 in
1681 5367 1835 5423 diem

215 5456 432 5514 Christi
452 5457 609 5524 Iesu,
629 5454 688 5510 in
705 5460 884 5509 morte
906 5455 1189 5527 cujusque,
1215 5462 1476 5526 quantum
1500 5455 1571 5510 ad
1596 5470 1719 5512 eum
1742 5455 1835 5526 qui

205 5546 461 5614 moritur,
486 5543 677 5618 incipit
709 5542 832 5598 dies
861 5541 1083 5599 Christi.
1110 5545 1194 5599 Ex
1233 5543 1337 5599 hoc
1387 5543 1535 5599 enim
1557 5543 1670 5613 jam
1701 5543 1836 5598 nihil

202 5636 341 5695 facit
385 5643 594 5710 praeter
639 5631 981 5691 voluntatem
1025 5632 1249 5704 Christi,
1297 5632 1409 5705 qui,
1456 5631 1587 5689 dum
1628 5632 1837 5690 viveret

1935 4659 2083 4731 quia,
2116 4658 2164 4712 si
2193 4657 2312 4712 sine
2358 4655 2690 4712 discretione
2740 4653 2920 4722 fuerit,
2961 4654 3285 4728 plerumque
3324 4657 3403 4712 sic
3432 4657 3538 4712 ob-

1931 4745 2171 4803 horrebit
2197 4745 2400 4818 aliquid
2441 4743 2655 4800 veniale
2701 4744 2756 4799 in
2785 4744 3036 4815 proximo
3082 4752 3139 4800 ut
3177 4745 3541 4817 intemperate

1931 4833 2388 4908 reprehendendo
2419 4833 2643 4889 suscitet
2680 4833 2850 4902 litem,
2883 4833 2970 4890 vel
2997 4833 3200 4906 aliquid
3239 4835 3412 4903 majus
3433 4835 3540 4891 cri-

1933 4941 2080 4991 men,
2111 4941 2257 4994 cum,
2297 4923 2344 4978 si
2373 4922 2608 4978 discrete
2648 4930 2871 4996 ageret,
2904 4922 3101 4978 melius
3129 4939 3231 4994 per
3258 4922 3539 4980 lenitatem

1934 5014 2243 5086 proximum
2297 5011 2633 5085 corrigeret,
2691 5011 2816 5068 ideo
2866 5011 2939 5066 ait
2994 5011 3248 5069 charitas
3289 5013 3542 5071 abundet

1933 5105 1996 5160 in
2027 5104 2174 5159 omni
2201 5104 2466 5160 scientia.
2501 5102 2570 5156 Et
2598 5101 2724 5174 quia
2773 5101 2994 5174 quidam
3041 5101 3308 5158 habentes
3351 5102 3540 5160 scien-

1935 5192 2063 5248 tiam
2085 5236 2100 5258 ,
2142 5192 2464 5264 plerumque
2511 5197 2694 5247 actum
2741 5190 2860 5260 ejus
2895 5190 3313 5258 obliviscuntur,
3365 5191 3536 5260 addit,

1934 5285 1991 5338 et
2011 5284 2075 5338 in
2104 5283 2261 5338 omni
2279 5297 2471 5344 sensu,
2505 5279 2561 5334 id
2591 5287 2674 5334 est
2702 5278 2758 5333 in
2785 5279 2934 5335 omni
2963 5279 3459 5350 animadversione,
3479 5288 3544 5336 ut

1935 5387 2156 5442 semper
2182 5368 2500 5426 memoriter
2545 5367 3042 5424 animadvertamus
3083 5376 3138 5424 et
3184 5368 3242 5423 in
3285 5377 3545 5442 promptu

1933 5460 2234 5516 habeamus
2289 5457 2594 5515 scientiam.
2636 5457 2892 5514 Abundet
2946 5458 3022 5512 ita
3067 5461 3136 5513 ut
3183 5473 3293 5514 non
3327 5465 3543 5515 tantum

1935 5548 2080 5604 bona
2109 5563 2143 5603 a
2168 5547 2358 5614 malis,
2407 5545 2507 5602 sed
2552 5545 2712 5602 etiam
2756 5547 3021 5618 probetis,
3054 5545 3109 5601 id
3146 5554 3232 5602 est
3274 5547 3541 5620 probabi-

1934 5636 2057 5695 liter
2074 5636 2292 5710 eligatis
2319 5636 2559 5710 potiora,
2591 5634 2648 5691 id
2677 5643 2761 5692 est
2807 5634 2877 5693 de
2923 5634 3083 5691 bonis
3123 5635 3374 5694 meliora.
3396 5639 3543 5696 Pro-
