3932 6478
398 370 506 425 355

912 369 969 425 S.
1002 366 1359 426 BRUNONIS
1412 369 2062 428 CARTHUSIANORUM
2117 370 2603 430 INSTITUTORIS
2656 373 2809 431 OPP.
2866 375 3046 433 PARS
3104 376 3175 433 II.

3598 379 3713 435 356

401 495 543 553 betis
573 494 644 549 ita
672 499 739 551 ut
764 493 892 550 sitis
920 494 1149 559 sinceri,
1183 493 1238 548 id
1270 502 1350 548 est
1370 494 1491 565 puri
1509 494 1566 549 in
1588 494 1763 562 vobis,
1782 500 1837 552 et
1862 496 2060 558 sineA
2087 497 2361 553 invidiam
2381 542 2398 565 ,
2431 498 2555 571 quia
2600 500 2786 555 volunt
2820 500 3123 557 diminuere
3169 516 3369 557 nomen
3414 501 3602 567 Pauli,
3638 501 3706 556 in

403 587 710 658 offensione
738 582 805 637 ad
826 582 1153 653 proximum.
1188 583 1268 638 sic
1296 584 1476 638 eundo
1502 584 1565 639 in
1587 584 1737 640 diem
1757 585 1989 652 Christi,

402 675 549 748 quod
576 673 707 729 nihil
735 672 789 726 in
827 671 916 726 die
954 670 1145 740 judicii
1192 671 1557 726 mundandum
1602 673 1908 728 inveniatur
1936 673 1992 728 in

400 764 574 819 vobis.
607 763 716 817 Vos
745 761 866 815 dico
904 761 1107 832 repleti
1136 767 1263 815 tunc
1310 760 1366 814 in
1412 760 1501 815 die
1540 760 1738 815 Christi
1768 764 1986 832 fructu,

396 852 452 907 id
480 859 563 907 est
589 848 1028 906 remuneratione
1063 850 1317 920 justitice
1344 856 1539 903 vestrae
1567 864 1732 920 quam
1768 849 1856 904 hic
1884 850 1988 904 ha-

397 941 607 995 buistis.
640 936 849 1009 Repleti
878 937 1001 991 dico
1027 953 1129 1008 per
1160 938 1349 992 Iesum
1382 938 1686 1003 Christum,
1720 938 1987 992 distribu-

393 1038 566 1085 torem
596 1026 740 1082 illius
771 1027 996 1081 fructus.
1019 1026 1269 1080 Iustitiae
1284 1024 1408 1080 dico
1438 1025 1633 1080 habita:
1662 1026 1723 1080 in
1743 1026 1988 1096 gloriam

389 1123 446 1175 et
478 1117 705 1173 laudem
735 1116 855 1182 Dei,
888 1113 942 1168 id
970 1121 1051 1168 est
1080 1112 1155 1167 ita
1184 1120 1241 1166 ut
1269 1113 1483 1168 dicatur
1514 1112 1567 1167 in
1598 1113 1752 1168 vobis
1783 1113 1987 1185 glorio-

392 1224 486 1263 sus
506 1203 865 1261 etlaudabilis
896 1203 1042 1257 Deus
1070 1202 1125 1255 in
1156 1200 1354 1256 sanctis
1384 1201 1515 1255 suis.
1557 1200 1655 1255 Vel
1685 1201 1777 1255 ita.
1826 1202 1985 1255 Tales

390 1296 507 1352 sitis
534 1296 597 1351 in
627 1294 775 1348 diem
807 1291 1035 1346 Christi.
1062 1290 1169 1344 Vos
1215 1290 1338 1344 dico
1384 1288 1599 1343 interim
1646 1288 1777 1343 dum
1808 1289 1985 1344 vivitis

391 1384 600 1457 repleti
625 1397 735 1437 non
757 1380 966 1449 justitia
994 1380 1141 1449 (qua:
1172 1376 1478 1432 facultatem
1500 1392 1610 1432 non
1630 1378 1825 1432 habeat
1853 1392 1985 1448 Ope-

389 1473 570 1543 randi)
618 1471 715 1526 sed
762 1472 980 1541 fructu,
1025 1466 1078 1520 id
1126 1473 1207 1521 est
1250 1465 1505 1536 operibus
1544 1465 1785 1534 justitiae,
1836 1472 1892 1519 ut
1931 1472 1984 1520 et

381 1560 592 1632 justitia
634 1566 687 1614 et
716 1571 886 1628 opera
908 1554 1129 1624 justitim
1158 1554 1211 1608 in
1259 1570 1362 1608 usu
1408 1552 1564 1608 vobis
1611 1553 1733 1607 sint.
1769 1554 1984 1624 Repleti

388 1650 510 1705 dico
538 1663 636 1720 per
660 1648 846 1701 Jesum
894 1643 1183 1711 Christum,
1215 1659 1282 1696 ex
1312 1657 1420 1713 quo
1459 1641 1638 1696 omnis
1662 1640 1887 1711 justitia.
1920 1642 1983 1695 Et

384 1739 573 1795 hocin
600 1737 838 1808 gloriam
867 1737 925 1789 et
963 1731 1187 1787 laudem
1232 1732 1348 1793 Dei,
1397 1730 1451 1783 id
1501 1737 1583 1784 est
1630 1737 1687 1784 ut
1736 1730 1851 1784 Deo
1894 1736 1982 1783 to-

384 1835 501 1883 tum
528 1834 582 1881 et
610 1823 765 1880 vobis
792 1820 926 1875 nihil
954 1819 1257 1875 ascribatis.
1291 1817 1481 1873 Gloria
1502 1818 1621 1881 Dei,
1653 1816 1852 1873 dicitur
1865 1816 1981 1905 cla-
1999 1844 2054 1905 Β

387 1915 520 1971 ritas
551 1912 781 1969 deitatis.
831 1909 1068 1965 Laudem
1098 1906 1197 1962 Dei
1228 1906 1526 1977 accipimus
1565 1905 1620 1959 in
1648 1905 1715 1960 iis
1744 1920 1864 1977 quas
1899 1904 1979 1959 vi-

382 2005 576 2061 demus
603 1998 979 2072 corporalibus
1007 1995 1199 2051 oculis.
1231 1995 1471 2062 Sinceri,
1521 1994 1568 2047 si
1603 1992 1979 2064 componimus

388 2110 453 2150 ex
474 2093 565 2148 sin
586 2098 639 2146 et
668 2103 834 2152 cara,
885 2084 1198 2156 perducitur
1245 2083 1428 2137 media
1476 2081 1703 2153 syllaba,
1735 2081 1981 2136 nomina-

386 2181 566 2246 tivus,
622 2174 919 2249 singularis
975 2172 1219 2227 sincerus
1247 2213 1260 2237 ,
1320 2170 1531 2225 habens
1586 2169 1696 2224 duo
1749 2168 1979 2239 pluralia

388 2268 586 2326 sinceri
634 2274 687 2321 et
728 2264 1008 2327 sinceres,
1069 2267 1128 2314 ut
1183 2259 1447 2313 diaconus
1494 2256 1710 2313 diaconi
1755 2265 1807 2311 et
1863 2256 1980 2311 dia-

383 2373 569 2414 cones.
604 2355 660 2409 Si
691 2351 989 2407 secundum
1039 2348 1327 2411 lsidorum,
1377 2362 1443 2401 ex
1487 2348 1611 2402 sine
1642 2346 1793 2401 carie
1821 2361 1977 2400 com-

381 2446 654 2519 ponimus,
713 2440 896 2496 media
952 2437 1159 2509 syllaba
1205 2434 1530 2506 corripitur,
1591 2442 1645 2490 et
1710 2433 1977 2505 singulari

381 2540 546 2591 caret.

454 2623 748 2691 Hucusque
801 2615 1001 2672 mistim
1050 2614 1120 2669 de
1174 2620 1399 2684 utraque
1445 2625 1626 2682 pugna
1674 2608 1973 2676 tractavit;

375 2712 467 2768 hic
524 2706 811 2780 separatim
866 2705 935 2760 de
974 2717 1161 2776 pugna
1205 2707 1612 2772 persecutorum
1659 2698 1867 2769 incipit,
1900 2697 1978 2751 di-

382 2815 533 2857 cens.
566 2796 805 2852 Audiens
834 2794 980 2850 bona
1008 2792 1078 2846 de
1106 2790 1280 2856 vobis,
1313 2789 1528 2859 gratias
1555 2804 1673 2858 ago.
1694 2787 1977 2856 Deprecor

382 2902 506 2945 cum
536 2884 736 2960 gaudio
766 2882 1055 2951 conﬁdens
1095 2879 1165 2934 de
1193 2878 1369 2933 vobis.
1412 2878 1532 2946 Ego
1576 2875 1655 2930 sic
1691 2890 1796 2947 ago
1827 2890 1840 2926 :
1881 2875 1976 2929 Vos

379 2982 574 3033 autem
603 2976 721 3031 volo
748 2974 909 3037 scire,
955 2972 1194 3041 fratres,
1240 2983 1306 3023 ea
1353 2982 1473 3036 qua:
1512 2966 1666 3019 circa
1693 2977 1783 3017 me
1813 2965 1970 3017 sunt.

378 3067 507 3121 Hzec
534 3063 656 3118 ideo
685 3061 766 3118 eis
794 3056 1031 3114 notificat
1062 3063 1119 3110 ut
1147 3053 1399 3124 exemplo
1428 3068 1528 3107 suo
1559 3050 1629 3105 ad
1659 3049 1975 3120 patientiam

379 3162 430 3211 et
449 3152 805 3207 humilitatem
830 3163 926 3203 eos
950 3145 1185 3200 inducat.
1219 3143 1391 3207 Scire,
1433 3140 1674 3210 inquam,
1708 3154 1799 3194 vos
1830 3139 1968 3205 volo,

378 3242 503 3315 quia
535 3257 597 3297 ea
626 3257 747 3313 quo:
766 3240 919 3294 circa
938 3251 1028 3290 me
1056 3236 1213 3288 sunt.
1249 3230 1429 3295 Circa,
1462 3228 1585 3283 ideo
1630 3226 1753 3315 quia
1796 3226 1974 3279 unde-

381 3313 489 3404 que
517 3325 927 3386 circumvallant
978 3337 1066 3376 me
1095 3319 1254 3374 mala.
1286 3318 1383 3372 Vel
1409 3317 1584 3380 circa,
1637 3313 1766 3404 quia
1819 3321 1975 3368 extra

371 3402 427 3476 in
461 3432 693 3489 corpore
722 3413 953 3485 atlligor,
994 3409 1093 3465 sed
1131 3408 1294 3472 intus,
1349 3405 1404 3460 in
1441 3404 1622 3458 anima
1664 3402 1805 3457 vires
1834 3417 1972 3456 con-

372 3488 575 3580 g-rego.
595 3506 695 3569 Ea,
718 3504 956 3573 inquam,
987 3513 1110 3570 (μιαν
1131 3497 1283 3551 circa
1309 3510 1399 3549 me
1421 3497 1574 3561 sunt,
1597 3494 1879 3580 venerunt
1899 3488 1972 3545 ad

372 3578 691 3672 profectum
729 3588 1017 3659 Evangelii
1045 3584 1427 3672 magisiquam
1455 3581 1530 3672 ad
1560 3578 1968 3672 detrimentum,

378 3666 519 3740 sicut
547 3681 650 3752 ipsi
679 3682 1004 3751 putaverunt
1049 3672 1195 3745 quod
1240 3671 1407 3742 ligato
1455 3667 1642 3733 Paulo,
1688 3666 1970 3738 alligatum

380 3779 529 3828 esset
560 3770 788 3825 verbum
831 3764 950 3820 Dei.
984 3763 1260 3819 Venerunt
1305 3758 1373 3813 ad
1407 3756 1730 3828 profectum,
1781 3757 1867 3809 ita
1903 3758 1969 3809 ut

372 3859 605 3917 vincula
658 3871 818 3920 mea,
880 3851 936 3906 id
968 3857 1051 3905 est
1098 3848 1298 3903 utilitas
1335 3844 1673 3901 vinculorum
1722 3857 1969 3897 meorum

372 3948 686 4018 manifesta
722 3943 927 4012 fierent
955 3942 1019 3996 in
1052 3937 1293 4001 Christo,
1324 3934 1380 3989 id
1424 3940 1507 3988 est
1552 3932 1607 3986 in
1651 3928 1973 4003 magniﬁca-

373 4036 522 4092 tione
550 4031 784 4089 nominis
815 4027 1031 4085 Christi.
1065 4026 1363 4094 Manifesta
1392 4022 1516 4077 dico
1542 4022 1606 4076 in
1637 4021 1794 4076 omni
1814 4035 1967 4091 pra:—

2091 600 2199 657 quo
2229 601 2337 641 non
2367 595 2450 641 est
2476 587 2760 661 alligatum
2788 589 3015 645 verbum
3044 589 3163 665 Dei.
3196 590 3262 645 Et
3283 589 3330 644 si
3360 604 3471 645 non
3501 596 3709 660 putent

2091 689 2151 728 se
2207 691 2370 745 posse
2422 691 2693 746 usurpare
2731 677 2836 731 sibi
2884 677 3099 733 laudern
3140 678 3294 733 Pauli
3321 722 3334 743 ,
3395 677 3706 749 praedicant

2089 762 2250 817 etiam
2270 767 2499 836 propter
2527 766 2974 831 contentionem,
3006 772 3282 821 certantes
3310 782 3371 821 se
3401 764 3703 836 pariﬁcare

2091 850 2256 905 Paulo
2285 850 2341 904 in
2387 850 2547 907 laude
2594 853 3024 923 praedicationis.
3086 854 3325 922 Quidam
3366 857 3567 909 autem
3602 854 3703 925 qui

2088 937 2215 993 boni
2247 946 2371 993 sunt
2403 941 2719 1012 praedicant
2753 941 3078 1009 Christum;
3109 949 3163 996 et
3192 941 3239 996 si
3268 956 3379 996 non
3416 941 3703 1012 patiantur

2088 1025 2488 1083 tribulationem
2527 1032 2757 1101 propter
2792 1029 2995 1085 bonam
3041 1030 3400 1086 voluntatem
3450 1029 3701 1084 habitam

2086 1114 2155 1167 ad
2201 1129 2411 1181 omnes,
2447 1116 2576 1187 quia
2620 1115 2821 1171 vellent
2865 1116 3050 1173 venire
3090 1133 3281 1172 omnes
3329 1117 3581 1173 homines
3622 1118 3699 1172 ad

2084 1204 2415 1274 agnitionem
2465 1204 2723 1259 veritatis.
2776 1205 3015 1272 Quidam
3048 1206 3211 1260 etiam
3259 1205 3511 1260 similiter
3561 1205 3697 1261 boni

2086 1307 2152 1345 ex
2181 1292 2487 1357 charitate,
2522 1292 2576 1347 id
2608 1300 2692 1347 est
2723 1293 2930 1364 privata
2961 1294 3270 1356 dilectione.
3294 1309 3457 1366 quam
3489 1293 3705 1349 habent

2085 1395 2219 1452 erga
2250 1396 2357 1446 me,
2390 1381 2692 1451 praedicant
2721 1380 3012 1450 Christum,
3035 1383 3279 1438 scientes
3300 1383 3570 1454 quoniam
3589 1397 3706 1455 ego

2084 1469 2301 1539 positus
2322 1486 2447 1524 sum
2480 1470 2533 1523 in
2550 1468 2783 1525 vinculis
2813 1470 2875 1524 in
2906 1470 3253 1541 defensione,
3286 1469 3340 1524 id
3362 1477 3444 1524 est
3466 1478 3699 1541 propter

2083 1555 2458 1611 defensionem
2492 1557 2802 1627 Evangelii.
2848 1557 2947 1612 Vel
2977 1557 3086 1611 ita:
3115 1558 3369 1613 Scientes
3418 1560 3695 1629 quoniam

2084 1660 2188 1714 ego
2206 1661 2334 1700 sum
2353 1646 2586 1717 positus,
2608 1645 2663 1700 id
2680 1652 2762 1699 est
2781 1645 3107 1700 ordinatusa
3124 1646 3239 1700 Deo
3260 1647 3323 1701 in
3334 1645 3694 1717 defensione,

2082 1732 2137 1786 id
2161 1741 2242 1787 est
2270 1733 2338 1787 ad
2368 1733 2471 1788 hoc
2500 1740 2558 1787 ut
2602 1732 2892 1787 defendam
2928 1733 3286 1804 Evangelium
3305 1775 3317 1797 ,
3350 1732 3388 1786 ii
3417 1733 3697 1803 praedica-

2083 1820 2209 1874 bant
2239 1836 2304 1875 ex
2334 1821 2544 1892 privata
2573 1821 2856 1890 charitate,
2890 1820 3134 1876 dicentes
3168 1836 3182 1875 :
3219 1821 3462 1877 Dilectus
3499 1829 3697 1877 noster

2082 1908 2318 1975 Paulus;
2352 1909 2474 1980 quia
2505 1908 2705 1980 ligatus
2736 1916 2836 1974 est,
2870 1923 2981 1963 non
3011 1915 3191 1979 potest
3218 1908 3381 1965 modo
3411 1908 3691 1964 instruere

2077 1997 2355 2053 Ecclesias
2414 2013 2558 2063 suas,
2620 1997 2971 2068 suppleamus
3025 1996 3202 2052 vicem
3252 1997 3388 2064 ejus,
3428 2012 3501 2052 ne
3545 1996 3691 2053 forte

2080 2086 2225 2156 quod
2244 2084 2551 2151 aedificavit,
2584 2092 2829 2140 evertant
2880 2084 2957 2138 illi
2986 2086 3219 2156 pseudo.
3269 2085 3339 2139 Et
3376 2084 3456 2141 sic
3486 2100 3693 2141 cama-

2078 2172 2145 2226 lis
2184 2173 2401 2228 dilectio
2430 2181 2543 2228 erat
2571 2173 2642 2227 ad
2671 2171 2972 2243 profectum
3003 2171 3308 2245 Evangelii.

2152 2261 2389 2328 Quidam
2420 2266 2614 2317 autem
2642 2261 2910 2331 perversi,
2947 2261 3083 2317 sicut
3113 2261 3211 2331 illi,
3235 2277 3299 2316 ex
3320 2261 3537 2332 privata
3562 2261 3690 2318 cha-

2078 2348 2252 2414 ritate,
2287 2349 2365 2403 sic
2392 2348 2478 2403 isti
2516 2366 2591 2404 ex
2606 2351 2986 2416 contentione,
3021 2348 3076 2403 id
3106 2357 3189 2404 est
3218 2365 3284 2403 ex
3314 2349 3524 2420 privato
3556 2350 3689 2405 odio

2075 2438 2436 2493 annuntiant
2460 2436 2764 2502 Christum,
2788 2452 2903 2492 non
2925 2438 3162 2505 sincere,
3191 2435 3245 2491 id
3267 2445 3351 2492 est
3372 2453 3481 2492 non
3513 2437 3567 2491 in
3588 2454 3691 2508 pu-

2076 2524 2255 2591 ritate,
2287 2527 2690 2580 existimantes
2719 2541 2778 2580 se
2806 2526 2909 2580 hoc
2929 2525 3094 2579 modo
3122 2526 3404 2581 suscitare
3440 2541 3681 2597 pressu-

2075 2629 2221 2677 ram,
2248 2612 2301 2666 id
2332 2620 2414 2667 est
2430 2612 2878 2685 aggravatiouem
2907 2614 3153 2669 vinculis
3172 2613 3335 2679 meis,
3361 2612 3416 2667 id
3443 2621 3529 2668 est
3549 2612 3687 2668 mihi

2076 2700 2254 2771 posito
2303 2700 2359 2754 in
2414 2700 2663 2756 vinculis.
2707 2700 2749 2754 li
2792 2699 2936 2755 enim
2982 2701 3225 2771 perversi
3279 2701 3691 2771 disputaverunt

2076 2805 2201 2844 cum
2232 2789 2416 2854 Paulo,
2450 2796 2501 2843 et
2530 2788 2730 2843 Paulus
2761 2797 3116 2859 superaverat
3156 2803 3292 2855 eos;
3327 2805 3473 2845 nunc
3502 2797 3690 2844 autem

2075 2876 2219 2948 quod
2251 2876 2537 2931 audierant
2566 2876 2632 2930 ab
2663 2891 2730 2931 eo
2759 2876 3149 2947 praedicabant,
3191 2877 3317 2932 ideo
3347 2886 3404 2931 ut
3439 2893 3563 2932 cum
3594 2878 3688 2932 di-

2074 2972 2291 3019 ceretur
2317 2965 2397 3019 eis
2425 2982 2439 3019 :
2472 2963 2657 3033 Quare
2685 2965 2846 3019 verba
2866 2965 2982 3033 ejus
3012 2964 3221 3021 scilicet
3249 2964 3492 3020 damnati
3524 2966 3681 3020 Pauli

2074 3051 2423 3123 prmdicatis?
2451 3052 2658 3108 diceret
2686 3053 2810 3119 hoc,
2843 3068 2953 3107 non
2983 3067 3016 3107 a
3046 3053 3226 3123 nobis,
3252 3053 3349 3108 sed
3379 3052 3459 3109 sic
3487 3053 3557 3107 ab
3586 3053 3685 3109 illo

2073 3140 2407 3212 accepimus,
2438 3148 2611 3212 portet
2643 3140 2733 3195 ille
2761 3155 2983 3211 puznam
3022 3139 3282 3207 istorum,
3315 3149 3368 3196 et
3396 3140 3463 3195 iis
3489 3140 3683 3197 verbis

2073 3227 2321 3284 inﬁdeles
2351 3228 2607 3284 concitati
2636 3228 3010 3285 vehementius
3048 3228 3415 3284 desaeviebant
3452 3227 3509 3283 in
3539 3230 3686 3284 Pau-

2070 3315 2204 3371 lum.
2257 3316 2534 3386 Objiceret
2582 3317 2779 3388 aliquis
2823 3315 2889 3371 ad
2934 3317 3038 3372 hoc
3075 3316 3220 3387 quod
3265 3315 3514 3387 superius
3553 3317 3630 3372 ait
3666 3333 3681 3373 :

2082 3406 2314 3460 Vincula
2353 3422 2481 3461 mea
2510 3409 2792 3460 venerunt
2813 3404 2881 3458 ad
2928 3402 3235 3475 profectum
3273 3404 3579 3475 Evangelii,
3615 3405 3674 3459 in

2071 3492 2228 3547 bonis
2268 3493 2489 3564 quidem
2537 3492 2629 3564 qui
2671 3491 2922 3563 exemplo
2949 3500 3043 3547 tuo
3075 3492 3293 3546 animati
3340 3491 3682 3562 prmdicave-

2070 3589 2214 3647 runt,
2257 3580 2580 3651 profuerunt
2614 3581 2869 3653 quidem;
2905 3579 3001 3635 sed
3032 3580 3087 3634 in
3136 3580 3203 3634 iis
3232 3580 3324 3651 qui
3371 3596 3439 3635 ex
3467 3580 3681 3636 invidia

2069 3677 2123 3725 et
2152 3669 2501 3725 contentione
2530 3668 2919 3740 praedicabant,
2957 3667 3172 3724 vincula
3214 3676 3304 3723 tua
3346 3668 3423 3723 nil
3448 3667 3679 3739 profue-

2068 3766 2214 3813 runt.
2248 3758 2333 3813 Ad
2363 3758 2467 3814 hoc
2498 3757 2716 3813 Paulus.
2748 3756 3072 3812 Profuerunt
3098 3756 3284 3828 utique
3304 3756 3468 3812 etiam
3496 3756 3554 3811 in
3578 3757 3676 3825 iis;

2068 3847 2200 3919 quid
2228 3847 2384 3903 enim
2401 3853 2560 3901 nocet
2588 3845 2722 3902 dum
2739 3890 2751 3911 ,
2786 3844 2841 3900 id
2865 3852 2948 3900 est
2968 3844 3145 3900 solum
3173 3845 3339 3900 modo
3368 3847 3682 3902 annuntie-

2071 3939 2167 3990 tur
2191 3936 2446 3991 Christus
2463 3936 2622 3991 omni
2636 3934 2817 4000 modo,
2843 3933 3051 3989 scilicet
3070 3936 3186 3989 sive
3204 3949 3307 4006 per
3324 3933 3676 3991 occasionem

2067 4022 2362 4077 suscitandi
2391 4022 2524 4076 mihi
2562 4037 2897 4093 pressuram,
2938 4029 2996 4075 ut
3041 4020 3242 4077 faciunt
3273 4020 3482 4092 pseudo
3506 4063 3518 4087 ,
3556 4023 3676 4078 sive

377 4124 538 4189 torio,
563 4126 619 4178 et
649 4122 715 4176 in
752 4119 972 4174 caeteris
1000 4114 1276 4179 omnibus,
1301 4111 1355 4166 id
1387 4118 1471 4166 est
1498 4109 1640 4181 apud
1669 4106 1963 4179 principes,
2061 4127 2168 4183 per
2186 4112 2507 4177 veritatem,
2552 4117 2612 4164 ut
2659 4109 2989 4165 annunciant
3027 4108 3197 4164 boni?
3237 4109 3354 4179 Ego
3382 4124 3492 4163 non
3536 4124 3675 4165 curo

372 4221 426 4269 et
472 4210 618 4283 apud
644 4207 950 4263 inferiores.
1000 4205 1070 4260 Et
1114 4201 1161 4257 si
1191 4201 1334 4257 enim
1363 4198 1565 4270 ubique
1610 4212 1721 4252 non
1763 4195 1968 4250 sciatur

371 4299 571 4356 Paulus
599 4313 723 4354 esse
764 4296 821 4351 in
866 4292 1117 4361 vinculis,
1159 4298 1338 4345 tamen
1374 4287 1577 4342 utilitas
1623 4285 1965 4341 vinculorum

371 4402 595 4445 suorum
615 4385 816 4458 ubique
837 4381 1173 4445 diffunditur,
1192 4379 1323 4433 dum
1342 4375 1479 4431 ﬁdes
1498 4372 1697 4430 Christi
1719 4369 1962 4429 258

371 4495 471 4551 per
496 4493 622 4534 eum
659 4475 881 4531 dilatata
909 4471 1111 4542 ubique
1136 4467 1488 4539 praedicatur.
1522 4463 1620 4518 Vel
1648 4462 1720 4517 ita
1754 4475 1771 4551 :7
1805 4461 1968 4517 Vene-

2065 4199 2375 4270 quicunque
2406 4198 2475 4252 sit
2505 4198 2874 4265 annuntians;
2908 4196 3254 4253 solummodo
3302 4195 3581 4251 auditores
3614 4196 3676 4251 in

2067 4286 2174 4342 fide
2202 4285 2505 4358 proficiant.
2541 4286 2762 4343 Gaudeo
2791 4286 2855 4341 in
2882 4286 2984 4341 hoc
3014 4286 3160 4357 quod
3190 4284 3439 4341 Christus
3458 4299 3677 4340 annun—

2064 4376 2231 4431 tiatur
2258 4392 2359 4446 per
2386 4375 2753 4442 occasionem,
2798 4381 2849 4430 et
2879 4375 2936 4428 in
2982 4374 3088 4431 hoc
3135 4374 3373 4447 gaudeo,
3405 4373 3551 4446 quod
3568 4389 3673 4429 su-

2066 4464 2263 4520 scitant
2293 4464 2427 4519 mihi
2454 4479 2782 4535 pressuram,
2832 4477 2936 4519 nec
2969 4461 3136 4518 modo
3176 4462 3373 4532 solum,
3403 4461 3499 4518 sed
3529 4477 3668 4517 sem-

368 4548 510 4624 runt
537 4566 609 4622 ad
626 4567 968 4639 profectum,
994 4561 1079 4616 ita
1101 4562 1168 4613 ut
1197 4557 1318 4627 ipsa
1358 4554 1554 4610 eadem
1585 4550 1816 4607 vincula
1834 4563 1962 4603 mea
1979 4549 2035 4609 D
2065 4567 2163 4623 per
2180 4552 2424 4623 gaudebo
2452 4552 2508 4606 in
2532 4551 2746 4607 eodem.
2781 4552 2840 4606 ιιι
2879 4551 2997 4605 Deo
3025 4550 3244 4623 gaudeo
3288 4558 3343 4606 et
3388 4548 3668 4639 gaudebo,

368 4665 573 4734 ﬁerent
604 4661 914 4731 manifesta
933 4657 999 4712 in
1022 4653 1263 4720 Christo,
1285 4649 1341 4704 id
1369 4655 1453 4703 est
1471 4662 1594 4719 quae
1621 4660 1723 4717 pro
1753 4644 1967 4734 Christo

366 4732 637 4824 patiebar.
684 4748 985 4818 Manifesta
1019 4742 1144 4798 dico
1191 4742 1255 4795 in
1302 4738 1460 4793 omni
1496 4735 1782 4824 praetorio,
1816 4732 1965 4824 et__i_n

368 4819 589 4897 caeteris
612 4836 871 4895 omnibus
908 4831 1069 4888 locis.
1110 4828 1344 4898 Ubique,
1379 4825 1525 4879 enim
1553 4822 1841 4878 dicebant:
1869 4819 1965 4874 Vi-

365 4929 491 4986 dete
519 4923 896 4984 constantiam.
926 4917 1101 4982 Pauli,
1148 4914 1243 4987 qui
1282 4913 1443 4968 etiam
1482 4912 1537 4964 in
1584 4908 1815 4964 vinculis
1853 4922 1964 4963 non

367 5024 545 5074 cessat
564 5012 864 5086 praedicare
875 5007 1038 5063 ﬁdem
1054 5003 1274 5060 Christi.
1294 5003 1372 5056 Ita
1390 4999 1585 5055 ﬁerent
1600 4995 1887 5052 manifesta
1898 5000 1965 5051 ut

369 5107 563 5177 plures
584 5119 660 5158 ea:
679 5099 956 5172 fratribus
989 5091 1334 5162 conﬁdentes
1357 5091 1419 5145 in
1441 5088 1694 5177 Domino,
1716 5086 1964 5177 vinculis

364 5174 527 5259 meis,
560 5191 617 5245 id
645 5195 729 5244 est
755 5193 979 5259 propter
1005 5180 1222 5238 vincula
1257 5193 1383 5234 mea
1422 5177 1478 5231 in
1525 5175 1721 5248 quibus
1751 5174 1963 5245 positus

365 5281 625 5337 audacter
649 5273 1035 5348 praedicabam,
1055 5267 1304 5340 exemplo
1331 5281 1456 5321 meo
1483 5262 1673 5320 conﬁsi
1702 5263 1964 5317 auderent

364 5365 727 5425 abundantius
754 5362 905 5434 loqui
934 5358 1186 5434 gentibus
1217 5357 1332 5411 sine
1360 5354 1554 5410 timore
1583 5352 1808 5408 verbum
1839 5349 1959 5416 Dei;

367 5457 459 5529 qui
486 5455 636 5528 prius
691 5458 917 5525 propter
963 5448 1212 5503 timorem
1261 5460 1368 5500 non
1409 5440 1722 5529 audebant.
1754 5439 1794 5493 li
1838 5445 1962 5529 sunt

365 5528 495 5602 Βοιιί
523 5543 738 5613 fratres,
773 5540 871 5596 sed
899 5536 1129 5612 quidam
1158 5534 1400 5608 quidem,
1448 5531 1505 5587 id
1556 5537 1637 5585 est
1674 5528 1895 5584 discreti
1927 5544 1961 5582 a

364 5633 545 5702 benis,
568 5631 696 5706 quia
724 5643 983 5703 perverse
1008 5624 1329 5698 pradicant
1347 5620 1636 5679 Christum
1652 5622 1710 5676 et
1729 5619 1963 5690 propter

2065 4642 2178 4697 scio
2197 4643 2350 4697 enim
2370 4642 2501 4713 quia
2522 4641 2643 4707 hoc,
2675 4640 2732 4695 id
2761 4647 2844 4694 est
2873 4639 3018 4711 quod
3067 4655 3325 4709 pressura
3372 4638 3504 4693 mihi
3533 4655 3670 4692 sus-

2065 4728 2284 4795 citatur,
2317 4731 2606 4803 proveniet
2632 4727 2777 4784 mihi
2804 4729 2868 4783 in
2889 4728 3138 4783 salutem
3157 4743 3261 4799 per
3277 4735 3517 4783 vestram
3539 4742 3673 4782 ora-

2066 4818 2265 4880 tionem
2294 4817 2718 4873 intercedentem
2741 4831 2843 4888 pro
2887 4832 2996 4882 me,
3037 4819 3094 4872 et
3131 4832 3235 4889 per
3262 4816 3677 4872 subministra-

2065 4908 2297 4972 tionem,
2357 4906 2412 4961 id
2462 4912 2546 4961 est
2579 4921 2682 4976 per
2720 4904 3100 4961 fulcimentum
3138 4912 3192 4959 et
3240 4903 3672 4959 sustentaculum

2064 4994 2317 5066 Spiritus.
2354 4995 2501 5050 Sicut
2530 4994 2673 5049 enim
2698 4994 2947 5049 columna
2968 4992 3023 5047 in
3044 4993 3226 5049 medio
3246 4992 3420 5063 posita
3450 5001 3671 5047 susten-

2060 5090 2139 5137 tat
2167 5083 2411 5147 domum,
2444 5098 2512 5136 ne
2544 5081 2737 5148 cadat;
2762 5080 2843 5138 sic
2863 5079 3096 5152 Spiritus
3113 5079 3263 5135 fulcit
3283 5097 3391 5136 me.
3414 5080 3671 5153 Spiritus

2061 5170 2186 5227 dico
2212 5174 2345 5227 Iesu
2366 5170 2598 5237 Christi,
2626 5170 2683 5225 id
2709 5177 2793 5225 est
2822 5185 2984 5241 quem
3012 5169 3257 5224 Christus
3280 5169 3391 5235 dat,
3428 5184 3527 5239 pro
3554 5184 3667 5241 quo

2060 5260 2239 5332 patior
2263 5259 2545 5330 proveniet
2574 5258 2698 5314 dico
2743 5258 2799 5312 in
2829 5258 3056 5312 salutem
3083 5258 3394 5313 secundum
3423 5272 3668 5329 exspec-

2062 5350 2338 5404 tationem
2365 5352 2421 5403 et
2451 5364 2608 5419 spem
2645 5363 2852 5415 meam,
2895 5345 2949 5400 id
2992 5353 3214 5401 estnon
3244 5345 3425 5400 minus
3472 5344 3667 5401 salutis

2060 5437 2351 5493 conferens
2379 5451 2539 5507 quam
2570 5442 2827 5506 exspecto
2854 5441 2906 5489 et
2935 5449 3115 5505 Spero.
3148 5433 3497 5505 Exspectatio
3518 5434 3669 5490 dici-

2059 5533 2147 5580 tur
2165 5524 2551 5598 longanimitas
2571 5523 2626 5577 in
2642 5521 2979 5589 sustinendo,
2995 5522 3112 5577 sine
3124 5521 3669 5591 certitudinetamen,

2060 5613 2198 5686 Spes
2216 5628 2347 5670 vero
2375 5619 2528 5668 certa
2570 5610 2931 5684 pmstolatio;
2965 5609 3093 5667 ideo
3132 5609 3449 5668 secundum
3483 5628 3669 5683 spem,
