3932 6458
147 373 244 428 357
654 364 1034 426 EXPOSI‘I‘IO
1092 364 1167 420 IN
1223 360 1609 420 EPISTOLAS
1661 360 1889 420 PAULI.
1944 393 2013 404 —
2071 363 2146 417 IN
2182 361 2400 418 EPIST.
2460 361 2554 416 AD
2615 359 2905 414 PHILIPP.
3332 359 3438 412 358

149 499 274 568 quia
293 511 409 552 non
429 495 774 566 confundar,
800 493 854 547 id
883 500 967 548 est
981 507 1092 546 non
1113 489 1433 545 erubescam
1455 487 1510 541 in
1533 486 1734 559 aliquo,
1761 491 1810 549 Α
1843 495 1926 543 est
1953 503 2055 559 pro
2075 486 2270 542 merito
2282 485 2497 551 Christi,
2520 503 2636 542 non
2648 486 2836 542 solum
2855 488 2922 539 ut
2939 483 3185 539 credatis
3203 484 3267 539 in
3284 499 3436 551 eum,

145 593 200 639 ut
227 600 330 656 ego
359 582 608 639 deﬁciam
638 582 694 636 in
723 580 1026 652 Evangelio
1056 577 1256 634 Christi
1285 585 1508 648 propter
1535 577 1739 630 instan-
1837 578 1935 633 sed
1963 578 2136 632 etiam
2158 581 2223 631 ut
2251 575 2564 649 patiamini
2580 590 2681 646 pro
2709 575 2828 629 illo.
2856 573 2965 628 Vos
2994 572 3136 638 dico,
3171 571 3444 628 habentes

150 681 255 729 tem
276 671 702 727 tribulationem.
722 671 839 726 Non
861 668 1200 738 confundar,
1222 666 1316 721 sed
1325 668 1481 721 sicut
1498 681 1734 736 semper,
1837 665 1986 720 idem
1998 669 2290 720 certamen
2311 665 2474 736 quale
2496 665 2559 718 in
2577 663 2792 716 vidistis
2812 663 2874 716 in
2896 676 3004 725 me,
3029 675 3154 716 cum
3175 661 3318 731 apud
3342 675 3443 716 vos

150 761 201 816 id
228 769 310 817 est
340 761 410 816 de
441 760 720 830 praeterito
747 757 1130 830 magniﬁcatus
1180 762 1281 821 est,
1326 755 1412 809 ita
1453 758 1511 809 et
1558 770 1734 817 nunc,
1839 769 2040 818 essem,
2073 757 2131 808 et
2161 753 2324 824 quale
2355 766 2512 806 nunc
2561 751 2804 805 audistis
2851 750 2918 805 de
2958 765 3047 804 me
3077 749 3225 820 quod
3251 749 3434 820 patior

149 851 201 905 id
229 858 313 905 est
332 849 387 903 in
417 847 599 904 futuro
635 845 1092 918 magniﬁcabitur
1116 843 1392 911 Christus,
1417 857 1526 896 non
1561 841 1738 896 solum
1840 842 2046 896 Romae.
2083 843 2191 896 Vos
2218 848 2397 895 autem
2427 838 2711 893 imitamini
2740 838 2884 909 quod
2915 853 3004 892 me
3057 838 3109 891 in
3141 837 3439 893 humilitate

149 939 202 992 in
250 937 450 1004 anima,
501 936 599 991 sed
638 935 799 990 etiam
843 934 902 988 in
945 931 1211 1004 fragiliori
1258 939 1434 1002 parte,
1477 930 1532 984 id
1562 939 1646 985 est
1675 931 1740 985 in
1836 930 1948 1001 pati
1976 929 2192 998 videtis,
2226 935 2500 986 sectantes
2528 926 2846 998 patientiam
2866 933 2918 982 et
2947 926 3326 982 humilitatem.

149 1040 371 1099 corpore
398 1039 540 1080 meo.
588 1022 1038 1095 Magni/imbitur
1056 1020 1241 1091 utique
1275 1020 1389 1075 sive
1429 1035 1530 1090 per
1560 1019 1739 1073 vitam

147 1117 258 1171 sive
299 1131 401 1186 per
452 1116 712 1179 mortem,
758 1111 812 1164 id
869 1117 952 1166 est
1007 1110 1062 1163 in
1119 1108 1231 1164 vita
1286 1107 1534 1176 corporis
1591 1115 1643 1160 et
1685 1105 1741 1160 in
2462 1121 2689 1178 CAPUT
2730 1121 2802 1175 ιι,

148 1211 339 1258 morte.
400 1201 587 1256 Debeo
640 1197 996 1271 magniﬁcare
1045 1196 1318 1252 Christum
1362 1211 1463 1266 per
1522 1194 1688 1250 vitam
1722 1235 1736 1262 ,

150 1289 390 1347 259
421 1304 549 1344 nam
583 1288 836 1342 Christus
863 1291 920 1342 et
941 1287 1122 1341 vivere
1137 1284 1300 1349 mihi,
1334 1283 1389 1338 id
1419 1291 1502 1338 est
1536 1297 1641 1354 ego
1671 1282 1740 1336 ad
1914 1302 1937 1332 ι
1976 1280 2034 1336 Si
2061 1297 2166 1352 qua
2195 1295 2332 1353 ergo
2360 1279 2665 1336 consolatio
2711 1279 2765 1334 in
2796 1278 3031 1347 Christo,
3085 1280 3129 1335 si
3162 1283 3307 1353 quod
3337 1298 3432 1340 so-

146 1379 289 1433 aliud
320 1393 428 1433 non
459 1378 604 1444 vivo,
638 1375 742 1430 nisi
771 1383 831 1430 ut
879 1372 1224 1447 magniﬁcam
1275 1372 1572 1428 Christum.
1624 1372 1738 1425 De-
1844 1392 1865 1416 «
1901 1369 2092 1424 latium
2121 1369 2418 1435 charitatis,
2452 1369 2498 1423 si
2545 1383 2655 1440 qua
2702 1367 2936 1424 societas
2967 1369 3210 1440 spiritus,
3245 1371 3290 1426 si
3321 1387 3430 1444 qua

148 1468 248 1524 beo
278 1464 633 1539 magniﬁcare
661 1480 760 1535 per
786 1472 1017 1520 mortem
1042 1481 1057 1528 ;
1088 1478 1214 1516 nam
1235 1461 1483 1516 Christus
1505 1468 1587 1516 est
1608 1459 1740 1514 mihi
1843 1482 1864 1506 ιι
1898 1459 2110 1514 viscera
2157 1457 2542 1522 miserationis,
2586 1456 2807 1528 implete
2836 1457 3095 1530 gaudium
3139 1476 3338 1526 meum,
3368 1469 3429 1515 ut

150 1558 370 1612 lucrum
403 1555 566 1620 mori,
623 1553 681 1608 id
737 1561 820 1608 est
847 1552 916 1607 ad
952 1550 1320 1615 moriendum,
1364 1549 1540 1620 ipsum
1593 1548 1738 1604 enim
1844 1571 1865 1593 «
1899 1547 2043 1602 idem
2075 1547 2323 1616 sapiatis,
2357 1546 2608 1600 eamdem
2640 1545 2955 1601 charitatem
2988 1547 3276 1614 habentes,
3308 1565 3436 1604 una-

149 1643 422 1699 Christum
452 1641 728 1712 accipiens
774 1641 972 1708 lucror,
1024 1639 1069 1693 si
1105 1654 1207 1710 pro
1253 1637 1469 1692 Christo
1498 1636 1728 1693 morior.
1844 1659 1866 1682 ιι
1901 1636 2076 1690 nimes
2107 1635 2338 1706 idipsum
2371 1635 2689 1689 sentientes.
2722 1634 2868 1688 Nihil
2890 1651 2989 1705 per
3009 1637 3432 1704 contentionem,

146 1731 241 1787 Vel
271 1732 346 1785 ita
377 1749 390 1784 :
427 1731 531 1785 Per
555 1737 789 1784 mortem
817 1728 994 1784 debeo
1037 1724 1391 1798 magniﬁcare
1424 1725 1698 1780 Christum
1723 1743 1738 1792 ;
1845 1747 1866 1770 ιι
1901 1740 2079 1795 neque
2109 1740 2209 1794 per
2238 1723 2453 1778 inanem
2483 1723 2732 1794 gloriam,
2767 1722 2865 1776 sed
2894 1723 2948 1776 in
2996 1725 3304 1780 humilitate
3335 1743 3434 1781 su-

145 1835 267 1874 nam
296 1819 438 1874 mori
464 1825 544 1873 est
574 1817 707 1872 mihi
736 1817 974 1883 lucrum,
998 1815 1052 1870 id
1085 1823 1170 1870 est
1199 1830 1326 1870 nam
1356 1813 1412 1868 in
1442 1822 1620 1869 morte
1649 1813 1737 1868 lu-
1769 1845 1820 1903 B
1845 1835 1866 1858 ιι
1902 1813 2147 1882 periores
2185 1811 2290 1865 sibi
2337 1811 2572 1866 invicem
2617 1810 2964 1877 arbitrantes,
3016 1827 3125 1866 non
3174 1829 3296 1884 quae
3338 1831 3436 1869 sua

146 1923 268 1964 cror
298 1922 422 1979 ego,
451 1905 726 1976 accipiens
756 1905 813 1959 in
842 1904 997 1961 caelis
1026 1903 1440 1959 retributionem
1488 1902 1736 1957 laborum
1769 1899 1812 1903 ⁷
1845 1925 1866 1946 ιι
1900 1909 2025 1955 sunt
2054 1900 2252 1972 singuli
2279 1899 2710 1963 considerantes,
2761 1899 2858 1954 sed
2902 1915 2965 1954 ea
3019 1917 3142 1971 quae
3171 1902 3432 1958 aliorum.

146 2010 414 2050 meorum.
474 1996 543 2049 Et
594 2009 720 2049 cum
765 1993 904 2049 mori
950 1992 1019 2046 sit
1061 1990 1192 2046 mihi
1221 1991 1452 2060 lucrum,
1497 1997 1658 2044 restat
1685 1997 1743 2044 ut
1845 2012 1867 2037 ιι
1903 1990 2020 2045 Hoc
2074 1989 2217 2044 enim
2250 1988 2444 2043 sentite
2475 1989 2530 2042 in
2578 1987 2752 2053 vobis,
2813 1987 2958 2058 quod
3014 1996 3067 2043 et
3110 1989 3164 2043 in
3221 1990 3437 2047 Christo

148 2084 348 2156 eligam
377 2090 630 2138 mortem.
1847 2100 1870 2125 α
1905 2079 2055 2133 Jesu.
2089 2076 2195 2146 Qui
2223 2092 2350 2133 cum
2381 2077 2436 2131 in
2464 2076 2637 2132 forma
2664 2076 2765 2130 Dei
2815 2084 2982 2144 esset,
3024 2093 3135 2132 non
3189 2079 3438 2150 rapinam

217 2173 467 2227 Adversa
496 2171 782 2237 sententia,
842 2169 940 2225 sed
970 2181 1151 2224 tamen
1195 2168 1323 2224 licet
1367 2168 1506 2224 mori
1553 2167 1621 2221 sit
1661 2167 1744 2222 lu-
1847 2188 1867 2212 «
1905 2165 2196 2221 arbitratus
2226 2173 2310 2221 est
2341 2182 2466 2220 esse
2495 2181 2554 2220 se
2602 2165 2868 2236 aequalem
2916 2167 3052 2231 Deo,
3101 2168 3200 2222 sed
3230 2177 3439 2224 semet-

151 2277 322 2327 crum,
357 2262 538 2315 vivere
581 2261 644 2314 in
692 2275 865 2315 carne
895 2262 981 2314 est
1010 2259 1153 2313 mihi
1173 2260 1402 2328 fructus
1429 2257 1633 2328 operis,
1654 2255 1742 2310 hic
1847 2277 1870 2302 ιι
1905 2255 2084 2325 ipsum
2112 2254 2420 2319 exinanivit,
2467 2253 2701 2309 formam
2730 2254 2874 2309 servi
2920 2255 3217 2326 accipiens,
3271 2257 3326 2312 in
3359 2257 3428 2312 si.

148 2349 353 2405 scilicet
383 2347 531 2418 quod
563 2364 662 2418 per
691 2347 857 2402 vitam
887 2345 1328 2418 magniﬁcabitur
1358 2344 1627 2400 Christus.
1675 2345 1744 2398 Et
1848 2367 1870 2390 ιι
1903 2343 2261 2398 militudinem
2289 2342 2571 2397 hominum
2628 2342 2822 2411 factus,
2873 2351 2925 2398 et
2953 2344 3140 2398 habitu
3186 2345 3440 2403 inventus

149 2438 272 2508 quia
323 2437 466 2492 mori
517 2435 651 2490 mihi
705 2443 786 2490 est
842 2435 1055 2490 lucrum
1102 2441 1266 2489 tantae
1289 2432 1658 2498 beatitudinis,
1691 2440 1744 2487 et
1848 2453 1870 2483 ιι
1903 2441 1960 2487 ut
1990 2433 2174 2488 homo.
2208 2432 2523 2487 Humiliavit
2551 2432 2900 2503 semetipsum
2924 2476 2937 2496 ,
2973 2431 3148 2488 factus
3175 2435 3440 2491 obediens

146 2527 328 2581 vivere
356 2525 414 2578 in
442 2540 604 2580 carne
646 2531 728 2578 est
767 2522 898 2577 mihi
930 2522 1139 2579 fructus
1167 2520 1549 2594 magniﬁcandi
1583 2521 1742 2576 Chri-
1849 2544 1869 2568 ιι
1906 2537 2077 2593 usque
2107 2521 2176 2575 ad
2206 2528 2456 2587 mortem,
2487 2529 2717 2575 mortem
2745 2528 2929 2576 autem
2977 2523 3178 2576 crucis.
3211 2525 3444 2595 PrOpter

148 2622 306 2682 stum,
340 2629 430 2678 en,
465 2612 519 2667 id
549 2620 631 2667 est
661 2627 810 2676 ecce,
854 2611 988 2682 quid
1018 2612 1212 2666 horum
1271 2610 1476 2682 eligam
1525 2611 1740 2681 ignoro,
1849 2631 1872 2654 ιι
1904 2610 2050 2680 quod
2082 2617 2135 2663 et
2165 2610 2312 2664 Deus
2342 2608 2597 2664 exaltavit
2629 2608 2800 2672 illum,
2843 2618 2896 2663 et
2935 2609 3155 2665 donavit
3203 2612 3282 2666 illi
3336 2629 3442 2669 no-

144 2703 308 2758 vitam
340 2717 410 2756 an
441 2709 692 2765 mortem,
709 2701 833 2755 ideo
862 2699 1059 2772 ignoro
1073 2699 1200 2771 quia
1217 2706 1490 2755 coarctor.
1515 2697 1615 2753 Vel
1635 2713 1744 2752 non
1849 2723 1870 2745 ιι
1909 2714 2034 2753 men
2064 2697 2207 2768 quod
2239 2705 2321 2752 est
2363 2713 2530 2767 super
2570 2689 2732 2752 omne
2779 2713 2980 2753 nomen
3013 2716 3025 2752 :
3060 2707 3117 2753 ut
3143 2700 3197 2754 in
3221 2702 3442 2758 nomine

149 2788 667 2861 solumignoro,sed
685 2789 846 2844 etiam
860 2786 1746 2852 coarctor,habensdesideriume
1853 2808 1875 2837 ιι
1909 2787 2038 2841 Jesu
2068 2802 2230 2840 omne
2259 2801 2403 2856 genu
2421 2786 2683 2854 ﬂectatur,
2721 2785 3044 2853 caelestium,
3079 2789 3436 2857 terrestrium,

147 2878 378 2942 dudbus,
404 2878 456 2932 id
470 2877 636 2933 estde
653 2877 895 2941 dissolvi,
930 2885 984 2931 et
1011 2876 1082 2932 de
1113 2892 1435 2947 permanere
1466 2875 1522 2929 in
1549 2891 1742 2941 carne;
1850 2899 1873 2924 ιι
1909 2884 1961 2930 et
1992 2873 2348 2930 infernorum.
2402 2875 2470 2928 Et
2508 2875 2686 2929 omnis
2726 2874 2913 2947 lingua
2943 2875 3284 2948 conﬁteatur,
3313 2879 3442 2951 quia

149 2967 243 3021 sed
273 2966 508 3022 dissolvi
528 2970 584 3021 et
605 2983 735 3022 cum
751 2965 967 3021 Christo
996 2965 1311 3020 essemulto
1326 2966 1552 3030 melius,
1575 2979 1747 3035 quan-
1853 2988 1874 3010 «
1909 2963 2177 3019 Dominus
2205 2963 2334 3018 Jesu
2363 2963 2614 3018 Christus
2654 2963 2707 3016 in
2763 2963 2945 3036 gloria
2991 2973 3074 3019 est
3105 2966 3205 3021 Dei
3233 2968 3434 3023 Patris.

149 3063 258 3110 tum
280 3055 350 3109 ad
382 3071 490 3110 me.
517 3057 857 3110 Permanere
872 3058 1066 3109 autem
1087 3055 1148 3109 in
1171 3069 1343 3109 carne
1364 3055 1747 3108 necessarium
1853 3075 1874 3099 ιι
1908 3053 2118 3123 Itaque,
2177 3051 2480 3106 charissimi
2509 3051 2638 3116 mei,
2671 3051 2835 3120 (sicut
2889 3069 3108 3123 semper
3151 3055 3442 3122 obedistis)

146 3147 229 3198 est
255 3147 494 3216 propter
512 3159 624 3207 vos,
667 3151 724 3196 ut
777 3141 1023 3197 Christus
1078 3158 1175 3212 per
1230 3157 1319 3196 me
1369 3139 1749 3212 magniﬁcetur
1784 3201 1826 3218 Α
1853 3164 1874 3187 ιι
1908 3157 2018 3196 non
2045 3141 2100 3194 in
2130 3140 2420 3210 praesentia
2449 3156 2569 3194 mea
2607 3148 2831 3205 tantum,
2893 3142 2994 3196 sed
3040 3143 3210 3198 multo
3266 3146 3444 3218 magis

145 3233 199 3285 in
226 3201 408 3287 vobis.
445 3234 514 3287 Et
554 3231 674 3296 hoc,
708 3231 762 3284 id
804 3238 885 3285 est
916 3201 1095 3302 quod.
1117 3201 1553 3285 necessariusvet
1601 3229 1748 3284 utilis
1781 3201 1827 3262 θ
1853 3253 1874 3277 ιι
1912 3245 2056 3284 nunc
2085 3201 2147 3282 in
2169 3229 2419 3283 absentia
2449 3227 2708 3285 260
2739 3201 2883 3295 mea,
2915 3247 3038 3285 cum
3068 3240 3216 3287 metu
3247 3241 3300 3288 et
3328 3201 3446 3290 uiae-

145 3336 240 3375 ero
269 3320 584 3389 conﬁdens.
616 3321 738 3375 Scio
785 3321 1054 3391 quoniam
1102 3320 1336 3374 manebo
1383 3326 1434 3373 et
1464 3318 1626 3374 etiam
1657 3318 1748 3372 diu
1855 3341 1876 3364 ιι
1911 3334 2065 3373 more
2098 3326 2336 3373 vestram
2368 3317 2596 3372 salutem
2625 3319 2950 3387 operamini.
2986 3320 3133 3375 Deus
3163 3330 3247 3376 est
3277 3322 3442 3388 enim,

143 3409 488 3479 permanebo
518 3409 777 3464 omnibus
799 3407 945 3462 vobis
966 3408 1037 3463 ad
1055 3411 1376 3480 profectum
1396 3411 1666 3472 vestrum,
1692 3411 1749 3462 et
1855 3428 1876 3452 ιι
1914 3407 2004 3477 qui
2034 3414 2290 3476 operatur
2321 3405 2376 3458 in
2421 3405 2576 3460 vobis
2637 3414 2691 3460 et
2734 3407 2894 3471 velle,
2945 3416 2997 3462 et
3024 3408 3312 3479 perﬁcere,
3346 3428 3448 3482 pro

144 3495 211 3550 ad
241 3495 526 3567 gaudium
565 3497 696 3564 ﬁdei
725 3499 943 3560 vestras,
977 3495 1030 3550 id
1061 3503 1145 3551 est
1191 3503 1248 3549 ut
1277 3495 1344 3550 de
1393 3495 1591 3551 merito
1623 3494 1748 3549 ﬁdei
1854 3518 1875 3542 ιι
1912 3495 2058 3550 bona
2095 3495 2385 3550 voluntate.
2424 3493 2620 3550 Omnia
2649 3503 2833 3550 autem
2863 3495 3022 3552 facite
3051 3497 3169 3553 sine
3200 3515 3448 3556 murmu-

147 3585 457 3654 gaudeatis.
491 3585 643 3640 Tunc
670 3584 838 3638 habet
859 3584 1041 3652 justus
1075 3583 1336 3654 gaudium
1365 3583 1436 3638 de
1466 3582 1592 3649 ﬁde,
1624 3599 1750 3638 cum
1855 3607 1876 3631 ιι
1913 3583 2216 3639 rationibus
2264 3591 2317 3638 et
2371 3583 2803 3639 haesitationibus
2860 3586 2909 3656 (1
2935 3587 3089 3641 Petr.
3140 3601 3216 3652 tv,
3278 3588 3355 3659 9),
3389 3598 3449 3645 ut

137 3672 248 3740 jam
279 3689 395 3728 non
427 3672 580 3726 timet
609 3672 861 3737 adversa,
912 3680 965 3727 et
1011 3687 1239 3727 securus
1289 3679 1371 3727 est
1400 3671 1470 3726 de
1500 3672 1746 3742 praemio.
1855 3695 1876 3719 «
1913 3672 2030 3726 sitis
2061 3672 2177 3727 sine
2209 3671 2451 3743 querela,
2512 3680 2564 3726 et
2611 3671 2887 3743 simplices
2930 3672 3024 3728 ﬁlii
3051 3674 3171 3744 Dei,
3206 3676 3324 3731 sine
3356 3695 3448 3733 re-

145 3760 490 3816 Permanebo
519 3760 674 3815 vobis
701 3760 774 3815 ad
801 3759 1125 3831 profectum,
1150 3762 1238 3814 ita
1258 3763 1324 3814 ut
1337 3761 1670 3831 gratulatio,
1695 3760 1750 3814 id
1856 3784 1877 3807 ιι
1913 3761 2279 3831 prehensione
2305 3760 2361 3814 in
2390 3760 2572 3815 medio
2601 3761 2834 3816 nationis
2856 3778 3037 3832 prava:
3059 3772 3112 3818 et
3137 3780 3446 3835 perversae;

141 3857 223 3903 est
252 3848 553 3905 exsultatio
593 3857 797 3913 vestra,
848 3847 935 3903 vel
973 3848 1113 3904 actio
1168 3847 1484 3920 gratiarum,
1536 3855 1750 3903 utrum-
1856 3871 1878 3896 ιι
1913 3850 2056 3904 inter
2083 3864 2222 3921 quos
2252 3849 2446 3904 lucetis
2476 3849 2617 3905 sicut
2650 3849 2934 3905 luminaria
2962 3851 3017 3906 in
3049 3854 3252 3909 mundo
3284 3873 3298 3920 ;
3332 3872 3452 3912 ver-

142 3953 247 4009 que
277 3938 430 3993 enim
483 3935 754 4007 signiﬁcat
802 3936 1071 4009 gratulor,
1123 3945 1172 3992 et
1203 3936 1416 4009 gaudeo
1447 3945 1501 3991 et
1541 3937 1751 4007 gratias
1855 3961 1877 3985 u
1913 3938 2043 3993 bum
2091 3938 2215 3993 vita:
2269 3938 2612 3993 continentes
2653 3939 2722 3993 ad
2766 3939 2996 4011 gloriam
3043 3958 3221 3998 meam
3261 3943 3316 3998 in
3361 3945 3452 4003 die

140 4041 268 4098 ago,
300 4025 625 4098 gratulatio,
645 4025 889 4097 inquam,
915 4034 1100 4080 vestra
1130 4025 1378 4081 abundet
1409 4026 1472 4080 in
1506 4025 1747 4091 Christo,
1856 4049 1878 4078 ι
1915 4026 2134 4096 Christi,
2191 4027 2314 4098 quia
2357 4043 2468 4082 non
2514 4027 2568 4081 in
2608 4043 2842 4084 vacuum
2889 4031 3127 4098 cucurri,
3168 4049 3348 4104 neque
3396 4035 3452 4089 in

141 4113 192 4168 id
223 4123 307 4170 est
337 4115 396 4169 in
427 4114 651 4169 laudem
680 4114 881 4169 Christi
911 4115 1062 4180 Jesu,
1089 4115 1154 4169 in
1182 4130 1291 4182 me,
1341 4114 1397 4169 id
1427 4122 1510 4169 est
1538 4114 1592 4169 in
1621 4131 1751 4170 con-
1856 4137 1878 4166 ιι
1913 4132 2146 4172 vacuum
2177 4115 2440 4171 laboravi.
2476 4117 2584 4172 Sed
2613 4125 2668 4172 et
2697 4117 2742 4172 si
2789 4119 3046 4175 immolor
3076 4138 3241 4193 supra
3272 4125 3439 4180 sacri~

141 4202 482 4259 sideratione
511 4202 925 4275 mei..Abundet
951 4202 1074 4260 dico
1102 4220 1206 4275 per
1233 4219 1424 4259 meum
1443 4203 1752 4259 adventum
1857 4226 1878 4255 ιι
1917 4205 2117 4271 ﬁcium,
2151 4213 2205 4260 et
2233 4205 2557 4276 obsequium
2588 4205 2715 4261 ﬁdei
2737 4216 2949 4274 vestrae,
2975 4211 3208 4282 gaudeo,
3241 4221 3295 4267 et
3323 4229 3452 4269 con-

140 4292 353 4347 iterum
385 4291 598 4348 factum
647 4291 720 4347 ad
748 4307 862 4347 vos.
906 4291 1222 4346 Abundabit
1252 4291 1438 4363 utique
1491 4296 1751 4346 tantum-
1857 4315 1880 4344 ιι
1915 4294 2164 4366 gratulor
2209 4293 2464 4347 omnibus
2506 4293 2682 4348 vobis.
2737 4295 2978 4366 Idipsum
3023 4307 3202 4353 autem
3249 4309 3302 4354 et
3351 4317 3452 4358 vos

138 4381 296 4437 modo
324 4380 517 4436 videte
547 4384 614 4436 ut
636 4395 732 4435 vos
773 4381 1186 4436 eonversemini
1233 4380 1402 4452 digne
1451 4381 1751 4452 Evangelia
1857 4404 1879 4432 ιι
1914 4381 2150 4455 gaudete
2181 4391 2236 4436 et
2261 4381 2721 4454 congratulamini
2748 4384 2899 4438 mihi.
2944 4385 3120 4456 Spero
3169 4396 3346 4444 autem
3396 4391 3454 4446 in

143 4468 389 4535 Christo,
418 4469 478 4523 id
501 4477 588 4523 est
617 4468 754 4524 sicut
775 4468 932 4524 decet
952 4478 1004 4523 et
1019 4468 1180 4524 docet
1197 4468 1578 4539 Evangelium,
1604 4469 1751 4540 quod
1857 4492 1878 4520 ιι
1915 4471 2146 4527 Domino
2173 4471 2330 4535 Jesu,
2366 4470 2707 4526 Timotheum
2737 4487 2825 4526 me
2853 4473 2961 4528 cito
2990 4474 3202 4531 mittere
3229 4478 3298 4532 ad
3330 4495 3449 4547 vos,

139 4557 450 4630 accepistis.
491 4557 574 4612 Ita
603 4557 790 4630 digne,
823 4561 889 4612 ut
917 4559 1031 4612 sive
1058 4574 1188 4614 cum
1216 4573 1418 4616 venero
1461 4563 1517 4613 et
1560 4558 1745 4615 videro
1771 4562 1824 4621 D
1859 4582 1880 4607 ιι
1914 4567 1970 4615 ιιι
2001 4567 2055 4615 et
2082 4575 2189 4632 ego
2219 4559 2363 4614 bono
2393 4559 2576 4614 animo
2605 4558 2729 4625 sim,
2763 4561 2997 4633 cognitis
3026 4579 3148 4634 quae
3178 4564 3327 4622 circa
3355 4583 3456 4623 vos

141 4661 250 4712 vos,
282 4649 402 4702 sive
433 4647 642 4702 absens
671 4661 996 4718 quocunque
1027 4646 1191 4702 modo
1220 4645 1401 4711 fuero,
1434 4646 1521 4701 vel
1551 4646 1754 4701 absens
1863 4671 1885 4696 ιι
1920 4655 2063 4703 sunt.
2095 4647 2381 4703 Neminem
2412 4647 2558 4702 enim
2604 4648 2781 4704 habeo
2836 4658 2946 4706 tam
2995 4652 3328 4722 unanimem,
3362 4657 3454 4729 qui

140 4734 224 4789 vel
249 4751 507 4806 praesens
538 4734 755 4789 audiam
784 4734 854 4790 de
885 4734 1040 4790 vobis
1062 4736 1185 4801 hoc,
1209 4735 1341 4808 quia
1359 4736 1528 4792 statis
1555 4736 1618 4790 in
1641 4752 1755 4793 uno
1863 4760 1883 4785 ιι
1920 4736 2136 4792 sincera
2167 4735 2454 4792 affectione
2478 4752 2580 4807 pro
2610 4737 2768 4792 vobis
2821 4738 3086 4795 sollicitus
3115 4741 3202 4796 sit.
3246 4742 3454 4801 Omnes

142 4823 341 4893 Spiritu
405 4831 610 4879 sancto
651 4821 983 4892 justiﬁcante
1031 4839 1149 4880 vos.
1203 4825 1273 4878 Et
1316 4823 1445 4896 quia
1475 4824 1530 4879 in
1559 4824 1755 4880 eodem
1865 4845 1885 4879 ι
1922 4825 2068 4880 enim
2099 4841 2222 4897 quae
2250 4841 2348 4880 sua
2375 4834 2501 4880 sunt
2541 4834 2810 4897 quarunt,
2842 4843 2952 4882 non
3008 4845 3129 4900 quae
3171 4840 3295 4886 sunt
3321 4833 3453 4889 Jesu

140 4911 330 4981 spiritu
361 4920 520 4967 stare
561 4919 786 4982 possent
819 4930 832 4978 ;
865 4911 952 4967 hic
990 4912 1044 4966 in
1094 4912 1418 4982 humilitate,
1452 4913 1540 4968 hic
1583 4915 1638 4967 in
1666 4928 1757 4969 ca-
1863 4937 1884 4961 «
1921 4914 2121 4970 Christi
2149 4915 2201 4987 (I
2226 4914 2346 4970 Cor.
2383 4930 2508 4981 xm,
2539 4917 2614 4983 5).
2646 4915 3097 4986 Experimentum
3126 4928 3308 4976 autem
3339 4923 3456 4991 ejus

143 5000 356 5066 stitate;
390 5009 586 5056 tamen
636 5016 745 5056 non
787 5000 1052 5055 habentes
1091 5000 1232 5056 inter
1277 5017 1337 5057 se
1385 5001 1754 5070 dilectionem,
1865 5025 1888 5051 ιι
1922 5004 2239 5076 cognoscite
2273 5045 2288 5068 ,
2349 5004 2478 5074 quia
2506 5047 2520 5070 ,
2585 5004 2726 5060 sicut
2781 5006 2926 5076 patri
2997 5005 3179 5079 ﬁlius,
3239 5027 3456 5068 mecum

143 5086 262 5143 ideo
289 5089 446 5144 addit
476 5089 788 5145 unanimes
816 5088 872 5143 in
918 5088 1226 5158 dilectione,
1260 5099 1315 5145 et
1343 5091 1757 5146 collaborantes
1865 5115 1887 5138 ιι
1923 5092 2140 5147 servivit
2170 5093 2227 5147 in
2256 5092 2578 5165 Evangelia.
2610 5094 2765 5149 Hunc
2793 5094 2964 5168 igitur
2990 5113 3154 5169 spero
3184 5115 3273 5156 me
3324 5102 3457 5158 mit-

145 5191 240 5246 per
266 5179 598 5248 patientiam
629 5176 1035 5233 tribulationum
1063 5178 1197 5247 ﬁdei
1243 5179 1557 5247 Evangelii,
1590 5178 1646 5233 id
1675 5186 1762 5234 est
1865 5203 1886 5228 ιι
1923 5188 2041 5237 tere
2069 5181 2137 5235 ad
2167 5196 2285 5247 vos,
2319 5197 2445 5236 mox
2477 5189 2534 5236 ut
2563 5182 2750 5238 videro
2798 5201 2921 5256 quae
2965 5185 3110 5242 circa
3157 5203 3246 5244 me
3294 5200 3448 5248 sunt.

149 5280 306 5335 quam
357 5266 532 5322 ﬁdem
565 5265 622 5320 in
665 5265 962 5338 Evangelio
992 5266 1277 5322 didicistis.
1312 5267 1540 5322 Audiam
1597 5267 1758 5323 etiam
1867 5292 1888 5316 ιι
1923 5268 2149 5325 Conﬁdo
2200 5278 2379 5326 autem
2423 5270 2479 5325 in
2510 5271 2765 5338 Domino,
2808 5274 3064 5345 quoniam
3106 5283 3160 5331 et
3207 5277 3326 5348 ipse
3355 5296 3460 5337 ve-

151 5356 290 5424 quod
321 5372 423 5412 vos
453 5358 520 5411 in
554 5355 721 5410 nullo
753 5357 1092 5412 terreamini
1121 5357 1210 5411 ab-
1234 5355 1597 5423 adversariis,
1636 5373 1760 5429 qua
1865 5382 1887 5406 ιι
1923 5359 2071 5413 niam
2117 5359 2188 5413 ad
2220 5374 2318 5415 vos
2344 5359 2472 5415 cito.
2514 5360 2900 5416 Necessarium
2931 5371 3114 5420 autem
3152 5366 3461 5426 existimavi

151 5455 329 5509 causa,
363 5444 590 5501 scilicet
640 5443 786 5515 quod
843 5444 1028 5500 volunt
1086 5452 1293 5500 terrere
1349 5460 1468 5511 vos,
1509 5450 1594 5500 est
1640 5446 1759 5500 illis
1864 5467 1885 5494 ιι
1917 5447 2349 5516 Epaphroditum
2379 5446 2600 5502 fratrem
2649 5455 2704 5503 et
2745 5459 3158 5520 cooperatorem
3195 5463 3249 5510 et
3304 5472 3463 5512 com-

153 5547 320 5590 causa
368 5533 746 5607 perditionis,
778 5533 924 5588 vobis
955 5538 1172 5599 autem,
1197 5533 1290 5605 qui
1318 5533 1552 5588 interriti
1583 5534 1756 5600 statis,
1866 5557 1888 5581 ιι
1924 5534 2246 5589 millitonem
2275 5551 2478 5602 meum,
2531 5544 2774 5592 vestrum
2805 5547 2988 5596 autem
3023 5543 3331 5612 apostolum
3353 5587 3371 5611 ,
3407 5555 3463 5602 et

153 5628 232 5675 est
258 5639 434 5679 causa
452 5621 691 5678 salutis.
727 5622 795 5676 Et
826 5621 924 5677 hoc
954 5621 1110 5676 vobis
1139 5639 1174 5677 a
1202 5622 1312 5678 Deo
1334 5621 1481 5694 quod
1510 5637 1620 5678 non
1651 5631 1762 5677 ter-
1867 5643 1890 5675 ε
1923 5622 2229 5678 ministrum
2276 5623 2620 5680 necessitatis
2648 5641 2805 5693 meas,
2837 5627 3052 5684 mittere
3077 5630 3148 5686 ad
3176 5646 3295 5696 vos,
3327 5648 3465 5703 quo-

151 5709 357 5780 remini,
389 5709 540 5780 ideo,
575 5709 714 5781 quia
729 5709 877 5766 vobis
896 5709 1172 5770 donatum
1201 5715 1288 5767 est
1314 5728 1419 5783 pro
1438 5709 1680 5779 Christo,
1704 5708 1763 5766 id
1866 5733 1889 5758 ιι
1925 5710 2074 5767 niam
2105 5711 2328 5783 quidem
2356 5727 2548 5769 omnes
2596 5728 2694 5769 vos
2743 5713 3109 5787 desiderabat,
3150 5726 3204 5774 et
3231 5727 3462 5776 incestus
