3932 6474
454 343 557 396 359

987 339 1042 396 S.
1084 339 1440 400 BRUNONIS
1470 343 2117 404 CARTHUSIANORUM
2162 349 2647 409 lNSTlTUTORlS
2688 353 2841 410 OPP.
2890 354 3068 412 PARS
3114 355 3181 412 ll.

3651 361 3760 414 360

457 485 478 508 «ι
516 469 632 517 erat
662 470 951 534 propterea
981 465 1128 535 quod
1157 466 1456 522 audieratis
1485 467 1636 523 illum
1676 469 2030 524 inﬁrmatum.
2061 474 2111 534 Α
2143 474 2241 530 sed
2271 475 2349 531 sic
2369 485 2574 548 pungat
2605 494 2703 533 vos
2725 487 2783 533 ut
2810 479 3056 550 propria.
3095 480 3206 535 Vos
3253 479 3379 537 dico
3408 484 3748 547 unanimes,

462 572 484 597 ιι
521 551 659 604 Nam
688 559 741 605 et
770 551 1064 606 inﬁrmatus
1095 562 1177 607 est
1205 571 1375 626 usque
1403 557 1470 610 ad
1491 565 1722 612 mortem
1749 559 1874 613 :sed
1896 559 2042 613 Deus

459 659 482 689 ι
518 639 772 694 misertus
810 648 892 694 est
922 640 1058 708 ejus,
1093 658 1202 697 non
1232 643 1408 697 solum
1439 654 1619 699 autem
1657 647 1792 712 ejus,
1829 631 2042 702 verum-

458 750 480 774 ε
515 727 673 781 etiam
704 737 755 782 et
783 727 910 793 mei,
942 745 1010 783 ne
1057 729 1329 785 tristitiam
1387 749 1549 803 super
1589 733 1854 788 tristitiam
1877 735 2043 790 habe-

466 838 488 862 ε
525 831 666 870 rem.
715 815 1083 871 Festinantius
1141 834 1275 889 ergo
1307 819 1430 874 misi
1469 821 1637 888 illum,
1700 830 1758 876 ut
1804 823 1921 877 viso
1951 823 2044 878 illo

463 924 488 957 ι
518 903 709 958 iterum
759 904 1066 974 gaudeatis,
1115 914 1168 960 et
1197 923 1303 978 ego
1333 907 1451 962 sine
1481 909 1695 963 tristitia
1723 909 1846 964 sim.
1876 911 2042 965 Exci-

460 1013 482 1042 ι
517 991 627 1062 pite
657 991 842 1063 itaque
872 993 1026 1047 illum
1055 1010 1178 1048 cum
1208 995 1353 1049 omni
1383 997 1587 1067 gaudio
1617 997 1670 1050 in
1703 998 1955 1061 Domino,
1990 1007 2043 1052 et

457 1103 478 1126 «
516 1081 782 1148 ejusmodi
813 1098 936 1150 cum
967 1083 1174 1136 honore
1204 1083 1454 1139 habetote
1487 1103 1501 1149 ;
1533 1086 1790 1155 quoniam
1822 1095 2043 1156 propter

457 1191 479 1214 -
515 1183 652 1238 opus
682 1169 881 1223 Christi
924 1187 1095 1241 usque
1145 1171 1214 1225 ad
1253 1180 1487 1226 mortem
1534 1174 1782 1240 accessit,
1826 1174 2042 1228 tradens

457 1276 478 1304 ι
515 1255 748 1311 animam
779 1273 955 1323 suam,
988 1267 1045 1312 ut
1074 1257 1322 1329 impleret
1365 1259 1420 1313 id
1459 1261 1605 1331 quod
1649 1278 1714 1316 ex
1760 1262 1913 1317 vobis
1946 1263 2042 1316 de-

457 1367 478 1390 ιι
516 1353 631 1400 erat
649 1361 786 1417 erga
815 1363 997 1402 meum
1029 1347 1373 1420 obsequium.
1413 1370 1434 1396 ι

1078 1585 1374 1625 IXPOSITIO
1387 1612 1400 1625 .

523 1711 667 1767 Dixit
697 1711 945 1782 superius
971 1711 1232 1766 :Vincula
1261 1729 1382 1783 qua:
1401 1713 1555 1767 circa
1576 1729 1667 1768 me
1696 1718 1854 1779 sunt,
1882 1731 2045 1770 vene-

2142 563 2196 618 id
2227 573 2307 619 est
2335 581 2547 636 aquam
2579 568 2817 621 animum
2848 568 3246 638 compassionis
3264 569 3334 623 ad
3363 584 3586 626 omnem
3615 586 3751 641 pro-

2144 652 2346 707 ximum
2370 654 2653 710 habentes.
2677 657 2785 710 Vos
2801 657 2994 711 iterum
3018 656 3454 727 nihil/aeientes
3486 674 3746 729 percon-

2146 745 2476 809 tentionem,
2509 752 2566 797 ut
2592 743 2728 798 alter
2755 745 2848 816 qui
2894 745 3074 816 magis
3123 745 3324 814 patitur
3351 746 3648 801 contendat
3679 762 3746 801 se

2143 829 2400 898 praeferre
2429 831 2580 886 alteri
2610 832 2788 886 minus
2810 833 3050 902 patienti.
3079 833 3194 898 Vel,
3219 833 3352 887 nihil
3376 834 3744 904 disponentes

2142 917 2211 971 de
2240 919 2398 972 rebus
2437 920 2822 975 ecclesiasticis
2852 937 2951 990 per
2977 921 3398 989 contentionem,
3433 938 3615 994 neque
3645 921 3742 976 fa-

2141 1006 2345 1061 cientes
2360 1007 2562 1077 aliquid
2577 1025 2680 1079 per
2699 1010 2952 1073 inanem,
2978 1009 3033 1063 id
3062 1017 3380 1080 estpropter
3399 1010 3744 1064 mundanam

2140 1096 2398 1165 gloriam,
2415 1096 2510 1151 sed
2536 1104 2707 1150 estote
2728 1097 3074 1152 arbitrantes
3091 1097 3230 1152 alios
3247 1100 3564 1170 superiores
3591 1099 3746 1153 vobis

2143 1185 2384 1238 invicem
2416 1204 2433 1248 ;
2462 1184 2608 1254 quod
2625 1185 2760 1239 alter
2788 1193 2999 1255 reputet
3027 1185 3255 1239 alterum
3277 1202 3337 1240 se
3358 1185 3742 1255 superiorem;

2144 1285 2244 1325 nec
2267 1272 2371 1326 hoc
2399 1271 2523 1326 ﬁcta
2553 1273 2828 1342 superbia,
2863 1273 2962 1327 sed
2990 1274 3053 1328 in
3103 1275 3449 1339 humilitate,
3486 1281 3561 1338 ut,
3596 1273 3744 1329 sicut

2143 1357 2278 1413 alter
2306 1360 2572 1430 praponit
2603 1361 2707 1414 sibi
2735 1361 2980 1429 alterum,
3005 1361 3084 1417 sic
3103 1363 3354 1416 eamdem
3374 1361 3745 1417 humilitatem

2142 1447 2302 1501 habet
2332 1448 2386 1500 in
2417 1447 2584 1503 corde
2615 1457 2807 1519 putans
2827 1465 2971 1514 eum,
2996 1466 3158 1520 quem
3174 1450 3458 1520 praponit,
3485 1449 3746 1520 superio-

2143 1551 2257 1589 rem
2288 1552 2367 1590 se.
2401 1537 2469 1589 Et
2498 1537 2772 1608 quomodo
2828 1537 2965 1592 alter
3001 1537 3228 1592 alterum
3260 1537 3360 1592 sibi
3391 1536 3743 1607 superiorem

2142 1623 2448 1688 arbitretur,
2508 1625 2795 1680 consilium
2842 1625 3013 1696 ponit,
3035 1625 3225 1680 dicens
3258 1639 3270 1678 :
3308 1625 3373 1680 Ut
3394 1625 3744 1680 arbitremini

2141 1711 2276 1765 alter
2303 1712 2531 1766 alterum
2561 1713 2893 1784 superiorem
2925 1713 3049 1777 sibi,
3078 1730 3194 1769 non
3218 1713 3335 1767 sitis
3363 1714 3740 1768 consideran-

452 1805 593 1857 runt
621 1801 692 1855 ad
709 1803 1029 1871 proferlum
1048 1800 1377 1870 Evangelii;
1410 1801 1554 1871 quod
1585 1801 1748 1856 etiam
1778 1819 1876 1857 vos
1907 1804 2040 1873 pati-
2062 1822 2113 1880 B
2146 1803 2228 1854 tes
2256 1801 2467 1870 singuli
2496 1801 2654 1865 bona,
2686 1818 2808 1873 qua:
2822 1818 2925 1857 sua
2953 1806 3119 1867 sunt;
3150 1801 3246 1857 sed
3274 1817 3340 1856 ea
3361 1808 3571 1854 tantum
3588 1801 3742 1856 bona

450 1887 604 1957 mini,
635 1887 789 1942 vobis
818 1895 902 1941 est
945 1902 1104 1941 causa
1143 1887 1351 1954 salutis,
1401 1897 1455 1942 et
1483 1888 1552 1942 ita
1582 1890 1737 1944 vobis
1775 1890 1883 1960 pati
1935 1891 2040 1946 do-

452 1984 632 2030 natum
667 1984 748 2030 est
776 1991 874 2046 pro
904 1975 1096 2030 merito
1127 1975 1344 2030 Christi.
1395 1977 1473 2030 Ex
1521 1976 1640 2030 istis
1689 1993 1834 2033 nunc
1882 1978 2041 2034 infert

450 2065 640 2120 dicens
671 2064 847 2133 :Quia
879 2073 931 2118 et
962 2080 1049 2118 me
1078 2065 1188 2134 pati
1217 2064 1496 2135 profectus
1526 2074 1608 2120 est
1643 2067 1944 2138 Evangelii,
1989 2075 2042 2122 et

451 2169 574 2224 qua
601 2168 698 2224 pro
725 2153 938 2207 Christo
993 2152 1240 2207 similiter
1274 2153 1514 2224 patimini
1565 2155 1722 2209 vobis
1759 2164 1840 2210 est
1880 2171 2041 2211 causa

449 2241 639 2296 salutis
663 2259 677 2309 ;
701 2257 856 2312 ergo,
879 2240 1091 2308 fratres,
1117 2243 1348 2312 implete
1369 2242 1639 2312 gaudium
1663 2259 1870 2308 meum,
1897 2244 2041 2314 quod

449 2330 710 2403 gaudium
730 2331 841 2398 jam
871 2330 1170 2400 incepistis,
1203 2345 1267 2384 ex
1302 2346 1410 2400 quo
1452 2345 1552 2399 pro
1583 2331 1797 2385 Christo
1843 2341 2040 2388 contu-

449 2419 668 2474 meliam
697 2419 846 2490 passi
878 2419 1027 2474 estis.
1062 2418 1293 2488 lmplere
1323 2418 1578 2490 gaudium
1608 2419 1878 2492 intelligit,
1905 2421 1951 2474 si
1971 2421 2042 2475 ita

450 2523 551 2578 pro
583 2507 798 2562 Christo
828 2507 1100 2578 patiantur
1142 2514 1200 2560 ut
1243 2507 1482 2562 habeant
1528 2507 1881 2563 humilitatem
1939 2525 2032 2579 pa-

447 2595 647 2650 tientia
677 2612 897 2666 semper
926 2595 1274 2650 associatam.
1310 2595 1407 2650 Hic
1456 2595 1602 2650 enim
1633 2597 1872 2667 apertius
1911 2599 2041 2651 hor-

448 2684 650 2739 tabitur
676 2700 791 2747 eos,
826 2693 881 2738 ut
912 2699 1032 2740 cum
1063 2683 1320 2754 patientia
1376 2683 1607 2739 habeant
1666 2685 2038 2752 humilitatem,

446 2789 538 2839 ne,
570 2773 615 2826 si
658 2773 937 2843 patiuntur
979 2787 1080 2842 pro
1109 2771 1346 2837 Christo,
1388 2771 1512 2828 ideo
1551 2789 1611 2827 se
1643 2773 1796 2844 quasi
1825 2773 2038 2843 dignio-

445 2877 534 2917 res
563 2861 779 2916 cateris
808 2859 1115 2931 praferant.
1165 2860 1424 2914 Patientia
1463 2861 1605 2914 enim
1654 2861 1771 2916 sine
1819 2861 2040 2915 humili-

443 2957 554 3004 tate
576 2948 800 3014 inutilis,
825 2955 928 3003 est.
953 2948 1178 3018 lmplete
1215 2948 1476 3019 gaudium
1517 2964 1698 3003 meum
1720 2950 1769 3003 si
1786 2966 1895 3019 qua
1916 2966 2044 3004 con-

444 3039 652 3093 solatio
672 3036 828 3091 vobis
859 3044 943 3090 est
971 3038 1034 3090 in
1062 3035 1303 3100 Christo,
1337 3035 1392 3090 id
1415 3043 1496 3089 est
1519 3035 1564 3089 si
1586 3052 1649 3089 ex
1673 3036 1890 3092 Christo
1912 3053 2042 3092 con-

447 3123 770 3180 solationem
815 3123 1052 3194 quaritis
1091 3123 1147 3177 in
1194 3122 1395 3194 aliquo.
1445 3123 1543 3177 Vel
1587 3123 1667 3194 (ut
1709 3124 1777 3180 de
1825 3125 2037 3181 Christo

443 3213 660 3280 sileam)
688 3213 738 3267 si
771 3212 912 3284 quod
932 3212 1201 3266 solatium
1229 3212 1552 3276 charitatis,
1585 3212 1639 3266 id
1672 3221 1754 3268 est
1783 3213 2037 3269 fraterna

445 3300 750 3356 dilectionis
807 3299 1012 3354 habere
1067 3299 1247 3365 vultis,
1316 3307 1442 3355 tunc
1497 3299 1719 3371 implete
1773 3303 2034 3373 gaudium

446 3405 651 3444 meum.
685 3387 783 3442 Vel
831 3387 904 3442 ita
939 3402 952 3440 :
986 3387 1042 3441 Si
1074 3402 1183 3457 qua
1230 3387 1528 3443 consolatio
1557 3389 1689 3444 mihi
1717 3390 1874 3444 datur
1893 3391 2036 3461 apud

444 3493 544 3533 vos
597 3477 651 3531 in
683 3476 917 3540 Christo,
975 3475 1030 3529 id
1051 3483 1134 3530 est
1188 3483 1414 3547 propter
1458 3493 1699 3532 amorem
1729 3478 1950 3546 Christi,
1985 3486 2035 3534 et

443 3567 489 3620 si
519 3565 664 3637 quod
693 3561 950 3621 solatium
1007 3563 1304 3630 charitatis,
1366 3565 1419 3618 id
1468 3573 1549 3620 est
1595 3565 1847 3622 fraterna
1893 3567 2035 3622 dile-

444 3655 638 3710 ctionis
676 3654 805 3710 mihi
854 3659 938 3707 est
983 3652 1127 3722 apud
1186 3668 1286 3708 vos
1344 3654 1489 3724 quod
1543 3671 1632 3710 me
1661 3670 1766 3725 pro
1798 3655 2038 3710 fraterna

444 3743 707 3799 charitate
764 3740 1039 3796 consolari
1070 3741 1269 3806 velitis,
1326 3750 1454 3797 tunc
1499 3742 1718 3813 implete
1775 3743 2036 3816 gaudium

443 3847 626 3886 meum
661 3849 677 3897 ;
707 3837 778 3897 et,
811 3830 862 3885 si
892 3836 975 3884 est
1004 3829 1158 3884 vobis
1187 3847 1316 3902 qua,
1366 3831 1420 3884 id
1452 3839 1535 3886 est
1571 3832 1747 3903 aliqua
1796 3833 2037 3887 societas

449 3921 706 3992 spiritus,
739 3918 794 3972 id
824 3925 908 3972 est
939 3917 983 3972 si
1036 3917 1092 3971 in
1124 3918 1324 3989 Spiritu
1373 3928 1562 3974 sancto
1593 3920 1911 3975 societatem
1942 3921 2036 3974 ha-

447 4007 590 4062 betis
621 4022 743 4062 cum
773 4006 894 4060 aliis
923 4006 1185 4062 Ecclesiis
1217 4025 1232 4073 ;
1265 4015 1317 4062 et
1345 4009 1395 4063 si
1425 4017 1545 4062 sunt
1576 4008 1632 4062 in
1661 4008 1816 4064 vobis
1845 4010 2037 4081 aliqua

446 4098 684 4160 viscera,
736 4095 791 4149 id
820 4103 901 4150 est
921 4094 1082 4166 aliqui
1103 4095 1178 4165 pii
1199 4094 1426 4150 affectus
1446 4098 1854 4162 miserationis,
1879 4096 1932 4150 id
1955 4105 2037 4151 est

443 4183 791 4240 exhibitionis
819 4183 1234 4246 misericordia,
1270 4187 1506 4256 implete
1520 4186 1794 4256 gaudium
1822 4201 2032 4240 meum.

445 4272 672 4329 Viscera
701 4273 791 4328 hic
834 4279 1108 4343 ponuntur
1136 4272 1294 4344 quasi
1325 4273 1705 4328 misericordia
1739 4292 1753 4340 ;
1785 4273 1907 4344 pius
1935 4289 2036 4328 au-

442 4369 551 4417 tem
580 4359 805 4417 affectus
849 4361 1032 4430 (etiam
1084 4361 1130 4415 si
1160 4361 1294 4414 nihil
1339 4362 1619 4432 cperetur)
1667 4362 2036 4418 misericordia

444 4449 659 4505 dicitur.
693 4447 930 4504 Effectus
959 4457 1138 4504 autem
1187 4449 1580 4506 misericordia
1626 4450 1904 4506 miseratio
1933 4465 2035 4505 vo-

2061 3175 2108 3236 Ο

2141 1888 2479 1942 considerate
2509 1905 2630 1960 qua:
2667 1893 2804 1944 sunt
2832 1891 3098 1945 aliorum.
3133 1889 3188 1943 Si
3219 1890 3362 1943 enim
3393 1889 3742 1960 (postpositis

2141 1976 2360 2044 vestris)
2408 1976 2630 2032 virtutes
2667 1977 2897 2032 aliorum
2946 1977 3241 2044 attenditis,
3300 1977 3380 2032 sic
3437 1992 3535 2032 eos
3577 1977 3739 2031 vobis

2141 2065 2454 2134 superiores
2482 2065 2893 2119 arbitrabimini.
2948 2067 3014 2122 Ut
3067 2074 3355 2137 utrumque
3383 2065 3741 2120 commendet

2141 2152 2240 2216 eis,
2278 2153 2633 2208 humilitatem
2673 2163 2725 2208 et
2761 2154 3094 2224 patientiam,
3129 2154 3350 2224 exponit
3380 2161 3586 2226 quanta
3614 2154 3740 2208 fue-

2141 2241 2212 2294 rit
2243 2241 2520 2295 humilitas
2549 2250 2602 2296 et
2630 2242 2893 2312 patientia
2923 2241 3142 2309 Christi,
3174 2242 3364 2297 dicens
3396 2259 3409 2295 :
3434 2242 3584 2297 Bene
3613 2241 3739 2296 dico

2139 2329 2203 2383 in
2233 2328 2561 2384 humilitate
2581 2350 2598 2394 ,-
2619 2345 2744 2383 nam
2763 2331 2866 2384 hoc
2886 2329 3096 2384 debetis
3115 2330 3316 2384 habere
3338 2329 3394 2382 in
3408 2328 3568 2384 vobis
3588 2329 3741 2400 quod

2139 2433 2248 2470 non
2280 2417 2455 2471 solum
2487 2418 2541 2472 in
2572 2434 2679 2483 me,
2713 2419 2808 2472 sed
2840 2418 2999 2473 etiam
3027 2419 3089 2473 in
3124 2417 3341 2473 Christo
3371 2420 3502 2474 Iesu
3531 2417 3739 2487 praci-

2139 2520 2246 2575 pue
2277 2505 2492 2560 videtis.
2525 2507 2640 2561 Nec
2671 2505 2846 2560 solum
2890 2506 3082 2561 habete
3121 2506 3244 2573 hoc,
3278 2506 3375 2560 sed
3405 2505 3569 2560 etiam
3599 2522 3738 2561 sen-

2142 2596 2264 2658 tite,
2299 2593 2352 2646 id
2383 2601 2463 2647 est
2492 2610 2593 2664 per
2639 2594 3029 2664 experientiam
3079 2594 3159 2649 rei
3205 2594 3453 2664 probate.
3500 2593 3635 2648 Ideo
3665 2593 3743 2648 ait

2140 2683 2368 2736 sentite.
2402 2682 2550 2736 Multi
2590 2682 2734 2736 enim
2781 2690 2906 2736 sunt
2954 2682 3046 2753 qui
3093 2682 3401 2736 existimant
3441 2698 3503 2737 se
3551 2680 3739 2736 omnia

2138 2785 2301 2839 posse
2356 2771 2468 2840 pati
2524 2787 2622 2840 pro
2653 2771 2890 2836 Christo,
2943 2770 3054 2842 qui,
3105 2770 3152 2824 si
3193 2769 3333 2824 forte
3379 2769 3635 2826 venirent
3665 2769 3736 2824 ad

2138 2859 2589 2928 experimentum,
2618 2858 2936 2914 deficerent.
2973 2861 3213 2925 Sentite,
3264 2858 3511 2930 inquam,
3544 2860 3610 2913 in
3644 2873 3739 2913 vo-

2137 2946 2220 3000 bis
2247 2947 2625 3011 humilitatem,
2650 2948 2996 3018 patientiam;
3031 2948 3173 3019 quod
3200 2947 3256 3001 in
3284 2963 3372 3001 me
3405 2948 3458 3002 ei
3488 2949 3551 3002 in
3579 2946 3738 3002 Chri-
3781 3019 3788 3024 ι

2139 3039 2222 3090 sto
2250 3037 2380 3091 Jesu
2409 3036 2667 3106 precipue
2704 3035 2900 3091 videtis
2935 3054 2949 3102 ;
2981 3037 3077 3108 qui
3118 3035 3364 3090 Christus
3409 3035 3570 3089 Jesus
3598 3052 3736 3092 cum

2140 3128 2283 3178 esset
2313 3125 2375 3178 in
2404 3128 2611 3196 forma,
2647 3125 2700 3179 id
2752 3132 2836 3179 est
2865 3125 2919 3178 in
2957 3124 3264 3195 aqualitate
3310 3125 3409 3179 Dei
3437 3123 3626 3194 patris,
3661 3124 3738 3178 ita

2140 3211 2444 3279 invisibilis,
2483 3220 2810 3278 coaternus,
2862 3219 2914 3266 et
2943 3211 3421 3268 consubstantialis
3464 3211 3541 3264 illi
3572 3211 3737 3266 scivit

2140 3317 2199 3356 se
2233 3316 2356 3355 esse
2384 3301 2647 3372 aqualem
2679 3301 2814 3355 Deo.
2848 3301 2918 3354 Et
2954 3300 3009 3354 in
3038 3301 3140 3355 hoc
3171 3300 3318 3371 quod
3348 3299 3525 3368 scivit,
3556 3300 3738 3368 major

2139 3389 2429 3443 humilitas.
2475 3389 2531 3443 Si
2581 3389 2727 3443 enim
2771 3389 3021 3461 ignorata
3058 3388 3341 3443 altitudine
3386 3404 3504 3456 sua,
3546 3388 3621 3441 ita
3672 3403 3735 3442 se

2139 3477 2468 3544 humiliaret,
2502 3477 2776 3531 humilitas
2805 3478 2922 3546 ejus
2968 3485 3196 3547 propter
3226 3475 3589 3547 ignorantiam
3619 3491 3737 3530 non

2139 3565 2278 3619 adeo
2317 3565 2764 3620 commendabilis
2810 3572 2974 3620 esset.
3029 3565 3220 3620 Sciens
3267 3564 3452 3634 utique
3496 3580 3557 3619 se
3606 3579 3736 3619 esse

2139 3654 2402 3725 aqualem
2433 3655 2568 3720 Deo,
2601 3671 2717 3709 non
2764 3656 3076 3710 arbitratus
3105 3657 3188 3709 est
3217 3654 3502 3725 rapinam,
3537 3660 3596 3707 ut
3626 3653 3736 3707 sibi

2138 3751 2429 3813 usurparet
2460 3759 2574 3797 rem
2597 3743 2848 3798 alienam.
2883 3742 2981 3797 Vel
3011 3742 3090 3798 sic
3119 3742 3174 3795 in
3203 3741 3392 3796 eadem
3424 3741 3731 3796 sententia:

2135 3831 2441 3886 Arbitratus
2469 3847 2528 3886 se
2559 3847 2675 3886 esse
2695 3832 2968 3904 aqualem
2999 3833 3127 3896 Deo,
3161 3845 3270 3885 non
3298 3829 3549 3886 faciendo
3579 3830 3735 3901 rapi-

2137 3936 2281 3987 nam,
2315 3919 2454 3974 sicut
2496 3920 2766 3989 malignus
2812 3919 3059 3991 angelus,
3111 3917 3258 3989 quod
3289 3917 3477 3974 dicens
3512 3934 3524 3973 :
3564 3940 3585 3964 ε
3621 3919 3737 3973 Po-

2137 4023 2262 4061 nam
2289 4008 2477 4062 sedem
2507 4023 2686 4062 meam
2735 4007 2804 4061 ad
2834 4006 3164 4078 aquilonem,
3199 4015 3251 4061 et
3282 4021 3379 4061 ero
3405 4005 3597 4061 similis
3630 4005 3735 4061 Al-

2139 4095 2346 4150 tissimo
2376 4097 2503 4165 (Isa.
2537 4111 2656 4161 xxv,
2693 4099 2781 4165 13)
2816 4115 2829 4161 ;
2867 4115 2889 4144 ι
2924 4103 2977 4150 et
3004 4096 3166 4149 homo
3196 4094 3282 4149 cui
3312 4109 3542 4164 serpens
3572 4094 3734 4149 dixit.

2143 4208 2164 4231 «
2200 4184 2364 4238 Erilis
2395 4184 2533 4240 sicut
2553 4183 2627 4238 dii
2658 4185 2818 4253 (Gen.
2848 4199 2930 4248 in,
2965 4185 3043 4251 5).
3064 4208 3085 4232 ι»
3111 4182 3210 4238 llic
3230 4190 3461 4252 uterque
3481 4182 3739 4252 rapinam

2138 4271 2282 4337 fecit,
2311 4273 2436 4326 dum
2471 4273 2614 4343 quod
2643 4272 2742 4327 Dei
2772 4271 3055 4343 proprium
3097 4279 3226 4338 erat,
3256 4270 3399 4326 male
3428 4271 3532 4325 sibi
3560 4287 3736 4326 usur-

2135 4376 2266 4432 pare
2314 4360 2500 4415 voluit.
2533 4361 2778 4416 Christus
2825 4369 3004 4416 autem
3044 4375 3155 4416 non
3182 4361 3443 4430 rapinam,
3475 4359 3606 4430 quia
3635 4376 3734 4415 ar-

2139 4449 2365 4504 bitratus
2395 4457 2478 4504 est
2509 4465 2624 4504 rem
2653 4451 2954 4520 propriam.

444 4545 618 4605 catur,
651 4537 776 4593 ideo
805 4545 914 4591 tam
945 4537 1142 4592 obnixe
1187 4537 1487 4593 obtestatur
1516 4552 1612 4593 eos
1641 4539 1765 4610 quia
1793 4538 1907 4592 vult
1941 4553 2036 4593 eos
2057 4527 2110 4586 D
2208 4539 2278 4592 Et
2306 4538 2434 4594 licet
2463 4537 2704 4593 Christus
2747 4554 2871 4594 esse
2901 4539 2956 4592 in
3011 4537 3190 4594 forma
3233 4538 3354 4606 Dei,
3385 4545 3570 4594 tamen
3597 4540 3737 4594 exi-

443 4634 632 4682 tenere
667 4626 1046 4692 humilitatem,
1080 4625 1200 4681 sine
1243 4641 1350 4696 qua
1399 4626 1710 4697 patientiam
1741 4643 1928 4682 eorum
1957 4626 2039 4680 in-

447 4714 645 4787 telligit
673 4714 895 4769 irritam.
928 4715 1162 4786 lmplete
1198 4714 1321 4768 dico
1335 4715 1625 4785 gaudium,
1656 4714 1730 4769 ita
1750 4719 1818 4770 ut
1852 4716 2038 4787 sapia-

447 4803 522 4858 tis
558 4803 728 4872 idem,
759 4803 814 4857 id
844 4811 928 4858 est
957 4811 1014 4857 ut
1044 4802 1436 4873 prosperitates
1482 4803 1714 4874 proximi
1759 4811 1869 4858 tam
1899 4803 2039 4859 bene

449 4891 664 4962 sapiant
717 4891 774 4945 in
825 4891 981 4946 vobis
1022 4907 1088 4946 ac
1137 4890 1184 4944 si
1232 4898 1426 4946 vestra
1455 4891 1580 4947 sint.
1613 4891 1845 4962 Sapiatis
1889 4892 2035 4954 dico.

449 4979 716 5035 habentes
745 4980 999 5035 eamdem
1029 4978 1392 5044 charitatem,
1417 4978 1471 5032 id
1491 4987 1574 5034 est
1594 4979 1660 5033 ad
1680 4995 1894 5036 omnem
1910 4996 2039 5051 pro-

448 5067 654 5123 ximum
681 5083 894 5139 aquam
923 5065 1292 5123 dilectionem.
1325 5067 1473 5122 Licet
1518 5067 1663 5122 enim
1711 5069 2038 5140 quandoque

448 5164 694 5228 oporteat
721 5157 927 5212 habere
972 5155 1236 5224 majorem
1285 5155 1704 5211 familiaritatem
1748 5157 1819 5212 ad
1866 5173 2038 5229 quos-

445 5245 593 5314 dam,
627 5245 765 5301 sicut
792 5244 1038 5300 Christus
1059 5243 1246 5298 habuit
1272 5244 1341 5298 ad
1378 5245 1661 5315 Joannem,
1693 5247 1810 5302 hac
1857 5254 2039 5302 tamen

446 5349 558 5390 non
585 5341 670 5389 est
719 5332 951 5389 dicenda
993 5331 1247 5398 cbaritas,
1299 5332 1397 5388 sed
1444 5333 1623 5403 major
1676 5333 2034 5402 familiaritas,

443 5439 567 5496 qua
594 5423 826 5477 habetur
857 5420 1156 5476 secundum
1185 5421 1330 5492 quod
1371 5421 1590 5494 quidam
1619 5431 1744 5478 sunt
1771 5431 2036 5495 opportu-

449 5511 638 5568 niores
666 5509 734 5564 ad
769 5508 1002 5566 261
1041 5509 1321 5580 quadam,
1355 5510 1445 5565 alii
1471 5511 1670 5567 minus.

515 5598 647 5654 Sitis
677 5597 840 5653 etiam
855 5599 1172 5655 sentientes
1184 5599 1435 5672 idipsum
1446 5600 1503 5655 in
1520 5601 1766 5658 adversis
1777 5601 2032 5673 proximi,

443 5693 502 5741 ut
529 5684 838 5758 angustiam
896 5687 1014 5758 ejus
1064 5702 1174 5746 non
1223 5688 1402 5746 solum
1444 5689 1499 5745 in
1546 5690 1729 5748 animo
1773 5689 2035 5758 sentiatis,

2137 4628 2386 4692 nanivit,
2417 4627 2472 4681 id
2516 4635 2599 4681 est
2637 4628 2918 4684 evacuavit
2963 4627 3266 4683 claritatem
3307 4627 3545 4692 deitatis,
3600 4627 3738 4682 dum

2137 4731 2260 4772 eam
2289 4716 2392 4770 sub
2420 4715 2598 4770 forma
2627 4716 2772 4771 servi
2801 4716 3001 4786 posuit.
3029 4717 3365 4772 Exinanivit
3385 4715 3508 4771 dico
3528 4719 3733 4781 semet,

2136 4805 2192 4858 id
2219 4813 2303 4860 est
2332 4804 2504 4875 ipsam
2535 4804 2810 4871 deitatem,
2841 4806 3047 4877 ipsum,
3073 4804 3127 4858 id
3147 4804 3298 4859 estin
3313 4804 3525 4873 eodem,
3550 4812 3737 4859 tamen

2137 4908 2260 4948 cum
2292 4894 2450 4947 Patre
2480 4901 2890 4964 permanentem
2914 4913 2928 4959 ;
2985 4893 3064 4948 sic
3092 4892 3236 4947 enim
3266 4892 3555 4962 assumpsit
3585 4891 3739 4963 quod

2135 4997 2246 5037 non
2275 4989 2406 5050 erat,
2439 4989 2495 5036 ut
2542 4989 2786 5037 maneret
2837 4981 2984 5053 quod
3029 4989 3164 5047 erat,
3215 4989 3269 5036 et
3310 4981 3365 5036 in
3412 4982 3517 5036 hoc
3563 4981 3737 5035 multa

2137 5070 2428 5126 humilitas.
2470 5071 2526 5126 Si
2558 5070 2702 5125 enim
2748 5070 2973 5141 quilibet
3018 5085 3115 5125 rex
3156 5070 3360 5124 amisso
3401 5070 3524 5138 jure
3571 5068 3738 5140 regni

2137 5158 2356 5214 humilis
2403 5159 2489 5224 sit,
2540 5175 2648 5214 non
2715 5159 2942 5212 multum
2981 5166 3107 5222 est;
3142 5159 3238 5212 sed
3287 5157 3336 5213 si
3375 5158 3586 5212 habens
3641 5157 3736 5225 jus

2138 5247 2310 5318 regni,
2344 5247 2414 5302 ab
2443 5263 2509 5302 eo
2539 5264 2599 5301 se
2631 5247 2683 5300 in
2713 5246 3010 5302 humilitate
3057 5261 3288 5301 manens
3315 5246 3533 5311 alienat,
3569 5261 3731 5302 com-

2137 5335 2459 5391 mendabilis
2489 5344 2568 5390 est
2593 5335 2710 5404 ejus
2737 5335 3032 5390 humilitas.
3065 5335 3425 5399 Exinanivit,
3459 5335 3601 5399 dico,
3636 5351 3735 5391 ac—

2137 5426 2354 5497 cipiens
2383 5427 2630 5494 formam
2657 5425 2822 5478 servi.
2856 5422 3304 5493 Incomparabilis
3330 5431 3412 5477 est
3429 5421 3733 5489 humilitas,

2137 5513 2230 5567 ubi
2277 5512 2540 5568 Dominus
2588 5512 2752 5584 elegit
2800 5528 2922 5568 esse
2987 5528 3198 5567 servus.
3244 5512 3449 5566 Iterum
3497 5511 3736 5566 formam

2137 5601 2280 5656 servi
2309 5608 2494 5672 posset
2521 5601 2768 5671 accipere
2800 5601 2916 5655 sine
2959 5600 3326 5672 corruptione,
3358 5607 3417 5654 ut
3445 5615 3556 5655 non
3599 5617 3736 5658 sen-

2138 5689 2260 5747 tiret
2289 5689 2536 5747 miserias
2562 5689 2761 5748 carnis.
2796 5689 2924 5747 Ideo
2951 5688 3118 5758 addit,
3150 5691 3359 5759 factus.
3415 5687 3472 5744 id
3516 5695 3603 5745 est
3653 5688 3740 5746 fa-
