3932 6438
147 467 235 520 361
729 459 1110 518 EXPOSITIO
1150 461 1223 516 IN
1259 458 1640 518 EPISTOLAS
1681 461 1910 518 PAULI.
1951 463 2124 518 -ΙΝ
2163 461 2377 519 EPIST.
2420 463 2514 518 AD
2554 461 2843 520 PHILIPP.

3335 461 3440 518 362

152 597 352 645 cturam
373 600 569 640 novam
600 583 873 656 accipiens
887 587 947 640 in
961 585 1399 640 similitudinem
1424 585 1739 640 hominum.
1765 586 1820 646 Α
1849 587 2134 659 simplices
2166 588 2277 656 ﬁlii
2307 589 2424 654 Dei,
2449 587 2502 642 id
2531 594 2613 643 est
2642 595 2700 641 ut
2729 585 2958 658 simplex
2987 583 3178 640 ﬁliatio
3209 583 3311 640 Dei
3348 600 3451 656 per

155 677 236 732 Sic
264 675 404 729 enim
433 673 712 745 passibilis
761 672 858 727 fuit
905 681 959 728 et
989 673 1236 729 mortalis
1267 681 1324 727 ut
1355 673 1445 728 alii
1477 673 1747 728 homines.

162 768 347 820 lterum
364 766 425 819 in
451 763 832 819 similitudine
857 762 1152 818 hominum
1176 779 1298 818 esse
1317 770 1523 833 posset,
1557 777 1750 816 manus

162 855 360 909 habens
398 859 451 906 et
481 853 670 923 pedes,
705 859 758 906 et
794 868 902 906 non
936 852 1163 906 haberet
1210 868 1268 906 se
1301 860 1357 905 ut
1387 853 1570 906 homo.
1622 851 1750 906 Ideo

153 942 323 998 subdit
353 944 410 996 et
444 942 661 1008 habitu,
688 941 742 995 id
780 949 880 1006 est,
915 940 969 994 in
998 940 1251 996 habendo
1283 956 1342 995 se
1378 941 1644 996 inventus
1667 946 1751 994 est

153 1037 215 1088 ut
234 1033 410 1095 homo,
446 1045 478 1084 a
519 1037 781 1085 tentatore
825 1029 1063 1090 diabolo.
1100 1029 1359 1084 Diabolus
1398 1028 1542 1084 enim
1590 1028 1748 1084 inve-

151 1119 378 1192 stigabat
407 1134 533 1173 eum
562 1135 630 1172 an
663 1125 808 1174 esset
838 1119 1007 1185 Deus,
1043 1133 1114 1172 an
1149 1118 1346 1183 homo;
1373 1117 1490 1183 sed,
1525 1132 1646 1172 cum
1674 1116 1749 1170 in-

150 1208 290 1264 venit
317 1223 444 1262 eum
475 1207 824 1275 esurientem,
850 1207 1059 1278 putavit
1089 1223 1214 1262 eum
1247 1206 1588 1262 solummodo
1643 1206 1746 1260 ho-

151 1298 371 1352 minem.
403 1296 519 1351 Nec
552 1295 729 1352 solum
763 1295 936 1352 factus
969 1304 1050 1351 est
1082 1297 1143 1351 in
1169 1296 1613 1352 similitudinem
1655 1294 1749 1350 ho-

152 1387 387 1450 minum,
415 1385 512 1441 sed
531 1385 690 1441 etiam
713 1386 1041 1441 humiliavit
1058 1389 1234 1441 semet
1266 1384 1384 1456 (qui
1404 1392 1584 1439 tantus
1606 1383 1747 1454 erat)

150 1476 347 1548 ipsum,
380 1473 587 1529 scilicet
615 1473 671 1528 in
721 1473 897 1545 gloria
944 1481 1129 1529 tamen
1182 1473 1400 1529 deitatis
1447 1473 1748 1544 perduran-

151 1571 274 1618 tem.
303 1562 619 1618 Humiliavit
646 1562 790 1628 dico,
825 1565 1018 1634 factus
1049 1563 1307 1619 obediens
1338 1561 1482 1616 Patri
1531 1561 1585 1616 in
1624 1577 1746 1616 om-

145 1653 317 1720 nibus,
343 1667 517 1724 usque
549 1651 622 1706 ad
656 1655 918 1718 mortem,
951 1666 1054 1708 nec
1083 1659 1317 1706 mortem
1343 1666 1596 1722 personae
1625 1665 1747 1721 quae

145 1741 306 1814 digna
335 1748 502 1806 esset,
534 1740 630 1796 sed
653 1744 889 1796 mortem
911 1742 1116 1796 crucis.
1161 1739 1320 1810 Quod
1351 1756 1529 1813 genus
1557 1737 1747 1794 mortis

143 1845 250 1900 prae
278 1829 426 1884 omni
463 1828 569 1884 alio
608 1828 1023 1902 ignominiosius
1057 1836 1192 1884 erat.
1226 1829 1329 1885 Ubi
1370 1828 1444 1884 ait
1482 1832 1742 1894 mortem,

147 1918 489 1998 commendat
517 1917 573 1972 in
605 1933 670 1973 eo
700 1917 1035 1989 patientiam.
1069 1917 1173 1974 Ubi
1207 1918 1279 1972 ait
1320 1919 1528 1985 crucis,
1561 1917 1745 1972 humi-
1765 1951 1818 2010 B

148 1993 368 2062 litatem.
390 2009 634 2079 Pr0pter
655 2007 816 2079 quod,
839 2006 894 2061 id
920 2013 1002 2062 est
1027 2006 1172 2079 quia,
1203 2007 1257 2061 in
1281 2014 1430 2062 tanta
1445 2006 1748 2062 humilitate

146 2104 195 2150 et
222 2095 480 2166 patientia
511 2096 629 2151 Deo
659 2095 917 2160 obedivit,
950 2095 1068 2167 ipse
1099 2111 1157 2151 se
1177 2095 1374 2150 merito
1406 2111 1506 2151 suo
1527 2099 1583 2151 et
1603 2096 1748 2150 Deus

148 2200 324 2239 secum
355 2185 664 2250 exaltavit,
698 2183 753 2238 id
784 2192 866 2239 est
898 2183 952 2238 in
996 2200 1199 2256 magna
1232 2184 1513 2240 altitudine
1543 2183 1744 2255 posuit,

151 2271 386 2328 262
409 2273 600 2339 illum,
623 2272 833 2329 scilicet
853 2272 921 2328 ad
942 2273 1223 2329 dexteram
1247 2289 1419 2328 suam.
1443 2275 1512 2328 Et
1536 2273 1627 2328 illi
1656 2289 1749 2328 ex-

148 2361 303 2416 altato
334 2362 569 2417 donavit
607 2378 835 2429 nomen,
869 2361 923 2416 id
950 2369 1032 2417 est
1079 2360 1568 2431 honoriﬁcentiam,
1608 2361 1749 2434 quod

147 2465 341 2506 nomen
371 2454 458 2506 est
490 2466 661 2523 super
683 2467 846 2508 omne
875 2467 1101 2517 nomen,
1136 2451 1191 2506 id
1222 2459 1305 2506 est
1324 2451 1572 2522 superius
1601 2449 1750 2506 omni

148 2539 486 2606 nominabili,
510 2541 595 2596 ita
625 2555 805 2610 super,
841 2543 908 2595 ut
948 2541 1011 2595 in
1051 2540 1301 2609 nomine,
1336 2540 1391 2594 id
1422 2547 1504 2596 est
1534 2539 1606 2595 ad
1642 2539 1747 2594 ho-

147 2643 351 2695 norem,
386 2631 522 2686 Jesu
541 2645 707 2684 omne
736 2645 886 2700 genu
914 2630 1205 2699 ﬂectatur,
1239 2628 1293 2683 id
1324 2637 1405 2684 est
1435 2627 1615 2683 omnia
1644 2627 1749 2698 ipsi

143 2715 300 2786 plene
347 2717 688 2787 sujiciantur,
737 2717 872 2773 sicut
907 2717 998 2773 ille
1059 2717 1150 2788 qui
1199 2717 1529 2788 geneﬂectit,
1575 2715 1749 2786 subji-

145 2805 294 2860 citur.
327 2805 508 2863 Omne
533 2823 683 2879 genu
730 2806 874 2872 dico,
908 2806 1038 2878 quia
1079 2806 1414 2873 ccelestium,
1439 2805 1494 2860 id
1526 2813 1609 2860 est
1646 2820 1748 2859 an-

147 2893 412 2966 gelorum,
447 2902 504 2951 et
537 2896 919 2961 terrestrium,
952 2894 1005 2950 id
1034 2903 1117 2950 est
1153 2894 1454 2961 hominum,
1488 2899 1545 2950 et
1567 2896 1750 2965 infer-

147 2997 365 3050 norum,
398 2983 457 3040 id
476 2991 560 3039 est
580 2983 890 3040 daemonum
909 2991 963 3038 et
994 2983 1320 3051 animarum,
1354 2999 1477 3055 qua:
1500 2982 1575 3037 ibi
1604 2990 1747 3052 sunt,

147 3072 414 3138 ﬂectatur
441 3089 614 3146 genu,
649 3077 707 3129 et
752 3073 936 3129 omnis
989 3073 1187 3145 lingua
1221 3072 1583 3141 conﬁteatur.
1634 3071 1752 3127 Hoc

145 3159 237 3213 erit
265 3160 320 3215 in
348 3161 439 3217 die
481 3161 693 3231 judicii,
726 3161 963 3234 quando,
1017 3161 1184 3217 velint
1233 3161 1422 3228 nolint,
1475 3159 1751 3216 Christum

139 3238 537 3305 conﬁtebuntur
561 3249 730 3322 impii.

211 3337 550 3395 Conﬁtentur
579 3315 721 3405 dico,
757 3342 908 3413 quia,
950 3339 1007 3395 id
1036 3347 1120 3395 est
1149 3338 1316 3410 quod,
1348 3339 1620 3395 Dominus
1651 3339 1745 3395 Je-
1773 3315 1820 3376 θ

143 3442 233 3482 sus
264 3429 534 3484 Christus
566 3432 650 3484 est
696 3429 760 3484 in
790 3429 994 3499 gloria,
1016 3427 1073 3482 id
1104 3436 1185 3484 est
1216 3428 1270 3482 in
1300 3424 1608 3500 aequalitate
1647 3428 1748 3483 Dei

144 3516 346 3582 Patris,
381 3516 690 3573 secundum
715 3516 994 3584 deitatem,
1029 3525 1082 3572 et
1109 3524 1233 3587 post
1261 3517 1481 3572 Patrem
1515 3515 1742 3588 primus,

141 3613 396 3674 quantum
427 3605 500 3660 ad
529 3605 918 3661 humanitatem
958 3622 1124 3676 super
1152 3620 1371 3661 omnem
1402 3612 1742 3674 creaturam;

143 3692 283 3761 quod
327 3694 583 3750 Christus
631 3693 770 3750 adeo
812 3693 1026 3766 patiens
1069 3701 1121 3748 et
1157 3693 1376 3749 humilis
1417 3693 1534 3760 fuit,
1567 3702 1620 3749 et
1647 3709 1748 3765 per

143 3786 428 3855 utrumque
476 3782 558 3839 sic
616 3782 911 3839 exaltatus:
957 3785 1168 3857 itaque,
1230 3783 1558 3839 charissimi
1611 3784 1743 3850 mei,

144 3872 460 3940 aperamini
493 3875 743 3928 vestram
763 3873 1009 3928 salutem
1034 3913 1048 3940 ,
1081 3871 1137 3927 id
1163 3878 1246 3926 est
1266 3872 1433 3927 vestri
1463 3870 1749 3927 exaltatio-

141 3974 280 4026 nem,
324 3961 728 4034 coniungentes
774 3962 831 4016 in
877 3960 1035 4016 vobis
1063 3960 1337 4031 patientiae
1364 3960 1743 4016 humilitatem.

145 4048 268 4114 Vos,
300 4049 552 4121 inquam,
585 4051 735 4106 sicut
783 4065 1001 4122 semper
1031 4050 1292 4106 obedistis
1323 4049 1474 4117 mihi,
1508 4049 1746 4122 quandiu

144 4137 280 4207 apud
296 4153 394 4193 vos
425 4154 604 4204 eram,
627 4137 702 4193 ita
729 4138 895 4194 modo
911 4154 1042 4193 cum
1058 4142 1217 4194 metu
1236 4137 1404 4193 animi
1419 4142 1474 4195 et
1503 4142 1746 4194 tremore

143 4226 404 4296 corporis,
457 4226 762 4281 timendum
809 4226 955 4281 enim
985 4242 1203 4298 semper
1235 4233 1316 4282 est
1347 4226 1512 4282 stanti
1556 4241 1626 4281 ne
1655 4241 1756 4300 ca-_

144 4311 246 4368 dat.
276 4313 605 4386 Operamini
635 4323 874 4372 vestram
905 4315 1152 4382 salutem,
1185 4323 1244 4370 ut
1273 4331 1384 4371 non
1413 4315 1469 4370 in
1494 4331 1744 4386 prasen-

144 4401 214 4456 tia
238 4404 345 4458 mei
367 4411 585 4459 tantum
613 4403 871 4459 dicamini
899 4403 1174 4472 obedisse,
1219 4404 1320 4459 sed
1349 4404 1520 4460 multo
1565 4403 1746 4477 magis

145 4505 280 4548 nunc
322 4491 378 4547 in
425 4493 684 4548 absentia
735 4508 860 4548 mea
907 4493 1170 4564 probetur
1200 4500 1385 4549 vestra
1415 4493 1740 4549 obedientia.

144 4577 372 4652 Ideoque
402 4598 686 4654 nunquam
727 4581 923 4650 securi,
960 4582 1057 4638 sed
1087 4598 1305 4654 semper
1333 4598 1458 4638 cum
1502 4589 1651 4638 metu
1693 4589 1746 4637 et

1851 675 2214 732 innocentiam
2255 677 2323 731 sit
2344 677 2400 731 in
2420 676 2596 743 vobis,
2629 684 2686 730 ut
2736 677 2896 730 etiam
2941 675 3059 729 sitis
3101 675 3224 729 sine
3260 690 3452 746 repre-

1852 766 2120 822 hensione
2142 787 2161 834 ;
2193 766 2340 837 quod
2362 782 2463 821 nec
2484 765 2666 836 aliqua
2687 765 2902 820 occasio
2922 771 3177 835 appareat
3198 763 3252 816 in
3271 762 3448 829 vobis,

1849 855 1992 909 unde
2049 854 2512 926 reprehensibiles
2541 854 2851 920 videamini,
2886 853 3008 909 licet
3041 853 3202 923 culpa
3247 867 3355 906 non
3386 851 3454 905 sit

1848 943 1903 997 in
1935 943 2108 999 vobis.
2146 943 2490 1000 Dicerentilli
2515 960 2528 997 :
2565 943 2740 998 Grave
2767 951 2847 997 est
2878 943 2995 997 sine
3025 940 3454 1012 reprehensione

1849 1032 2038 1088 vivere
2061 1033 2201 1088 inter
2223 1040 2299 1088 tot
2322 1032 2629 1088 invidentes
2645 1031 2884 1101 justitian
2915 1031 2998 1086 Ad
3028 1031 3173 1102 quod
3194 1029 3284 1085 ille
3310 1045 3322 1083 :
3348 1029 3454 1085 Ve-

1848 1138 1967 1176 rum
2000 1122 2219 1194 quidem
2247 1130 2347 1189 est,
2382 1121 2505 1194 quia
2538 1138 2636 1178 vos
2668 1121 2921 1175 habitatis
2954 1123 3017 1176 in
3043 1119 3228 1176 medio
3257 1119 3454 1175 natio-

1848 1213 1939 1266 nis
1966 1228 2154 1283 pravre
2186 1216 2240 1267 et
2257 1227 2531 1284 perversa:
2547 1211 2600 1265 in
2624 1226 2702 1278 se,
2732 1210 2786 1264 id
2807 1218 2888 1265 est
2910 1208 3272 1280 pervertentis
3293 1207 3452 1275 alios,

1848 1301 2006 1356 inter
2025 1317 2157 1374 quos
2179 1308 2359 1355 tamen
2381 1317 2483 1371 per
2505 1298 2666 1354 ﬁdem
2688 1308 2740 1354 et
2761 1299 2906 1354 bona
2927 1313 3099 1370 opera
3123 1299 3323 1353 lucetis
3344 1297 3456 1353 sic-

1848 1393 1914 1444 ut
1936 1391 2250 1446 luminaria
2282 1392 2343 1446 in
2364 1391 2595 1446 mundo.
2623 1389 2769 1445 Sicut
2791 1387 2935 1444 enim
2967 1387 3048 1442 sol
3070 1395 3123 1442 et
3153 1387 3279 1441 luna
3299 1402 3455 1441 mun-

1847 1477 1975 1533 dum
2017 1479 2344 1546 illuminant,
2392 1479 2471 1535 sic
2508 1478 2712 1548 justitia
2741 1485 2926 1534 vestra
2963 1476 3216 1533 tenebras
3262 1491 3454 1531 eorum

1846 1567 2132 1622 illuminat.
2166 1569 2297 1634 Vos,
2350 1568 2495 1635 dico,
2545 1569 2906 1625 continentes
2944 1567 3171 1622 verbum
3209 1565 3358 1632 vitae,
3397 1564 3456 1619 id

1847 1665 1930 1712 est
1961 1657 2314 1730 Evangelium
2379 1656 2599 1726 Christi,
2639 1656 2692 1710 in
2752 1655 2858 1711 ﬁde
2907 1657 3062 1724 cujus
3112 1654 3222 1710 vita
3246 1661 3456 1710 aeterna

1845 1745 2095 1801 habetur.
2158 1746 2512 1801 Continentes
2551 1745 2675 1800 dico
2720 1744 2790 1799 ad
2834 1744 3058 1799 modum
3107 1742 3256 1798 vasis
3305 1741 3453 1814 quod

1846 1834 2112 1906 liquorem
2125 1833 2366 1889 infusum
2398 1833 2501 1888 sibi
2527 1834 2668 1888 bene
2689 1832 2930 1889 continet
2949 1839 3002 1887 et
3021 1830 3277 1902 propinat
3293 1830 3412 1885 aliis
3437 1847 3452 1898 ;

1847 1923 1926 1980 sic
1956 1931 2007 1979 et
2037 1939 2154 1992 vos,
2190 1923 2246 1978 in
2301 1923 2458 1979 vobis
2509 1923 2738 1978 verbum
2771 1921 2874 1976 Dei
2915 1920 3217 1986 custoditis,
3253 1927 3306 1975 et
3335 1919 3454 1974 aliis

1846 2012 2188 2068 ministratis.
2243 2011 2593 2067 Continentes
2641 2010 2766 2066 dico
2821 2009 2894 2065 ad
2939 2010 3179 2081 glariam
3227 2023 3456 2076 meam;

1847 2102 1994 2174 quod
2016 2102 2061 2156 si
2092 2117 2196 2174 ego
2227 2100 2462 2173 gloriam
2491 2100 2776 2156 habiturus
2805 2115 2924 2154 sum
2954 2098 3023 2154 de
3051 2098 3156 2153 hoc
3176 2097 3306 2170 quia
3333 2113 3459 2154 ver-

1846 2191 1974 2246 bum
2005 2191 2130 2246 vitaz
2160 2190 2470 2256 continetis,
2504 2189 2674 2244 multo
2703 2187 2884 2260 magis
2913 2202 3012 2243 vos
3045 2185 3137 2258 qui
3167 2201 3454 2257 promere-

1847 2279 1998 2334 mini.
2033 2279 2279 2335 Gloriam
2324 2279 2468 2345 dico,
2503 2278 2634 2333 mihi
2657 2277 2984 2342 habendam,
3006 2277 3069 2330 in
3099 2275 3186 2331 die
3220 2276 3452 2342 Christi,

1850 2365 2069 2437 quando
2099 2365 2344 2419 Christus
2388 2361 2950 2432 suoslremunerabit.
2997 2359 3220 2415 Habebo
3269 2359 3457 2430 utique

1849 2453 2082 2527 gloriam
2111 2469 2310 2520 meam,
2345 2455 2478 2525 quia
2520 2467 2627 2523 ego
2683 2467 2801 2507 non
2827 2449 3060 2507 cucurri
3084 2450 3148 2504 in
3189 2464 3452 2518 vacuum,

1849 2558 2027 2612 neque
2061 2543 2308 2597 laboravi
2336 2541 2391 2595 in
2410 2555 2664 2596 vacuum.

1922 2631 2172 2686 Cucurrit
2202 2630 2504 2686 secundum
2535 2629 2659 2684 illos
2690 2645 2828 2700 quos
2849 2627 3008 2683 facile
3031 2625 3312 2683 convertit.
3345 2625 3456 2682 La-

1850 2710 2064 2776 boravit
2094 2719 2393 2776 secundum
2442 2717 2773 2774 difficiliores
2807 2717 2862 2772 in
2897 2731 3128 2773 accessu
3159 2715 3306 2771 ﬁdei.
3344 2716 3456 2772 Cu-

1851 2811 2010 2866 curri
2040 2809 2258 2880 quidem
2291 2812 2347 2864 et
2384 2809 2629 2864 laboravi
2658 2807 2714 2861 in
2735 2806 2908 2872 vobis,
2942 2822 3045 2862 nec
3070 2821 3159 2860 me
3187 2803 3415 2876 poenitet
3440 2822 3456 2874 ;

1851 2899 1950 2953 sed
1981 2897 2164 2964 etiam,
2222 2897 2268 2951 si
2311 2905 2559 2968 oporteat
2607 2912 2696 2951 me
2741 2894 3011 2950 immolari
3049 2910 3152 2965 pro
3191 2892 3368 2960 vobis,
3401 2892 3458 2948 in

1850 2988 1954 3042 hoc
1982 2987 2346 3059 congratulor
2386 2986 2552 3042 vobis.
2587 2983 2749 3053 Quod
2780 2983 2858 3039 sic
2904 2983 2978 3038 ait
3011 2999 3023 3039 :
3055 2982 3237 3038 Etiam
3265 2985 3316 3038 si
3349 2996 3456 3055 ego

1851 3077 2113 3133 immolor
2131 3092 2305 3148 supra
2336 3074 2683 3144 sacriﬁcium
2713 3073 2844 3143 ﬁdei
2866 3077 3087 3138 vestrm,
3113 3075 3168 3127 et
3189 3086 3354 3142 supra
3369 3071 3459 3129 ob-

1852 3166 2109 3238 sequium
2139 3162 2266 3218 ﬁdei
2282 3169 2502 3228 vestrae,
2526 3162 2580 3217 id
2599 3167 2700 3228 est,
2722 3176 2828 3233 ego
2851 3159 3015 3216 ﬁdem
3037 3167 3272 3216 vestram
3287 3158 3459 3216 obtuli

1854 3254 1989 3321 Deo,
2024 3251 2182 3324 quasi
2211 3250 2543 3308 sacrificium
2573 3249 2630 3305 in
2659 3251 2890 3305 odorem
2921 3247 3222 3305 suavitatis.
3257 3250 3328 3304 Et
3357 3248 3456 3304 ob-

1848 3343 2124 3415 sequium,
2148 3340 2204 3395 id
2236 3348 2318 3396 est
2349 3340 2488 3396 bona
2520 3355 2689 3411 opera
2719 3345 2900 3394 vestra
2928 3338 2985 3392 in
3014 3338 3211 3408 quibus
3240 3344 3366 3409 post
3395 3335 3459 3391 ﬁ-

1849 3431 1974 3486 dem
2006 3431 2122 3485 Deo
2160 3429 2408 3485 obsecuti
2439 3429 2596 3483 estis.
2635 3427 2744 3483 Sed
2785 3427 2831 3482 si
2869 3427 3049 3482 adhuc
3078 3435 3201 3497 post
3238 3427 3340 3482 hos
3379 3425 3458 3480 la-

1849 3519 2016 3575 bores
2037 3525 2320 3590 opporteat
2347 3534 2437 3573 me
2456 3515 2722 3572 immolari
2746 3531 2846 3587 pro
2876 3515 3052 3581 vobis,
3083 3514 3297 3587 gaudeo
3327 3514 3458 3570 inde

1849 3612 1906 3664 et
1934 3608 2323 3678 congratulor,
2357 3606 2412 3661 id
2445 3613 2526 3662 est
2543 3605 2750 3678 gratias
2769 3603 2966 3660 refero.
3003 3603 3103 3659 Vel
3131 3603 3454 3676 congaudeo

1849 3713 1972 3752 cum
2003 3697 2261 3753 omnibus
2283 3697 2450 3763 vobis,
2483 3694 2575 3768 qui
2597 3693 2839 3767 gaudere
2859 3692 3091 3758 debetis,
3126 3691 3171 3746 si
3201 3691 3455 3748 voluntas

1848 3785 1950 3842 Dei
1982 3784 2143 3841 fuerit
2171 3793 2227 3840 ut
2265 3801 2370 3857 ego
2398 3783 2650 3839 immoler
2680 3799 2781 3854 pro
2809 3781 2985 3838 vobis.
3019 3782 3113 3838 Vos
3145 3788 3325 3836 autem
3364 3781 3458 3837 id-

1846 3875 2034 3948 ipsum
2091 3873 2560 3946 recompensando
2617 3871 2770 3938 mihi,
2822 3879 2880 3926 ut
2932 3885 3034 3942 pro
3071 3886 3160 3926 me
3208 3869 3459 3925 similiter

1848 3963 2224 4030 immolemini,
2277 3962 2514 4034 gaudete
2573 3965 2628 4017 et
2653 3960 3139 4033 congratulamini
3169 3959 3334 4026 mihi,
3367 3957 3462 4030 qui

1847 4068 1946 4109 vos
1993 4052 2061 4107 ad
2117 4067 2236 4107 rem
2293 4059 2406 4106 tam
2463 4050 2685 4123 dignam
2746 4048 2970 4115 armavi,
3039 4048 3179 4104 sicut
3236 4054 3320 4103 est
3359 4063 3461 4118 pro

1851 4140 2091 4198 263
2109 4139 2324 4196 Christo
2342 4138 2631 4195 immolari.
2646 4140 2846 4194 Iterum
2863 4153 2874 4191 :
2892 4136 3037 4203 Scio,
3051 4151 3150 4192 vos
3161 4135 3232 4191 ad
3247 4136 3459 4208 patien-

1847 4230 1976 4284 tiam
2011 4236 2064 4285 et
2110 4228 2474 4284 humilitatem
2529 4244 2630 4298 per
2676 4226 2981 4298 Epistolam
3027 4224 3255 4281 aediﬁco.
3287 4225 3457 4297 Spero

1847 4323 2041 4374 autem
2063 4319 2128 4373 in
2157 4318 2392 4374 Domino
2420 4318 2553 4373 Jesu
2573 4318 2685 4372 cito
2717 4331 2806 4371 me
2840 4315 3069 4370 mittere
3105 4314 3457 4369 Timotheum

1843 4408 1916 4464 ad
1933 4424 2041 4465 vos.
2061 4407 2192 4462 Ideo
2205 4409 2271 4463 ut
2283 4421 2406 4478 ego,
2430 4405 2673 4477 cognitis
2693 4421 2816 4476 qua:
2844 4404 2998 4459 circa
3039 4417 3132 4458 vos
3161 4405 3319 4468 sunt,
3343 4403 3457 4459 sim

1846 4497 1982 4554 bono
2011 4497 2204 4551 animo
2244 4503 2296 4550 et
2316 4509 2510 4550 securo
2540 4493 2607 4549 de
2638 4492 2815 4558 vobis;
2841 4507 2978 4564 quos
3001 4497 3224 4562 propter
3252 4490 3458 4546 instan-

1847 4591 1952 4639 tem
1983 4583 2238 4656 utrinque
2277 4597 2521 4656 pugnam
2553 4597 2751 4636 vereor
2799 4579 3128 4652 perturbari.
3181 4578 3312 4634 Ideo
3359 4579 3458 4635 Ti-

146 4672 390 4736 tremore,
423 4673 565 4745 quia
593 4671 740 4728 Deus
763 4675 847 4727 est
869 4673 966 4744 qui
986 4675 1256 4742 operatur
1274 4672 1336 4726 in
1358 4671 1505 4727 vobis
1522 4671 1745 4742 (utnihil
1764 4676 1818 4736 D
1845 4674 2125 4728 motheum
2154 4671 2332 4745 magis
2361 4670 2571 4726 mittam
2601 4670 2672 4726 ad
2711 4684 2830 4736 vos,
2860 4669 3151 4725 neminem
3173 4669 3326 4724 enim
3357 4667 3458 4724 ha-

143 4756 288 4812 vobis
319 4758 657 4832 relinquam)
688 4759 855 4815 etiam
883 4761 1057 4828 velle;
1090 4767 1143 4815 et
1170 4767 1458 4832 postquam
1486 4776 1584 4832 per
1610 4775 1743 4832 gra-

146 4843 269 4900 tiam
289 4847 506 4903 dederit
517 4847 680 4916 velle,
702 4848 948 4904 similiter
969 4849 1024 4903 in
1049 4848 1205 4904 vobis
1225 4857 1486 4919 operatur
1503 4849 1744 4921 perﬁce-

148 4947 222 4989 re.
235 4935 349 4992 Nec
372 4937 478 4993 hoc
495 4953 600 5008 pro
624 4945 807 4993 vestro
826 4937 1160 5008 praecedenti
1185 4937 1402 5004 merito,
1428 4937 1525 4993 sed
1540 4937 1744 4993 solum-

149 5022 300 5078 modo
328 5042 428 5096 pro
460 5027 608 5082 bona
632 5027 926 5082 voluntate
956 5043 1078 5093 sua,
1104 5026 1252 5081 Deus
1268 5026 1454 5081 omnia
1490 5034 1746 5098 operatur

150 5107 199 5163 in
227 5112 410 5181 vobis;
443 5129 548 5170 vos
579 5122 780 5181 autem,
813 5121 1172 5186 cooperantes
1193 5114 1330 5182 Deo,
1354 5115 1532 5187 facile
1553 5115 1745 5171 omnia

149 5200 262 5254 sine
290 5205 868 5271 murmurationibus,
920 5219 989 5260 ne
1021 5203 1067 5260 si
1109 5203 1202 5259 diu
1223 5219 1321 5261 vos
1357 5204 1470 5276 pati
1516 5221 1745 5261 necesse

151 5285 422 5357 sil,contra
451 5294 633 5348 Deum
691 5293 1034 5364 impatienter
1061 5294 1434 5360 murmuretis,
1470 5293 1628 5365 quasi
1646 5310 1746 5350 vos

150 5374 330 5445 injuste
358 5382 639 5452 permittat
669 5380 853 5454 aﬁligi.
888 5381 1087 5438 Omnia
1109 5382 1271 5438 etiam
1303 5382 1460 5439 facite
1488 5384 1610 5440 sine
1628 5382 1746 5439 hce-

148 5466 522 5540 sitationibus,
573 5471 626 5525 id
659 5478 742 5525 est
771 5487 849 5526 ne.
865 5471 1060 5527 dicatis
1095 5488 1109 5525 :
1143 5471 1278 5526 Cras
1310 5470 1572 5544 vigilabo,
1600 5472 1746 5541 jeju-

152 5554 280 5610 nabo
309 5573 452 5624 cras,
487 5575 588 5630 pro
630 5558 846 5616 Christo
874 5559 984 5631 pati
1015 5559 1266 5631 incipiam
1297 5560 1396 5617 sic.
1430 5561 1559 5616 Ideo
1589 5559 1747 5616 facile

153 5645 210 5696 ut
239 5645 362 5702 sitis
392 5649 521 5704 sine
570 5649 817 5720 querela,
849 5647 904 5704 id
954 5656 1037 5704 est
1065 5656 1124 5704 ut
1153 5663 1262 5703 non
1292 5649 1362 5703 sit
1391 5649 1447 5704 in
1476 5648 1631 5704 vobis
1679 5648 1747 5704 de

155 5745 253 5800 quo
280 5749 414 5807 erga
433 5751 538 5792 vos
568 5737 730 5794 homo
751 5737 896 5808 juste
924 5737 1100 5810 possit
1127 5738 1418 5811 conqueri.
1450 5738 1518 5794 Et
1544 5744 1603 5794 ut
1629 5735 1748 5793 sitis

287 5883 528 5942 Pauor“
573 5885 754 5944 CLIII.

1844 4761 1940 4818 beo
1996 4767 2116 4817 tam
2192 4762 2529 4817 unanimem
2585 4758 2762 4826 vobis,
2808 4765 2860 4814 et
2922 4758 3018 4831 qui
3073 4764 3181 4812 tam
3230 4757 3457 4814 sincera

1844 4851 2143 4922 aﬁectione
2185 4851 2468 4907 sollicitus
2512 4851 2587 4904 sit
2614 4865 2714 4921 pro
2749 4847 2912 4904 vobis.
2948 4846 3088 4901 Vere
3117 4847 3453 4915 neminem;

1845 4956 2038 4998 omnes
2074 4940 2229 4996 enim
2258 4938 2352 5011 qui
2381 4938 2545 4994 modo
2575 4953 2794 4993 mecum
2843 4942 2986 5002 sunt,
3034 4939 3301 5008 quaerunt
3333 4952 3458 5007 quae

1845 5032 2002 5094 sunt,
2035 5045 2151 5086 non
2174 5043 2236 5083 ea
2265 5044 2387 5101 qua:
2418 5036 2544 5082 sunt
2573 5028 2706 5084 Jesu
2742 5026 2948 5083 Chrsti.
2984 5024 3138 5080 Illum
3166 5039 3268 5096 pro
3299 5023 3457 5080 vobis

1846 5117 2138 5174 sollicitum
2169 5117 2378 5172 mittam
2409 5117 2479 5172 ad
2509 5132 2626 5173 vos.
2647 5117 2759 5173 Vos
2787 5123 2970 5171 autem
3002 5112 3301 5171 honoriﬁce
3330 5130 3458 5170 eum

1848 5205 2197 5278 suscipiendo
2227 5208 2564 5278 cognoscite.
3009 5189 3018 5198 ’

1917 5295 2041 5350 Non
2090 5294 2222 5350 dicit
2277 5310 2401 5350 eum
2461 5292 2799 5365 simpliciter,
2852 5291 2950 5348 sed
2998 5291 3458 5364 experimentum

1849 5387 1992 5453 eius,
2024 5383 2080 5438 id
2101 5391 2183 5439 est
2211 5399 2335 5439 eum
2359 5383 2489 5437 mihi
2521 5383 2660 5437 bene
2684 5391 2986 5452 expertum.
3020 5381 3078 5436 In
3102 5380 3288 5436 multis
3310 5381 3457 5437 enim

1849 5472 2280 5542 experimentum
2311 5471 2498 5526 habui.
2533 5469 2979 5542 Experimentum
3001 5469 3142 5524 bene
3167 5467 3457 5542 dico,quo-

1847 5561 2008 5616 niam
2031 5560 2102 5615 ita
2133 5561 2362 5617 servivit
2410 5575 2633 5616 mecum
2672 5561 2735 5614 in
2764 5559 3087 5629 Evangelia,
3120 5557 3272 5614 sicut
3299 5559 3456 5628 ﬁlius

1848 5649 2112 5705 obediens
2136 5650 2312 5721 patri.
2344 5649 2413 5704 Et
2439 5648 2567 5719 quia
2588 5647 2805 5703 sincera
2826 5645 3112 5702 affectione
3137 5661 3237 5701 vos
3258 5645 3454 5716 diligit,

1850 5745 1903 5794 et
1933 5737 2072 5794 sicut
2109 5737 2248 5808 patri
2287 5735 2420 5791 mihi
2463 5734 2703 5790 servivit.
2745 5734 2924 5805 Igitur
2963 5749 3122 5805 spero
3160 5732 3313 5789 hunc
3366 5747 3458 5789 me

3244 5883 3311 5936 12
