3932 6412
485 410 588 463 363

1044 409 1098 462 S.
1144 408 1498 465 BRUNONIS
1536 407 2176 467 CARTHUSIANORUM
2217 409 2701 466 lNSTITUTORlS
2741 409 2892 466 OPP.
2937 411 3112 467 PARS
3146 410 3213 466 II.

3686 409 3788 462 364

482 537 714 590 mittere
736 535 806 589 ad
823 552 931 602 vos,
956 552 1090 590 mox
1113 541 1175 591 ut
1194 537 1378 592 videro
1395 537 1556 592 ﬁnem
1580 555 1764 592 eorum
1787 556 1907 610 qutr
1926 540 2076 592 circa
2100 540 2150 598 Α
2185 558 2206 587 ι
2245 536 2512 591 trimenta.
2552 539 2930 593 Verumtamen
2976 538 3226 592 existimo
3257 535 3440 592 omnia
3485 534 3791 590 detrimen-

481 640 571 678 me
592 627 750 677 sunt.
788 624 914 677 Ideo
944 623 1020 678 sic
1055 624 1146 678 ait.
1188 626 1337 679 Nero
1369 627 1513 680 enim
1551 627 1896 696 disposuerat
1930 643 1988 680 se
2022 626 2076 679 in

480 712 728 782 proximo
757 711 1004 765 daturum
1035 713 1103 766 de
1135 729 1200 766 eo
1233 715 1572 779 sententiam,
1607 731 1677 768 an
1699 731 1822 769 eum
1851 715 2071 769 occide-

481 810 579 868 ret,
632 816 699 853 an
754 810 1078 855 reservaret.
1135 802 1405 871 Sperabat
1449 812 1628 856 autem
1671 819 1730 856 se
1759 819 2070 866 evasurum,

475 889 599 960 quia
629 889 811 959 plures
858 887 926 943 de
957 888 1120 944 domo
1163 890 1394 943 Caesaris
1425 890 1750 945 instruxerat
1788 892 1857 944 ad
1889 889 2071 958 ﬁdem,

479 977 567 1048 qui
591 976 658 1030 de
678 992 775 1030 sua
796 976 1118 1032 liberatione
1137 978 1479 1032 laborabant.
1497 979 1788 1049 Propterea
1807 979 2071 1032 subdidit:

479 1065 700 1133 Conﬁdo
741 1069 934 1119 autem
978 1067 1041 1120 in
1074 1067 1326 1131 Domino,
1361 1068 1624 1138 quoniam
1656 1069 1774 1138 ipse
1814 1083 1921 1139 ego
1959 1069 2072 1121 cito

476 1156 696 1208 veniam
731 1153 804 1208 ad
847 1169 956 1209 vos.
982 1154 1049 1208 Et
1076 1155 1201 1210 licet
1231 1171 1318 1210 me
1352 1165 1632 1210 venturum
1663 1157 1858 1223 dicam,
1893 1164 1946 1211 et
1976 1156 2071 1209 Ti-

470 1243 746 1296 motheum
776 1242 1046 1296 missurus
1077 1243 1202 1311 sim,
1237 1252 1414 1298 tamen
1447 1245 1656 1298 interim
1689 1245 2072 1299 necessarium

475 1331 803 1386 existimavi
853 1334 1080 1386 mittere
1120 1333 1191 1386 ad
1221 1349 1311 1387 vos
1359 1332 1802 1404 Epaphroditum
1828 1337 2071 1402 fratrem

470 1435 658 1473 meum
682 1423 736 1473 et
758 1425 1174 1490 coeperatorem
1205 1421 1257 1474 in
1291 1421 1694 1490 praedicatione,
1721 1429 1772 1475 et
1800 1421 2069 1474 commili-

469 1515 652 1561 tonem
676 1507 727 1560 in
748 1507 1113 1562 tribulatione.
1149 1510 1396 1562 Vestrum
1428 1514 1617 1562 autem
1641 1511 1981 1580 apostolum,
2017 1509 2069 1562 id

471 1604 551 1648 est
583 1595 666 1650 vel
692 1595 949 1666 legatum,
976 1596 1100 1665 quia
1126 1597 1267 1650 hunc
1289 1596 1606 1667 legaverant
1629 1597 1697 1650 ad
1721 1597 1960 1660 Paulum,
1985 1596 2069 1651 vel

467 1683 791 1754 apostolum,
825 1683 879 1737 id
925 1693 1007 1738 est
1038 1684 1450 1753 praedicatorem
1492 1701 1700 1749 eorum,
1735 1684 1820 1738 vel
1852 1686 2068 1754 episco-

469 1788 597 1841 pum
629 1787 834 1835 eorum,
874 1775 929 1825 et
962 1773 1293 1826 ministrum
1326 1775 1678 1826 necessitatis
1720 1789 1874 1836 mete,
1901 1773 1953 1825 id
1989 1779 2070 1825 est

471 1859 562 1928 qui
592 1875 712 1928 qua:
743 1859 964 1912 misistis
992 1859 1143 1923 mihi,
1169 1859 1496 1912 ministravit
1526 1859 1578 1912 in
1613 1869 1856 1930 tempore
1880 1876 2070 1914 neces-

471 1945 663 2000 sitatis.
698 1946 825 2000 Ideo
857 1946 1157 1999 existimavi
1190 1947 1330 2000 hunc
1361 1947 1678 2000 mittendum
1711 1947 1779 2000 ad
1812 1963 1929 2008 vos,
1971 1947 2070 2001 etsi

471 2034 814 2088 necessarius
835 2041 980 2087 esset
1002 2034 1150 2097 mihi,
1185 2035 1447 2105 quoniam
1473 2036 1693 2105 quidem
1715 2035 2067 2089 desiderabat

471 2138 662 2177 omnes
693 2137 802 2186 vos,
835 2125 892 2176 et
919 2126 1041 2176 erat
1082 2126 1334 2185 mestus,
1376 2138 1484 2176 non
1533 2138 1632 2192 pro
1665 2139 1722 2176 se
1757 2123 2065 2187 verberato,

471 2209 569 2264 sed
617 2217 908 2280 propterea
953 2209 1093 2282 quod
1128 2211 1441 2265 audieratis
1480 2211 1647 2265 illum
1682 2213 2064 2280 inﬁrmatam,

469 2307 522 2354 et
551 2297 766 2352 nolebat
797 2315 894 2352 vos
927 2298 1237 2352 contristari
1269 2313 1368 2368 pro
1397 2313 1480 2353 eo.
1517 2299 1614 2354 Hic
1645 2300 2064 2370 Epaphroditus,

469 2387 600 2442 dum
649 2386 816 2441 Paulo
856 2385 1206 2452 ministraret,
1262 2386 1595 2457 interceptus
1649 2402 1681 2440 a
1729 2389 2063 2452 custodibus,

468 2476 821 2531 vehementer
863 2473 1167 2529 afflixerunt
1197 2490 1321 2528 eum
1353 2475 1690 2529 verberibus.
1732 2475 2065 2530 Inﬁrmatum

465 2563 589 2619 dico
610 2563 733 2618 ideo
758 2581 771 2627 ;
805 2580 940 2618 nam
965 2563 1148 2634 utique
1172 2564 1498 2632 inﬁrmatus
1522 2568 1605 2618 est
1628 2580 1799 2635 usque
1816 2565 1886 2618 ad
1918 2581 2067 2618 mor-

470 2657 605 2717 tem,
629 2652 722 2707 sed
742 2653 883 2706 Deus
904 2653 1172 2706 misertus
1197 2653 1339 2721 ejus.
1364 2668 1480 2706 non
1499 2652 1684 2706 solum
1705 2656 1899 2706 autem
1921 2656 1972 2720 ej
1979 2670 2059 2717 us,

466 2742 839 2795 verumetiam
896 2738 949 2794 in
1006 2755 1072 2794 eo
1101 2741 1372 2795 misertus
1419 2744 1504 2794 est
1548 2740 1679 2794 mei.
1714 2740 1782 2794 Et
1812 2741 1936 2810 quia
1967 2755 2064 2795 vos

466 2828 736 2884 dolebatis
757 2829 825 2882 de
855 2843 942 2893 eo,
963 2844 1089 2897 ergo
1109 2829 1486 2897 festinantius
1511 2844 1666 2897 quam
1686 2827 2062 2898 facerem(ne-

465 2915 736 2973 cessarius
767 2916 912 2970 enim
953 2915 1082 2969 mihi
1115 2916 1256 2985 erat)
1296 2918 1430 2970 misi
1458 2917 1646 2981 illum,
1690 2915 1812 2970 ideo
1843 2921 1909 2971 ut
1947 2919 2060 2972 viso

463 3020 545 3069 eo,
577 3004 873 3075 gaudeatis
903 3004 1137 3058 iterum.
1169 3002 1312 3057 Olim
1331 3002 1473 3057 enim
1493 3018 1614 3057 cum
1638 3003 1782 3073 apud
1811 3012 2056 3071 voserat,

462 3090 804 3164 gaudebatis.
828 3092 895 3144 Et
918 3089 1039 3144 ideo
1056 3090 1178 3144 misi
1195 3098 1358 3161 utego
1377 3092 1486 3145 sim
1503 3091 1625 3146 sine
1647 3092 1911 3152 tristitia.
1936 3093 2060 3162 quia

459 3179 528 3234 de
558 3178 714 3233 vobis
744 3177 1072 3233 contristatis
1103 3193 1200 3248 pro
1227 3193 1292 3232 eo
1323 3177 1588 3232 tristitiam
1620 3179 1812 3234 habeo.
1835 3179 1902 3233 Et
1932 3179 2060 3250 quia

2181 645 2202 674 ι
2242 632 2354 678 tum
2405 642 2545 688 esse,
2608 636 2827 696 pr0pter
2899 626 3226 681 eminentem
3299 624 3590 681 scientiam
3653 625 3788 677 Jesu

2181 733 2201 761 ι
2229 713 2423 766 Christi
2467 714 2682 767 Domini
2730 715 2854 778 mei,
2914 724 3131 785 propter
3177 730 3337 784 quem
3387 713 3572 767 omnia
3607 711 3788 765 detri-

2180 823 2200 846 ιι
2237 810 2475 854 mentum
2508 801 2630 868 feci,
2663 811 2715 857 et
2744 803 2981 857 arbitror
3009 811 3067 856 ut
3105 811 3365 867 stercora,
3417 809 3475 855 ut
3505 800 3789 854 Christum

2179 910 2200 939 ι
2233 888 2591 954 lucrifaciam,
2619 899 2671 944 et
2700 891 2948 945 inveniar
2975 890 3030 945 in
3079 891 3172 945 illo
3197 907 3306 945 non
3353 890 3567 944 habens
3601 905 3789 943 meam

2178 997 2199 1026 ι
2231 977 2512 1045 justitiam,
2549 994 2669 1049 qua:
2707 994 2773 1032 ex
2821 979 2944 1049 lege
2976 987 3076 1045 est,
3112 979 3209 1034 sed
3248 978 3390 1033 illam
3420 994 3543 1048 quae
3574 993 3643 1032 ex
3675 976 3788 1030 ﬁde

2179 1088 2199 1113 ι
2235 1075 2314 1118 est
2365 1066 2561 1119 Christi
2619 1068 2769 1130 Jesu,
2828 1084 2950 1138 quae
2989 1083 3055 1122 ex
3086 1068 3200 1122 Deo
3230 1075 3312 1121 est
3348 1067 3554 1136 justitia
3584 1066 3640 1119 in
3673 1063 3786 1119 ﬁde

2177 1176 2198 1199 α
2235 1154 2304 1207 ad
2338 1155 2780 1223 cognoscendum
2809 1155 2977 1221 illum,
3023 1163 3074 1210 et
3108 1156 3357 1210 virtutem
3406 1154 3787 1209 resurrectio-

2177 1265 2196 1286 ιι
2234 1242 2316 1294 nis
2348 1243 2483 1308 ejus,
2517 1250 2570 1296 et
2595 1243 2908 1298 societatem
2953 1243 3225 1313 passionis
3253 1243 3416 1308 illius,
3461 1241 3788 1314 conﬁgura-

2175 1353 2196 1374 ε
2234 1338 2318 1382 tus
2349 1330 2508 1383 morti
2540 1331 2674 1398 ejus,
2731 1333 2777 1386 si
2826 1332 3100 1403 quomodo
3155 1346 3442 1386 occurram
3492 1331 3560 1384 ad
3595 1345 3792 1384 resur-

2176 1437 2196 1464 ε
2234 1418 2532 1470 rectionem
2567 1435 2689 1487 qum
2719 1428 2800 1472 est
2836 1436 2900 1472 ex
2930 1419 3198 1484 mortuis;
3229 1435 3338 1473 non
3368 1417 3514 1489 quod
3539 1417 3656 1486 jam
3679 1433 3787 1474 ac-

2181 1521 2200 1552 ι
2230 1506 2487 1573 ceperim,
2522 1514 2611 1558 aut
2636 1507 2749 1572 jam
2781 1506 3057 1576 perfectus
3089 1507 3210 1560 sim.
3249 1507 3461 1578 Sequor
3490 1515 3702 1574 autem,
3738 1506 3787 1558 si

2174 1614 2194 1635 «
2230 1608 2335 1662 quo
2367 1594 2528 1646 modo
2585 1595 3066 1663 comprehendam,
3101 1595 3156 1648 in
3186 1610 3294 1665 quo
3321 1604 3372 1648 et
3403 1595 3786 1664 comprehen-

2174 1701 2194 1728 ι
2231 1697 2323 1733 sus
2355 1698 2473 1734 sum
2504 1698 2532 1733 a
2573 1682 2786 1736 Christo
2832 1683 2979 1736 Jesu.
3016 1683 3247 1747 Fratres,
3283 1698 3388 1753 ego
3429 1699 3517 1736 me
3546 1698 3660 1736 non
3694 1699 3786 1735 ar-

2173 1789 2194 1816 ι
2225 1768 2398 1822 hitror
2424 1770 2929 1838 comprehendisse.
2963 1771 3139 1826 Unum
3163 1779 3362 1835 autem,
3398 1786 3521 1841 quae
3551 1770 3784 1841 quidem

2098 1891 2148 1949 Β
2174 1879 2195 1901 ι
2231 1864 2380 1911 retro
2413 1867 2533 1910 sunt
2563 1858 2913 1923 obliviscens,
2946 1859 3013 1912 ad
3046 1875 3109 1912 ea
3133 1875 3262 1913 vero
3285 1875 3405 1930 qua:
3435 1868 3564 1912 sunt
3589 1859 3785 1928 priora

2176 1966 2196 1988 ιι
2233 1945 2531 1998 extendens
2562 1945 2848 2015 meipsum,
2890 1946 2958 2000 ad
2988 1946 3313 2000 destinatum
3345 1961 3675 2016 persequor,
3711 1945 3784 1999 ad

2174 2052 2196 2080 ι
2234 2031 2474 2086 bravium
2509 2050 2759 2102 superna:
2815 2034 3116 2088 vocationis
3147 2035 3244 2089 Dei
3276 2035 3329 2088 in
3371 2035 3592 2089 Christo
3621 2034 3778 2088 Jesu.

2174 2142 2195 2164 ει
2234 2118 2559 2191 Quicunque
2593 2137 2727 2191 ergo
2756 2112 2981 2191 perfecti
3005 2139 3192 2176 sumus
3211 2122 3316 2177 hoc
3354 2121 3700 2187 sentiamus;
3726 2131 3783 2176 et

2173 2231 2193 2253 «
2233 2208 2424 2278 siquid
2473 2209 2627 2262 aliter
2658 2211 2863 2279 sapitis,
2899 2219 2954 2264 et
3007 2211 3110 2265 hoc
3159 2211 3313 2265 vobis
3359 2212 3509 2265 Deus
3553 2210 3782 2266 revela-

2173 2311 2194 2340 ι
2231 2291 2305 2345 vit
2338 2292 2674 2365 [revelabit.]
2708 2295 3090 2349 Verumtamen
3127 2295 3195 2350 ad
3225 2295 3369 2366 quod
3393 2296 3778 2365 pervenimus,

2173 2401 2193 2423 ει
2229 2389 2281 2432 ιιι
2317 2380 2460 2435 idem
2507 2382 2800 2451 sapiamus,
2839 2391 2891 2438 et
2921 2383 2976 2436 in
3007 2383 3198 2437 eadem
3228 2399 3658 2453 permaneamus
3689 2401 3783 2440 re-

2170 2489 2192 2513 .
2229 2467 2378 2538 gula.
2415 2469 2720 2524 Imitatores
2754 2471 2860 2524 mei
2909 2479 3100 2535 estote,
3133 2469 3346 2535 fratres,
3393 2479 3446 2526 et
3476 2472 3779 2528 observate

2170 2577 2191 2602 ι
2228 2572 2325 2609 eos
2361 2556 2451 2627 qui
2481 2558 2780 2622 ambulant,
2816 2559 2953 2614 sicut
2983 2559 3196 2615 habetis
3235 2559 3468 2615 formam
3499 2570 3774 2616 nostram.

2171 2665 2191 2687 α
2229 2643 2376 2697 Multi
2409 2644 2554 2698 enim
2583 2645 2862 2700 ambulant
2909 2663 3048 2718 quos
3105 2663 3250 2718 sazpe
3307 2647 3564 2704 dicebam
3613 2650 3777 2704 vobis

2169 2750 2191 2780 ι
2228 2733 2403 2799 (Rom.
2431 2746 2550 2797 xvx,
2587 2735 2699 2803 17,)
2730 2750 2873 2789 nunc
2902 2743 3082 2790 autem
3113 2744 3165 2790 et
3186 2736 3324 2790 flens
3345 2735 3486 2804 dico,
3513 2737 3776 2794 inimicos

2169 2840 2189 2863 ει
2233 2819 2415 2874 crucis
2476 2821 2692 2886 Christi,
2751 2838 2982 2893 quorum
3037 2822 3158 2877 ﬁnis
3211 2823 3478 2890 interitus,
3535 2841 3776 2896 quorum

2167 2927 2186 2954 ι
2224 2907 2370 2962 Deus
2401 2917 2587 2963 venter
2625 2917 2726 2974 est,
2773 2918 2826 2964 et
2858 2911 3032 2980 gloria
3060 2911 3114 2964 in
3140 2911 3460 2967 confusione
3489 2913 3771 2983 ipsorum,

2167 3017 2187 3042 ι
2223 2995 2315 3066 qui
2347 3004 2567 3052 terrena
2595 2997 2831 3068 sapiunt.
2863 2999 3069 3054 Nostra
3097 3008 3277 3054 autam
3326 3003 3685 3057 conversatio
3716 3003 3774 3058 in

2166 3102 2187 3132 ι
2222 3083 2375 3138 οωιὶδ
2435 3093 2536 3140 est.
2598 3086 2752 3142 Unde
2796 3087 2961 3142 etiam
3018 3087 3341 3144 salvatorem
3380 3099 3774 3160 exspectamus

2163 3193 2184 3217 ιι
2223 3172 2513 3227 Dominum
2542 3182 2787 3229 nostrum
2816 3175 3002 3230 Jesum
3030 3175 3302 3231 Christum
3327 3219 3340 3241 ,
3375 3176 3468 3249 qui
3502 3177 3774 3234 reforma-

459 3267 597 3322 adeo
641 3266 818 3338 diligit
869 3281 986 3330 vos,
1021 3273 1075 3320 et
1103 3239 1203 3320 vos
1235 3283 1378 3331 eum,
1404 3266 1664 3320 mittimus
1697 3267 1766 3322 ad
1797 3283 1912 3321 vos.
1948 3239 2056 3322 ita-
2081 3239 2127 3299 Ο
2161 3282 2181 3305 α
2222 3259 2297 3312 bit
2327 3276 2523 3331 corpus
2568 3261 2879 3316 humilitatis
2918 3272 3136 3328 nostrae,
3185 3239 3583 3336 conﬁguratum
3632 3282 3772 3323 cor-

458 3371 563 3426 que
593 3355 840 3423 excipite
890 3370 1019 3409 eum
1049 3371 1177 3410 cum
1207 3357 1362 3410 omni
1407 3356 1632 3426 gaudio,
1665 3371 1773 3410 non
1798 3355 1856 3408 in
1880 3356 2056 3410 citha-

455 3444 530 3498 ris
575 3451 626 3498 et
647 3443 809 3508 tibiis,
844 3443 940 3498 sed
972 3443 1170 3513 gaudio
1201 3443 1383 3497 habito
1413 3445 1474 3498 in
1516 3444 1770 3509 Domino,
1807 3453 1858 3497 et
1881 3444 2056 3500 homi-

453 3547 578 3588 nem
610 3531 874 3600 ejusmodi
915 3531 1007 3602 qui
1061 3539 1210 3586 tanta
1258 3547 1457 3602 passus
1513 3540 1595 3586 est
1633 3548 1735 3602 pro
1787 3532 1964 3596 vobis,
2000 3538 2056 3589 et

451 3620 592 3676 adeo
623 3635 721 3675 vos
752 3618 950 3691 diligit,
985 3620 1242 3675 habetote
1282 3637 1412 3675 cum
1442 3619 1589 3674 omni
1622 3621 1849 3686 honore,
1882 3629 1934 3674 et
1959 3621 2054 3690 ju-

451 3717 590 3763 stum
623 3717 725 3773 est,
777 3708 1044 3780 quoniam
1076 3708 1192 3777 ipse
1221 3709 1460 3762 accessit
1493 3723 1664 3779 usque
1708 3708 1779 3762 ad
1815 3715 2054 3765 mortem

449 3800 682 3868 propter
721 3811 856 3867 opus
906 3796 1134 3859 Christi,
1169 3795 1316 3865 quod
1343 3796 1670 3865 operabatur
1700 3795 1752 3849 in
1784 3801 2053 3864 me,‘tra-

450 3883 588 3939 dens
619 3883 874 3938 animam
904 3900 1085 3946 suam,
1119 3890 1173 3937 et
1203 3887 1268 3937 ut
1294 3883 1556 3952 impleret
1587 3899 1718 3953 erga
1747 3901 1936 3940 meum
1965 3887 2054 3942 ob-

452 3972 708 4042 sequium
737 3971 794 4024 id
830 3970 972 4042 quod
1001 3971 1193 4026 deerat
1227 3985 1300 4027 ex
1331 3971 1520 4038 vobis;
1557 3987 1655 4026 vos
1686 3972 1905 4044 quidem
1948 3991 2051 4045 pe-

453 4058 672 4114 cuniam
703 4057 1014 4125 mittebatis,
1050 4059 1147 4112 sed
1206 4067 1406 4129 praeter
1442 4076 1564 4114 eum
1596 4076 1756 4116 nemo
1799 4071 1918 4117 erat
1961 4062 2051 4134 qui

454 4147 680 4202 auderet
709 4146 1014 4200 ministrare
1057 4146 1208 4200 mihi.
1271 4147 1376 4202 Per
1418 4148 1560 4204 hunc
1617 4149 2051 4221 Epaphroditum

453 4235 648 4290 Paulus
681 4234 822 4290 hanc
851 4234 958 4296 illis
989 4234 1280 4305 Epistolam
1310 4235 1471 4290 misit.

1062 4386 1286 4442 CAPUT
1329 4387 1401 4441 Ill
1414 4428 1426 4441 .

523 4544 543 4567 ιι
581 4520 660 4575 De
681 4526 903 4586 cmtero,
930 4517 1121 4574 fratres
1149 4519 1273 4585 mei,
1307 4519 1540 4589 gaudete
1573 4519 1627 4574 in
1658 4520 1908 4576 Domino.
1932 4521 2046 4576 Ea-

2160 3367 2181 3396 ι
2217 3348 2337 3419 pori
2385 3348 2642 3404 claritatis
2691 3367 2820 3416 sua),
2879 3352 3181 3407 secundum
3236 3353 3609 3424 operationem
3649 3355 3771 3410 vir-

2159 3457 2181 3482 σ
2218 3436 2346 3490 tutis
2377 3452 2508 3503 sum,
2541 3453 2644 3509 qua
2675 3439 2847 3509 possit
2875 3440 3036 3494 etiam
3055 3440 3325 3510 subjicere
3350 3441 3455 3496 sibi
3483 3443 3697 3498 omnia.
3738 3464 3763 3494 ι

2793 3614 3108 3655 EXPOSITIO.

2227 3737 2512 3808 Postquam
2542 3753 2636 3794 eos
2667 3738 2994 3796 suﬂicienter
3024 3741 3275 3797 instruxit
3311 3742 3369 3797 in
3404 3759 3592 3816 pugna
3626 3761 3766 3817 per-

2153 3833 2482 3893 secutorum,
2517 3828 2952 3884 commendando
2982 3845 3202 3900 semper
3229 3845 3351 3886 cum
3369 3831 3634 3902 patientia
3655 3835 3764 3889 bu-

2151 3912 2451 3980 militatem,
2505 3914 2715 3969 instruit
2741 3931 2836 3970 eos
2876 3917 2932 3970 in
2969 3915 3074 3972 alia
3104 3934 3310 3990 pugna,
3343 3935 3504 3991 quam
3543 3920 3762 3978 infere-

2151 4000 2281 4056 bant
2307 4001 2412 4056 illis
2443 4003 2922 4073 pseudodoctores,
2976 4005 3334 4076 deprimendo
3380 4008 3462 4062 eis
3489 4007 3675 4080 legem
3706 4017 3768 4065 et.

2150 4089 2458 4144 extollendo
2505 4089 2688 4146 ﬁdem.
2739 4091 2908 4160 Quasi
2953 4092 3200 4150 diceret:
3233 4095 3382 4151 Sicut
3422 4112 3520 4151 vos
3564 4097 3757 4164 docui,

2148 4177 2414 4248 patientes
2444 4187 2496 4233 et
2523 4179 2757 4234 humiles
2782 4189 2962 4236 estote
2988 4182 3055 4236 ad
3082 4191 3462 4252 persecutores
3487 4203 3501 4251 ;
3535 4185 3604 4241 de
3637 4203 3759 4242 cte-

2151 4269 2288 4330 tero,
2322 4265 2374 4319 id
2405 4274 2488 4320 est
2517 4266 2586 4322 de
2605 4267 2713 4321 alia
2743 4284 2930 4340 pugna
2959 4284 3121 4341 quam
3150 4270 3306 4326 vobis
3335 4271 3570 4327 inferunt
3584 4289 3760 4343 pseu-

2149 4352 2239 4419 do,
2273 4353 2344 4409 ita
2364 4370 2460 4408 vos
2489 4354 2717 4420 instruo,
2752 4355 2944 4412 fratres
2983 4358 3111 4424 mei,
3140 4359 3379 4430 gaudete
3407 4361 3469 4415 in
3489 4362 3753 4430 Domino,

2146 4440 2201 4494 id
2231 4449 2313 4497 est
2362 4458 2430 4496 ne
2480 4443 2732 4514 quaeratis
2771 4445 3034 4517 gaudium
3077 4446 3226 4512 alibi,
3276 4447 3414 4503 sicut
3467 4448 3546 4502 illi
3602 4450 3756 4506 male

2146 4529 2343 4584 docent
2371 4530 2426 4584 in
2474 4531 2806 4587 carnalibus.
2853 4533 2961 4588 Sed
3005 4548 3167 4589 omne
3214 4536 3473 4606 gaudium
3501 4545 3756 4594 vestrum

449 4632 471 4655 ιι
508 4608 633 4664 dem
665 4607 820 4662 vobis
851 4607 1095 4662 scribere
1122 4607 1254 4662 mihi
1287 4608 1506 4679 quidem
1537 4624 1647 4663 non
1676 4609 1914 4679 pigrum,
1948 4593 2118 4664 vo.D
2146 4619 2329 4688 ponite
2377 4617 2431 4672 in
2481 4619 2732 4675 Domino.
2783 4621 2903 4691 Ipse
2971 4622 3117 4677 enim
3157 4593 3304 4678 solus
3366 4623 3646 4694 justiﬁcat,

448 4719 468 4741 α
506 4695 591 4750 bis
621 4703 801 4750 autem
846 4695 1238 4751 necessarium.
1273 4695 1463 4750 Videte
1494 4711 1680 4761 canes,
1723 4697 1900 4752 videte
1923 4713 2045 4752 ma-

449 4805 471 4834 ι
508 4783 591 4838 los
631 4782 934 4854 operarios,
987 4783 1169 4838 videte
1197 4783 1586 4838 concisionem.
1620 4784 1733 4838 Nos
1763 4785 1909 4840 enim
1947 4801 2045 4840 su-

448 4893 470 4918 ε
504 4887 622 4926 mus
677 4871 1040 4937 circumcisio,
1103 4870 1195 4942 qui
1241 4870 1436 4941 spiritu
1474 4870 1740 4926 servimus
1796 4873 1932 4938 Deo,
1993 4880 2046 4928 et

449 4983 470 5006 «
507 4958 809 5032 gloriamur
851 4958 902 5013 in
935 4959 1151 5014 Christo
1179 4959 1328 5025 Jesu,
1373 4968 1425 5014 et
1468 4975 1577 5013 non
1607 4959 1660 5012 in
1709 4975 1868 5016 carne
1900 4960 2043 5016 ﬁdu-

449 5069 470 5098 ι
507 5047 647 5102 ciam
695 5047 977 5114 habentes,
1024 5063 1333 5120 quanquam
1378 5055 1431 5101 et
1461 5062 1564 5118 ego
1606 5047 1838 5103 habeam
1867 5048 2043 5104 conﬁ-

447 5160 468 5182 ιι
507 5134 744 5190 dentiam
775 5135 832 5190 in
861 5151 1047 5190 carne.
1081 5136 1136 5191 Si
1186 5135 1308 5206 quis
1348 5134 1486 5189 alius
1516 5134 1727 5190 videtur
1769 5137 2042 5192 conﬁdere

447 5245 469 5274 ι
506 5223 558 5277 in
587 5239 770 5289 carne,
803 5240 908 5297 ego
937 5223 1113 5296 magis
1142 5223 1498 5279 circumcisus
1519 5231 1711 5278 octavo
1743 5225 1833 5280 die
1861 5241 1927 5280 ex
1945 5243 2043 5297 ge-

447 5335 467 5361 σ
498 5329 631 5367 nere
663 5313 852 5378 Israel,
889 5303 956 5367 de
1005 5312 1145 5366 tribu
1193 5311 1490 5378 Benjamin,
1521 5312 1780 5368 Hebraeus
1812 5329 1877 5368 ex
1928 5315 2040 5369 He-

445 5423 465 5450 ι
497 5401 677 5466 braeis,
712 5401 1006 5456 secundum
1031 5399 1212 5471 legem
1246 5399 1549 5453 Pharisznus
1583 5400 1727 5466 (Act.
1769 5417 1934 5467 xxxii,
1961 5404 2036 5474 6),

444 5510 465 5539 σι
506 5489 808 5544 secundum
866 5487 1266 5544 aemulationem
1324 5503 1663 5559 persequens
1735 5489 2036 5548 Ecclesiam

442 5598 464 5628 ι
500 5577 621 5642 Dei,
654 5575 957 5632 secundum
985 5574 1249 5644 justitiam
1280 5591 1400 5648 qua:
1431 5576 1486 5630 in
1529 5577 1652 5648 lege
1683 5587 1764 5633 est
1803 5595 2036 5636 conver-

441 5685 462 5715 ι
500 5673 652 5718 satus
684 5663 801 5718 sine
835 5661 1078 5718 264
1098 5663 1340 5734 querela.
1374 5663 1482 5720 Sed
1515 5682 1636 5736 qua:
1656 5667 1787 5722 mihi
1816 5667 2040 5725 fuerunt

441 5773 462 5803 ι
497 5753 668 5817 lucra,
701 5752 817 5806 haec
861 5751 1153 5813 arbitratus
1201 5769 1318 5808 sum
1375 5762 1594 5825 propter
1647 5757 1916 5810 Christum
1947 5757 2036 5813 deo

2146 4705 2276 4759 nihil
2319 4722 2510 4761 eorum
2550 4707 2620 4762 ad
2649 4707 2754 4764 hoc
2782 4709 3003 4779 prodest
3033 4727 3153 4782 qua:
3183 4711 3479 4782 praedicant
3507 4715 3747 4784 pseudo.

2145 4793 2434 4864 Propterea
2487 4810 2596 4850 non
2645 4796 2699 4850 in
2742 4797 3070 4863 carnalibus,
3117 4799 3215 4854 sed
3263 4800 3497 4872 gaudete
3538 4803 3595 4856 in
3626 4804 3750 4858 Do-

2143 4881 2315 4937 mino.
2345 4883 2410 4936 Et
2431 4891 2488 4937 ut
2507 4882 2748 4955 gaudere
2769 4886 2954 4941 sciatis
2983 4886 3038 4940 in
3069 4887 3480 4953 Domino,mihi
3514 4891 3744 4961 quidem

2143 4969 2232 5040 qui
2261 4979 2544 5042 promptus
2575 4988 2696 5026 sum
2743 4980 2796 5027 et
2843 4973 3078 5046 diligens
3116 4975 3188 5030 ad
3224 4975 3635 5032 instructionem
3677 4978 3750 5034 ﬁ-

2141 5057 2356 5121 liorum,
2393 5077 2507 5114 non
2546 5068 2629 5114 est
2686 5062 2952 5132 pigrum;
3002 5063 3149 5134 quod
3194 5063 3444 5120 fortassis
3491 5075 3748 5136 repetere

2139 5146 2352 5216 pigeret
2379 5147 2514 5202 alios
2545 5163 2654 5203 non
2683 5149 2848 5220 loqui,
2884 5150 3057 5205 Verba
3087 5151 3230 5206 enim
3277 5152 3384 5208 cito
3416 5169 3448 5208 a
3477 5156 3747 5211 memoria

2140 5233 2513 5299 elaberentur;
2535 5236 2630 5292 sed
2653 5238 2893 5293 scribere
2922 5239 3090 5304 vobis,
3113 5247 3170 5294 ut
3192 5249 3446 5297 manente
3477 5242 3746 5313 scriptura

2138 5322 2400 5392 perduret
2446 5323 2501 5377 in
2544 5325 2700 5379 vobis
2744 5326 3092 5381 traditionum
3157 5343 3404 5384 mearum
3453 5331 3740 5399 memoria,

2137 5409 2268 5464 mihi
2299 5426 2407 5466 non
2434 5411 2672 5483 pigrum.
2715 5414 2862 5469 Vobis
2894 5418 3088 5469 autem
3109 5424 3227 5470 erat
3244 5419 3629 5474 necessarium
3653 5436 3741 5476 me

2136 5511 2245 5550 non
2289 5498 2499 5570 pigere,
2541 5501 2639 5554 sed
2685 5501 2947 5556 scribere.
2999 5503 3066 5558 Ut
3118 5511 3297 5558 autem
3355 5505 3645 5577 gaudeatis
3684 5509 3740 5564 in

2135 5585 2386 5652 Domino,
2420 5587 2602 5643 videte
2631 5605 2819 5655 canes,
2853 5589 2908 5644 id
2935 5598 3014 5645 est
3036 5591 3320 5661 providete
3342 5594 3497 5650 vobis
3527 5595 3600 5650 ab
3627 5597 3736 5654 illis

2133 5673 2364 5741 pseudo,
2388 5674 2478 5746 qui
2515 5690 2757 5750 congrue
2786 5693 2950 5734 canes
2980 5677 3257 5735 dicuntur.
3295 5679 3436 5749 Quia
3465 5681 3606 5739 sicut
3636 5701 3736 5742 ca-

2133 5759 2219 5814 nis
2247 5761 2317 5828 ei,
2351 5779 2511 5832 quem
2543 5764 2728 5822 videre
2755 5766 3059 5834 consuevit,
3079 5767 3361 5840 applaudit
3389 5771 3557 5827 etiam
3579 5773 3625 5828 si
3647 5774 3739 5831 ille
