3932 6426
91 444 185 496 365

674 435 1055 494 EXPOSITIO
1094 435 1170 492 IN
1206 430 1590 492 EPISTOLAS
1627 430 1854 490 PAULI.
1883 464 1952 476 —
1981 435 2056 491 IN
2091 435 2311 492 EPIST.
2353 435 2448 492 AD
2487 433 2777 492 PHILIPP.

3283 435 3388 489 366

93 565 257 622 veniat
285 563 354 619 ad
385 563 818 620 destructionem
857 562 1072 632 domus,
1103 561 1190 618 vel
1224 561 1292 616 ad
1349 557 1689 615 interfectio-
1708 559 1765 620 Α
1791 568 2072 630 parentem
2101 561 2170 616 de
2199 562 2385 629 Israel,
2428 561 2729 618 secundum
2757 560 2987 616 alterum
3015 559 3084 614 de
3131 559 3388 632 gentibus

95 670 211 710 nem
239 652 358 718 sui;
393 652 504 706 illis
535 660 716 707 autem
761 667 898 723 quos
939 666 1048 706 non
1104 649 1388 706 consuevit
1439 647 1686 712 oblatrat,

95 744 244 799 etiam
273 742 320 794 si
351 741 433 796 illi
464 741 686 796 veniant
715 747 772 794 ut
802 747 1030 810 pascant
1062 755 1206 808 eum,
1249 737 1336 793 vel
1365 737 1434 792 ad
1483 735 1690 790 utilita-

96 840 196 887 tem
225 831 420 885 domus
455 844 468 884 :
503 830 582 886 sic
609 829 696 884 isti
727 830 938 900 pseudo
958 827 1270 884 carnalibus
1301 841 1438 898 quos
1460 839 1692 881 consue-

55 978 57 980 .
95 926 295 986 verunt,
321 918 678 989 applaudunt,
705 918 830 973 licet
859 917 928 971 sit
958 918 1012 971 in
1044 917 1148 972 hoc
1187 924 1241 971 et
1297 929 1447 969 mors
1504 928 1692 968 eorum

95 1017 143 1064 et
170 1007 466 1063 destructio
497 1007 711 1073 domus,
742 1006 797 1060 id
819 1013 904 1061 est
921 1004 1217 1071 Ecclesia};
1242 1002 1695 1075 prmdicatoribus

95 1105 264 1152 autem
322 1095 565 1152 veritatis
621 1094 914 1161 oblatrant,
987 1093 1350 1161 solummodo,
1411 1091 1540 1163 quia
1583 1105 1695 1145 non

95 1192 490 1244 consueverunt
519 1184 572 1238 in
604 1184 721 1238 istis
777 1183 870 1255 qui
898 1190 1080 1238 tamen
1137 1181 1358 1238 veniunt
1387 1181 1458 1235 ad
1511 1177 1694 1234 viviﬁ-

92 1274 320 1332 candum
345 1289 462 1340 eos,
497 1282 551 1328 et
575 1273 645 1328 ad
675 1270 1093 1328 aediﬁcationem
1137 1271 1335 1326 domus
1364 1268 1486 1324 Dei.
1517 1267 1587 1322 Et
1625 1266 1694 1322 de

93 1362 397 1432 hujusmodi
441 1361 653 1433 pseudo
703 1360 776 1416 ait
808 1378 822 1414 :
857 1361 1050 1417 Videte
1081 1375 1245 1416 canes
1303 1357 1696 1428 applaudentes

97 1459 364 1509 consueta
395 1451 716 1516 carnalitati,
761 1449 1101 1505 oblatrantes
1139 1446 1373 1503 insolita
1403 1444 1695 1517 spirituali-

96 1542 182 1597 tati
218 1559 231 1596 :
265 1540 466 1612 quibus
513 1555 622 1596 non
654 1537 850 1594 sufﬁcit
895 1537 1274 1595 contradicere
1329 1533 1563 1602 veritati,
1598 1533 1697 1588 sed

98 1631 252 1686 etiam
282 1637 411 1684 sunt
446 1629 580 1684 mali
628 1627 866 1700 operarii
921 1625 1422 1699 superseminantes
1467 1621 1692 1689 zizania,

97 1728 145 1776 et
166 1721 262 1775 hos
291 1718 477 1774 malos
499 1717 784 1790 operarios
813 1715 1010 1780 videte,
1045 1731 1115 1770 ne
1144 1714 1285 1770 falsa
1320 1712 1571 1769 doctrina
1602 1727 1695 1766 se—

97 1811 286 1864 ducant
313 1821 437 1863 vos.
478 1805 663 1863 Videte
694 1804 854 1861 etiam
886 1819 987 1860 vos
1026 1804 1251 1860 eosdem
1295 1803 1693 1867 concisionem,

98 1897 184 1969 qui
211 1895 350 1951 sicut
380 1893 604 1951 concisa
661 1892 918 1964 pellicula
974 1908 1176 1949 caesum
1235 1891 1436 1946 habent
1474 1904 1692 1959 corpus,
1714 1915 1768 1976 B

100 1986 173 2041 sic
202 1999 420 2040 omnem
451 1982 796 2038 intellectum
817 1997 1016 2038 caasum
1039 1989 1093 2036 et
1121 1987 1435 2051 separatum
1494 1977 1698 2032 habent

99 2090 130 2129 a
158 2074 318 2130 bono.
354 2072 463 2140 Qui
493 2087 602 2126 non
635 2070 811 2126 solum
843 2069 1051 2126 concisi
1084 2076 1227 2135 sunt,
1261 2068 1358 2123 sed
1382 2066 1546 2122 etiam
1576 2072 1701 2120 sunt

101 2162 332 2219 concisio
364 2161 599 2216 aliorum
631 2176 768 2233 quos
824 2158 1110 2215 seducunt.
1151 2159 1296 2213 Vere
1327 2157 1404 2212 illi
1450 2154 1701 2212 carnales

99 2259 214 2306 sunt
242 2249 508 2314 concisio,
541 2265 678 2304 nam
705 2265 808 2306 nos
855 2246 1162 2318 spu‘ituales
1209 2245 1312 2300 soli
1356 2261 1554 2302 sumus
1583 2245 1701 2299 cir-

99 2340 379 2405 cumcisio,
396 2337 454 2393 id
471 2345 574 2403 est,
593 2335 898 2408 puriﬁcatio
915 2334 1154 2391 265
1168 2377 1182 2402 ,
1201 2334 1256 2389 id
1273 2342 1374 2400 est,
1394 2348 1504 2389 non
1524 2332 1701 2387 solum

102 2425 385 2498 puriﬁcati,
434 2425 536 2480 sed
581 2424 744 2480 etiam
791 2424 1040 2480 doctrina
1097 2431 1151 2479 et
1205 2421 1456 2493 exemplo
1513 2435 1704 2476 sumus

102 2516 327 2572 aliorum
359 2513 690 2587 puriﬁcatio.
737 2513 988 2569 Abscisio
1032 2511 1175 2568 enim
1217 2511 1360 2567 illius
1415 2509 1705 2581 superﬂuae

102 2603 366 2675 pellicula:
428 2603 648 2675 signum
723 2609 832 2657 erat
888 2601 1072 2657 omnia
1127 2599 1406 2671 superﬂua
1463 2598 1704 2654 circum-

101 2693 322 2749 cidenda
352 2707 482 2748 esse
512 2707 542 2744 a
571 2690 755 2746 corde.
797 2690 881 2745 Illi
909 2704 1040 2745 vero
1072 2689 1290 2746 concisa
1321 2686 1579 2759 pellicula
1608 2701 1706 2742 cor

102 2781 296 2836 habent
321 2778 770 2837 incircumcisum
799 2793 811 2833 :
845 2794 947 2834 nos
992 2793 1126 2835 vero
1156 2794 1273 2834 rem
1319 2784 1589 2843 tenentes,
1650 2773 1707 2829 id

102 2879 178 2925 est
229 2868 702 2927 circumcisionem
755 2867 957 2935 cordis,
995 2867 1245 2922 umbram
1298 2881 1488 2923 eorum
1524 2862 1706 2935 negli-

100 2958 292 3030 gimus.

174 3049 308 3116 Nos,
342 3046 589 3120 inquam,
639 3061 836 3102 sumus
884 3044 1262 3110 circumcisio,
1294 3043 1392 3116 qui
1434 3043 1710 3099 servimus

1793 657 1848 703 ut
1870 650 2064 717 David,
2096 651 2186 723 qui
2218 651 2514 706 secundum
2550 651 2773 706 alteram
2816 657 3021 721 partem
3053 648 3152 704 fuit
3193 649 3262 704 de
3293 665 3392 721 ge-

1793 754 1926 794 nere
1955 741 2116 796 Ruth.
2145 739 2374 794 Gentilis
2397 740 2520 794 ideo
2553 739 2704 794 addit
2731 747 2889 794 natus
2921 739 2987 794 de
3019 739 3169 794 tribu
3198 739 3395 809 Benja-

1793 827 1977 894 mini;
2003 829 2132 900 quia
2161 829 2357 883 iterum
2415 828 2630 900 quidam
2686 828 2755 882 de
2787 827 3063 896 Benjamin
3121 827 3189 880 ad
3245 825 3394 881 idola

1794 916 1934 987 lapsi
1966 926 2106 984 sunt,
2140 916 2392 987 apposuit
2411 917 2669 972 Hebraeus
2699 923 2856 971 natus
2877 932 2994 970 sum
3025 932 3098 971 ea:
3126 916 3388 971 Hebraeis.

1795 1006 1891 1062 Fui
1924 1007 2086 1061 etiam
2119 1007 2462 1072 Pharisaeus,
2493 1004 2548 1059 id
2578 1013 2660 1060 est
2681 1004 2939 1077 egregius
2960 1004 3270 1060 secundum
3312 1003 3395 1060 le-

1794 1111 1939 1165 gem,
1972 1103 2026 1150 et
2052 1111 2154 1166 per
2174 1093 2526 1150 intellectum.
2559 1101 2612 1148 et
2641 1110 2742 1164 per
2773 1092 3190 1163 completionem
3219 1092 3386 1165 legis.

1797 1183 2006 1238 Phares
2028 1183 2228 1239 divisio
2248 1203 2268 1251 ;
2285 1183 2410 1238 inde
2432 1183 2738 1238 Pharisazus
2760 1181 2989 1248 aivisus,
3014 1181 3139 1252 quia
3161 1179 3398 1252 separati

1795 1279 1951 1326 erant
1980 1288 2009 1325 a
2041 1271 2264 1342 populo,
2300 1270 2508 1344 egregii
2538 1270 2595 1324 in
2622 1270 2767 1343 lege,
2787 1270 3061 1326 intellectu
3081 1277 3134 1326 et
3149 1277 3396 1325 contem-

1795 1360 2058 1431 platione.
2083 1360 2179 1415 Fui
2200 1361 2364 1415 etiam
2384 1375 2722 1432 persequens
2742 1359 3051 1416 Ecclesium
3070 1359 3173 1415 Dei
3188 1375 3396 1415 secun-

1797 1446 1931 1505 dum
1955 1451 2400 1516 aemulationem,
2434 1448 2489 1502 id
2519 1456 2603 1503 est
2621 1456 2847 1519 propter
2877 1448 3048 1504 zelum
3070 1455 3124 1503 et
3145 1447 3397 1505 dilectio-

1796 1554 1922 1593 nem
1952 1537 2312 1594 defendendae
2341 1537 2499 1608 legis.
2536 1537 2606 1593 Ut
2635 1537 2887 1593 omnibus
2915 1536 3022 1592 illis
3041 1537 3097 1591 in
3112 1537 3237 1608 lege
3255 1553 3400 1609 prae-

1795 1627 1937 1682 latus
1969 1643 2092 1683 esse
2121 1626 2328 1693 videar,
2353 1630 2718 1684 conversatus
2743 1642 2865 1681 sum
2893 1628 2958 1682 in
2982 1627 3096 1698 lege
3117 1628 3240 1683 sine
3259 1642 3397 1699 que-

1799 1718 1950 1785 rela;
1981 1716 2060 1772 sic
2090 1715 2236 1772 enim
2273 1731 2363 1770 me
2392 1715 2607 1770 servavi
2636 1715 2783 1786 quod
2812 1729 2974 1771 nemo
3004 1715 3072 1770 de
3103 1731 3192 1770 me
3227 1713 3404 1786 potuit

1797 1804 2081 1877 conqueri.
2131 1805 2264 1860 Sine
2308 1805 2537 1876 querela
2576 1803 2698 1859 dico
2741 1804 3052 1860 secundum
3076 1804 3396 1875 justitiam,

1797 1909 1907 1949 non
1952 1908 2072 1965 quae
2104 1907 2235 1948 vera
2263 1901 2372 1962 est,
2407 1891 2506 1947 sed
2533 1908 2658 1948 eam
2687 1909 2811 1965 quae
2845 1896 2929 1948 est
2956 1893 3020 1947 in
3050 1893 3186 1964 lege,
3237 1908 3403 1964 quam

1797 1983 1962 2038 homo
1993 1981 2124 2036 satis
2162 1988 2343 2052 potest
2383 1980 2597 2051 operari
2625 1996 2727 2052 per
2765 1997 2845 2036 se.
2895 1979 3236 2036 Abscindere
3257 1980 3402 2035 enim

1797 2069 2112 2142 pelliculam
2142 2069 2306 2137 illam,
2340 2077 2586 2125 mactare
2615 2069 2847 2137 hircum,
2877 2076 2928 2124 et
2956 2068 3287 2138 hujusmodi,
3321 2067 3404 2124 fa-

1800 2160 1904 2216 cile
1936 2159 2164 2232 quilibet
2185 2165 2365 2229 potest
2384 2157 2619 2229 operari.
2643 2158 2710 2212 Et
2733 2157 2860 2230 quia
2877 2165 3058 2212 tantus
3085 2157 3141 2212 in
3161 2157 3285 2229 lege
3306 2157 3402 2228 fui,

1802 2249 1848 2304 si
1880 2264 1986 2320 qua
2017 2247 2071 2302 in
2104 2262 2268 2303 carne
2297 2246 2473 2319 gloria
2503 2253 2669 2314 esset,
2693 2245 2829 2302 nulli
2856 2247 3030 2316 major
3065 2261 3231 2318 quam
3251 2245 3405 2314 mihi,

1803 2345 1915 2393 tam
1944 2337 2314 2408 praeeminens
2343 2335 2398 2390 in
2427 2335 2552 2407 lege
2582 2335 2686 2402 fui;
2719 2336 2815 2391 sed
2835 2343 3019 2390 tamen
3041 2350 3106 2391 ea
3127 2351 3250 2408 quia
3281 2343 3407 2391 ante

1803 2426 2033 2500 gratiam
2053 2427 2296 2497 fuerunt
2325 2424 2473 2480 mihi
2503 2426 2694 2492 lucra;
2724 2423 2934 2480 lucrum
2965 2424 3108 2480 enim
3129 2431 3244 2479 erat
3275 2439 3410 2496 ope-

1808 2515 1922 2570 rari
1951 2513 2182 2588 ﬁguras,
2214 2513 2344 2568 dum
2374 2513 2552 2569 adhuc
2581 2520 2987 2584 exspectaretur
3005 2513 3227 2569 veritas.

1874 2605 2001 2658 Hlec
2030 2602 2213 2674 utique
2240 2601 2387 2673 prius
2426 2602 2596 2671 lucra,
2616 2601 2782 2657 modo
2810 2602 3126 2658 arbitratus
3161 2617 3288 2658 sum
3307 2601 3410 2660 de-

1811 2693 2111 2759 trimenta,
2143 2691 2199 2747 id
2230 2698 2312 2747 est
2332 2706 2524 2746 verum
2569 2690 2772 2746 bonum
2815 2689 3154 2746 destruentis
3178 2695 3413 2764 propter

1810 2779 2097 2836 Christum
2139 2779 2575 2852 amplexandum.
2637 2776 2890 2848 Quandiu
2918 2778 3064 2834 enim
3117 2778 3174 2834 in
3214 2779 3415 2836 umbra

1807 2883 2009 2938 essem,
2041 2884 2262 2940 corpus,
2296 2867 2353 2924 id
2393 2876 2476 2923 est
2515 2866 2814 2938 Christum,
2845 2883 2956 2923 non
2987 2867 3415 2940 comprehende-

1806 2975 1943 3015 rem.
1980 2957 2090 3014 Sed
2135 2957 2264 3014 licet
2305 2957 2483 3013 dicam
2511 2964 2734 3028 propter
2779 2956 3052 3013 Christum
3081 2958 3200 3014 haec
3226 2966 3412 3015 vetera

1808 3063 1898 3104 me
1920 3046 2224 3116 dimisisse,
2260 3051 2655 3104 verumtamen
2702 3053 2762 3101 ut
2801 3045 2942 3102 hanc
2970 3061 3214 3114 causam,
3245 3046 3302 3102 id
3331 3054 3416 3103 est

103 3135 221 3202 Deo,
243 3151 354 3192 non
399 3135 459 3190 in
490 3151 651 3192 carne
682 3151 802 3206 quae
821 3133 928 3190 vile
957 3133 1088 3205 quid
1122 3141 1225 3198 est,
1251 3132 1348 3188 sed
1382 3131 1439 3186 in
1471 3128 1710 3202 digniol‘i
1810 3136 2107 3205 Christum,
2134 3136 2347 3205 sileam,
2372 3136 2642 3192 existimo
2661 3150 2766 3206 ego
2786 3137 2980 3192 omnia
3013 3151 3129 3193 esse
3163 3135 3416 3192 decentia

101 3233 266 3296 parte,
291 3225 505 3282 scilicet
533 3224 589 3278 in
618 3225 870 3296 spiritu;
901 3229 1166 3294 quantum
1214 3221 1359 3277 enim
1392 3219 1710 3292 spiritalitas
1733 3276 1777 3297 Α
1811 3242 2001 3282 verum
2023 3225 2225 3280 bonum
2247 3224 2588 3280 solummodo
2605 3228 2838 3297 propter
2852 3224 3204 3280 eminentem
3233 3226 3417 3281 εεὶεη-

105 3314 419 3383 praaeminet
448 3311 771 3380 carnalitati,
804 3319 1012 3366 tantum
1045 3310 1281 3366 servitus
1300 3317 1486 3365 nostra
1516 3323 1708 3363 eorum
1731 3310 1780 3340 ν
1812 3315 1958 3372 tiam
1976 3329 2137 3386 quam
2163 3313 2327 3369 modo
2355 3313 2410 3367 in
2434 3311 2728 3383 scripturis
2761 3319 3046 3368 assecutus
3079 3329 3220 3368 sum.
3263 3313 3417 3369 Prius

100 3402 338 3457 servituti
371 3417 384 3456 :
419 3401 688 3458 servimus
715 3401 831 3456 Deo
861 3399 917 3454 in
961 3399 1170 3470 spiritu,
1205 3403 1263 3456 et
1283 3399 1597 3471 gloriamur
1643 3398 1708 3452 in
1809 3403 1956 3458 enim
1992 3402 2122 3457 dum
2154 3417 2302 3458 eram
2342 3401 2396 3456 in
2425 3401 2571 3474 lege,
2600 3400 2826 3456 videbar
2876 3401 3084 3457 habere
3131 3401 3417 3458 scientiam

104 3491 316 3547 Christo
346 3492 504 3555 Jesu,
522 3490 580 3545 id
609 3496 709 3557 est,
749 3488 996 3544 Christus
1015 3489 1176 3543 Jesus
1205 3495 1289 3543 est
1317 3486 1492 3560 gloria
1521 3491 1710 3541 nostra

102 3587 148 3634 et
168 3579 428 3652 gaudium
462 3586 733 3644 nostrum,
766 3585 818 3632 et
846 3576 998 3632 nulla
1021 3576 1199 3649 gloria
1227 3575 1386 3631 nobis
1403 3575 1458 3629 in
1482 3574 1607 3630 alio.
1630 3574 1712 3628 Ita

102 3667 390 3738 gloriamur
419 3668 478 3722 in
510 3667 727 3722 Christo
767 3666 898 3722 Jesu
923 3708 935 3733 ,
981 3681 1092 3721 non
1150 3664 1328 3720 dicam
1357 3671 1414 3718 ut
1443 3679 1554 3720 non
1585 3662 1712 3735 glo-

100 3757 293 3812 riemur
321 3757 377 3812 in
411 3772 603 3823 carne,
639 3755 740 3812 sed
771 3754 936 3810 etiam
965 3771 1082 3811 non
1113 3753 1384 3810 habentes
1413 3752 1501 3808 vel
1542 3750 1703 3806 mini-

101 3861 238 3900 mam
267 3846 547 3915 ﬁduciam
592 3845 657 3899 in
696 3861 891 3909 carne,
925 3842 980 3897 id
1031 3849 1115 3898 est
1141 3843 1199 3898 in
1244 3841 1557 3898 carnalibus
1590 3855 1713 3911 quae

104 3935 340 3990 suadent.
378 3935 644 3990 Dicerent
674 3931 752 3987 illi
787 3947 800 3986 :
832 3931 1102 3987 Fortassis
1136 3946 1240 3987 nec
1272 3930 1367 3984 tibi
1407 3936 1553 3985 esset
1567 3927 1714 3983 unde

104 4023 401 4079 conﬁderes
432 4023 493 4077 in
537 4021 892 4078 carnezNam
915 4036 994 4086 se,
1039 4027 1144 4076 etc.
1189 4019 1274 4074 Ad
1302 4019 1420 4075 haec
1439 4017 1559 4073 ille:
1590 4017 1715 4072 Non

106 4113 362 4168 erubesco
379 4111 472 4167 vel
493 4107 777 4166 conﬁdoin
802 4125 988 4178 carne,
1004 4125 1327 4182 quanquam
1340 4124 1436 4179 ego
1457 4107 1710 4174 habeam,

104 4199 152 4253 id
167 4209 244 4255 est
273 4201 489 4256 habere
522 4214 765 4270 possem,
821 4197 1233 4266 conﬁdentiam
1272 4198 1322 4252 si
1352 4210 1462 4268 qua
1494 4194 1717 4250 essetin

107 4305 284 4345 carne.
316 4289 444 4361 Ego
476 4288 666 4359 utique
681 4286 940 4342 haberem
957 4285 1360 4354 conﬁdentiam,
1380 4284 1426 4339 si
1445 4299 1550 4356 qua
1569 4289 1715 4338 esset

103 4371 158 4431 in
186 4395 346 4434 carne
379 4397 395 4446 ;
430 4392 566 4432 nam
596 4378 644 4432 si
673 4377 796 4449 quis
840 4375 1065 4432 videtur
1095 4374 1377 4444 conﬁdere
1409 4374 1473 4428 in
1495 4387 1670 4428 carne
1695 4389 1714 4426 :

1807 3491 1967 3563 legis,
2002 3506 2167 3562 quam
2193 3491 2251 3546 in
2299 3489 2529 3547 veritate
2575 3504 2685 3545 non
2731 3489 3029 3557 habebam;
3063 3489 3162 3545 sed
3191 3490 3418 3549 veniens

1809 3581 1879 3636 ad
1909 3580 2221 3641 Christum,
2258 3587 2386 3635 tunc
2413 3578 2650 3650 primum
2693 3577 2856 3633 habui
2901 3593 3088 3634 veram
3137 3579 3419 3636 scientiam

1813 3668 2221 3739 Scripturarum
2251 3668 2415 3740 longe
2465 3667 2794 3723 eminentem
2823 3666 2901 3722 illi
2930 3684 3096 3739 quam
3132 3668 3286 3740 prius
3311 3671 3418 3726 ha-

1813 3758 1947 3813 bere
1967 3757 2216 3828 putahar.
2267 3757 2581 3814 Scientiam
2625 3756 2749 3813 dico
2777 3758 2909 3813 Iesu
2949 3755 3158 3814 Christi
3189 3759 3423 3816 Domini

1813 3847 1952 3912 mei,
1986 3845 2043 3900 id
2072 3853 2156 3901 est
2185 3861 2346 3918 quam
2373 3846 2534 3901 Jesus
2588 3845 2838 3901 Christus
2865 3845 3209 3902 venientibus
3255 3848 3329 3904 ad
3357 3864 3420 3906 se

1815 3935 2114 3990 distribuit.
2141 3933 2456 3990 Secundum
2485 3934 2855 4003 Ambrosium,
2884 3947 3069 3992 amore
3089 3943 3269 3992 motus
3297 3937 3417 3993 Do-
3512 3965 3516 3968 ν

1814 4023 2020 4079 minum
2052 4039 2208 4078 suum
2227 4022 2382 4078 dixit.
2417 4025 2658 4095 Propter
2678 4041 2842 4096 quem
2871 4023 3144 4080 Christum
3166 4040 3420 4098 compre-

1813 4111 2164 4168 hendendum
2192 4128 2304 4166 non
2333 4111 2508 4167 solum
2538 4112 2830 4168 arbitratus
2846 4130 2986 4180 sum,
3011 4114 3110 4169 sed
3124 4114 3284 4170 etiam
3303 4117 3421 4186 feci

1816 4201 1995 4257 videri
2054 4199 2174 4255 aliis
2203 4244 2222 4268 ,
2277 4200 2395 4256 haec
2449 4202 2643 4258 omnia
2686 4201 2926 4257 carnalia
2981 4202 3413 4261 detrimentum.

1818 4286 2061 4344 266
2103 4288 2219 4343 Nec
2249 4287 2426 4343 solum
2455 4303 2522 4342 ea
2569 4289 2818 4346 arbitror
2853 4288 3266 4361 detrimentum,
3317 4291 3416 4347 sed

1815 4377 1982 4432 etiam
2010 4379 2077 4431 ut
2113 4380 2383 4433 stercora.
2434 4374 2668 4431 Omnem
2710 4376 2856 4431 enim
2888 4377 3256 4434 adhaerentem
3310 4379 3415 4435 sibi

107 4465 211 4534 (hic
237 4467 360 4523 dico
407 4468 586 4535 alius,
635 4464 691 4519 id
719 4472 802 4520 est
849 4464 1016 4536 longe
1062 4463 1310 4520 diversus
1339 4479 1370 4517 θ
1397 4478 1508 4528 me,
1543 4459 1713 4532 quiin
1814 4464 2183 4537 coinquinant,
2206 4464 2325 4519 haec
2353 4463 2477 4519 ideo
2497 4463 2728 4520 arbitror
2746 4473 3012 4536 stercora,
3036 4470 3104 4522 ut
3126 4465 3206 4523 sic
3229 4466 3413 4524 Chris-

108 4554 306 4612 Christo
338 4563 556 4610 tantum
580 4551 819 4623 conﬁdo)
837 4569 934 4624 ego
952 4553 1138 4625 utique
1154 4553 1333 4624 magis
1362 4551 1455 4606 illo
1479 4549 1534 4604 in
1551 4564 1714 4604 carne
1816 4557 1940 4610 tum
1959 4554 2172 4625 faciam
2191 4553 2414 4608 lucrum
2429 4568 2632 4620 meum,
2657 4553 2780 4625 quia
2808 4553 3067 4609 deserens
3094 4553 3205 4624 illa,
3228 4555 3410 4613 lucror

107 4658 314 4711 possem
332 4643 642 4700 conﬁdere.
678 4643 847 4712 Magis
887 4641 1031 4708 ideo,
1063 4641 1191 4713 quia
1221 4657 1315 4711 ego
1334 4638 1702 4696 circumcisus
1731 4637 1786 4698 D
1810 4642 1941 4697 mihi
1954 4641 2228 4697 Christum
2247 4641 2302 4696 in
2318 4639 2496 4697 futuro
2511 4641 2725 4713 plenius
2746 4642 3084 4711 habendum;
3103 4643 3228 4700 ideo
3249 4645 3410 4702 etiam

107 4736 289 4788 octava
305 4734 398 4789 die
414 4730 736 4788 secundum
756 4730 929 4800 legem
946 4751 964 4798 ;
985 4729 1076 4786 ille
1097 4729 1343 4786 fortassis
1354 4729 1465 4797 jam
1486 4726 1705 4782 adultus

112 4821 366 4877 transiens
399 4821 470 4877 ad
519 4818 877 4885 Judaismum,
911 4818 1011 4874 fuit
1056 4818 1432 4876 circumcisus.
1467 4816 1706 4871 Circum-

115 4907 234 4965 cisio
263 4927 385 4982 qua:
435 4908 608 4964 fiebat
647 4915 838 4963 octava
868 4905 976 4972 die,
1036 4904 1379 4976 signiﬁcabat
1420 4903 1564 4977 quod
1607 4919 1708 4974 per

111 4995 360 5063 justitiam
410 4998 575 5067 cujus
621 4996 798 5052 forma
856 5002 971 5050 erat
1015 4994 1377 5061 circumcisio,
1432 4991 1707 5050 reversuri

115 5100 311 5142 eramus
341 5087 412 5142 ad
433 5086 594 5141 illam
623 5093 890 5150 octavam,
925 5099 1089 5155 quam
1144 5099 1246 5154 per
1302 5082 1520 5155 culpam
1571 5081 1705 5136 Adae

112 5175 454 5243 perdidimus.
492 5177 557 5230 In
589 5173 807 5246 signum
837 5172 992 5241 cujus
1018 5179 1226 5229 octavae
1263 5172 1408 5228 diem
1460 5169 1704 5227 Domini-

114 5276 222 5318 cam
247 5264 615 5322 celebramus.
637 5261 738 5318 Hic
776 5260 921 5317 enim
952 5262 1188 5317 mundus
1223 5278 1320 5332 per
1340 5267 1550 5332 septem
1585 5259 1705 5314 dies

117 5352 371 5420 volvitur;
404 5353 568 5408 ﬁnito
600 5358 781 5406 autem
811 5350 1034 5416 mundo,
1076 5350 1298 5421 incipiet
1344 5352 1461 5406 haec
1515 5356 1706 5405 octava

113 5455 208 5496 non
233 5443 485 5498 habitura
514 5440 685 5496 ﬁnem
714 5439 771 5493 in
825 5447 1109 5495 aeternum.
1144 5439 1284 5508 Quia
1340 5437 1702 5496 circumcide-

115 5528 295 5586 bantur
321 5541 520 5589 octava
553 5529 646 5585 die
679 5528 840 5584 etiam
867 5529 961 5600 qui
991 5545 1101 5584 non
1148 5536 1300 5584 erant
1329 5528 1398 5584 de
1425 5527 1612 5594 Israel,
1647 5533 1706 5580 ut

119 5616 203 5673 ﬁlii
227 5621 633 5694 proselytorum
668 5636 683 5684 ;
716 5618 838 5673 ideo
868 5617 1018 5672 addit
1045 5619 1197 5691 :Ego
1253 5618 1419 5674 etiam
1461 5633 1582 5671 sum
1639 5616 1704 5670 de

121 5725 305 5778 genere
333 5711 534 5779 Israel,
571 5707 703 5781 quia
718 5707 911 5763 iterum
923 5707 1143 5779 quidam
1155 5707 1458 5765 secundum
1473 5704 1704 5762 alterum

1803 4731 1885 4787 sic
1923 4729 2156 4786 arbitror
2184 4737 2244 4784 ut
2272 4729 2484 4786 interim
2533 4730 2664 4786 dum
2700 4730 2943 4787 nondum
2988 4732 3150 4803 plene
3197 4734 3408 4805 accipio

1803 4815 2098 4883 Christum,
2133 4815 2400 4871 inveniar
2428 4815 2735 4871 membrum
2767 4815 2832 4870 in
2860 4816 2980 4884 illo,
3013 4816 3070 4872 id
3101 4817 3254 4872 estin
3273 4833 3405 4874 cor-

1801 4920 1934 4976 pore
1964 4904 2100 4974 ejus.
2124 4905 2246 4977 Ego
2266 4903 2388 4960 dico
2405 4903 2519 4974 jam
2539 4921 2652 4961 non
2671 4904 2878 4961 habens
2890 4922 3076 4963 meam
3079 4907 3406 4979 justitiam;

1803 5007 1984 5049 meam
2031 4993 2238 5065 utique,
2265 4992 2392 5064 quia
2420 5009 2544 5065 qua:
2574 4993 2776 5062 justitia
2807 4997 2890 5050 est
2926 5011 3001 5052 ex
3051 4996 3184 5068 lege.
3219 4995 3406 5068 Opera

1803 5089 1987 5138 autem
2016 5081 2156 5152 legis
2188 5081 2414 5153 quilibet
2439 5089 2616 5153 potest
2647 5083 2898 5154 operari,
2939 5084 3146 5140 scilicet
3190 5085 3404 5142 habens

1801 5171 1953 5226 illam
1976 5169 2242 5239 justitiam
2271 5186 2396 5242 qua:
2425 5174 2511 5228 est
2539 5187 2614 5227 ex
2642 5172 2752 5242 ﬁde
2798 5173 2929 5228 Iesu
2959 5172 3196 5241 Christi,
3231 5174 3286 5230 id
3318 5182 3404 5230 est

1805 5275 1968 5332 quam
2017 5258 2284 5314 habemus
2312 5274 2410 5329 per
2437 5259 2542 5315 hoc
2571 5260 2716 5331 quod
2775 5259 2832 5315 in
2887 5261 3161 5316 Christum
3215 5262 3403 5318 Jesum

1804 5347 2095 5404 credimus.
2148 5347 2368 5402 Diceret
2413 5347 2505 5402 ille
2539 5365 2551 5402 :
2585 5347 2854 5403 Justitiam
2904 5349 3044 5421 legis
3085 5349 3223 5407 dicis
3279 5367 3403 5408 esse
3485 5378 3490 5382 ·

1805 5445 1981 5502 tuam,-
2011 5435 2161 5490 illam
2190 5443 2369 5491 autem
2401 5451 2523 5506 quae
2559 5444 2643 5491 est
2672 5453 2736 5491 ex
2767 5435 2872 5492 ﬁde
2903 5438 3122 5505 Christi,
3168 5440 3402 5510 opponis

1805 5523 1963 5595 quasi
1992 5531 2078 5578 tua
2107 5539 2217 5578 non
2246 5523 2340 5578 sit.
2395 5524 2474 5578 Ita
2506 5524 2580 5578 ait
2602 5525 2799 5579 Paulus
2833 5541 2845 5580 :
2879 5526 3001 5583 Mea
3019 5542 3127 5581 non
3157 5534 3268 5593 est,
3304 5529 3402 5583 sed

1804 5611 2170 5684 qutejustitia
2208 5615 2293 5666 est
2337 5627 2412 5666 ex
2444 5613 2570 5668 Deo.
2604 5612 2820 5668 Iustitia
2847 5613 2972 5669 dico
3007 5614 3144 5669 sicut
3172 5614 3404 5670 habetur

1803 5715 1905 5772 per
1950 5697 2116 5755 ﬁdem
2151 5698 2225 5754 ita
2253 5699 2551 5770 perdurans
2606 5700 2661 5754 in
2713 5698 2846 5756 ﬁde.
2901 5700 3044 5770 Quia
3087 5701 3404 5772 opinaretur
