3932 6414
542 427 647 480 367

1102 424 1158 479 S.
1193 422 1544 480 BRUNONIS
1581 422 2225 481 CARTHUSIANORUM
2263 421 2743 479 INSTITUTORIS
2780 421 2935 480 OPP.
2975 424 3151 481 PARS
3189 426 3258 481 Il.
3741 430 3825 481 368

540 547 738 619 aliquis
781 564 795 602 :
828 548 1025 602 Verum
1073 547 1292 618 quidem
1340 555 1422 601 est
1461 547 1609 618 quod
1639 562 1710 601 ex
1741 547 1855 601 Deo
1885 544 2051 611 fides,
2082 553 2134 600 et
2155 549 2207 607 Α
2236 562 2349 600 non
2379 546 2623 601 arbitror
2649 562 2737 601 me
2763 546 3253 613 comprehendisse
3275 547 3586 613 Christum,
3622 547 3727 603 nisi
3752 565 3829 618 per

538 636 642 688 nisi
675 652 770 705 per
816 634 976 689 fidem
1025 651 1134 689 non
1175 644 1351 705 potest
1404 635 1591 689 haberi
1624 636 1857 703 justitia;
1899 635 1996 689 sed
2019 635 2132 702 jam

537 723 720 777 habita
741 724 975 792 justitia,
1009 739 1119 777 non
1148 733 1230 778 est
1261 724 1397 777 ultra
1444 724 1750 778 necessaria
1797 722 1960 788 ﬁdes,
2011 722 2134 777 ideo

535 811 637 877 ait,
682 812 806 883 quia
837 812 974 866 sicut
1015 828 1115 882 per
1160 810 1324 866 fidem
1370 821 1545 866 ortum
1585 812 1747 866 habet
1786 812 2009 879 justitia,
2054 812 2134 867 sic

536 899 840 970 perdurare
862 900 1024 954 habet
1054 900 1108 953 in
1132 898 1256 963 fide,
1282 908 1458 954 etnon
1490 899 1606 953 sine
1637 899 1749 953 illa.

605 987 750 1042 Dixit
779 988 1030 1058 superius
1060 987 1203 1058 quod
1232 1004 1331 1058 per
1359 986 1644 1041 Christum“
1661 986 1960 1041 habebatur
1990 985 2131 1041 emi-

533 1090 671 1130 nens
721 1075 965 1143 scientia,
1001 1075 1165 1130 etiam
1218 1075 1273 1129 in
1303 1075 1407 1130 hoc
1464 1074 1691 1130 mundo.
1739 1075 1898 1130 Nunc
1951 1082 2130 1129 autem

534 1163 718 1218 subdit
738 1163 884 1234 quod
910 1180 1010 1234 per
1038 1179 1164 1218 eum
1220 1163 1488 1217 habeatur
1524 1162 1689 1233 longe
1718 1163 1895 1231 major
1934 1162 2131 1234 cogni-

540 1252 612 1307 tio
638 1270 653 1317 ;
686 1251 784 1306 sed
818 1252 933 1307 haec
964 1251 1016 1305 in
1046 1251 1245 1315 futuro,
1279 1250 1499 1321 quando
1526 1251 1815 1305 Dominum
1839 1251 2003 1304 visuri
2033 1267 2130 1304 su-

533 1357 655 1394 mus
685 1341 825 1396 sicut
855 1348 956 1395 est.
980 1338 1113 1408 Qua!
1136 1340 1343 1408 justitia
1364 1347 1444 1394 est
1474 1339 1533 1393 in
1564 1340 1693 1407 ﬁde.
1750 1339 1964 1393 Justitia
2008 1339 2130 1394 dico

535 1428 728 1484 valens
757 1429 829 1483 ad
848 1428 1267 1499 agnoscendum
1298 1429 1467 1482 illum
1509 1427 1564 1480 in
1608 1427 1799 1499 gloria,
1834 1427 1973 1481 sicut
2024 1434 2137 1495 est,‘

540 1532 648 1571 non
681 1516 819 1571 sicut
848 1516 1012 1569 modo
1041 1532 1137 1585 per
1164 1514 1462 1585 speculum,
1487 1522 1538 1568 et
1561 1516 1632 1568 ad
1654 1516 1927 1570 virtutem
1950 1530 2132 1569 resur-

535 1606 806 1660 rectionis
832 1606 975 1674 ejus,
1009 1603 1064 1657 id
1094 1611 1175 1657 est
1207 1603 1277 1656 ad
1310 1603 1707 1671 resurgendum
1738 1602 1793 1655 in
1824 1602 2132 1656 immortali-

534 1701 643 1746 tate
676 1711 690 1756 ;
722 1708 844 1762 qua:
873 1699 1060 1745 nostra
1090 1691 1420 1745 resurrectio
1452 1690 1621 1744 virtus
1651 1698 1734 1743 est
1764 1691 2127 1745 resurrectio-

533 1781 617 1833 nis
648 1780 784 1847 ejus.
833 1778 1177 1833 Resurrectio
1234 1778 1376 1832 enim
1405 1779 1521 1846 ejus
1570 1779 1673 1832 hoc
1704 1776 1884 1843 eﬂicit,
1918 1786 1975 1831 ut
2027 1795 2127 1832 nos

537 1866 786 1921 similiter
829 1882 1200 1935 resurgamus.
1233 1865 1444 1918 iustitia
1486 1865 1676 1918 iterum
1707 1865 1896 1918 valens
1926 1865 1998 1919 ad
2031 1865 2127 1919 lia-
2147 1896 2199 1956 Β

537 1954 769 2008 bendam
797 1955 1122 2007 societatem
1150 1954 1476 2024 passionum
1494 1953 1654 2007 illius
1675 1960 1749 2015 ut,
1786 1952 2132 2021 quemadmo-

535 2042 666 2097 dum
695 2040 788 2095 ille
819 2056 916 2111 pro
945 2040 1122 2105 nobis,
1154 2040 1232 2095 sic
1255 2056 1355 2094 nos
1384 2056 1486 2110 pro
1533 2056 1599 2094 eo
1644 2041 1935 2110 patiamur.
1995 2041 2130 2094 Pas-

543 2130 727 2184 siones
748 2128 946 2184 Christi
967 2136 1142 2194 vocat,
1178 2145 1297 2199 quae
1325 2136 1450 2182 ante
1466 2143 1685 2183 crucem
1717 2136 1831 2183 toto
1886 2136 2133 2199 tempore

537 2216 811 2290 [corpore]
843 2216 1113 2271 toleravit.
1149 2216 1346 2270 Valens
1375 2216 1535 2271 etiam
1564 2216 1632 2270 ad
1663 2216 1961 2271 habendam
1994 2232 2130 2273 con-

531 2304 904 2378 figurationem
934 2306 1137 2361 mortis
1165 2307 1305 2376 ejus,
1343 2312 1399 2358 ut
1431 2320 1530 2358 nos
1560 2303 1707 2359 omni
1752 2305 1915 2359 modo
1954 2304 2130 2360 conﬁ-

531 2411 797 2467 guremur
828 2393 986 2447 morti
1017 2394 1150 2461 ejus-
1192 2393 1260 2448 Ut
1298 2392 1437 2447 sicut
1465 2392 1555 2446 ille
1588 2408 1652 2447 ex
1696 2393 1810 2446 sola
1840 2392 2129 2448 dilectione

531 2490 773 2537 mortuus
803 2489 882 2536 est
915 2497 1015 2551 pro
1046 2480 1235 2545 nobis,
1276 2480 1355 2536 sic
1384 2488 1434 2534 et
1480 2496 1580 2534 nos
1612 2480 1667 2533 in
1696 2481 1982 2535 dilectione
2013 2482 2129 2549 ejus

535 2571 677 2626 mori
709 2570 1067 2642 gaudeamus.
1095 2570 1153 2623 Id
1184 2570 1328 2640 quod
1360 2568 1595 2623 diximus
1625 2567 1933 2641 signiﬁcant
1963 2569 2131 2624 verba

536 2659 677 2728 ejus,
712 2675 833 2730 quas
855 2666 1035 2713 tamen
1073 2657 1151 2713 sic
1181 2665 1568 2713 construuntur
1600 2674 1613 2710 :
1644 2656 1910 2713 Inueniar
1942 2659 2004 2713 in
2027 2659 2127 2713 illo

528 2762 654 2818 ego,
675 2746 816 2812 dico,
840 2747 1227 2817 configuratus
1256 2747 1428 2800 morti
1466 2746 1607 2816 ejus.
1628 2745 1848 2800 Diceret
1882 2745 2075 2816 aliquis
2109 2762 2124 2799 :

529 2834 710 2904 Quare
741 2834 815 2890 ita
838 2835 919 2889 vis
947 2832 1275 2904 conﬁgurari
1304 2833 1467 2888 morti
1497 2833 1634 2901 ejus,
1655 2849 1779 2887 cum
1804 2833 2011 2901 justitia
2040 2841 2128 2887 tua

530 2923 649 2977 sine
677 2930 852 2977 morte
887 2922 956 2977 ad
988 2921 1292 2976 habendam
1323 2920 1554 2993 gloriam
1585 2918 1818 2975 sufficiat
1837 2920 1865 2974 ?
1891 2920 1975 2975 Ad
2011 2922 2127 2976 haec

530 3010 732 3065 Paulus
765 3029 783 3065 :
816 3010 943 3064 Ideo
967 3007 1296 3080 configurari
1317 3008 1440 3062 volo
1451 3008 1609 3062 morti
1630 3008 1768 3077 ejus,
1791 3008 1839 3062 si
1859 3010 2125 3079 quomodo

530 3112 636 3170 ego
664 3113 772 3152 non
801 3112 1055 3152 curarem
1112 3111 1436 3168 quocunque
1484 3111 1686 3166 genere
1726 3096 1994 3165 passionis
2039 3096 2126 3152 vel

528 3184 718 3239 mortis
748 3184 862 3239 haec
883 3184 1163 3238 haberem.
1194 3184 1256 3239 Si
1291 3198 1395 3255 quo
1424 3183 1605 3248 modo,
1639 3183 1882 3254 inquam,
1924 3200 2125 3241 occur-

527 3288 674 3328 ram.
699 3272 903 3327 Servus
923 3279 978 3326 et
1008 3270 1259 3326 dominus
1278 3271 1381 3325 sibi
1412 3270 1643 3325 invicem
1664 3279 1956 3326 occurrunt
1987 3290 2003 3339 ;
2037 3273 2126 3328 hic
2147 3250 2195 3311 Ο

529 3361 669 3415 bene
698 3360 1007 3428 serviendo,
1041 3358 1133 3414 ille
1162 3359 1299 3414 bene
1340 3359 1756 3413 remunerando.
1805 3359 1894 3414 Sic
1926 3360 2124 3415 Paulus

527 3448 764 3505 occurrit
794 3448 1032 3514 Christo,
1074 3447 1206 3502 dum
1260 3447 1486 3502 moritur
1514 3462 1615 3517 pro
1656 3462 1741 3512 eo,
1798 3447 1935 3502 sicut
1965 3448 2123 3503 Chri-

527 3545 643 3592 stus
672 3544 921 3593 mortuus
950 3543 1033 3591 est
1063 3550 1163 3607 pro
1193 3534 1376 3590 Paulo.
1404 3535 1710 3591 Occurram
1739 3534 1863 3591 dico
1892 3536 2124 3591 tendens

523 3625 595 3680 ad
608 3624 1087 3680 resurrectionem.
1128 3622 1226 3678 Vel
1255 3622 1368 3677 ita:
1393 3622 1450 3676 Si
1481 3638 1589 3693 quo
1616 3622 1781 3678 modo
1834 3638 2123 3679 occurram

522 3713 596 3770 ad
624 3714 1116 3780 resurrectionem,
1139 3719 1197 3765 ut
1227 3710 1281 3764 in
1321 3725 1610 3766 occurrere
1638 3710 1966 3765 desiderium
1989 3727 2122 3767 san-

522 3810 732 3856 ctorum
754 3808 1025 3865 notemus,
1078 3814 1200 3871 quae
1241 3797 1571 3853 resurrectio
1613 3802 1799 3853 estea:
1852 3802 2118 3856 mortuis.

523 3889 639 3943 Nos
668 3888 810 3943 enim
832 3895 984 3942 extra
1032 3886 1343 3942 societatem
1382 3893 1713 3941 mortuorum
1752 3903 2117 3958 resurgemus,

528 3976 626 4031 sed
654 3974 807 4045 impii
836 3990 943 4030 non
975 3981 1267 4046 resurgent
1288 3989 1353 4028 ex
1383 3973 1631 4040 mortuis,
1664 3974 1791 4045 quia
1831 3975 1900 4030 de
1952 3975 2041 4031 die
2065 3976 2122 4030 in

524 4064 670 4119 diem
698 4062 1016 4118 morientur.
1042 4062 1172 4116 Ideo
1204 4061 1326 4117 dico
1353 4064 1405 4117 si
1420 4078 1524 4134 quo
1546 4064 1701 4119 modo
1735 4080 1749 4128 ;
1773 4063 1897 4134 quia
1912 4081 2027 4121 non
2039 4063 2124 4119 in-

523 4151 712 4224 telligo
738 4149 881 4223 quod
906 4152 1026 4220 jam
1043 4152 1359 4221 acceperim
1388 4150 1594 4221 aliquid
1632 4151 1700 4205 de
1727 4151 1901 4223 gloria
1926 4152 2020 4206 illa
2051 4151 2119 4207 ad

523 4256 683 4312 quam
715 4224 911 4304 tendo;
936 4241 1038 4293 aut
1055 4238 1195 4308 quod
1216 4240 1343 4308 jam
1373 4241 1660 4309 perfectus
1692 4240 1802 4293 sim
1838 4240 1894 4293 in
1923 4239 2119 4310 cogni-

522 4328 668 4384 tione
700 4326 918 4395 Christi,
949 4326 1019 4381 ad
1041 4326 1191 4394 cuius
1219 4326 1586 4396 cognitionem
1614 4326 1694 4383 sic
1722 4327 1889 4383 modo
1918 4328 2120 4382 utimur

522 4415 646 4483 fide,
681 4415 818 4471 sicut
846 4413 1043 4486 aliquis
1071 4414 1239 4468 utitur
1268 4413 1492 4485 speculo
1521 4414 1591 4469 ad
1620 4415 1986 4486 cognitionem
2018 4430 2118 4471 cu-

517 4504 740 4575 juslibet
762 4503 860 4558 rei.
893 4501 1149 4557 Nondum
1187 4503 1395 4573 accepi,
1453 4502 1551 4557 sed
1586 4519 1786 4575 sequor
1815 4503 1954 4559 sicut
1999 4519 2118 4559 rem

2235 632 2512 702 speculum
2537 632 2683 688 fidei.
2708 635 2829 688 Non
2850 635 3084 689 arbitror
3104 651 3191 690 me
3220 636 3734 706 comprehendisse,
3750 637 3829 691 sed

2227 738 2747 792 persequorunum,
2772 722 2824 775 id
2841 731 2925 777 est
2965 738 3081 777 rem
3115 722 3351 780 267
3392 739 3588 789 unam,
3641 724 3711 779 de
3739 741 3827 795 quo

2233 824 2341 862 uno
2372 809 2461 863 ille
2492 809 2763 864 clamabat
2797 824 2809 863 :
2837 831 2861 860 ι
2897 810 3072 866 Unam
3104 811 3233 881 petii
3263 826 3297 866 a
3317 812 3739 879 Domino,hanc
3757 829 3829 867 re-

2231 897 2442 967 quiram
2474 898 2657 963 (Psal.
2698 912 2859 962 xxvi,
2905 899 2978 967 ι).
3019 922 3040 945 ι
3103 900 3280 955 Unum
3328 900 3611 971 sequitur,
3662 900 3751 972 qui
3782 901 3828 955 in

2232 984 2422 1039 eadem
2451 985 2769 1055 operatione
2798 985 2925 1040 boni
2947 1001 3164 1056 semper
3181 995 3284 1042 est.
3302 987 3424 1042 Duo
3455 987 3729 1059 sequitur,
3750 989 3829 1059 qui

2229 1072 2393 1127 modo
2433 1072 2654 1139 bonum,
2716 1073 2879 1128 modo
2916 1074 3117 1128 malum
3180 1082 3464 1145 operatur.
3531 1077 3830 1149 Persequor

2230 1176 2397 1213 unum
2427 1176 2533 1231 ego
2562 1160 2779 1231 quidem
2809 1162 3138 1218 obliuiscens
3165 1178 3231 1217 ea
3249 1180 3372 1235 quae
3400 1168 3562 1220 retro
3596 1170 3753 1229 sunt,
3781 1164 3827 1218 id

2229 1255 2312 1303 est
2342 1249 2659 1319 temporalia
2677 1256 2729 1303 et
2759 1266 3095 1321 quascunque
3112 1251 3373 1306 carnalia.
3408 1252 3511 1307 Vel
3539 1251 3620 1307 ita
3654 1252 3827 1308 τοὺιὶ-

2228 1338 2445 1391 uiscens
2476 1353 2597 1409 quos
2626 1342 2780 1392 retro
2810 1342 2968 1403 sunt,
3004 1338 3059 1392 id
3087 1346 3169 1393 est
3195 1339 3469 1409 praeterita
3499 1340 3739 1407 merita;
3766 1342 3827 1396 ad

2228 1440 2293 1479 ea
2326 1441 2449 1479 vero
2470 1442 2591 1497 qua:
2606 1429 2741 1479 sunt
2762 1427 2976 1496 priora,
2999 1426 3056 1481 id
3085 1435 3168 1481 est
3197 1427 3433 1497 potiora,
3467 1428 3602 1500 quia
3620 1436 3824 1495 eterna,

2229 1512 2315 1566 vel
2345 1513 2413 1565 ad
2444 1529 2505 1567 ea
2537 1513 2727 1568 merita
2759 1530 2880 1585 qua:
2910 1522 3035 1568 sunt
3053 1515 3230 1585 priora
3275 1516 3531 1582 utilitate,
3565 1524 3624 1573 et
3652 1517 3699 1571 si
3734 1533 3824 1587 po-

2232 1600 2462 1654 steriora
2487 1601 2925 1671 praecedentibus
2954 1611 3220 1673 tempore.
3244 1604 3373 1659 Ideo
3400 1603 3595 1659 ultima
3639 1604 3822 1675 priora,

2229 1689 2357 1758 quia
2390 1690 2758 1758 praisedentia
2788 1689 2943 1745 irrita
2975 1699 3176 1756 essent,
3210 1691 3314 1745 nisi
3345 1702 3713 1763 sequerentur
3737 1694 3823 1746 ista

2226 1794 2346 1846 quae
2378 1775 2573 1830 faciunt
2604 1777 2710 1831 vim
2740 1777 2833 1831 illa
2866 1778 3086 1833 habere.
3118 1779 3203 1834 Ad
3231 1778 3325 1835 illa
3346 1796 3470 1851 quae
3500 1789 3635 1836 sunt
3653 1781 3824 1852 priora

2228 1864 2374 1917 omni
2404 1865 2680 1920 desiderio
2708 1866 3024 1921 extendens
3052 1870 3332 1938 meipsum
3361 1876 3416 1923 et
3444 1883 3619 1925 carne
3649 1877 3701 1924 et
3719 1869 3821 1938 spi-

2230 1952 2351 2016 ritu,
2384 1953 2565 2007 eundo
2597 1953 2675 2009 sic
2705 1954 2777 2008 ad
2809 1954 3180 2021 destinatum,
3214 1956 3269 2010 id
3308 1964 3391 2010 est
3419 1957 3490 2012 ad
3523 1973 3647 2013 rem
3702 1957 3821 2011 mihi

2227 2040 2571 2106 destinatam,
2607 2042 2815 2097 scilicet
2836 2043 2909 2097 ad
2947 2043 3222 2109 bravium,
3253 2043 3306 2097 id
3326 2052 3410 2099 est
3438 2045 3507 2099 ad
3551 2044 3818 2116 praemium

2229 2127 2447 2183 laboris.
2480 2129 2731 2184 Bravium
2763 2130 2887 2186 dico
2919 2133 3230 2187 uocationis
3259 2133 3359 2188 Dei
3383 2132 3453 2187 ad
3485 2133 3640 2204 quod
3691 2131 3819 2188 acci-

2229 2216 2486 2287 piendum
2517 2226 2672 2272 vorat
2700 2234 2787 2273 me
2816 2220 2990 2274 Deus.

2300 2305 2611 2361 Vocationis
2640 2306 2764 2362 dico
2793 2324 3073 2379 supernas,
3094 2307 3149 2362 id
3178 2316 3261 2363 est
3289 2307 3345 2363 in
3374 2308 3630 2379 supernis
3657 2307 3817 2365 caelo-

2228 2409 2349 2446 rum
2389 2393 2673 2462 habendae,
2720 2396 2782 2450 in
2831 2395 3048 2451 Christo
3066 2397 3216 2464 Jesu,
3269 2396 3629 2452 distributore
3673 2396 3817 2464 hujus

2226 2480 2399 2534 bravii
2431 2482 2544 2534 suis
2575 2482 2957 2537 certatoribus.
3002 2484 3062 2537 In
3112 2483 3196 2538 his
3224 2484 3408 2539 verbis
3438 2493 3494 2540 et
3540 2484 3814 2541 certitudi-

2227 2584 2355 2623 nem
2383 2577 2437 2624 et
2465 2570 2995 2626 commendationem
3037 2572 3118 2626 rei
3148 2588 3311 2643 quam
3344 2581 3646 2644 exspectat,
3676 2572 3812 2627 inse-

2227 2656 2316 2711 rit.
2352 2657 2452 2712 Per
2476 2658 2831 2714 destinatum
2873 2667 2928 2714 et
2957 2660 3265 2716 uocationis
3297 2661 3700 2726 certitudinem,
3728 2674 3812 2729 per

2225 2753 2553 2817 supernwet
2581 2748 2699 2812 Dei,
2734 2754 2787 2802 et
2814 2747 2877 2802 in
2898 2746 3116 2803 Christo
3143 2749 3295 2813 Jesu,
3341 2749 3668 2820 dignitatem
3706 2747 3809 2817 ejus

2227 2834 2306 2887 rei
2336 2832 2624 2903 signiﬁcat.
2659 2833 2796 2903 Quia
2824 2851 2931 2907 ego
2979 2835 3175 2891 Paulus
3204 2836 3443 2892 nondum
3499 2835 3689 2908 accepi
3715 2833 3808 2889 ali-

2226 2921 2375 2991 quid,
2409 2937 2513 2977 nec
2532 2923 2710 2978 adhuc
2739 2923 3015 2993 perfectus
3045 2940 3165 2978 sum
3190 2942 3204 2978 :
3229 2924 3328 2979 sed
3358 2940 3564 2997 sequor
3589 2928 3808 2980 utcont-

2223 3009 2599 3081 prehendam,
2647 3012 2950 3067 extendens
2977 3028 3066 3068 me
3095 3012 3165 3068 ad
3193 3013 3519 3069 destinatum
3578 3012 3806 3068 bravium

2227 3112 2481 3167 superna:
2536 3099 2853 3165 vocationis,
2905 3115 3040 3172 ergo
3097 3116 3197 3155 vos
3235 3101 3546 3173 quicunque
3599 3097 3807 3171 perfecti

2228 3187 2358 3241 estis
2388 3187 2494 3242 hoc
2522 3186 2665 3241 idem
2698 3188 2911 3257 sentite,
2931 3188 3156 3257 scilicet,
3187 3204 3287 3245 vos
3332 3189 3579 3245 nondum
3632 3186 3805 3242 Chris-

2224 3281 2335 3329 tum
2365 3290 2431 3329 eo
2460 3275 2624 3329 modo
2654 3276 2954 3346 accepisse,
2986 3285 3078 3332 aut
3097 3276 3154 3331 in
3176 3277 3487 3349 cognitione
3505 3278 3624 3346 ejus
3643 3275 3804 3331 adhuc

2224 3362 2495 3433 perfectos
2525 3379 2673 3419 esse.
2712 3364 2828 3419 Nec
2848 3364 2953 3420 hoc
2982 3381 3082 3435 per
3109 3365 3405 3421 secundam
3424 3379 3716 3436 personam
3734 3361 3805 3415 di-

2224 3450 2315 3518 cit,
2342 3450 2440 3505 sed
2468 3466 2621 3506 more
2650 3466 2770 3518 suo,
2802 3458 2860 3506 ut
2886 3466 2982 3507 eos
3012 3452 3203 3508 melius
3250 3452 3474 3509 inducat
3502 3467 3629 3509 sese
3654 3451 3805 3506 inter-

2224 3538 2379 3603 serit,
2396 3538 2586 3594 dicens
2628 3553 2642 3593 :

2301 3627 2625 3699 Quicunque
2643 3628 2887 3699 perfecti
2917 3644 3132 3695 sumus,
3155 3629 3258 3686 hoc
3279 3631 3624 3688 sentiamus.
3658 3623 3799 3696 Quod

2223 3730 2392 3785 supra
2420 3715 2494 3769 ait
2519 3730 2531 3769 :
2552 3716 2673 3772 Non
2703 3716 2845 3788 quod
2861 3718 2982 3787 jam
3005 3720 3295 3789 perfectus
3324 3719 3454 3785 sim,
3486 3718 3697 3774 videtur
3709 3729 3800 3784 op-

2221 3803 2457 3874 positum
2482 3803 2551 3858 ad
2579 3804 2685 3859 hoc
2730 3804 2876 3875 quod
2903 3804 2993 3861 hic
3044 3805 3137 3871 ait,
3166 3808 3413 3877 perfecti
3465 3821 3683 3873 sumus,
3713 3799 3798 3856 sed

2220 3905 2327 3945 non
2356 3890 2601 3961 impedit.
2636 3891 2715 3946 Ibi
2737 3892 2879 3947 enim
2909 3892 2985 3947 ait
3013 3892 3083 3947 de
3110 3892 3445 3963 perfectione
3483 3888 3796 3967 cognitionis

2220 3977 2340 4043 Dei,
2374 3978 2430 4032 in
2459 3994 2566 4049 qua
2594 3994 2755 4035 nemo
2786 3979 2838 4033 in
2868 3981 2971 4035 hoc
3017 3981 3221 4036 mundo
3256 3980 3528 4052 perfecms
3556 3988 3656 4037 est.
3710 3975 3798 4031 Hic

2220 4061 2293 4115 ait
2320 4061 2389 4115 de
2419 4061 2756 4133 perfectione
2804 4062 3078 4131 virtutum,
3128 4078 3295 4134 quam
3349 4064 3555 4121 habere
3613 4075 3795 4135 possu-

2220 4165 2340 4203 mus
2367 4149 2424 4203 in
2442 4150 2547 4205 hoc
2576 4151 2798 4217 mundo,
2829 4150 2884 4204 in
2914 4167 3017 4222 qua
3046 4150 3383 4222 perfectione
3410 4152 3565 4209 multi
3605 4147 3793 4224 gradus

2220 4245 2363 4293 sunt.
2398 4238 2593 4293 Paulus
2624 4239 2769 4293 enim
2821 4238 3117 4310 perfectior
3170 4239 3300 4306 alio,
3334 4248 3387 4295 et
3417 4240 3642 4312 quilibet
3693 4236 3796 4291 sine

2217 4341 2373 4381 naevo
2386 4325 2656 4381 criminali
2668 4326 2828 4382 vitam
2847 4327 3072 4395 ducens,
3086 4327 3362 4399 perfectus
3377 4329 3591 4384 dicitur.
3605 4327 3673 4382 Et
3682 4322 3794 4396 quia

2217 4413 2359 4468 dixit
2388 4414 2686 4469 sentiamus
2706 4430 2806 4469 nos
2836 4415 2914 4470 sic
2942 4414 3312 4485 imperfectos,
3353 4432 3423 4471 ne
3451 4416 3577 4472 ideo
3607 4415 3674 4471 de
3708 4425 3791 4466 so-

2218 4500 2404 4567 lemni,
2439 4501 2602 4570 quisi
2621 4504 2754 4575 quid
2783 4504 2974 4572 aliter,
2994 4502 3048 4557 id
3079 4510 3163 4558 est
3182 4503 3360 4559 minus
3379 4503 3638 4575 perfecte,
3658 4498 3794 4571 sapi-

522 4608 630 4647 non
662 4591 915 4657 habitam,
949 4598 1001 4646 et
1021 4606 1179 4662 quam
1218 4590 1489 4645 desidero.
1524 4591 1751 4663 Sequor,
1792 4590 2033 4662 inquam,
2066 4592 2117 4648 si
2137 4596 2190 4657 D
2224 4590 2316 4655 tis,
2351 4590 2501 4644 L‘cus
2530 4590 2623 4661 qui
2677 4590 2824 4661 quod
2846 4591 2960 4660 jam
2990 4590 3181 4661 sapitis
3209 4592 3357 4648 vobis
3386 4592 3671 4658 reuelauit,
3701 4588 3792 4641 1106

524 4696 628 4753 quo
658 4680 819 4735 modo
850 4678 1012 4748 (sicut
1041 4694 1203 4748 supra
1252 4679 1453 4735 dictum
1483 4678 1589 4748 est)
1643 4678 2117 4751 comprehendam

522 4784 667 4823 eum.
690 4769 771 4822 Ex
800 4767 1131 4822 abundantia
1159 4764 1461 4822 affectionis
1494 4766 1585 4830 ait,
1620 4766 2107 4837 comprehendam.

522 4859 599 4911 Ac
631 4855 676 4910 si
696 4855 902 4910 diceret
936 4872 950 4909 :
984 4854 1039 4909 Si
1053 4870 1177 4909 eum
1198 4853 1456 4925 consequi
1479 4869 1719 4923 possem,
1752 4854 1806 4908 in
1836 4855 2117 4924 amplexus

523 4959 676 4998 meos
695 4936 1050 4998 includerem.
1088 4940 1567 5014 Comprehendam
1605 4940 1727 4996 dico
1774 4941 1830 4995 in
1859 4957 1925 4996 eo
1954 4943 2116 4998 modo

523 5031 585 5085 in
618 5046 721 5102 quo
738 5030 1171 5103 comprehensus
1190 5045 1316 5083 sum
1343 5045 1378 5083 a
1412 5026 1630 5083 Christo
1648 5030 1797 5096 Jesu,
1818 5030 2038 5100 quando
2060 5038 2117 5085 ut

525 5118 665 5173 sicut
694 5118 937 5173 Christus
967 5134 1053 5173 me
1082 5115 1321 5187 perfecte
1353 5114 1637 5187 cognoscit
1666 5114 1806 5171 sicut
1852 5133 1991 5183 sum,
2043 5118 2117 5173 ita

526 5222 630 5279 ego
646 5208 975 5279 cognoscam
1007 5221 1132 5261 eum
1163 5204 1302 5259 sicut
1330 5211 1431 5258 est.
1466 5202 1563 5257 Vel
1593 5202 1665 5257 ita
1692 5219 1704 5258 :
1739 5205 2115 5277 Comprehen-

525 5296 656 5349 dam
692 5294 965 5349 Christum
992 5292 1047 5346 in
1088 5307 1156 5346 eo
1200 5291 1365 5345 modo
1422 5289 1706 5346 claritatis.
1755 5293 1819 5347 in
1866 5309 1972 5365 quo
2009 5310 2115 5367 ego

526 5382 957 5453 comprehensus
972 5397 1099 5436 sum
1128 5396 1164 5434 a
1183 5377 1401 5433 Christo
1422 5378 1570 5443 Jesu,
1602 5380 1814 5449 quando
1843 5396 1931 5436 me
1961 5398 2116 5438 voca-

527 5470 601 5525 vit
621 5471 675 5524 in
704 5470 807 5536 via,
841 5477 898 5523 ut
918 5469 973 5522 in
1023 5474 1226 5537 quanta
1254 5465 1494 5521 claritate
1552 5474 1677 5523 tunc
1726 5477 1863 5537 erat,
1895 5485 2112 5541 possem

526 5574 649 5614 eum
677 5554 994 5627 amplexari.
1028 5554 1156 5608 Ideo
1184 5553 1305 5610 dico
1334 5555 1823 5628 comprehendam,
1842 5558 1965 5631 quia
1986 5576 2111 5630 ego,

524 5650 757 5717 fratres,
778 5651 829 5700 et
858 5642 904 5699 si
934 5650 1117 5713 raptus
1136 5658 1256 5698 sum
1285 5641 1354 5698 ad
1409 5641 1621 5698 tertium
1656 5645 1875 5723 malum,
1932 5655 2115 5704 tamen

2215 4676 2380 4731 etiam
2408 4677 2556 4748 quod
2612 4677 2934 4747 sapiendum
2971 4686 3136 4733 restat
3174 4679 3332 4735 vobis
3380 4679 3662 4736 revelabit.
3706 4670 3792 4728 Vel

2214 4763 2285 4818 ita
2315 4766 2411 4821 :Si
2440 4765 2573 4837 quid
2602 4765 2775 4821 aliter
2809 4767 3033 4838 sapitis,
3079 4766 3136 4820 id
3163 4774 3247 4822 est
3283 4767 3429 4839 quod
3453 4768 3567 4836 jam
3598 4765 3662 4820 ad
3697 4759 3789 4817 ali-

2216 4868 2376 4922 quem
2406 4852 2643 4925 gradum
2674 4853 3005 4927 cognitionis
3053 4855 3383 4926 pertingitis,
3414 4856 3561 4912 Deus
3589 4854 3683 4910 hoc
3708 4863 3790 4905 re-

2216 4941 2428 4996 uelabit
2461 4939 2632 5007 vobis,
2665 4949 2717 4996 et
2746 4941 2825 4996 sic
2845 4940 3007 4997 faciet
3035 4942 3168 4997 illud
3189 4943 3335 5014 quod
3365 4951 3553 4998 restat.
3570 4940 3664 4998 Vel
3686 4937 3784 4992 ita:

2213 5028 2540 5083 Sentiamus
2561 5044 2660 5083 nos
2702 5028 3070 5099 imperfectos,
3103 5035 3161 5087 et
3189 5032 3241 5087 si
3269 5046 3368 5087 vos
3386 5031 3602 5105 aliquid
3632 5026 3787 5084 aliter

2214 5117 2431 5188 sapitis,
2465 5132 2624 5188 quam
2673 5116 2992 5187 sapiendum
3033 5117 3120 5186 sit,
3155 5133 3189 5172 a
3228 5118 3537 5174 carnalibus
3574 5110 3778 5184 decepti.

2214 5203 2359 5259 Deus
2389 5205 2659 5260 reuelabit
2682 5208 2829 5261 vobis
2858 5205 2957 5260 hoc
2996 5206 3270 5277 quomodo
3315 5206 3520 5262 sentire
3540 5200 3777 5266 debeatis:

2215 5291 2307 5362 qui
2328 5291 2440 5360 jam
2470 5292 2676 5363 aliquid
2706 5292 2832 5349 fecit
2850 5292 2907 5347 in
2934 5294 3108 5349 vobis.
3128 5294 3386 5350 Dicerent
3413 5295 3494 5350 illi
3528 5311 3541 5350 :
3573 5296 3636 5350 Et
3650 5288 3775 5363 quia.

2214 5379 2350 5435 sicut
2377 5380 2532 5448 dicis,
2567 5396 2752 5435 sumus
2781 5380 3103 5452 imperfecti,
3135 5383 3259 5438 ideo
3288 5390 3435 5439 stare
3465 5399 3577 5439 non
3614 5389 3780 5453 possu-

2211 5484 2354 5532 mus,
2386 5484 2486 5523 nec
2514 5468 2820 5523 mirandum
2850 5470 2896 5524 si
2925 5470 3184 5525 labimur.
3223 5470 3308 5526 Ad
3333 5471 3436 5526 hoc
3465 5471 3655 5527 Paulus
3675 5484 3688 5520 :
3707 5462 3779 5520 Li-

2212 5564 2299 5611 cet
2327 5555 2569 5610 nondum
2598 5556 2824 5627 perfecti
2858 5557 3048 5636 simus,
3071 5563 3465 5615 uerumtamen
3498 5561 3701 5631 oportet
3722 5550 3777 5605 ut

2211 5644 2520 5719 sapiamus,
2552 5643 2608 5701 id
2637 5653 2721 5702 est
2758 5644 3127 5718 intelligamus
3170 5647 3321 5704 idem
3359 5663 3573 5705 omnes.
3602 5646 3706 5703 Nec
3729 5638 3775 5693 in
