3932 6422
107 402 216 454 369

746 391 1129 458 EXPOSITIO
1162 401 1236 456 IN
1263 399 1645 457 EPISTOLAS
1705 400 1929 458 PAULI.
1962 432 2030 443 —
2060 402 2135 457 IN
2165 401 2383 458 EPIST.
2416 403 2511 458 AD
2552 401 2838 457 PHILIPP.

3343 396 3449 450 3'70

117 521 451 578 carnalibus
480 522 652 589 idem,
684 523 778 579 sed
808 523 941 578 illud
969 523 1112 579 idem
1143 525 1213 579 ad
1246 524 1393 596 quod
1423 524 1740 596 intelligen-
1771 525 1824 585 Α
1852 544 1874 575 ι
1911 525 2199 596 deprecor,
2234 525 2469 595 idipsum
2500 541 2693 596 sapere
2721 524 2774 578 in
2809 522 3066 579 Domino.
3088 520 3266 576 Etiam
3310 532 3450 589 rogo

113 610 252 664 dum
286 609 402 666 fide
423 614 813 684 pervenimus,
839 616 894 667 et
920 620 1133 682 oportet
1152 620 1207 666 ut
1223 613 1744 685 permaneamusin

117 699 325 754 eadem
361 701 591 770 regula,
623 700 676 754 id
707 709 788 755 est
821 699 874 753 in
907 700 1102 754 eadem
1149 701 1472 756 rectitudine
1506 700 1740 755 vivendi.

119 788 192 842 Ut
224 795 425 842 autem
456 788 512 842 in
545 789 738 843 eodem
767 789 1158 859 permaneatis,
1191 805 1224 843 ο
1255 805 1373 854 vos,
1404 792 1639 860 fratres,
1660 805 1741 844 es.

127 879 247 931 tote
267 879 390 932 mei
413 878 754 940 imitatores,
779 877 924 948 quia,
959 877 1005 931 si
1025 877 1299 948 opponitis
1321 893 1428 941 me,
1451 893 1613 948 quem
1636 892 1744 931 non

124 963 332 1018 videtis
363 980 482 1019 non
503 981 668 1036 posse
685 964 905 1030 imitari,
938 965 1007 1019 ad
1029 966 1133 1021 hoc
1155 965 1462 1036 respondeo
1497 981 1509 1020 :
1546 965 1744 1020 Obser-

124 1056 276 1116 vate,
317 1053 374 1106 id
406 1053 795 1125 estdiligenter
816 1053 1182 1121 considerate,
1209 1070 1299 1108 eos
1328 1055 1424 1126 qui
1443 1055 1525 1108 ita
1549 1069 1743 1108 secun-

123 1139 259 1194 dum
283 1138 459 1195 fidem
485 1143 803 1207 ambulant,
837 1143 986 1198 sicut
1011 1142 1190 1197 adhuc
1209 1141 1447 1206 habetis,
1469 1141 1654 1206 credo,
1689 1141 1743 1195 in

121 1225 408 1280 memoria
467 1229 714 1297 for-mam
746 1227 961 1292 nostri,
1023 1226 1480 1297 quemadmodum
1510 1225 1744 1280 doceba-

124 1329 252 1367 mus
275 1322 330 1368 et
363 1314 688 1369 vivebamus
710 1315 839 1368 dum
855 1314 998 1384 apud
1019 1330 1114 1369 vos
1138 1331 1405 1369 essemus.
1432 1313 1580 1370 Sicut
1600 1314 1741 1369 enim

125 1400 334 1457 faciem
371 1402 617 1456 hominis
649 1402 773 1457 olim
805 1402 906 1456 visi
955 1402 1076 1473 quis
1123 1402 1413 1473 recolligit,
1456 1402 1533 1456 sic
1565 1410 1617 1457 et
1648 1418 1744 1458 vos

121 1489 365 1544 formam
403 1500 612 1546 nostrae
641 1490 904 1545 doctrina:
935 1499 988 1545 et
1017 1506 1252 1547 morum.
1304 1491 1433 1545 Ideo
1465 1490 1617 1555 dico,
1653 1489 1745 1561 qui

122 1577 195 1630 ita
254 1579 569 1632 secundum
635 1578 864 1632 formam
925 1587 1170 1633 nostram
1222 1578 1538 1644 ambulant;
1575 1579 1745 1633 multi

125 1667 288 1721 enim
319 1668 632 1722 ambulant
663 1667 715 1720 in
746 1683 952 1739 genere
999 1667 1149 1733 mali,
1179 1684 1312 1740 quos
1352 1667 1552 1721 multos
1599 1683 1742 1738 saepe

126 1771 254 1810 cum
308 1755 461 1826 apud
494 1771 592 1809 vos
623 1771 794 1824 eram,
828 1755 1079 1811 dicebam
1135 1757 1282 1812 vobis
1327 1771 1451 1810 esse
1482 1756 1743 1810 inimicos

1852 634 1874 664 ι
1909 622 1962 667 et
1991 621 2064 679 te,
2099 615 2371 669 Germane
2402 629 2643 683 compar,
2679 612 2878 680 adjuva
2932 611 3051 665 illas
3082 625 3204 681 qua:
3233 623 3447 663 mecum

1850 724 1871 748 ιε
1907 701 2292 757 laboraverunt
2321 703 2374 756 in
2404 701 2702 772 Evangelio
2734 717 2856 756 cum
2879 700 3180 764 Clemente,
3207 703 3260 752 et
3279 703 3447 752 caete-

1848 813 1868 836 u
1910 791 1982 844 ris
2012 790 2352 858 adjutoribus
2382 790 2540 855 meis,
2573 805 2802 860 quorum
2827 788 3046 843 nomina
3065 794 3192 842 sunt
3224 785 3277 839 in
3307 783 3449 838 libro

1850 899 1872 929 ι
1909 879 2059 934 vitae.
2093 879 2343 935 Gaudete
2374 879 2428 932 in
2460 878 2692 933 Domino
2749 894 2987 948 semper,
3023 875 3218 930 iterum
3273 873 3398 929 dico
3435 888 3449 925 :

1850 988 1872 1016 ι
1913 966 2178 1023 Gaudete.
2214 967 2479 1022 Modestia
2501 974 2684 1022 vestra
2706 975 2837 1020 nota
2884 965 2949 1019 sit
2985 964 3239 1019 omnibus
3265 961 3449 1018 homi-

1851 1077 1874 1106 ι
1910 1055 2088 1110 nibus.
2152 1056 2416 1111 Dominus
2464 1055 2608 1110 enim
2669 1070 2836 1126 prope
2869 1062 2970 1108 est.
3029 1051 3175 1107 Nihil
3233 1051 3452 1107 solliciti

1849 1166 1873 1196 ι
1907 1145 2043 1211 sitis,
2070 1145 2167 1200 sed
2198 1145 2251 1200 in
2281 1145 2430 1200 omni
2478 1144 2724 1200 oratione
2782 1151 2835 1198 et
2883 1141 3288 1205 obsecratione,
3322 1155 3446 1195 cum

1851 1254 1872 1284 ι
1909 1234 2204 1306 gratiarum
2262 1233 2475 1289 actione
2525 1233 2818 1304 petitiones
2856 1240 3052 1286 vestrze
3109 1229 3445 1284 innotescant

1851 1343 1873 1373 ι
1909 1323 2054 1392 apud
2075 1323 2270 1378 Deum.
2301 1323 2372 1376 Et
2409 1337 2513 1392 pax
2546 1321 2672 1387 Dei,
2722 1336 2844 1393 qua:
2889 1325 3183 1389 exsuperat
3228 1331 3447 1372 omnem

1850 1431 1872 1460 ι
1911 1426 2153 1478 sensum,
2207 1410 2475 1466 custodiat
2505 1410 2672 1466 corda
2730 1416 2906 1464 vestra
2953 1416 3002 1462 et
3059 1404 3450 1478 intelligentias

1850 1520 1871 1548 ι
1909 1507 2122 1554 vestras
2150 1499 2203 1553 in
2237 1499 2449 1554 Christo
2483 1501 2636 1554 Jesu.
2671 1499 2750 1553 De
2780 1506 2998 1561 caetero,
3035 1495 3256 1564 fratres,
3292 1510 3448 1566 quae-

1850 1609 1871 1638 ι
1907 1603 2121 1659 cunque
2153 1596 2277 1641 sunt
2308 1603 2456 1653 vera,
2490 1602 2829 1659 quaecunque
2860 1585 3081 1656 pudica,
3106 1597 3448 1655 quaecunque

1850 1697 1872 1726 ι
1899 1677 2070 1745 justa,
2105 1692 2446 1747 quaecunque
2509 1683 2718 1741 sancta,
2777 1689 3116 1745 quiscunque
3165 1670 3444 1733 amabilia,

1850 1787 1871 1814 ι
1906 1780 2248 1836 quaecunque
2281 1765 2437 1819 bona:
2469 1762 2644 1828 famae,
2678 1762 2723 1816 si
2755 1778 2859 1832 qua
2889 1761 3082 1826 virtus,
3116 1760 3161 1814 si
3196 1774 3304 1830 qua
3326 1758 3450 1813 laus

126 1845 294 1900 ενῑιοί
327 1844 570 1910 σῆνίείίν
603 1843 733 1898 dum
765 1843 910 1898 enim
941 1843 1158 1898 aliunde
1191 1859 1356 1938 quam
1388 1860 1488 1915 per
1534 1841 1748 1898 οωοίῧέ
1770 1879 1824 1938 Β
1851 1874 1873 1900 α
1913 1851 2232 1922 disciplinae,
2252 1853 2368 1906 haec
2387 1851 2638 1921 cogitate.
2665 1849 2800 1919 Quae
2819 1858 2869 1905 et
2888 1848 3175 1914 didicistis,
3212 1855 3265 1902 et
3282 1861 3449 1902 acce-

127 1948 254 1986 xum
285 1932 572 1986 Christum
604 1931 788 1987 dicunt
817 1933 1090 1988 hominem
1115 1930 1430 2002 justiﬁcari,
1465 1948 1562 2002 pro
1593 1938 1742 1986 certo

129 2019 496 2075 inimicantur
525 2020 673 2075 cruci
703 2019 924 2076 Christi.
983 2021 1134 2076 Tunc
1167 2021 1211 2074 si
1261 2021 1507 2076 dicebam
1566 2019 1743 2086 vobis,

128 2125 287 2163 nunc
320 2114 524 2163 autem
555 2109 700 2164 idem
729 2111 853 2165 dico
902 2109 1094 2164 dolens
1125 2114 1180 2165 et
1203 2111 1368 2178 ﬂens,
1404 2117 1457 2164 et
1487 2109 1555 2164 de
1586 2109 1745 2162 dam-

130 2196 354 2252 natione
385 2213 600 2264 eorum,
635 2206 687 2252 et
716 2198 784 2252 de
831 2198 1149 2252 seductione
1197 2198 1386 2252 vestri.

204 2286 274 2342 Ut
304 2286 376 2340 ab
408 2285 728 2355 hujusmodi
759 2301 1029 2341 consensu
1060 2286 1438 2356 Pbilippenses
1477 2285 1739 2350 retrahat,

132 2374 410 2446 improbat
445 2375 553 2429 illis
593 2375 840 2446 pseudo;
873 2384 1084 2445 partem
1114 2391 1243 2430 vero
1274 2391 1425 2428 suam
1457 2374 1740 2446 approbat,

130 2463 322 2519 dicens
362 2479 374 2517 :
412 2466 576 2519 Finis
607 2481 842 2538 quorum
865 2464 1208 2520 inimicorum
1231 2464 1429 2519 Christi
1453 2472 1533 2518 est
1563 2465 1744 2519 inter-

129 2552 268 2618 itus,
293 2552 350 2606 id
369 2561 456 2606 est
475 2561 682 2607 {eterna
703 2553 992 2618 damnatio,
1020 2560 1071 2607 et
1093 2554 1238 2608 Deus
1261 2569 1498 2622 quorum
1517 2556 1600 2607 est
1621 2569 1748 2607 ven-

137 2645 242 2705 ter,
278 2641 333 2695 id
357 2641 510 2712 quod
529 2640 1020 2698 continet268
1043 2657 1143 2712 pro
1163 2657 1228 2696 eo
1247 2641 1393 2712 quod
1414 2641 1740 2709 continetur,

139 2728 192 2782 id
223 2737 308 2783 est
340 2745 494 2785 esca.
522 2730 695 2785 Deum
725 2730 868 2785 enim
892 2747 990 2801 per
1017 2745 1198 2785 escam
1229 2746 1288 2784 se
1320 2728 1596 2799 purificari
1617 2745 1744 2785 cre-

137 2816 266 2871 dunt
290 2837 304 2884 ;
337 2819 490 2888 quod
513 2818 612 2872 Dei
632 2826 730 2882 est,
758 2835 899 2874 esca:
919 2819 1234 2874 attribuunt.
1263 2819 1360 2873 Vel
1378 2818 1476 2872 ita:
1499 2820 1743 2888 Quorum

145 2906 289 2961 Deus
322 2911 457 2962 vent
467 2923 528 2961 er
549 2911 665 2972 est;
685 2922 791 2962 non
812 2906 954 2961 enim
976 2923 1161 2962 amore
1184 2907 1283 2962 Dei
1303 2907 1620 2977 praedicant,
1647 2907 1743 2960 sed

143 3001 200 3047 ut
228 3003 480 3049 ventrem
501 2995 776 3066 impleant,
802 3000 857 3050 et
879 2997 1060 3066 gloria
1105 2998 1354 3068 ipsorum
1394 2995 1486 3067 qui
1525 3003 1743 3050 terrena

138 3082 372 3152 sapiunt.
396 3083 453 3137 id
490 3092 572 3139 est
614 3084 705 3155 qui
733 3083 976 3140 carnalia
1007 3092 1286 3139 sectantur
1317 3091 1370 3138 et
1399 3085 1626 3149 docent,
1661 3090 1744 3138 est

139 3172 200 3225 in
229 3174 595 3242 confusione.
637 3171 902 3228 Dicuntur
930 3189 1071 3227 enim
1113 3173 1362 3228 truncati.
1403 3173 1743 3228 Erubescere

143 3259 302 3314 etiam
333 3269 588 3332 possunt,
622 3261 748 3316 dum
780 3261 856 3315 illi
888 3261 1182 3317 rationales
1208 3262 1457 3326 credunt,
1492 3279 1551 3318 se
1577 3261 1742 3330 justi-

140 3345 284 3402 ficari
348 3365 454 3419 per
504 3349 927 3404 immolationem
995 3350 1322 3405 irrationalis
1381 3349 1536 3405 hirci.
1600 3349 1746 3404 Finis

141 3452 322 3491 eorum
355 3446 440 3492 est
476 3437 740 3507 interitus,
777 3439 873 3494 sed
895 3443 1111 3506 nostra,
1146 3455 1256 3494 non
1276 3439 1448 3494 solum
1472 3439 1741 3504 voluntas,

142 3525 237 3579 sed
266 3528 429 3580 etiam
468 3530 818 3584 conversatio
839 3529 930 3599 qui
965 3544 1180 3584 crucem
1210 3528 1410 3582 Christi
1439 3528 1740 3601 diligimus,

144 3615 306 3669 estin
349 3617 512 3671 cretis
534 3635 554 3683 ;
583 3617 819 3670 terrenis
869 3617 1013 3672 enim
1046 3617 1379 3688 postpositis,
1428 3616 1748 3672 anhelamus

143 3701 207 3755 ad
238 3704 510 3759 cmlestia.
549 3705 716 3770 Uade,
751 3705 804 3759 id
861 3715 942 3761 est
999 3706 1144 3778 quia,
1183 3707 1530 3762 conversatio
1560 3714 1748 3760 nostra

148 3799 226 3844 est
244 3791 296 3846 in
318 3793 498 3858 coelis,
523 3793 624 3849 hac
645 3793 839 3850 ﬁducia
868 3795 1048 3850 securi
1079 3799 1480 3867 exspectamus
1509 3795 1577 3849 ad
1595 3794 1747 3862 judi-

145 3878 281 3934 cium
313 3883 658 3937 salvatorem
703 3885 1006 3939 Dominum
1047 3889 1308 3940 nostrum
1337 3885 1527 3940 Iesum
1563 3883 1749 3938 Chris-

149 3972 284 4035 tum,
314 3972 409 4042 qui
435 3988 642 4042 corpus
674 3972 1039 4037 humilitatis,
1064 3972 1118 4026 id
1150 3981 1232 4027 est
1261 3972 1582 4040 abjectionis
1614 3987 1748 4026 nos-

151 4060 250 4111 tra:
281 4060 297 4128 (
306 4075 402 4113 nos
434 4059 586 4114 enim
608 4076 705 4130 per
734 4069 1019 4130 peccatum
1051 4061 1416 4130 nosmetipsos
1446 4061 1750 4129 abjecimus

150 4159 178 4196 a
205 4145 370 4217 gloria
394 4148 447 4201 in
473 4163 580 4218 qua
599 4147 798 4202 conditi
823 4152 1068 4218 eramus)
1095 4167 1108 4202 :
1135 4164 1358 4219 corpus,
1382 4149 1623 4220 inquam,
1647 4149 1750 4203 hoc

154 4237 496 4302 reformabit,
532 4236 751 4307 quando
785 4237 930 4290 enim
962 4237 1194 4306 primum
1227 4237 1502 4292 hominem
1523 4235 1747 4302 creavit,

153 4318 204 4372 in
223 4322 383 4377 multa
411 4340 542 4380 eum
565 4324 813 4379 claritate
833 4324 1105 4380 formavit.
1139 4326 1196 4378 In
1221 4325 1620 4380 resurrectione
1651 4341 1751 4377 au-

155 4415 259 4462 tem
301 4412 500 4481 majori
542 4413 719 4468 adhuc
757 4412 1004 4468 claritate
1055 4413 1374 4468 reformabit
1417 4429 1619 4485 corpus
1655 4430 1756 4469 n0-

156 4500 334 4554 strum
364 4501 790 4571 conﬁguratum
811 4502 1053 4574 corpori,
1077 4501 1132 4555 id
1161 4510 1244 4555 est
1272 4501 1326 4555 in
1347 4501 1540 4556 eadem
1573 4500 1752 4573 figura

156 4586 380 4652 positum
401 4589 458 4643 in
476 4604 586 4661 qua
613 4605 770 4643 suum
801 4605 1003 4659 corpus
1049 4588 1169 4657 erit,
1212 4605 1313 4645 nec
1343 4589 1561 4660 corpori
1593 4605 1748 4644 mor-
1779 4588 1832 4649 D

163 4671 392 4743 talitatis,
423 4677 575 4750 quod
603 4677 751 4747 prius
780 4677 984 4744 habuit,
1044 4677 1143 4732 sed
1187 4678 1404 4748 corpori
1461 4678 1752 4733 claritatis

163 4775 307 4828 sure;
341 4781 502 4836 quam
535 4766 835 4821 claritatem
875 4766 1291 4821 immortalitatis
1335 4767 1546 4836 accepit
1574 4767 1628 4820 in
1661 4782 1751 4820 re-

166 4854 511 4921 surrectione,
548 4863 600 4908 et
629 4854 684 4908 in
714 4855 817 4910 hac
847 4855 1035 4910 eadem
1069 4855 1313 4910 claritate
1336 4855 1753 4910 immortalitatis

172 4951 360 5009 corpus
390 4951 636 4998 nostrum
669 4942 1001 4998 reformabit.
1035 4945 1103 4998 Et
1135 4944 1237 4999 hoc
1277 4944 1575 4999 notandum
1611 4944 1756 5015 quod

167 5036 337 5083 nostra
368 5031 644 5086 humilitas
676 5031 793 5100 ejus
823 5031 921 5086 fuit
960 5032 1201 5087 claritas.
1255 5031 1393 5100 Quia
1432 5041 1610 5087 autem
1650 5049 1754 5102 po-

168 5119 275 5168 tens
303 5117 366 5171 sit
395 5119 710 5184 reformare,
737 5119 920 5174 subdit
953 5120 1140 5175 dicens
1177 5135 1189 5174 :
1223 5120 1554 5176 Reformabit
1581 5136 1756 5193 agens

171 5208 460 5264 secundum
482 5209 874 5280 operationem
901 5227 915 5273 ;
950 5209 1005 5262 in
1035 5226 1145 5281 qua
1174 5209 1495 5279 operatione
1518 5225 1626 5264 non
1657 5225 1755 5263 so-

174 5286 275 5344 lum
295 5294 393 5352 hoc
414 5297 618 5366 facere,
640 5297 738 5352 sed
759 5297 916 5353 etiam
935 5300 1111 5370 possit
1132 5298 1234 5354 sibi
1250 5301 1440 5356 omnia
1461 5299 1754 5370 subjicere.

766 5450 990 5506 CAPUT
1023 5450 1112 5505 IV.

248 5591 268 5620 ι
301 5572 498 5646 Itaque,
533 5573 732 5630 fratres
775 5574 884 5630 mei
914 5574 1220 5630 charissimi
1279 5582 1332 5629 et
1361 5573 1762 5629 desideratissi-

187 5677 207 5706 ι
236 5659 322 5724 mi,
353 5664 608 5734 gaudium
657 5679 838 5718 meum
890 5672 943 5718 et
990 5679 1192 5718 corona
1241 5679 1394 5727 mea,
1431 5663 1511 5718 sic
1541 5670 1677 5716 state
1708 5661 1762 5715 in

192 5767 211 5794 ι
243 5747 476 5822 Domino,
508 5753 840 5810 charissimi.
873 5753 1142 5810 Evodiam
1170 5769 1336 5825 rogo,
1369 5760 1424 5809 et
1451 5752 1764 5825 Syntychcn

1853 1962 1875 1990 ι
1910 1940 2084 2010 pistis,
2118 1949 2169 1995 et
2199 1939 2449 2004 audistis,
2482 1946 2535 1993 et
2563 1938 2775 1992 vidistis
2807 1938 2859 1992 in
2907 1953 3017 2002 me,
3052 1938 3167 1990 haec
3213 1934 3450 2006 cogitate

1853 2052 1876 2077 ι
1912 2037 1964 2083 et
1993 2029 2158 2099 agite,
2195 2036 2245 2083 et
2275 2027 2420 2081 Deus
2452 2026 2604 2096 pacis
2625 2026 2726 2080 erit
2748 2025 3048 2080 vobiscum.
3077 2023 3310 2078 Gavisus
3329 2037 3450 2075 sum

1853 2139 1875 2168 ι
1911 2125 2094 2172 autem
2135 2117 2186 2170 in
2220 2116 2452 2171 Domino
2513 2117 2880 2180 vehementer,
2938 2113 3195 2185 quoniam
3228 2110 3450 2166 tandem

1853 2229 1874 2252 ιι
1913 2205 2210 2276 aliquando
2241 2203 2566 2259 reﬂoruistis
2593 2219 2695 2274 pro
2718 2219 2806 2258 me
2824 2201 3044 2265 sentire,
3070 2200 3210 2256 sicut
3246 2207 3299 2254 et
3316 2215 3448 2253 sen-

1852 2317 1875 2341 α
1911 2293 2146 2348 tiebatis.
2183 2292 2448 2364 Occupati
2469 2300 2652 2347 autem
2682 2291 2870 2346 eratis.
2907 2291 3030 2344 Non
3055 2287 3208 2361 quasi
3229 2295 3450 2359 propter

1852 2403 1874 2432 ι
1911 2382 2199 2453 penuriam
2221 2382 2364 2437 dico.
2387 2382 2509 2451 Ego
2530 2380 2674 2435 enim
2696 2379 2862 2436 didici
2884 2379 2938 2433 in
2960 2379 3156 2450 quibus
3173 2375 3446 2430 sufficiens

1851 2492 1873 2519 α
1910 2487 2051 2525 sum.
2078 2471 2204 2526 Scio
2228 2479 2278 2525 et
2294 2469 2583 2536 humiliari,
2627 2469 2740 2524 scio
2761 2477 2812 2523 et
2847 2467 3145 2522 abundare.
3164 2465 3375 2535 Ubique
3397 2471 3449 2518 et

1851 2584 1873 2607 α
1911 2559 1967 2613 in
1996 2559 2250 2613 omnibus
2279 2559 2557 2612 institutus
2587 2574 2728 2622 sum,
2760 2565 2814 2611 et
2835 2554 3034 2620 satiari,
3067 2561 3118 2608 et
3142 2553 3366 2620 esurire,
3392 2559 3446 2606 et

1851 2672 1872 2695 α
1909 2647 2204 2712 abundare,
2241 2656 2292 2702 et
2315 2646 2598 2716 penuriam
2646 2646 2774 2715 pati.
2813 2643 3009 2700 Omnia
3031 2657 3254 2712 possum
3298 2641 3352 2693 in
3382 2655 3448 2694 eo

1852 2760 1872 2785 α
1913 2736 2005 2807 qui
2041 2752 2125 2791 me
2154 2734 2423 2790 confortat
2454 2733 2839 2806 [confortavit].
2893 2733 3274 2786 Verumtamen
3307 2729 3446 2783 bene

1849 2824 2131 2893 «fecistis,
2192 2823 2658 2880 communicantes
2713 2819 3230 2875 tribulationimeaz.
3282 2817 3441 2872 Scitis

1849 2932 1869 2960 ι
1906 2919 2107 2975 autem,
2151 2917 2204 2964 et
2260 2925 2357 2964 vos
2427 2908 2824 2977 Philippenses,
2878 2905 3024 2977 quod
3077 2905 3129 2957 in
3169 2901 3441 2974 principio

1849 3022 1870 3047 α
1907 2998 2211 3070 Evangelii,
2275 2997 2494 3068 quando
2543 2995 2818 3066 profectus
2877 3009 2997 3048 sum
3027 3008 3057 3046 a
3106 2989 3444 3055 Macedonia,

1848 3111 1869 3135 α
1907 3087 2055 3141 nulla
2121 3085 2251 3140 mihi
2327 3083 2574 3140 Ecclesia
2649 3080 3068 3138 communicavit
3105 3079 3160 3133 in
3236 3078 3446 3132 ratione

1851 3197 1872 3226 ι
1912 3175 2023 3229 dati
2055 3182 2107 3230 et
2136 3173 2362 3245 accepti,
2398 3173 2502 3226 nisi
2533 3186 2632 3226 vos
2679 3169 2802 3237 soli,
2837 3169 2960 3241 quia
2989 3177 3040 3223 et
3089 3165 3443 3221 Thessaloni-

1851 3293 1871 3312 -
1910 3280 2029 3319 cam
2061 3263 2232 3318 semel
2289 3270 2340 3316 et
2380 3261 2465 3314 bis
2511 3260 2564 3313 in
2624 3275 2782 3314 usum
2837 3257 2968 3312 mihi
3040 3255 3266 3311 nisistis.
3324 3255 3451 3309 Non

1851 3377 1871 3400 «
1910 3353 2035 3424 quia
2067 3367 2251 3424 quaero
2283 3351 2487 3415 datum,
2513 3349 2611 3403 sed
2643 3347 2862 3418 requiro
2899 3345 3129 3402 fructum
3159 3343 3451 3399 abundau-

1853 3462 1872 3494 ι
1911 3451 2015 3497 tem
2073 3441 2128 3494 in
2177 3440 2388 3495 ratione
2419 3446 2624 3493 vestra.
2676 3436 2867 3490 Habeo
2925 3443 3104 3489 autem
3134 3432 3344 3496 omnia,
3399 3439 3454 3485 et

1853 3555 1874 3579 α
1910 3529 2148 3586 abundo.
2199 3528 2458 3598 Repletus
2500 3543 2622 3581 sum
2670 3524 2912 3594 acceptis
2944 3523 3014 3576 ab
3072 3520 3448 3591 Epaphrodito

1853 3641 1874 3670 ι
1911 3635 2032 3691 quae
2061 3617 2282 3672 misistis
2320 3617 2373 3670 in
2407 3615 2628 3671 odorem
2682 3611 2965 3667 suavitatis
3022 3611 3255 3664 hostiam
3287 3624 3452 3662 acce-

1852 3729 1874 3759 ι
1911 3717 2078 3778 ptam,
2110 3706 2417 3777 placentem
2449 3704 2582 3758 Deo.
2635 3703 2781 3756 Deus
2829 3708 3008 3754 autem
3047 3715 3201 3752 meus
3231 3697 3452 3766 impleat

1855 3818 1875 3846 ι
1913 3811 2073 3851 omne
2109 3793 2437 3849 desiderium
2469 3799 2713 3848 vestrum
2743 3789 3045 3846 secundum
3077 3785 3294 3842 divitias
3326 3800 3454 3838 suas

1853 3908 1874 3932 α
1910 3884 1962 3938 in
1995 3883 2170 3955 gloria
2217 3882 2270 3936 in
2335 3881 2548 3936 Christo
2595 3880 2742 3934 Jesu.
2807 3879 2922 3932 Deo
2980 3884 3162 3930 autem
3219 3881 3274 3928 et
3311 3871 3454 3927 Patri

1854 3996 1875 4020 α
1911 3981 2099 4028 nostro
2130 3971 2305 4042 gloria
2337 3970 2392 4024 in
2421 3969 2620 4024 saecula
2653 3967 3000 4022 seculorum.
3034 3967 3228 4019 Amen.
3287 3961 3453 4017 Salu-

1855 4082 1876 4111 ι
1913 4069 2020 4115 tate
2069 4076 2284 4115 omnem
2350 4065 2597 4113 sanctum
2647 4057 2703 4110 in
2748 4055 2965 4110 Christo
3020 4054 3170 4106 Jesu.
3213 4050 3456 4104 Salutant

1856 4170 1880 4202 ι
1915 4165 2013 4204 vos
2044 4149 2136 4220 qui
2166 4163 2384 4202 mecum
2417 4154 2542 4200 sunt
2591 4145 2808 4198 fratres.
2858 4142 3105 4196 Salutant
3134 4155 3230 4194 vos
3261 4154 3454 4192 omnes

1857 4262 1877 4285 ιι
1915 4238 2108 4302 sancti,
2143 4235 2375 4291 maxime
2405 4243 2588 4290 autem
2621 4233 2711 4304 qui
2760 4232 2828 4286 de
2860 4230 3090 4286 Czesaris
3113 4229 3278 4283 domo
3306 4235 3449 4280 sunt.

1855 4349 1876 4374 α
1916 4326 2106 4381 Gratia
2138 4324 2353 4379 Domini
2410 4323 2582 4380 nostri
2636 4323 2767 4376 Jesu
2816 4318 3019 4375 Christi
3074 4332 3200 4373 cum
3255 4314 3453 4386 spiritu

1857 4437 1878 4466 ι
1915 4423 2114 4480 vestro,
2148 4415 2343 4468 Amen.
2375 4436 2396 4460 ιι

2419 4576 2714 4617 EXPOSITIO
2723 4603 2736 4617 .

1925 4687 2169 4745 269
2189 4689 2255 4742 Et
2277 4686 2404 4758 quia
2428 4686 2759 4755 reformabit
2797 4700 2896 4738 nos
2930 4683 3022 4755 qui
3063 4695 3456 4737 conversamur

1852 4781 1914 4834 in
1939 4779 2112 4841 caelis,
2135 4778 2347 4848 itaque,
2368 4759 2580 4844 fratres
2602 4774 2733 4839 mei,
2761 4773 2840 4828 sic
2862 4771 3147 4826 nobiscum
3169 4785 3461 4824 conversa-

1854 4866 2003 4921 mini.
2029 4865 2246 4920 Fratres
2264 4863 2387 4918 dico
2402 4863 2744 4926 charissimi,
2771 4877 2871 4931 pro
2887 4861 3001 4929 jam
3023 4859 3163 4913 bene
3184 4858 3372 4927 gestis,
3399 4862 3456 4913 et

1855 4953 2387 5017 desiderantissimi,
2411 4950 2464 5004 id
2486 4958 2567 5004 est
2592 4950 2683 5021 qui
2715 4965 2802 5004 me
2838 4949 3064 5002 multum
3105 4944 3455 5002 desideratis.

1857 5043 1954 5098 Vel
1977 5041 2462 5104 desideratissimi,
2486 5039 2540 5093 id
2563 5047 2646 5093 est
2667 5037 2958 5108 plurimum
2983 5053 3013 5090 a
3036 5051 3122 5090 me
3144 5033 3456 5089 desiderati.

1857 5133 1966 5188 Vos
1991 5131 2115 5186 dico
2144 5129 2412 5200 gaudium
2436 5144 2625 5183 meum
2655 5127 2709 5180 in
2741 5125 2994 5196 praesenti
3021 5144 3034 5190 ;
3078 5124 3282 5178 bonum
3313 5122 3460 5178 enim

1857 5219 1990 5274 mihi
2019 5228 2102 5273 est
2131 5217 2377 5290 gaudere
2404 5217 2472 5271 de
2519 5224 2702 5269 vestra
2741 5213 3076 5286 perfectione
3105 5230 3119 5276 ;
3151 5228 3250 5266 vos
3281 5215 3337 5266 et
3371 5227 3462 5266 co-

1857 5325 2000 5364 rona
2031 5323 2157 5362 mea
2175 5307 2229 5360 in
2252 5305 2453 5368 futuro,
2487 5319 2584 5374 pro
2606 5303 2761 5357 vobis
2782 5303 2924 5356 enim
2947 5299 3199 5356 coronari
3221 5298 3460 5355 confido.

1862 5399 1990 5461 Vos,
2017 5395 2228 5459 fratres,
2266 5398 2417 5449 state
2446 5394 2508 5447 in
2539 5393 2775 5446 Domino
2806 5391 2907 5456 sic,
2932 5390 2986 5444 id
3007 5397 3089 5443 est
3106 5387 3191 5443 vel
3209 5389 3348 5443 sicut
3365 5403 3464 5441 vos

1861 5484 2041 5550 docui,
2057 5483 2143 5538 vel
2162 5483 2300 5538 sicut
2323 5496 2494 5552 usque
2516 5480 2680 5534 modo
2703 5477 2948 5538 stetistis,
2975 5475 3113 5530 sicut
3134 5475 3464 5530 charissimi

1862 5575 1931 5628 de
1951 5571 2246 5643 praeterito,
2279 5571 2353 5625 ita
2383 5568 2706 5624 charissimi
2738 5583 2834 5636 pro
2865 5566 3046 5619 futuro
3069 5564 3238 5617 bono.
3263 5563 3460 5617 Vosita

1862 5661 1916 5716 in
1948 5659 2220 5715 communi
2246 5660 2516 5713 admoneo
2542 5675 2554 5721 ;
2590 5655 2687 5708 sed
2718 5655 3001 5717 Evodiam,
3027 5651 3179 5722 quasi
3205 5668 3326 5721 quae
3355 5651 3462 5704 cito

1863 5747 2186 5816 consentiat,
2217 5764 2367 5820 rogo,
2401 5750 2457 5803 et
2488 5744 2828 5817 Syntychen,
2880 5756 3000 5814 quae
3030 5739 3210 5795 minus
3251 5738 3466 5794 videtur
