3932 6422
507 344 604 399 371

1055 346 1117 401 S.
1163 344 1516 403 BRUNONIS
1553 342 2201 402 CARTHUSIANORUM
2240 343 2727 401 INSTITUTORIS
2765 343 2918 401 OPP.
2960 345 3135 402 PARS
3173 346 3242 401 Il.

3716 348 3813 402 372

509 467 819 535 exorabilis,
839 471 1120 542 deprecor,
1145 487 1340 541 sapere
1361 478 1622 542 utrasque
1647 471 1912 541 idipsum,
1936 469 1990 523 id
2013 475 2094 524 est
2122 470 2177 529 Α
2196 468 2371 523 Deum
2402 468 2688 524 innotescit
2717 468 2924 540 petitio,
2960 469 3007 524 si
3037 470 3126 542 qui
3156 470 3286 541 petit
3311 471 3498 540 justus
3529 477 3655 536 est,
3690 477 3739 524 et
3769 470 3814 522 si

511 557 773 612 unitatem
803 556 949 612 ﬁdei.
986 558 1226 629 ldipsum
1245 559 1368 614 dico
1399 574 1507 613 non
1539 558 1592 612 in
1611 558 1754 630 lege,
1782 558 1878 612 sed
1909 559 1970 612 in
1992 559 2102 613 Do-

512 645 686 700 mino.
721 645 816 700 Ha}
843 646 964 700 dua:
994 655 1256 701 matronae
1287 655 1461 713 erant,
1500 663 1622 718 qua:
1665 646 2105 700 ministraverant

511 732 773 804 Apostolo
803 741 855 788 et
884 734 1166 804 discipulis
1199 736 1252 789 in
1280 735 1668 804 prazdicatione
1696 754 1708 799 ;
1744 734 1841 788 sed
1869 751 1969 804 per
1989 750 2105 787 mu-

507 820 734 877 liebrem
756 821 1030 877 levitatem
1061 823 1206 894 quod
1238 823 1476 878 fecerant
1519 823 1809 893 Apostolo,
1845 823 1989 876 idem
2021 821 2104 876 fa-

511 909 723 966 ciebant
753 909 859 964 illis
889 911 1117 981 pseudo,
1152 920 1404 982 putantes
1434 927 1494 966 se
1522 912 1660 965 bene
1709 926 1895 980 agere,
1932 920 1984 964 et
2014 927 2106 964 su-

509 1013 609 1069 per
664 999 769 1054 hoc
824 999 1223 1072 redarguuntur
1253 1016 1286 1054 a
1317 1000 1504 1055 Paulo.
1556 1003 1695 1070 Rogo
1756 1001 1930 1054 etiam
1963 1003 2036 1062 te,
2070 1015 2104 1053 o

511 1087 804 1152 Germane,
839 1088 930 1160 qui
951 1088 1080 1142 mihi
1103 1105 1332 1160 compar
1351 1105 1410 1143 es
1442 1089 1497 1142 in
1517 1088 1898 1158 praedicatione
1920 1088 2104 1141 Evan-

508 1174 658 1248 gelii,
691 1175 897 1245 adiuva
927 1177 1060 1232 illas
1100 1176 1372 1242 docendo,
1426 1193 1496 1231 ne
1528 1176 1604 1231 sic
1653 1184 1833 1231 errent
1859 1175 2101 1240 ulterius,

509 1264 586 1332 (et
615 1261 839 1334 dignum
870 1263 998 1334 est,)
1029 1265 1153 1336 quia
1182 1281 1303 1337 qua:
1350 1265 1748 1319 laboraverunt
1794 1281 2012 1319 mecum
2042 1267 2104 1318 in

509 1351 829 1423 Evangelio,
863 1351 931 1406 de
962 1351 1074 1406 suis
1102 1351 1233 1406 mihi
1262 1351 1654 1418 ministrando;
1687 1366 1806 1423 quae
1836 1352 1998 1407 etiam
2019 1351 2105 1406 la-

511 1438 842 1494 boraverunt
899 1456 1028 1495 cum
1082 1441 1366 1496 Clemente
1397 1445 1453 1496 et
1485 1441 1708 1495 cazteris
1757 1441 2107 1497 adiutoribus

509 1528 668 1595 meis,
704 1527 955 1582 similiter
985 1527 1362 1583 ministrando.
1394 1529 1663 1592 Nomina,
1693 1528 1744 1581 id
1778 1535 1860 1582 est
1888 1527 2101 1592 merita,

511 1631 768 1689 quorum,
793 1632 894 1687 per
935 1632 1058 1688 quae
1092 1632 1277 1672 coram
1314 1617 1430 1670 Deo
1462 1615 1820 1671 nominabiles
1836 1623 1977 1679 sunt,
2000 1631 2104 1669 no-

508 1704 672 1767 mina,
700 1703 943 1775 inquam,
961 1708 1095 1758 sunt
1114 1707 1175 1759 in
1199 1705 1336 1761 libro
1359 1707 1506 1759 vitae.
1523 1704 1682 1759 Liber
1699 1705 1823 1759 vita:
1848 1721 2002 1758 mens
2025 1703 2108 1757 di-

2203 557 2348 627 quod
2375 557 2535 627 petit,
2569 557 2823 612 idoneum
2856 566 2957 613 est.
2997 558 3291 614 Petitiones
3319 558 3589 614 dicuntur
3620 557 3692 613 de
3722 575 3812 612 re-

2204 644 2304 698 bus
2335 661 2457 716 quze
2484 645 2648 700 modo
2678 654 2997 717 opportunae
3018 654 3168 712 sunt,
3219 647 3384 702 modo
3415 654 3726 711 transeunt,
3759 657 3812 699 ut

2202 733 2388 803 pluvia
2419 734 2471 787 in
2521 734 2792 795 siccitate.
2845 743 3010 789 mstus
3040 735 3096 789 in
3123 751 3324 791 messe.
3357 734 3521 804 Quod
3552 751 3623 789 ex
3657 735 3811 789 vobis

2205 821 2450 891 potestis,
2485 821 2668 887 tacite,
2700 829 2752 877 et
2785 822 2840 877 in
2871 839 2980 894 quo
3006 838 3104 878 vos
3149 822 3380 878 deﬁcitis
3413 825 3566 877 Deus
3601 839 3671 878 ex
3703 823 3820 893 pie-

2205 916 2313 963 tate
2347 909 2610 980 suppleat.
2645 908 2804 978 Quod
2854 911 2931 964 sic
2988 911 3057 965 ait
3089 929 3100 965 :
3136 913 3259 967 Pax
3289 912 3408 976 Dei,
3458 911 3517 965 id
3545 920 3635 966 est
3667 912 3818 965 Deus

2202 997 2373 1068 pacis,
2396 1006 2447 1051 et
2477 1013 2718 1070 congrue
2739 997 2813 1054 2
2827 997 2982 1054 '70
3007 999 3156 1070 (quia
3172 1016 3408 1071 pugnam
3430 1000 3814 1070 patiebantur)

2203 1085 2445 1140 nominat
2493 1085 2581 1142 hic
2635 1087 2807 1140 Deum
2853 1087 3007 1157 pacis
3039 1104 3052 1142 :
3083 1104 3236 1160 pax,
3271 1088 3490 1159 inquam
3510 1131 3522 1154 ,
3555 1089 3662 1144 Dei
3694 1105 3820 1161 qua:

2205 1178 2510 1246 exsuperat
2533 1191 2756 1230 omnem
2778 1192 3009 1231 sensum
3032 1195 3052 1231 :
3073 1176 3379 1232 intellectus
3398 1176 3546 1230 enim
3569 1177 3821 1231 hominis

2205 1275 2326 1314 eam
2359 1277 2557 1333 capere
2589 1278 2694 1317 non
2718 1263 2938 1328 sufficit;
2963 1264 3347 1336 pax,inquam,
3374 1268 3492 1320 haec
3524 1266 3822 1320 custodiat

2205 1350 2390 1415 corda,
2426 1349 2479 1403 id
2511 1358 2593 1405 est
2630 1350 2938 1406 voluntates
2967 1360 3176 1406 vestras
3200 1397 3212 1417 ,
3272 1356 3328 1407 et
3386 1353 3824 1422 intelligentia:

2205 1441 2419 1492 vestras
2439 1439 2501 1492 in
2527 1437 2746 1496 Christo
2766 1441 2914 1505 Iesu,
2949 1439 3040 1512 qui
3069 1440 3234 1495 totius
3264 1440 3391 1495 boni
3420 1441 3682 1496 custodia
3713 1449 3817 1495 est.

2205 1524 2437 1593 Quidam
2466 1525 2612 1581 idem
2642 1526 2968 1600 intelligunt,
3001 1528 3099 1582 sed
3131 1543 3237 1583 non
3272 1528 3416 1582 idem
3433 1528 3649 1584 volunt.
3687 1528 3826 1596 Qui-

2205 1613 2328 1666 dam
2360 1613 2504 1668 idem
2534 1614 2740 1682 volunt,
2775 1615 2866 1687 qui
2899 1623 3078 1670 tamen
3107 1615 3254 1671 idem
3310 1631 3422 1670 non
3470 1616 3818 1689 intelligunt.

2277 1702 2357 1757 De
2386 1703 2680 1774 praeteritis
2703 1703 2782 1759 sic
2803 1720 2902 1758 vos
2927 1703 3150 1758 instruxi
3178 1723 3193 1772 ;
3225 1703 3290 1759 de
3311 1709 3536 1770 caetero,
3557 1705 3616 1759 id
3645 1714 3733 1760 est
3752 1707 3821 1760 de

505 1792 631 1847 vina
652 1791 870 1858 dicitur,
893 1791 949 1846 in
965 1807 1072 1863 qua
1093 1791 1221 1846 boni
1243 1791 1314 1846 ab
1343 1800 1549 1847 esterno
1573 1793 1890 1848 memoriter
1917 1791 2103 1862 scripti
2133 1820 2186 1882 Β
2207 1788 2407 1858 futuro,
2431 1793 2666 1861 fratres,
2691 1793 2932 1864 cogitate
2955 1809 3300 1865 quaecunque
3329 1797 3466 1849 sunt
3484 1810 3644 1858 vera,
3669 1811 3826 1866 quo:-

511 1887 654 1934 sunt.
675 1879 773 1935 Hic
795 1879 1103 1934 Germanus
1124 1888 1238 1934 erat
1258 1879 1537 1948 coadjutor
1558 1880 1705 1934 Pauli
1727 1879 1781 1934 in
1829 1880 2102 1952 praedica-

512 1967 677 2024 tione.
702 1967 813 2021 Has
851 1983 1115 2038 personas
1145 1983 1210 2024 ex
1232 1967 1450 2023 nomine
1472 1968 1549 2023 sic
1571 1968 1856 2032 admoneo,
1881 1968 1936 2022 in
1956 1984 2103 2023 com-

508 2072 672 2112 mune
695 2063 873 2112 autem
895 2057 998 2112 hoc
1019 2056 1280 2127 praecipio
1308 2070 1322 2110 :
1351 2057 1599 2112 Gaudete
1615 2073 1722 2111 non
1751 2057 1804 2110 in
1826 2057 1969 2127 lege,
1993 2073 2102 2111 non

509 2145 564 2200 in
579 2144 908 2209 carnalibus,
934 2145 1030 2199 sed
1049 2145 1113 2200 in
1130 2145 1365 2200 Domino
1386 2145 1546 2215 (sieut
1562 2145 1815 2199 admonui
1837 2145 1892 2199 in
1909 2144 2108 2216 princi-

430 2279 438 2284 .
509 2233 644 2306 pio);
670 2247 772 2289 nec
793 2233 863 2288 ad
886 2233 1096 2300 horam,
1123 2233 1220 2288 sed
1245 2249 1466 2306 semper
1494 2233 1731 2304 gaudete
1766 2235 1824 2289 in
1847 2235 2102 2300 Domino,

515 2330 570 2378 et
601 2323 813 2379 iterum
846 2321 991 2376 idem
1016 2320 1136 2378 dico
1160 2341 1177 2376 :
1201 2322 1446 2378 Gaudete
1466 2322 1521 2376 in
1551 2321 1806 2377 Domino.
1847 2322 1901 2376 Si
1934 2320 2105 2376 semel

511 2410 715 2467 diceret
738 2409 998 2483 gaudete,
1014 2425 1123 2465 non
1145 2410 1421 2465 videretur
1452 2411 1556 2466 hoc
1578 2410 1717 2466 velle
1735 2426 1894 2482 quam
1915 2410 2062 2464 aliud
2088 2429 2103 2476 ;

511 2498 608 2554 sed
633 2499 762 2571 quia
782 2500 890 2554 hoc
923 2499 1103 2572 magis
1155 2499 1386 2555 suadere
1431 2498 1678 2565 intendit,
1712 2515 1985 2570 nunquam
2018 2514 2107 2552 ni-

509 2587 616 2644 mis
646 2586 776 2643 dicit
805 2587 952 2659 quod
983 2603 1258 2660 nunquam
1303 2587 1467 2642 nimis
1497 2586 1571 2642 fit.
1629 2587 1706 2642 lta
1754 2594 1936 2642 autem
1965 2601 2105 2658 gau-

511 2675 636 2732 dete
665 2674 722 2730 in
750 2674 984 2730 Domino
1006 2682 1064 2730 ut
1083 2676 1359 2732 modestia
1387 2679 1573 2732 vestra
1593 2679 1730 2731 nota
1751 2676 1828 2731 sit
1846 2675 2106 2732 omnibus

512 2763 853 2830 hominibus,
877 2763 945 2818 ad
961 2765 1264 2836 exemplum
1276 2764 1429 2819 boni.
1454 2764 1778 2820 Modestiam
1797 2763 1931 2819 dicit
1952 2762 2110 2835 quasi

511 2868 842 2919 mensuram,
866 2851 1026 2908 utsic
1058 2852 1355 2908 mensurati
1391 2852 1517 2919 sint,
1549 2868 1618 2907 ne
1641 2851 1786 2907 ultra
1818 2852 2107 2907 Dominum

513 2941 775 3013 gaudium
821 2948 1099 3012 quaerant,
1151 2957 1254 2998 nec
1305 2939 1446 2996 infra
1483 2940 1722 3012 gaudere
1759 2946 2108 3011 praesumant.

513 3031 666 3087 Ultra
703 3029 995 3085 Dominum
1035 3029 1294 3101 gaudium
1345 3029 1560 3101 quaerit,
1591 3029 1682 3100 qui
1720 3027 1845 3083 fidei
1867 3028 2111 3100 adjungit

513 3118 765 3175 carnalia.
785 3118 932 3174 Infra
966 3117 1227 3186 subsistit,
1253 3117 1346 3190 qui
1366 3117 1422 3172 in
1455 3117 1692 3188 propriis
1722 3117 1929 3173 viribus
1969 3133 2106 3190 gau-

514 3207 662 3264 dium
691 3208 900 3282 qumrit.

585 3296 846 3353 Dicerent
864 3295 943 3350 illi
975 3313 988 3350 :
1021 3295 1228 3351 Bonum
1259 3301 1404 3349 esset
1431 3293 1499 3349 ad
1527 3293 1734 3350 cultum
1766 3293 1867 3349 Dei
1925 3293 2106 3366 legem

514 3385 815 3458 adjungere
844 3381 991 3439 ﬁdei.
1023 3383 1108 3439 Ad
1136 3383 1242 3439 hoc
1267 3382 1468 3437 Paulus
1501 3400 1515 3438 :
1549 3382 1639 3439 Sic
1659 3389 1829 3438 estote
1850 3382 2104 3448 modesti,

515 3477 647 3548 quia
675 3475 949 3531 Dominus
979 3488 1150 3545 prope
1180 3475 1284 3539 est,
1307 3471 1362 3526 id
1390 3480 1474 3527 est
1496 3478 1719 3543 paratus
1769 3487 1987 3543 semper
2025 3477 2109 3526 est

516 3561 764 3618 auxiliari
800 3561 1083 3616 modestis.
1117 3561 1319 3615 Iterum
1345 3560 1422 3615 illi
1457 3578 1469 3615 :
1505 3561 1560 3616 Si
1596 3568 1908 3616 teneremus
1936 3560 2107 3616 disci-

512 3652 716 3724 plinam
747 3650 913 3723 legis,
953 3648 1023 3704 ad
1053 3649 1435 3721 corrigendum
1465 3648 1736 3721 inquietos
1767 3657 1913 3704 esset
1942 3648 2106 3703 utilis.

515 3740 600 3796 Ad
627 3741 734 3795 hoc
763 3739 960 3794 iterum
990 3737 1190 3793 Paulus
1218 3752 1229 3790 :
1253 3737 1553 3794 Nihilsitis
1573 3739 1829 3807 solliciti,
1863 3737 1916 3791 id
1943 3745 2110 3792 estne

517 3828 635 3883 sitis
665 3827 815 3882 dubii
843 3827 911 3882 de
940 3827 1143 3882 auxilio
1165 3825 1284 3892 Dei,
1349 3827 1493 3898 quod
1524 3826 1679 3883 vobis
1726 3827 1994 3882 accelerat
2022 3825 2110 3880 di-

517 3915 707 3971 missio
743 3915 906 3988 legis.
965 3914 1064 3970 Vel
1122 3915 1280 3970 latius
1343 3916 1676 3987 accipiamus
1707 3917 1813 3972 hoc
1858 3916 1928 3970 ita
1957 3922 2012 3970 ut
2041 3913 2112 3969 ad

516 4012 799 4076 utramque
857 4020 1097 4076 pugnam
1148 4005 1513 4076 respondeant
1551 4006 1669 4062 haec
1717 4005 1905 4061 verba.
1943 4003 2112 4073 Quasi

517 4092 723 4148 diceret
755 4108 768 4148 :
802 4094 910 4148 Vos
939 4093 1192 4164 utrinque
1223 4092 1639 4166 impugnamini,
1667 4094 1764 4148 sed
1786 4093 2025 4166 gaudete
2057 4094 2114 4147 in

520 4181 755 4238 Domino
794 4198 1011 4252 semper
1038 4224 1051 4249 ,
1084 4182 1212 4253 quia
1239 4182 1389 4253 digni
1418 4182 1548 4237 estis
1592 4198 1622 4236 a
1649 4182 2110 4252 persecutoribus,

518 4279 572 4327 et
591 4287 624 4326 a
643 4271 852 4343 pseudo
882 4286 978 4341 pro
997 4271 1216 4326 nomine
1238 4271 1353 4340 ejus
1374 4270 1512 4342 pati.
1551 4271 1752 4325 Iterum
1783 4270 1906 4325 dico
1931 4285 1944 4324 :
1971 4272 2115 4325 Gau-

520 4361 667 4417 dete.
691 4360 901 4430 Duplex
920 4367 1001 4414 est
1035 4375 1242 4431 pugna,
1284 4361 1484 4430 duplex
1533 4359 1858 4414 exhortatio.
1895 4358 1984 4415 Sic
2013 4375 2114 4412 au-

517 4458 628 4505 tem
660 4449 914 4520 gaudete,
946 4456 1003 4502 ut
1031 4447 1317 4517 modestia,
1351 4448 1402 4502 id
1463 4456 1546 4502 est
1589 4447 1980 4517 temperantia,
2013 4463 2114 4517 pa-

2205 1895 2428 1951 cunque
2459 1880 2682 1952 pudica.
2703 1880 2830 1936 Haec
2849 1881 2976 1948 duo,
2994 1897 3124 1936 vera
3150 1889 3202 1936 et
3224 1882 3451 1953 pudica,
3474 1881 3629 1938 circa
3649 1881 3822 1937 ﬁdem

2204 1967 2563 2037 accipiuntur,
2615 1985 2847 2040 quorum
2905 1968 3136 2024 alterum
3195 1969 3312 2026 sine
3344 1969 3520 2024 altero
3548 1969 3683 2026 licet
3714 1986 3822 2026 ne-

2204 2063 2366 2126 queat
2398 2073 2521 2111 esse
2557 2057 2612 2110 in
2643 2056 2770 2112 fide.
2806 2057 2861 2111 Si
2893 2058 3036 2112 enim
3067 2057 3268 2114 veritas
3303 2067 3385 2114 est
3413 2056 3598 2114 inﬁde
3623 2067 3680 2114 et
3710 2076 3822 2130 pu—

2205 2143 2405 2211 dicitia,
2427 2144 2555 2216 quia
2587 2145 2632 2198 si
2682 2144 2817 2200 falsa
2859 2143 2995 2200 ﬁdes
3026 2154 3126 2212 est,
3190 2154 3275 2202 est
3329 2146 3490 2202 etiam
3532 2145 3820 2215 adultera,

2206 2240 2383 2287 tamen
2412 2248 2524 2287 non
2553 2240 2677 2287 sunt
2709 2234 3000 2304 superﬂua,
3035 2234 3163 2306 quia
3192 2251 3384 2290 verum
3426 2243 3479 2290 et
3524 2235 3820 2306 pudicum,

2207 2320 2456 2375 diversas
2489 2319 2678 2376 laudes
2708 2323 2924 2395 signant
2954 2323 3008 2377 in
3024 2321 3152 2379 fide.
3180 2322 3431 2394 Cogitate
3447 2324 3636 2390 etiam,
3663 2341 3824 2397 qua:-

2207 2426 2430 2480 cunque
2447 2411 2629 2480 juxta
2662 2410 2732 2464 ad
2774 2410 3099 2482 proximum,
3129 2428 3474 2485 quaecunque
3518 2417 3728 2468 sancta
3766 2413 3824 2467 in

2207 2496 2382 2562 vobis,
2419 2514 2775 2570 quacunque
2823 2498 2982 2553 etiam
3013 2507 3138 2554 sunt
3189 2499 3480 2566 amabilia,
3504 2499 3566 2556 id
3595 2505 3685 2556 est
3713 2516 3822 2571 pro

2207 2585 2627 2657 quibuscunque
2680 2594 2897 2641 amatur
2929 2587 3122 2660 religio
3149 2596 3346 2656 vestra,
3379 2595 3432 2642 et
3463 2605 3822 2661 quacunque

2208 2681 2332 2728 sunt
2377 2675 2531 2729 bonae
2570 2677 2762 2746 fawnw,
2787 2675 2842 2729 id
2873 2683 2956 2730 est
3004 2676 3074 2731 de
3115 2675 3529 2748 quibuscunque
3559 2677 3710 2733 bona
3737 2677 3824 2733 lo-

2210 2770 2446 2834 quuntur
2469 2762 2741 2818 homines.
2767 2763 2847 2818 Ita
2868 2772 3051 2819 tamen
3081 2763 3205 2820 dico
3244 2764 3405 2821 bona
3423 2765 3582 2821 famae
3617 2767 3671 2820 si
3705 2783 3824 2838 qua

2210 2853 2394 2907 virtus
2415 2858 2497 2906 est
2514 2851 2569 2905 in
2591 2851 2690 2906 eis.
2711 2851 2810 2907 Vel
2827 2854 2874 2908 si
2895 2867 3005 2908 non
3026 2860 3108 2908 est
3130 2860 3272 2908 tanta
3294 2854 3483 2919 virtus,
3511 2853 3578 2908 sit
3605 2853 3685 2908 ibi
3707 2854 3822 2908 sal-

2209 2947 2317 2994 tem
2341 2941 2532 3012 aliqua
2553 2941 2678 2995 laus
2698 2940 3054 3013 disciplinae;
3081 2940 3277 2998 suﬂicit
3297 2942 3441 2997 enim
3463 2942 3822 2999 solummodo

2211 3027 2496 3099 disciplina
2509 3029 2832 3095 Christiana,
2855 3037 2911 3084 ut
2932 3038 3190 3102 appareat
3206 3029 3510 3086 laudabilis.
3531 3030 3817 3103 Cogitate,

2209 3117 2448 3189 inquam,
2475 3116 2590 3174 haec
2613 3118 2816 3184 omnia,
2833 3135 2957 3190 quae
2979 3123 3034 3176 et
3063 3120 3340 3176 didicistis
3355 3137 3389 3175 a
3405 3137 3514 3184 me.
3552 3124 3609 3176 et
3631 3121 3822 3177 etiam

2139 3179 2186 3240 C
2206 3179 2503 3278 accepistis
2523 3221 2552 3260 a
2583 3222 2670 3261 me
2696 3225 2710 3272 ;
2744 3179 2982 3278 etturpe
3013 3215 3096 3263 est
3123 3216 3178 3262 ut
3209 3208 3475 3263 deseratis
3505 3179 3637 3280 quae
3670 3210 3822 3265 bene

2205 3295 2526 3365 incoepistis,
2559 3311 2681 3368 qua:
2710 3297 2887 3351 etiam
2916 3297 3158 3352 audistis
3187 3313 3302 3353 esse
3353 3299 3417 3352 in
3444 3315 3554 3363 me,
3588 3303 3647 3353 et
3683 3314 3818 3354 cum

2207 3383 2350 3454 apud
2379 3398 2479 3439 vos
2509 3399 2686 3439 essem
2719 3385 2940 3440 vidistis
2959 3387 3021 3441 in
3043 3401 3152 3442 me.
3187 3387 3312 3443 Haec
3353 3400 3463 3441 non
3494 3386 3677 3442 solum
3712 3403 3821 3444 co-

2208 3472 2392 3544 gitate,
2416 3471 2513 3526 sed
2537 3471 2695 3527 etiam
2713 3475 2885 3543 agite,
2911 3477 2968 3528 et
2989 3481 3116 3530 tunc
3140 3476 3283 3530 Deus
3296 3475 3456 3547 pacis
3477 3476 3589 3530 erit
3601 3491 3819 3548 coope-

2209 3560 2376 3614 rando
2407 3561 2706 3617 vobiscum.
2745 3561 2833 3618 Sic
2883 3577 2981 3617 vos
3043 3562 3112 3617 de
3166 3561 3362 3618 futuris
3409 3563 3713 3630 admoneo,
3747 3565 3822 3620 de

2208 3648 2498 3720 praeteritis
2514 3657 2694 3704 autem
2713 3651 2935 3721 gavisus
2955 3667 3079 3706 sum
3100 3651 3458 3708 vehementer
3474 3653 3535 3708 in
3548 3653 3816 3716 Domino.

2211 3737 2436 3804 scilicet,
2480 3738 2626 3808 quod
2665 3739 2895 3794 tandem
2941 3739 3111 3794 multo
3151 3748 3398 3810 tempore
3437 3741 3818 3810 prseterito,et

2211 3833 2340 3881 tunc
2361 3826 2689 3898 aliquando,
2715 3827 2768 3881 id
2790 3835 2872 3882 est
2890 3828 3059 3883 semel
3076 3845 3185 3883 non
3200 3828 3431 3900 amplius
3447 3830 3815 3899 reﬂoruistis.

2207 3913 2342 3969 Cum
2373 3915 2516 3970 enim
2546 3915 2694 3986 aqud
2732 3931 2834 3971 vos
2867 3931 3037 3987 eram,
3073 3924 3200 3972 tunc
3230 3917 3375 3973 circa
3403 3934 3490 3972 me
3520 3916 3814 3985 ﬂoruistis,

2212 4019 2356 4058 nunc
2385 4011 2564 4058 autem
2595 4003 2918 4058 reﬂoruistis
2950 4020 3059 4059 non
3105 4005 3279 4060 solum
3334 4006 3678 4074 ministrare,
3715 4009 3820 4064 sed

2213 4091 2377 4147 etiam
2405 4092 2618 4147 sentire
2633 4108 2733 4164 pro
2754 4109 2862 4148 me.
2891 4092 2981 4148 Sic
3003 4093 3147 4148 enim
3165 4093 3348 4166 gravis
3377 4094 3477 4149 fuit
3498 4095 3656 4150 vobis
3689 4113 3821 4153 mea

2214 4188 2452 4251 egestas,
2487 4196 2550 4235 ac
2581 4180 2626 4234 si
2659 4195 2756 4235 vos
2799 4181 3004 4236 eisdem
3044 4181 3383 4252 indigeretis.
3417 4183 3630 4238 Sentire
3663 4185 3816 4252 dico,

2214 4270 2361 4324 sicut
2385 4267 2514 4322 olim
2547 4283 2669 4323 cum
2697 4269 2842 4339 apud
2872 4285 2970 4325 vos
3001 4285 3170 4338 eram,
3204 4287 3303 4341 pro
3333 4287 3421 4326 me
3453 4273 3812 4330 sentiebatis.

2214 4356 2557 4412 Reﬂoruistis
2588 4357 2979 4414 convenienter
3030 4359 3120 4415 ait.
3153 4359 3303 4415 Sicut
3357 4360 3502 4414 enim
3532 4361 3602 4416 de
3653 4361 3814 4430 ﬂore,

2213 4443 2284 4498 ita
2315 4443 2519 4500 fructus
2550 4454 2897 4515 exspectatur
2916 4447 2984 4501 de
3005 4447 3107 4503 hac
3137 4446 3624 4503 administratione.
3649 4450 3817 4505 Nunc

517 4537 720 4593 tientia;
747 4545 942 4592 vestrae
970 4545 1100 4592 nota
1129 4537 1198 4591 sit
1217 4536 1470 4592 omnibus
1491 4536 1819 4590 hominibus.
1843 4537 1911 4591 Ut
1932 4543 2111 4591 autem
2140 4537 2191 4596 D
2213 4533 2430 4587 tandem
2461 4533 2802 4600 reﬂoruistis,
2829 4535 2926 4590 sed
2944 4535 3096 4606 prius
3117 4537 3375 4608 occupati
3393 4537 3587 4601 eratis,
3611 4545 3664 4591 et
3685 4537 3817 4592 ideo

519 4626 749 4682 modesti
780 4625 914 4691 sitis,
967 4625 1156 4681 sictote
1207 4625 1331 4696 quia
1378 4624 1642 4680 Dominus
1669 4638 1836 4694 prope
1887 4632 1988 4692 est,
2022 4623 2114 4695 qui

517 4731 628 4771 non
656 4715 859 4771 deserit
889 4722 1172 4785 sperantes
1204 4713 1257 4767 in
1291 4729 1370 4768 se.
1403 4714 1466 4768 Et
1499 4711 1628 4782 quia
1675 4727 1848 4782 prope
1879 4719 1989 4777 est,
2023 4711 2112 4766 ni-

514 4804 590 4859 hil
621 4819 756 4877 ergo
788 4803 1002 4859 solliciti
1034 4803 1170 4864 sitis.
1204 4801 1259 4856 id
1291 4809 1373 4856 est
1401 4817 1470 4855 ne
1491 4808 1877 4870 persecutores
1901 4799 2113 4855 dubite-

519 4893 608 4948 tis.
634 4893 716 4947 Ne
735 4891 851 4946 sitis
877 4891 1047 4958 dubii,
1081 4891 1174 4946 sed
1203 4890 1370 4962 petite
1398 4890 1461 4944 in
1484 4889 1639 4944 omni
1660 4889 1934 4958 oratione,
1951 4889 2112 4946 etob-

517 4983 854 5049 secratione,
871 4984 925 5036 et
945 4996 1069 5035 cum
1085 4980 1404 5050 gratiarum
1421 4978 1664 5032 actione.
1685 4975 1871 5031 Oratio
1893 4975 2106 5044 dicitur,

519 5068 735 5140 quando
764 5084 853 5122 res
883 5065 1240 5138 impetrabilis
1286 5065 1484 5135 petitur
1514 5072 1566 5119 et
1594 5064 1960 5134 deprecative.
1995 5065 2113 5120 0b-

519 5155 751 5212 secratio
772 5156 986 5221 dicitur,
1023 5153 1240 5225 quando
1270 5169 1369 5223 per
1401 5151 1772 5220 adjuramenta
1803 5160 1854 5206 et
1877 5153 2021 5223 quod
2044 5154 2113 5208 ad

516 5244 920 5316 impetrandum
949 5241 1166 5297 diﬂicile
1221 5240 1434 5294 videtur
1462 5241 1822 5311 postulamus.
1862 5241 2112 5297 Redditio

520 5333 682 5388 etiam
729 5332 1029 5404 gratiarum
1076 5329 1144 5382 ad
1191 5328 1532 5398 impetranda
1597 5328 1776 5383 futura
1832 5329 1978 5384 utilis
2007 5337 2109 5394 est,

521 5422 658 5478 sicut
688 5421 963 5494 ingratum
1008 5432 1131 5472 esse
1171 5432 1406 5471 nocuum
1463 5425 1562 5472 est.
1602 5418 1692 5473 Sic
1739 5427 1916 5474 autem
1948 5419 2114 5489 petite

517 5514 584 5566 ut
607 5509 914 5580 petitiones
960 5509 1160 5560 vestra:
1179 5506 1544 5562 innotescant
1571 5507 1720 5579 apud
1742 5509 1938 5576 Deum,
1954 5507 2007 5561 id
2031 5515 2113 5562 est

517 5597 754 5672 cognitae
783 5602 836 5650 et
863 5593 1173 5664 approbatae
1204 5593 1308 5650 sint
1362 5596 1504 5668 apud
1554 5596 1748 5653 Deum.
1780 5597 1930 5652 Tunc
1969 5596 2111 5668 apud

2215 4621 2558 4677 excusabiles
2590 4621 2752 4682 estis.
2783 4622 2830 4677 si
2861 4623 3078 4679 aliunde
3109 4624 3351 4695 impediti
3387 4640 3496 4680 non
3523 4624 3816 4680 ministra-

2215 4709 2330 4764 stis.
2367 4711 2598 4767 Gavisus
2626 4726 2751 4766 sum
2770 4711 2975 4783 utique,
3000 4719 3053 4766 et
3091 4729 3207 4769 non
3237 4714 3342 4768 hoc
3371 4714 3492 4768 dico
3515 4713 3670 4784 quasi
3687 4731 3820 4786 pro-

2210 4801 2343 4869 pter
2359 4799 2683 4871 penuriam,
2718 4817 2840 4870 quae
2867 4799 2998 4854 mihi
3020 4800 3206 4871 gravis
3237 4807 3409 4867 esset;
3443 4817 3537 4873 ego
3557 4802 3716 4857 enim
3737 4804 3818 4858 di-

2216 4885 2331 4942 dici
2360 4902 2474 4941 esse
2499 4887 2784 4958 suﬁiciens
2812 4889 2875 4943 in
2897 4888 3314 4960 quibuscunque
3344 4905 3490 4944 sum.
3522 4890 3646 4946 Scio
3662 4891 3815 4946 enim

2215 4978 2271 5028 et
2291 4974 2609 5041 humiliari,
2636 4975 2690 5029 id
2721 4983 2803 5030 est
2832 4977 3141 5047 pauperari.
3163 4979 3286 5033 Scio
3299 4980 3473 5033 etiam
3493 4978 3810 5036 abundare.

2213 5062 2308 5116 Ille
2332 5062 2433 5118 scit
2456 5063 2746 5128 humiliari,
2785 5064 2876 5135 qui
2914 5080 3023 5118 non
3077 5063 3350 5137 frangitur
3401 5074 3674 5138 egestate;
3709 5070 3814 5124 scit

2213 5150 2512 5217 abundare,
2547 5152 2593 5205 si
2626 5167 2748 5207 cum
2799 5153 3118 5208 auctoritate
3165 5155 3314 5209 novit
3369 5155 3598 5208 subditis
3629 5156 3814 5226 impe-

2213 5255 2358 5305 rare,
2392 5255 2501 5294 non
2532 5246 2707 5294 tamen
2739 5240 2842 5294 sibi
2872 5241 2938 5295 ad
2983 5241 3212 5311 gloriam
3237 5283 3250 5310 ,
3285 5242 3383 5297 sed
3413 5243 3483 5297 ad
3525 5243 3813 5300 utilitatem

2212 5328 2501 5384 Ecclesia}.
2558 5329 2681 5383 Scio
2739 5328 3035 5384 humiliari
3075 5334 3130 5385 et
3161 5330 3490 5398 abundare,-
3523 5349 3630 5404 ego
3661 5335 3803 5389 enim

2212 5433 2336 5471 sum
2356 5417 2681 5482 institutus,
2707 5416 2760 5470 id
2784 5425 2867 5472 est
2889 5425 3140 5472 assuetus
3162 5419 3380 5490 ubique,
3408 5419 3461 5473 id
3485 5429 3566 5474 est
3586 5422 3642 5475 in
3659 5424 3804 5478 omni

2211 5505 2354 5570 loco,
2375 5503 2489 5560 sive
2510 5504 2617 5558 sint
2637 5504 2710 5558 ibi
2729 5505 2908 5574 pauci,
2934 5522 3030 5560 seu
3051 5505 3255 5577 plures,
3272 5523 3368 5561 seu
3388 5523 3688 5579 pauperes,
3713 5528 3809 5568 seu

2211 5592 2424 5649 divites.
2447 5594 2514 5649 Et
2533 5595 2594 5648 in
2617 5594 2876 5652 omnibus
2889 5595 3053 5652 rebus
3065 5611 3185 5650 sum
3206 5611 3310 5667 ego
3331 5595 3632 5669 institutus,
3651 5605 3708 5656 et
3728 5618 3804 5658 sa.
