3932 6434
218 372 324 426 3'73

899 367 1280 425 EXPOSITIO
1321 369 1396 424 IN
1433 367 1812 425 EPISTOLAS
1850 368 2074 426 PAULI.
2119 398 2190 411 —
2227 369 2302 425 IN
2338 369 2558 425 EPIST.
2601 369 2697 425 AD
2737 367 2894 425 COL.

3441 369 3544 422 374

223 494 435 562 turari,
461 497 518 550 et
549 496 808 561 esurire;
840 501 891 548 et
909 493 990 564 (ut
1019 493 1176 548 latius
1193 493 1396 565 dicam)
1418 496 1530 550 scio
1551 493 1837 550 abundare
1868 496 1916 554 A
1941 495 2068 549 Deo.
2090 495 2192 550 Per
2220 493 2505 550 incensum
2533 494 2646 565 (qui
2675 492 2872 548 dicitur
2899 491 3037 548 odor
3075 490 3264 547 suavis
3293 489 3434 559 Deo)
3464 488 3544 544 si-

223 588 283 638 et
303 587 607 655 penuriam
639 583 790 654 pati.
805 582 873 637 Et
893 582 1018 638 licet
1035 582 1210 637 dicam
1230 585 1342 639 scio
1355 584 1498 655 pati,
1519 591 1646 648 etc.,
1663 591 1847 637 tamen

222 672 345 727 haec
376 672 570 726 omnia
599 688 846 743 possum,
879 686 986 725 non
1020 671 1076 724 in
1106 670 1314 725 viribus
1350 671 1506 740 meis,
1568 671 1665 726 sed
1695 671 1757 726 in
1785 687 1846 726 eo

223 761 517 828 adjuvante
547 761 643 832 qui
671 776 762 814 me
793 775 890 830 per
918 759 1159 831 gratiam
1192 775 1345 813 suam
1384 761 1754 830 confortavit.
1779 760 1848 813 Et

217 849 350 905 licet
369 848 601 903 dixerim
621 865 708 903 me
739 864 847 903 non
868 855 1095 918 propter
1118 847 1407 918 penuriam
1427 848 1676 920 gavisum
1695 863 1843 914 esse,

222 942 618 993 verumtamen
647 953 756 992 non
787 952 907 990 sum
936 936 1182 1010 ingratus
1216 935 1518 1001 beneﬁciis,
1554 936 1651 992 sed
1703 938 1841 992 bene

220 1027 445 1096 fecistis
492 1025 984 1080 communicantes
1038 1025 1399 1082 tribulationi
1442 1042 1603 1091 meae,
1655 1024 1710 1079 id
1756 1033 1840 1079 est

219 1114 352 1168 mihi
376 1113 647 1170 tribulato.
666 1114 799 1170 Dico
820 1114 932 1169 scio
955 1114 1244 1169 abundare
1270 1118 1325 1168 et
1347 1115 1652 1185 penuriam
1672 1114 1840 1186 pati;

222 1219 316 1258 vos
347 1211 553 1269 autem,
585 1219 620 1256 ο
651 1203 1042 1274 Philippenses
1070 1202 1189 1257 haec
1221 1202 1402 1268 scitis,
1447 1202 1575 1274 quia
1615 1201 1838 1274 quando

218 1293 518 1363 profectus
560 1307 689 1346 sum
717 1307 752 1344 a
773 1290 1116 1356 Macedonia,
1149 1290 1202 1343 in
1233 1290 1502 1361 principio
1530 1290 1838 1362 Evangelii,

222 1381 396 1434 nulla
414 1379 664 1435 Ecclesia
685 1379 1128 1435 communicavit
1155 1379 1293 1433 mihi
1317 1382 1376 1432 in
1403 1381 1646 1445 ratione,
1671 1378 1726 1433 id
1756 1386 1840 1433 est

223 1467 283 1522 in
313 1467 749 1523 consideratione
779 1466 903 1522 dati
923 1470 977 1522 et
1002 1469 1238 1539 accepti,
1273 1475 1330 1520 ut
1352 1469 1728 1522 consideraret
1749 1483 1836 1522 me

222 1556 358 1611 dare
389 1556 492 1609 sibi
523 1555 842 1626 spiritualia,
893 1563 948 1609 et
974 1571 1063 1610 me
1106 1554 1308 1610 debere
1351 1555 1419 1609 ab
1457 1555 1538 1609 cis
1583 1555 1834 1625 accipere

217 1643 486 1700 carnalia.
520 1644 619 1698 Vel
649 1659 951 1700 econverso
983 1643 1130 1714 quod
1177 1643 1449 1714 acciperet
1470 1660 1501 1698 a
1530 1660 1617 1699 me
1666 1644 1832 1715 spiri-

220 1733 411 1798 tualia,
445 1740 497 1787 et
527 1731 752 1788 deberet
790 1733 924 1786 dare
967 1730 1312 1802 temporalia.

1947 582 2240 654 gniﬁcatur
2267 582 2461 638 oratio.
2495 583 2623 638 Hasc
2639 591 2816 637 autem
2847 582 3198 650 eleemosyna
3227 595 3337 634 non
3365 577 3547 633 minus

1946 679 2105 744 grata
2136 671 2234 725 fuit
2265 672 2380 726 Deo
2409 687 2568 742 quam
2609 672 2802 725 devota
2846 670 3042 724 oratio.
3079 667 3298 723 Misistis
3329 675 3381 722 et
3410 667 3551 722 hanc

1946 759 2193 814 eamdem
2209 761 2447 815 hostiam
2473 764 2766 831 acceptam
2785 761 2912 823 Deo,
2933 775 3033 813 nec
3055 755 3441 829 quoquomodo
3457 770 3551 810 ac-

1945 855 2178 918 ceptam,
2203 849 2301 902 sed
2325 848 2465 903 bene
2483 849 2810 920 placentem
2843 849 2975 902 Deo.
3009 845 3198 900 Hostia
3228 845 3547 913 vocabatur,

1944 936 2089 1008 quod
2118 951 2219 1007 pro
2251 935 2481 991 devictis
2509 935 2595 991 vel
2649 935 3006 990 devincendis
3050 933 3298 988 hostibus
3345 931 3548 988 offere-

1945 1024 2120 1079 batur.
2155 1024 2222 1078 lli
2251 1033 2450 1091 autem,
2485 1024 2530 1078 si
2580 1039 2638 1078 se
2671 1023 2754 1079 vel
2802 1022 3141 1087 verberibus,
3197 1021 3283 1076 vel
3325 1019 3550 1090 jejuniis

1942 1120 2262 1179 mactarunt,
2295 1121 2351 1166 ut
2380 1112 2669 1166 invisibilis
2718 1112 2890 1166 hostis
2942 1110 3265 1167 tentationcs
3313 1124 3550 1180 supera-

1941 1209 2082 1270 rent,
2116 1217 2225 1256 non
2255 1201 2432 1273 magis
2464 1201 2748 1272 placerent
2778 1201 2893 1255 Deo
2923 1215 3088 1272 quam
3145 1199 3261 1254 haec
3311 1197 3548 1252 admini-

1941 1290 2144 1345 stratio.
2179 1290 2436 1360 Repletus
2480 1306 2601 1343 sum
2633 1305 2665 1344 a
2721 1289 2897 1353 vobis,
2952 1289 3102 1344 Deus
3156 1292 3348 1343 autem
3390 1303 3550 1342 meus

1939 1380 2178 1451 impleat
2210 1395 2375 1434 omne
2406 1380 2747 1434 desiderium
2777 1382 3049 1433 vestrum.
3094 1377 3216 1432 Non
3247 1376 3547 1431 secundum

1938 1468 2041 1522 hoc
2073 1467 2218 1538 quod
2240 1467 2534 1533 meruistis,
2560 1466 2658 1521 sed
2675 1467 2986 1523 secundum
3007 1467 3239 1521 divitias
3254 1482 3404 1521 suas.
3443 1465 3550 1518 lm-

1935 1555 2085 1626 pleat
2114 1555 2238 1611 dico
2267 1557 2329 1610 in
2359 1556 2539 1626 gloria
2573 1563 2626 1610 et
2656 1557 2758 1610 hoc
2788 1557 2851 1610 in
2876 1554 3092 1611 Christo
3113 1555 3265 1619 Jesu,
3293 1553 3550 1608 distribu-

1935 1651 2055 1698 tore
2085 1643 2293 1714 gloria.
2329 1642 2470 1712 Quia
2493 1660 2596 1698 'me
2631 1643 2938 1714 replevistis
2968 1643 3047 1699 sic
3078 1658 3178 1698 oro
3224 1658 3322 1713 pro
3352 1641 3548 1708 vobis;

1936 1734 2044 1788 Deo
2074 1736 2266 1788 autem
2298 1736 2353 1787 et
2378 1733 2540 1787 Patri
2568 1736 2761 1788 nostro
2792 1747 2890 1802 pro
2921 1732 3005 1786 his
3053 1739 3107 1786 et
3155 1746 3254 1802 pro
3294 1729 3548 1786 omnibus

296 1822 490 1887 Nulla,
523 1821 764 1892 inquam,
799 1822 1262 1886 communicavit,
1295 1820 1415 1875 nisi
1458 1835 1548 1876 vos
1577 1821 1700 1888 soli,
1735 1819 1831 1892 qui
1860 1857 1911 1918 Β
1935 1837 2056 1893 qua)
2081 1821 2220 1876 bene
2249 1821 2514 1893 gerimus,
2550 1821 2619 1874 sit
2648 1821 2828 1892 gloria
2854 1822 2918 1876 in
2960 1821 3163 1876 saecula
3209 1821 3404 1874 horum
3434 1836 3545 1874 sa:-

221 1911 466 1964 misistis
498 1910 641 1964 mihi
679 1911 1128 1965 Thessalonicam
1151 1912 1206 1964 et
1227 1909 1402 1964 semel
1432 1912 1485 1963 et
1505 1907 1606 1972 bis,
1628 1923 1738 1963 non
1755 1916 1832 1962 ta-

219 2015 348 2053 men
391 1997 444 2052 in
491 1998 941 2070 congregandum
971 1998 1302 2062 thesaurum,
1339 1997 1436 2051 sed
1468 1998 1529 2052 in
1559 2013 1746 2063 usum,
1777 1995 1831 2051 id

217 2094 302 2143 est
333 2085 476 2158 quod
505 2086 627 2140 usui
659 2101 781 2141 meo
811 2085 1104 2141 sufﬁceret.
1131 2085 1383 2140 Dicerent
1414 2084 1490 2139 illi
1529 2100 1541 2138 :
1578 2085 1708 2138 Ideo
1731 2099 1831 2140 nos

217 2175 423 2240 laudat,
458 2183 514 2229 ut
544 2174 622 2230 sic
649 2190 749 2230 nos
779 2175 850 2228 ad
879 2174 1118 2229 dandum
1151 2173 1393 2230 inducat.
1442 2172 1524 2227 Ad
1554 2173 1658 2229 hoc
1687 2174 1830 2227 Pau-

216 2265 306 2319 lus
342 2281 356 2318 :
390 2265 510 2319 Non
531 2263 656 2319 ideo
670 2278 768 2318 vos
789 2262 970 2325 laudo,
998 2264 1128 2335 quia
1150 2278 1337 2335 quaero
1356 2261 1576 2327 datum,
1596 2261 1651 2314 id
1669 2270 1752 2315 est
1773 2269 1833 2316 ut

219 2351 528 2418 detismihi,
543 2353 640 2408 sed
653 2353 875 2423 requiro
888 2351 1274 2406 abundantem
1297 2353 1553 2422 fructum
1568 2351 1629 2405 in
1642 2352 1827 2406 ratio-

221 2457 316 2506 ne,
348 2441 402 2495 id
433 2448 514 2495 est
546 2440 600 2495 in
627 2439 1098 2494 administratione
1127 2443 1312 2494 vestra
1333 2453 1405 2493 ex
1423 2437 1634 2492 ratione
1664 2436 1828 2493 facta.

220 2529 389 2598 Quasi
419 2529 667 2584 diceret:
700 2529 823 2584 Non
855 2543 1045 2583 amore
1076 2526 1380 2598 accipiendi
1433 2542 1619 2598 quaero
1650 2541 1683 2580 a
1729 2542 1830 2582 vo-

219 2618 327 2681 bis,
362 2617 458 2672 sed
488 2624 546 2672 ut
576 2616 863 2672 exhibeam
894 2632 981 2671 me
1012 2631 1269 2686 capacem
1316 2615 1604 2670 materiam
1635 2622 1831 2669 vestrte

224 2705 379 2762 2'7
398 2705 458 2762 1
482 2705 828 2778 benignitati,
849 2713 904 2759 ut
921 2705 999 2760 sic
1018 2703 1341 2760 fructiﬁcare
1360 2704 1550 2774 possit.
1577 2703 1705 2758 Ideo
1725 2719 1831 2759 non

222 2809 406 2866 quaero
437 2794 644 2863 datum,
669 2793 794 2865 quia
812 2809 916 2866 ego
939 2794 1108 2850 habeo
1139 2795 1355 2857 omnia,
1375 2808 1497 2863 quae
1518 2799 1751 2862 oportet,
1776 2795 1832 2847 et

217 2883 441 2940 abundo
453 2883 506 2937 in
519 2882 646 2937 illis.
664 2882 895 2937 Abundo
909 2881 1111 2954 utique,
1126 2883 1258 2954 quia
1270 2882 1521 2952 repletus
1535 2895 1660 2935 sum
1673 2896 1831 2935 acce-

221 2973 336 3045 ptis
350 2971 417 3026 ab
431 2971 813 3045 Epaphrodito
831 2988 953 3044 qua:
965 2972 1205 3026 misistis
1217 2972 1278 3026 in
1291 2970 1511 3027 odorem
1526 2969 1831 3025 suavitatis

1940 1910 2198 1966 culorum
2228 1909 2592 1965 consecutiva.
2625 1910 2822 1964 Amen.
2872 1909 3130 1964 Salutate
3151 1925 3373 1964 omnem
3405 1924 3547 1962 san-

1941 2003 2098 2054 ctum
2127 2000 2192 2053 in
2225 1997 2442 2053 Christo
2471 1999 2622 2053 Iesu.
2657 1999 2772 2053 Hoc
2803 1997 2876 2052 ait
2923 1997 2990 2052 de
3021 1997 3303 2067 discipulis
3333 1995 3466 2061 suis,
3502 1995 3548 2050 si

1941 2085 2077 2141 forte
2134 2094 2579 2157 pertranseuntes
2634 2086 2884 2141 viderent
2950 2084 3091 2140 illos.
3149 2085 3422 2141 Salutant
3457 2099 3549 2140 vos

1939 2178 2152 2245 fratres
2182 2175 2278 2246 qui
2295 2191 2519 2230 mecum
2542 2178 2699 2230 sunt.
2753 2175 2868 2229 lloc
2917 2173 3114 2228 iterum
3145 2173 3215 2228 de
3263 2173 3547 2243 discipulis

1940 2262 2054 2317 suis
2072 2263 2163 2334 qui
2178 2256 2369 2317 secum
2391 2270 2548 2317 erant
2570 2263 2662 2316 ait.
2692 2263 2965 2320 Salutant
2985 2279 3074 2318 vos
3105 2277 3300 2318 omnes
3319 2263 3547 2328 sancti;

1937 2351 2057 2406 haec
2085 2350 2160 2405 ait
2190 2351 2257 2405 de
2288 2351 2590 2407 conversis.
2637 2351 2884 2406 Maxime
2929 2355 3125 2406 autem
3173 2350 3404 2404 salutant
3450 2365 3548 2405 vos

1935 2438 1991 2492 hi
2020 2441 2114 2510 qui
2142 2444 2280 2494 sunt
2315 2440 2382 2494 de
2414 2439 2574 2496 domo
2607 2438 2866 2494 Cmsaris.
2899 2439 3081 2495 Voluit
3106 2437 3420 2511 signiﬁcare
3443 2439 3542 2504 eis,

1933 2526 2003 2581 de
2053 2526 2255 2581 familia
2303 2527 2541 2582 Neronis
2605 2527 2872 2599 quosdam
2921 2544 3018 2598 per
3072 2543 3198 2582 eum
3248 2543 3546 2583 conversos

1935 2631 2079 2679 esse,
2115 2631 2347 2686 quorum
2379 2631 2482 2686 ope
2514 2616 2857 2671 existimabat
2896 2632 2957 2671 se
3004 2633 3295 2671 evasurum
3328 2623 3386 2670 ut
3415 2615 3544 2670 visi-

1932 2711 2075 2759 taret
2105 2719 2220 2758 eos.
2257 2704 2485 2774 Signum
2528 2705 2808 2774 Epistolas.
2852 2705 3046 2760 Gratia
3093 2705 3320 2761 Domini
3358 2705 3544 2760 nostri

1932 2794 2063 2849 Iesu
2087 2791 2294 2848 Christi
2315 2810 2445 2848 cum
2469 2794 2678 2864 spiritu
2697 2797 2878 2850 vestro
2895 2794 2982 2859 sit,
3005 2801 3059 2847 ut
3082 2793 3136 2848 in
3162 2793 3542 2864 spiritualibus

1933 2881 2049 2936 Deo
2081 2880 2352 2947 servistis,
2387 2881 2444 2936 in
2474 2897 2581 2954 quo
2610 2889 2663 2937 et
2691 2897 2910 2954 semper
2939 2882 3211 2956 gaudetis.
3253 2883 3457 2938 Amen.

729 3109 3520 3146 ῃ

885 3219 1380 3277 ARGUMENTUM
1419 3221 1493 3276 IN
1529 3219 1928 3277 EPISTOTAM
1966 3219 2172 3275 PAULI
2210 3220 2306 3274 AD
2346 3218 2864 3279 COLOSSENSES.

289 3342 666 3416 colossenses,
701 3342 851 3416 sicut
868 3351 921 3399 et
950 3343 1337 3406 Laodicenses.
1371 3353 1495 3398 sunt
1522 3344 1738 3416 Asiani;
1773 3352 1825 3400 et
1853 3344 1956 3416 ipsi
1989 3345 2248 3415 praaventi
2279 3353 2428 3401 erant
2457 3360 2488 3400 a
2521 3343 3016 3416 pseudoapostolis.
3065 3345 3181 3401 Nec
3206 3347 3273 3400 ad
3305 3347 3404 3403 hos
3435 3364 3533 3405 ac-

213 3413 382 3486 cessit
413 3414 726 3486 Apostolos,
761 3414 858 3469 sed
888 3423 941 3470 et
971 3415 1072 3470 hos
1101 3432 1202 3486 per
1233 3416 1536 3486 Epistolam
1567 3415 1808 3486 corrigit.
1844 3413 2102 3470 Audierat
2131 3417 2276 3471 enim
2304 3413 2536 3471 verbum
2563 3417 2631 3470 ab
2663 3415 2958 3486 Archippo,
2978 3417 3070 3486 qui
3099 3426 3149 3471 et
3172 3418 3532 3475 ministerium

213 3484 270 3538 in
301 3484 653 3561 eos_accepit.
688 3486 841 3558 Ergo
871 3484 1164 3557 Apostolus
1187 3484 1300 3556 jam
1330 3487 1548 3561 ligatus,
1582 3484 1773 3543 scribit
1802 3486 1882 3542 eis
1913 3487 1980 3541 ab
2009 3488 2248 3558 Epheso,
2283 3504 2380 3560 per
2407 3488 2706 3560 Tychicum
2736 3484 3022 3543 diaconum
3051 3530 3063 3554 ,
3116 3496 3169 3543 et

218 3556 552 3626 acolythum.

3212 3488 3532 3547 Onesimum

1198 3789 1572 3848 PROLOGUS
1610 3792 1670 3846 Β.
1717 3789 2074 3847 BRUNONIS
2114 3791 2187 3846 IN
2223 3792 2545 3847 EAMDEM.

281 3911 346 3967 Hi
375 3911 732 3968 Colossenses
775 3911 962 3968 Asiani
1005 3922 1178 3982 erant,
1244 3914 1432 3970 aﬂines
1462 3914 1817 3971 Laodicensi-
1851 3915 2218 3976 Csecundum
2265 3916 2572 3972 doctrinam
2614 3915 2873 3986 Archippi
2917 3922 2971 3970 et
3019 3917 3305 3987 Epaphras,
3338 3933 3530 3987 super-

208 4000 329 4066 bus,
364 4001 562 4073 quibus
591 4001 646 4056 in
681 4002 1006 4072 Apocalypsi
1038 4003 1280 4059 Joannes
1324 4004 1509 4059 scribit
1541 4021 1662 4060 cum
1713 4020 1824 4060 ca:-

205 4085 341 4140 teris
404 4085 689 4152 Ecclesiis,
739 4086 938 4157 quibus
989 4087 1237 4143 similiter
1279 4089 1476 4143 Paulus
1525 4088 1824 4159 Epistolam

129 4228 132 4231 .
213 4173 449 4245 scripsit,
483 4175 609 4247 quia
639 4175 987 4230 tentabantur
1026 4176 1277 4232 similiter
1305 4193 1338 4231 a
1383 4177 1824 4248 pseudoaposto-

213 4262 301 4330 lis,
335 4270 386 4318 et
414 4263 672 4333 praacepit
690 4271 748 4317 ut
778 4263 1017 4334 Epistola
1039 4264 1445 4321 Colossensium
1471 4266 1750 4339 legeretur
1769 4266 1824 4320 in

212 4350 465 4407 Ecclesia
485 4351 902 4407 Laodicensium
927 4372 942 4420 ;
960 4361 1012 4408 et
1030 4370 1059 4408 e
1077 4370 1367 4410 converso.
1393 4354 1488 4408 llis
1509 4363 1689 4410 autem
1720 4356 1824 4410 Co-

219 4439 559 4494 lossensibus
611 4456 720 4495 non
769 4442 1165 4511 praedicaverat
1211 4443 1429 4508 Paulus,
1481 4459 1581 4498 nec
1629 4443 1697 4498 ad
1727 4459 1823 4498 eos

215 4537 454 4592 venerat,
491 4527 588 4582 sed
618 4529 927 4600 Archippus
965 4529 1266 4601 discipulus
1301 4531 1468 4596 Pauli,
1518 4530 1661 4586 ﬁlius
1711 4531 1822 4587 for-

210 4625 355 4672 tasse
391 4617 742 4686 Philemonis,
790 4618 876 4674 cui
924 4617 1124 4674 Paulus
1168 4635 1272 4690 pro
1317 4619 1579 4675 Onesimo
1626 4636 1819 4676 recon-

203 4704 435 4761 ciliando
463 4706 667 4771 scribit,
727 4707 1115 4776 praedicaverat
1163 4707 1288 4776 illis,
1321 4716 1375 4763 et
1403 4709 1472 4764 ad
1512 4708 1676 4765 ﬁdem
1723 4727 1818 4765 eos

213 4801 578 4849 converterat.
613 4793 824 4864 Quibus
849 4795 963 4864 jam
994 4796 1075 4852 sic
1122 4796 1176 4850 in
1209 4795 1314 4852 ﬁde
1348 4797 1634 4868 promotis,
1667 4799 1817 4869 Epa-

208 4883 373 4953 phras
403 4881 642 4953 quidam,
688 4899 754 4937 ex
803 4883 995 4938 eodem
1044 4885 1250 4955 populo
1296 4893 1472 4952 natus,
1518 4886 1816 4942 instructus

202 4971 365 5026 etiam
396 4986 429 5026 a
461 4970 628 5026 Paulo
681 4969 737 5024 in
785 4969 908 5039 ﬁde,
961 4973 1292 5043 supervenit,
1335 4973 1612 5030 afﬁrmans
1659 4975 1806 5046 quod

201 5059 509 5132 Archippus
539 5058 933 5130 praedicaverat
966 5061 1091 5115 illis.
1142 5061 1320 5130 Quem
1348 5062 1582 5118 libenter
1610 5064 1804 5119 audie-

203 5157 322 5204 runt
349 5149 608 5205 concives
637 5148 741 5214 sui,
776 5157 826 5204 et
855 5166 956 5220 per
979 5167 1098 5205 cum
1148 5150 1541 5207 incrementum
1571 5169 1805 5224 accepe-

1927 4013 2190 4058 venerunt
2212 4004 2439 4075 pseudo,
2473 4003 2834 4076 praedicantes
2881 4004 2990 4059 illis
3039 4004 3239 4077 legem.
3294 4006 3529 4076 Populus

1925 4101 2102 4148 autem
2133 4093 2313 4149 adhuc
2343 4093 2513 4157 rudis,
2566 4093 2881 4148 existimans
2911 4109 3006 4148 eos
3057 4110 3179 4148 esse
3229 4094 3532 4150 audiendos

1925 4197 2035 4235 non
2065 4182 2242 4236 minus
2264 4197 2426 4253 quam
2455 4181 2578 4236 illos
2627 4181 2860 4252 priores,
2912 4181 3024 4236 fere
3072 4182 3361 4253 incipiebat
3390 4200 3528 4238 con-

1925 4269 2124 4325 sentire
2155 4270 2255 4324 eis.
2289 4269 2396 4325 Sed
2415 4270 2718 4342 Epaphras,
2743 4270 2974 4325 audiens
3005 4271 3324 4341 Apostolum
3357 4288 3527 4342 prope

1924 4375 2047 4413 esse
2079 4359 2304 4429 Ephesi,
2335 4358 2648 4429 pertransiit
2677 4359 2745 4412 ad
2777 4359 2950 4425 illum,
2987 4359 3236 4413 nuntians
3269 4359 3346 4414 illi
3376 4360 3526 4415 ordi-

1924 4462 2048 4501 nem
2077 4447 2174 4512 rei,
2209 4455 2262 4502 et
2292 4447 2570 4518 postulans
2599 4447 2669 4502 ab
2702 4463 2768 4502 eo
2799 4455 2855 4502 ut
2884 4447 3323 4518 praadicationem
3347 4465 3522 4519 suam,

1925 4534 2168 4592 2'72
2201 4544 2254 4590 et
2282 4535 2541 4607 Archippi
2573 4535 2917 4591 conﬁrmaret
2946 4553 3048 4607 per
3095 4536 3392 4607 Epistolam
3421 4536 3526 4592 illis

1920 4623 2163 4687 missam,
2232 4639 2419 4678 eorum
2466 4639 2600 4679 vero
2660 4632 2873 4694 partem
2917 4624 3010 4696 qui
3058 4625 3520 4692 contradicebant,

1919 4711 2270 4782 improbaret.
2307 4713 2421 4768 Hac
2449 4711 2736 4768 occasione
2778 4712 2977 4768 Paulus
3023 4713 3209 4768 scribit
3257 4715 3336 4769 eis
3384 4715 3527 4771 hanc

1918 4800 2244 4871 Epistolam,
2277 4800 2329 4854 in
2361 4816 2468 4872 qua
2499 4801 2778 4856 materiam
2826 4801 2988 4856 habet
3035 4802 3310 4856 Christum
3342 4811 3396 4857 et
3440 4803 3525 4858 le-

1917 4906 2082 4962 gem;
2116 4889 2170 4943 hi
2202 4889 2346 4944 enim
2378 4889 2672 4954 Christum,
2705 4890 2782 4944 illi
2809 4890 2990 4962 legem
3022 4891 3409 4961 prmdicabant.
3443 4893 3524 4948 De

1916 4979 2000 5032 his
2029 4977 2108 5034 sic
2128 4979 2240 5049 agit
2272 4979 2629 5050 approbando
2659 4977 2821 5033 ﬁdem
2851 4979 3072 5049 Christi,
3107 4980 3288 5034 multis
3321 4989 3374 5035 et
3404 4981 3524 5036 cvi-

1915 5067 2168 5122 dentibus
2197 5067 2399 5133 causis,
2433 5075 2485 5123 et
2515 5067 2872 5138 improbando
2895 5068 3075 5140 legem
3105 5085 3215 5124 non
3245 5068 3382 5123 ultra
3407 5069 3520 5138 jam

1916 5172 2039 5212 esse
2069 5157 2384 5211 tenendam.
2426 5157 2501 5212 Ea
2532 5156 2828 5212 intentione
2858 5157 2926 5211 de
2953 5165 3181 5229 utroque
3211 5157 3291 5213 sic
3320 5159 3436 5231 agit
3466 5167 3522 5214 ut

199 5245 318 5292 runt
344 5235 492 5294 ﬁdei.
522 5238 666 5293 Dum
700 5246 879 5294 autem
924 5238 1181 5296 florerent
1233 5241 1290 5296 in
1317 5240 1424 5298 ﬁde
1466 5242 1805 5299 ambulantes
1831 5238 1884 5298 D
1905 5243 2187 5301 conﬁrmet
2216 5261 2312 5300 eos
2342 5244 2395 5299 in
2423 5244 2657 5316 puritate
2688 5243 2813 5299 ﬁdei
2845 5244 2936 5316 qui
2967 5253 3050 5300 est
3109 5245 3374 5301 Christus.

1038 5509 1589 5596 EPISTOLA
1653 5510 1802 5594 AD
1877 5510 2692 5604 COLOSSENSES.

711 5662 936 5720 CAPUT
989 5665 1278 5723 PRIMUM.

263 5781 284 5803 -
319 5755 522 5813 Paulus
583 5751 868 5826 apostolus
895 5755 1025 5812 Jesu
1087 5755 1288 5812 Christi
1341 5773 1440 5828 per
1469 5754 1801 5812 voluntatem

1916 5689 1938 5717 ι
1975 5667 2074 5722 Dei
2105 5675 2158 5721 et
2206 5667 2519 5721 Timotheus
2566 5665 2752 5732 frater,
2803 5663 2889 5718 his
2936 5666 3027 5736 qui
3077 5674 3202 5720 sunt
3249 5667 3510 5734 Colossis,

1917 5777 1939 5807 ι
1976 5754 2198 5822 sanctis,
2250 5762 2304 5810 et
2360 5752 2610 5809 ﬁdelibus
2667 5751 2925 5808 fratribus
2983 5752 3036 5808 in
3091 5754 3304 5809 Christo
3360 5755 3508 5812 Jesu.
