3932 6406
427 298 532 354 375

977 301 1032 357 5.
1073 302 1429 362 BRUNONIS
1467 306 2109 368 CARTHUSIANORUM
2146 312 2632 373 INSTITUTORIS
2672 317 2831 375 OPP.
2879 320 3055 378 PARS
3093 323 3160 377 II.

3629 329 3734 382 376

431 442 454 471 ο
490 422 675 479 Gratia
700 423 856 480 nobis
887 433 938 480 et
983 442 1088 497 pax
1116 443 1150 482 a
1194 429 1310 485 Deo
1357 438 1512 502 patre
1558 442 1764 490 nostro.
1814 435 2026 490 Gratias
2053 437 2109 498 Α
2133 458 2154 487 α
2190 438 2491 508 perfectum
2519 441 2574 496 in
2606 442 2816 499 Christo
2844 445 2994 511 Jesu,
3029 446 3083 501 in
3116 463 3223 520 quo
3253 456 3308 505 et
3351 450 3564 519 laboro,
3601 469 3732 510 cer-

431 531 455 563 α
491 511 707 584 agimus
736 514 852 569 Deo
883 522 934 570 et
965 515 1108 570 Patri
1147 517 1362 573 Domini
1409 521 1582 576 nostri
1627 522 1756 577 Jesu
1807 523 2023 594 Christi,

433 621 455 650 ε
491 617 706 672 semper
733 618 834 672 pro
873 603 1029 658 vobis
1069 615 1309 673 orantes,
1365 609 1648 664 audientes
1693 609 1855 667 fidem
1899 629 2010 668 ves-

434 711 456 735 ιι
493 695 651 754 trem,
693 688 749 743 in
787 690 1002 747 Christo
1047 695 1196 762 Jesu,
1231 704 1283 749 et
1322 696 1667 754 dilectionem
1715 716 1878 771 quam
1926 703 2026 756 ha-

431 798 452 823 οι
487 776 626 832 betis
654 776 710 832 in
739 787 954 835 sanctos
985 796 1194 848 omnes,
1241 793 1463 855 propter
1497 803 1651 857 spem
1694 805 1814 861 qua:
1858 806 2024 860 repo-

431 885 453 910 α
487 864 586 919 sita
615 874 698 920 est
739 867 894 922 vobis
942 868 997 923 in
1043 871 1218 941 caelis,
1272 888 1435 943 quam
1481 875 1710 930 audistis
1756 876 1813 930 in
1859 878 2024 934 verbo

426 974 449 1000 «ι
486 953 728 1008 veritatis
759 956 1064 1028 Evangelii,
1100 960 1255 1029 quod
1292 963 1539 1031 pervenit
1609 965 1675 1018 ad
1716 980 1832 1033 vos,
1885 967 2026 1022 sicut

425 1060 449 1091 ι
485 1049 539 1096 et
565 1041 621 1095 in
664 1043 920 1100 universo
964 1047 1167 1101 mundo
1211 1056 1312 1115 est,
1349 1058 1398 1104 et
1427 1049 1713 1107 fructiﬁcat
1743 1061 1794 1108 et
1825 1054 2025 1110 crescit

428 1151 449 1177 α
486 1129 625 1185 sicut
677 1130 734 1185 in
790 1133 966 1202 vobis,
1026 1151 1094 1190 ex
1149 1151 1212 1190 ea
1259 1137 1347 1192 die
1396 1154 1502 1210 qua
1535 1141 1763 1196 audistis
1803 1151 1855 1197 et
1890 1159 2022 1214 cog-

424 1238 448 1268 ι
482 1218 710 1274 novistis
758 1221 991 1292 gratiam
1038 1223 1135 1279 Dei
1181 1224 1236 1278 in
1286 1226 1531 1297 veritate,
1579 1228 1717 1284 sicut
1758 1231 2022 1287 didicistis

424 1327 446 1354 ιι
481 1307 552 1361 ab
609 1309 894 1378 Epaphra,
954 1311 1276 1369 charissimo
1331 1331 1599 1372 conservo
1656 1326 1872 1386 nostro,
1931 1320 2022 1392 qui

423 1417 445 1442 «ι
482 1403 566 1450 est
595 1394 774 1451 ﬁdelis
822 1415 921 1468 pro
969 1400 1124 1455 vobis
1171 1402 1420 1459 minister
1467 1404 1669 1460 Christi
1715 1408 1874 1475 Jesu;
1928 1409 2021 1480 qui

425 1505 446 1530 α
479 1483 642 1539 etiam
688 1485 1055 1543 manifestavit
1100 1490 1258 1545 nobis
1306 1491 1647 1549 dilectionem
1679 1504 1915 1551 vestram
1963 1497 2020 1551 in

422 1595 444 1619 α
478 1571 688 1643 spiritu.
722 1574 850 1630 Ideo
891 1584 942 1630 et
985 1593 1087 1632 nos
1129 1593 1194 1633 ex
1241 1595 1346 1650 qua
1385 1580 1472 1636 die
1522 1582 1849 1652 audivimus,
1908 1602 2018 1641 non

420 1683 442 1706 α
480 1675 764 1716 cessamus
792 1679 894 1733 pro
926 1665 1080 1719 vobis
1110 1674 1324 1722 orantes
1354 1677 1406 1723 et
1434 1670 1792 1739 postulantes,
1826 1681 1882 1728 ut
1910 1673 2017 1728 im-

2135 547 2156 576 ι
2192 527 2354 582 tando
2385 530 2684 586 secundum
2709 534 3081 603 Operationem
3128 537 3244 607 ejus
3274 555 3437 612 quem
3466 550 3732 613 operatur

2134 637 2154 660 α
2190 614 2247 669 in
2273 631 2362 672 me
2392 616 2448 671 in
2475 618 2690 675 virtute.
2739 645 2760 670 ι»

2764 831 3080 873 EXPOSITIO.

2198 954 2432 1020 Paulus,
2471 962 2572 1011 etc.
2607 954 2747 1025 Quia
2777 957 2866 1013 hic
2909 961 3205 1016 auctoritas
3248 965 3559 1020 necessaria
3587 975 3724 1036 erat,

2125 1041 2403 1114 dignitatis
2425 1059 2622 1099 nomen
2642 1061 2749 1100 non
2769 1046 3072 1116 intermisit,
3099 1050 3288 1107 dicens
3308 1055 3546 1111 :Paulus
3562 1073 3727 1128 apos-

2127 1131 2294 1214 tolus,
2331 1130 2570 1188 2'73
2605 1149 2714 1188 non
2743 1135 2900 1206 legis,
2940 1138 3035 1191 sed
3071 1137 3282 1196 Christi
3310 1143 3460 1198 Jesu.
3488 1146 3727 1214 Aposto-

2121 1213 2206 1268 lus
2234 1214 2358 1270 dico
2385 1232 2488 1287 per
2518 1219 2874 1275 voluntatem
2904 1222 3022 1277 Dei.
3077 1223 3276 1279 Scitote
3306 1226 3428 1297 quia
3468 1213 3558 1300 qui
3588 1229 3724 1283 mihi

2121 1303 2458 1372 contradicit,
2493 1307 2808 1362 contradicit
2841 1316 2890 1363 et
2916 1309 3177 1365 voluntati
3221 1313 3321 1368 Dei
3356 1329 3368 1368 :
3402 1315 3494 1386 qui
3541 1325 3725 1372 autem

2121 1392 2399 1464 Archippo
2423 1401 2475 1448 et
2505 1395 2775 1465 Epaphras
2796 1397 3075 1469 discipulis
3097 1399 3545 1478 [coadjutoribus]
3563 1406 3723 1472 meis,

2121 1479 2368 1536 similiter
2398 1489 2449 1536 et
2480 1483 2612 1536 mihi
2638 1493 2689 1539 et
2721 1486 2855 1540 Deo.
2912 1488 3130 1554 Paulus,
3163 1489 3402 1561 inquam,
3434 1497 3490 1548 et
3536 1495 3725 1550 Timo-

2122 1569 2284 1624 theus
2313 1572 2502 1641 frater
2532 1572 2776 1627 scribunt
2799 1573 2885 1629 his
2913 1577 3008 1648 qui
3040 1582 3178 1632 sunt
3210 1579 3461 1636 Colossis.
3487 1581 3582 1636 His
3599 1583 3725 1640 dico

2117 1659 2356 1726 sanctis,
2388 1658 2442 1713 id
2473 1668 2554 1714 est
2585 1661 2675 1732 qui
2707 1663 2898 1718 sanciti
2931 1672 3052 1719 sunt
3092 1674 3142 1720 et
3189 1666 3488 1724 continuati
3521 1670 3576 1724 in
3627 1672 3721 1740 ju-

421 1771 442 1795 u
475 1748 736 1819 pleamini
783 1750 1057 1822 agnitione
1097 1753 1387 1810 voluntatis
1443 1757 1557 1826 ejus
1622 1759 1676 1813 in
1728 1761 1876 1816 omni
1920 1777 2005 1817 sa-

2119 1745 2260 1800 stitia
2287 1745 2432 1800 fidei.
2473 1749 2718 1816 Sanctis,
2752 1751 2992 1822 inquam,
3027 1759 3080 1809 et
3130 1755 3388 1824 ﬁdelibus
3416 1760 3715 1828 fratribus,

417 1856 441 1886 α
477 1836 684 1906 pientia
713 1845 766 1892 et
794 1839 1074 1896 intellectu
1105 1841 1356 1912 spiritali,
1407 1852 1464 1898 ut
1511 1846 1800 1903 ambuletis
1849 1849 2014 1922 digne

419 1944 442 1970 υ
477 1925 593 1980 Deo
622 1941 724 1995 per
766 1927 950 1982 omnia
993 1927 1293 1999 placentes,
1338 1931 1392 1986 in
1440 1934 1588 1988 omni
1645 1951 1813 2007 opere
1869 1938 2015 1995 bono

416 2031 439 2055 «
476 2007 886 2080 fructificantes,
935 2020 988 2068 et
1033 2022 1344 2070 crescentes
1397 2017 1452 2071 in
1495 2019 1722 2074 scientia
1779 2021 1899 2088 Dei,
1959 2023 2014 2079 in

417 2115 440 2146 ι
475 2097 625 2152 omni
663 2098 858 2155 virtute
897 2100 1184 2156 confortati
1225 2105 1523 2160 secundum
1560 2109 1856 2178 potentiam
1899 2112 2013 2167 cla-

416 2207 438 2233 u
474 2185 648 2241 ritatis
679 2188 795 2256 ejus
853 2188 908 2242 in
966 2190 1114 2245 omni
1166 2192 1424 2263 patientia
1477 2203 1530 2250 et
1577 2195 2008 2270 longanimitate,

418 2297 440 2321 u
475 2291 600 2330 cum
629 2276 832 2348 gaudio
863 2278 1069 2348 gratias
1097 2289 1324 2352 agentes
1356 2283 1471 2340 Deo
1502 2291 1554 2338 et
1584 2285 1745 2352 Patri,
1795 2287 1887 2359 qui
1932 2289 2013 2344 di-

415 2385 437 2410 ιι
471 2379 613 2434 gnos
641 2380 743 2420 nos
774 2364 899 2421 fecit
927 2366 984 2421 in
1017 2376 1232 2438 partem
1275 2371 1436 2426 sortis
1484 2380 1790 2430 sanctorum
1838 2376 1894 2430 in
1921 2377 2011 2432 lu-

415 2473 436 2498 α
471 2451 636 2507 mine.
672 2451 776 2520 Qui
804 2454 1003 2526 eripuit
1032 2471 1132 2512 nos
1162 2458 1231 2513 de
1261 2466 1528 2529 potestate
1558 2463 1930 2533 tenebrarum,
1959 2473 2012 2521 et

413 2562 434 2588 α
469 2541 741 2596 transtulit
772 2541 828 2597 in
860 2559 1088 2616 regnum
1119 2546 1238 2601 Filii
1277 2547 1584 2611 dilectionis
1635 2567 1766 2608 suae.
1814 2554 1875 2607 In
1904 2571 2011 2626 quo

411 2651 433 2678 α
468 2630 731 2686 habemus
759 2632 1189 2704 redemptionem
1235 2644 1287 2690 et
1329 2638 1707 2695 remissionem
1752 2651 2009 2712 peccato-

415 2738 436 2766 ι
469 2734 612 2786 rum,
647 2719 740 2791 qui
771 2728 851 2774 est
881 2720 1066 2795 imago
1115 2723 1213 2778 Dei
1261 2724 1566 2795 invisibilis,
1616 2728 2010 2803 primogenitus

412 2830 434 2855 α
467 2807 644 2863 omnis
674 2817 955 2876 creaturae,
1017 2812 1268 2882 quoniam
1321 2813 1376 2868 in
1431 2814 1552 2885 ipso
1611 2818 1831 2873 condita
1885 2828 2008 2875 sunt

410 2916 433 2946 ι
467 2896 725 2952 universa
754 2897 809 2950 in
837 2898 990 2953 coalis
1020 2907 1073 2955 et
1118 2900 1175 2954 in
1220 2909 1388 2971 terra,
1435 2903 1670 2960 visibilis
1716 2914 1770 2962 et
1813 2907 2009 2964 invisi-

409 3006 433 3032 α
464 2984 611 3050 bilia,
647 2985 761 3040 sive
792 2986 992 3057 throni,
1027 2988 1142 3044 sive
1185 2988 1602 3062 dominationes,
1655 2994 1770 3051 sive
1800 2996 2007 3068 princi-

410 3094 434 3124 α
469 3080 646 3144 patus,
671 3073 785 3130 sive
815 3082 1134 3146 potestates,
1161 3079 1344 3132 omnia
1370 3095 1467 3150 per
1496 3079 1676 3152 ipsum
1705 3090 1757 3139 et
1797 3085 1852 3139 in
1885 3086 2008 3156 ipso

2117 1833 2172 1888 id
2204 1842 2285 1889 est
2315 1835 2492 1890 minus
2523 1837 2799 1908 perfectis.
2837 1841 3051 1896 Sanctis
3082 1850 3134 1896 et
3177 1841 3430 1899 fidelibus
3484 1846 3608 1903 dico
3655 1850 3717 1905 in

2121 1922 2340 1979 Christo
2369 1927 2519 1994 Jesu,
2545 1926 2669 1997 quia
2700 1927 2745 1982 si
2767 1927 3015 1984 Christus
3029 1931 3189 1986 Jesus
3219 1933 3375 1988 vobis
3404 1935 3471 1989 ad
3501 1937 3706 1994 sancti-

2117 2009 2384 2067 ficandum
2417 2013 2634 2084 sutiicit,
2667 2015 2869 2071 frustra
2900 2017 3080 2090 legem
3103 2022 3513 2092 apprehendere
3531 2025 3712 2094 vultis,

2115 2099 2456 2155 Timotheum
2501 2102 2626 2158 ideo
2677 2121 2865 2160 secum
2903 2106 2958 2161 in
3003 2107 3322 2166 salutatione
3366 2112 3536 2182 ponit,
3590 2114 3716 2186 quia

2115 2196 2274 2243 notus
2305 2198 2423 2244 erat
2453 2190 2578 2257 illis,
2605 2199 2657 2247 et
2677 2193 2948 2248 habebant
2971 2213 3092 2250 eum
3112 2213 3326 2270 magna:
3353 2201 3711 2258 auctoritatis.

2114 2275 2212 2332 Hic
2243 2285 2423 2333 autem
2455 2281 2773 2338 auctoritate
2805 2283 2922 2338 sola
2949 2300 3086 2356 opus
3109 2294 3243 2342 erat.
3269 2288 3391 2343 Non
3415 2289 3558 2344 enim
3590 2307 3717 2346 con-

2114 2365 2448 2422 tradicebant
2480 2368 2643 2424 Petro
2669 2370 2755 2424 vel
2788 2371 2974 2438 Paulo,
3009 2373 3094 2428 vel
3140 2375 3391 2446 cuiquam
3440 2377 3709 2435 Christum

2111 2455 2446 2524 praedicanti,
2481 2457 2579 2511 sed
2610 2457 2929 2530 simpliciter
2961 2461 3324 2532 opinabantur
3349 2465 3472 2522 illos
3501 2467 3709 2538 pseudo

2113 2542 2192 2598 sic
2219 2559 2343 2599 esse
2373 2561 2438 2600 ex
2468 2545 2654 2614 Paulo,
2688 2555 2742 2602 ut
2773 2548 2897 2603 illos
2916 2566 3096 2607 veros.
3131 2552 3348 2623 Paulus,
3383 2554 3624 2626 inquam,
3657 2563 3711 2612 et

2110 2631 2424 2688 Timotheus
2453 2634 2530 2691 sic
2579 2636 2838 2692 scribunt.
2889 2638 3083 2694 Gratia
3115 2641 3260 2696 vobis
3288 2646 3343 2698 et
3386 2661 3509 2715 pax
3536 2661 3571 2700 a
3601 2647 3709 2702 Deo

2107 2725 2273 2792 patre
2295 2727 2507 2791 nostro,
2533 2723 2671 2779 sicut
2693 2741 2839 2796 saepe
2857 2727 3161 2796 expositum
3205 2736 3306 2784 est.
3338 2731 3496 2788 Nunc
3524 2731 3578 2786 in
3606 2733 3714 2804 pri-

2109 2809 2214 2864 mis
2244 2812 2589 2867 commendat
2620 2811 2783 2868 fidem
2814 2830 3025 2882 eorum,
3051 2833 3212 2889 quam
3243 2819 3582 2876 tradiderant
3600 2821 3708 2878 illis

2108 2900 2416 2972 Archippus
2441 2911 2490 2957 et
2512 2904 2816 2974 Epaphras,
2843 2904 3031 2961 dicens
3061 2925 3074 2963 :
3098 2908 3406 2966 Audientes
3426 2911 3595 2980 ﬁdem
3617 2929 3706 2969 ve-

2109 2991 2292 3044 stram
2321 2990 2536 3061 gratias
2553 2992 2772 3062 agimus
2792 2993 2898 3048 Deo
2933 3011 2947 3048 :
2980 3010 3078 3064 pro
3109 3012 3216 3067 qua
3235 2996 3422 3069 utique
3450 3015 3706 3074 nonage-

2110 3091 2225 3130 rem
2257 3077 2484 3149 gratias,
2515 3079 2560 3132 si
2591 3080 3092 3152 essetimperfecta.
3127 3084 3234 3140 Sed
3265 3087 3481 3158 agimus
3505 3090 3709 3162 gratias

407 3183 431 3208 α
466 3169 649 3216 creata
678 3170 821 3217 sunt,
854 3163 922 3218 Ει
949 3164 1067 3234 ipse
1098 3173 1180 3220 est
1209 3174 1333 3223 ante
1375 3183 1585 3237 omnes,
1629 3179 1683 3226 et
1725 3153 1923 3228 omnia-
1953 3174 2010 3229 in
2033 3153 2079 3214 Ο
2107 3163 2242 3234 Deo,
2276 3171 2332 3221 et
2355 3169 2515 3222 Patri
2536 3169 2761 3224 Domini
2781 3172 2963 3226 nostri
2981 3173 3114 3228 Jesu
3137 3153 3363 3243 Christi,
3389 3153 3538 3245 CUjllS
3569 3177 3707 3235 ﬁdes

408 3271 431 3296 «ι
466 3248 586 3321 ipso
617 3257 865 3306 constant
897 3269 911 3307 :
952 3259 1006 3308 et
1042 3253 1159 3324 ipse
1190 3263 1272 3309 est
1319 3265 1479 3328 caput
1519 3260 1762 3330 corporis
1809 3262 2005 3318 Eccle-

407 3359 430 3385 ει
467 3337 595 3405 sies,
647 3339 740 3410 qui
794 3347 877 3394 est
919 3340 1244 3414 principium
1291 3344 1687 3419 primogenitus
1735 3366 1800 3405 ex
1857 3367 2006 3406 mor-

405 3444 431 3478 ι
463 3425 572 3481 tuis
615 3427 666 3497 (Ι
717 3428 839 3485 Cor.
902 3445 1014 3500 xv,
1075 3433 1188 3502 20),
1236 3440 1294 3488 ut
1351 3434 1420 3488 sit
1472 3435 1529 3490 in
1581 3437 1834 3494 omnibus
1887 3439 2004 3511 ipse

406 3536 429 3563 υ
461 3514 748 3587 primatum
782 3523 993 3585 tenens,
1029 3519 1152 3592 quia
1181 3520 1236 3576 in
1275 3521 1393 3593 ipso
1433 3525 1756 3596 complacuit
1786 3543 2003 3585 omnem

409 3624 431 3650 α
462 3603 855 3676 plenitudinem
895 3606 1188 3663 divinitatis
1228 3609 1564 3680 inhabitare,
1623 3623 1676 3671 et
1731 3633 1832 3687 per
1877 3634 2003 3673 eum

405 3715 428 3739 α
459 3692 796 3750 reconciliari
826 3695 1005 3750 omnia
1033 3697 1090 3751 in
1117 3697 1312 3770 ipsum,
1371 3701 1666 3772 pacificans
1721 3721 1822 3776 per
1869 3722 2000 3762 san-

405 3801 428 3832 ι
462 3781 684 3853 guinem
715 3783 898 3839 crucis
930 3785 1065 3853 ejus,
1100 3785 1216 3842 sive
1256 3805 1377 3860 quae
1413 3789 1468 3844 in
1505 3791 1678 3858 caelis,
1731 3793 1845 3849 sive
1880 3812 2001 3867 quas

403 3889 426 3920 ι
460 3869 517 3924 in
545 3870 701 3925 terris
728 3880 875 3927 sunt.
914 3874 984 3928 Et
1027 3890 1126 3930 vos
1156 3891 1277 3932 cum
1313 3879 1507 3934 essetis
1537 3880 1828 3952 aliquando
1861 3884 1999 3939 alie-

400 3979 423 4005 α
458 3958 568 4012 nati
599 3965 649 4013 et
680 3958 880 4016 inimici
909 3979 1094 4030 sensu,
1127 3964 1181 4019 in
1214 3967 1472 4036 operibus
1502 3968 1693 4036 malis,
1728 3986 1873 4028 nunc
1904 3988 1998 4028 au-

403 4068 425 4094 α
457 4053 568 4100 tem
598 4049 969 4106 reconciliavit
997 4052 1054 4106 in
1082 4067 1314 4124 corpore
1344 4056 1522 4111 carnis
1552 4057 1688 4126 ejus,
1721 4076 1822 4129 per
1850 4077 1998 4116 mor-

401 4155 426 4186 α
461 4141 588 4201 tem,
624 4137 883 4192 exhibere
913 4155 1014 4195 vos
1045 4150 1281 4210 sanctos,
1319 4151 1372 4197 et
1411 4144 1804 4214 immaculatos,
1837 4156 1890 4203 et
1918 4149 1994 4203 ir-

400 4245 424 4270 «
459 4225 918 4294 reprehensibiles
951 4245 1136 4284 coram
1166 4231 1306 4301 ipso,
1342 4232 1387 4286 si
1437 4240 1614 4288 tamen
1662 4239 1995 4306 permanetis

400 4334 422 4359 «
459 4312 516 4368 in
553 4312 659 4369 fide
705 4313 934 4382 fundati,
987 4327 1039 4371 et
1089 4319 1332 4387 stabiles,
1381 4329 1435 4375 et
1476 4321 1781 4379 immobiles
1827 4341 1860 4381 a
1897 4343 1993 4398 spe

396 4420 421 4450 ι
456 4400 759 4473 Evangelii,
793 4405 937 4474 quod
967 4406 1212 4475 audistis,
1247 4409 1392 4479 quod
1422 4411 1772 4480 praedicatum
1819 4423 1899 4470 est
1937 4415 1993 4470 in

2111 3254 2308 3310 tradita
2337 3264 2418 3310 est
2448 3257 2622 3311 vobis.
2656 3258 2754 3312 Cui
2784 3259 2918 3314 sicut
2949 3276 3053 3334 ego
3083 3264 3386 3329 consentio.
3435 3265 3512 3322 sic
3541 3268 3704 3323 Chri-

2109 3351 2223 3398 stus
2254 3352 2307 3399 et
2328 3346 2485 3400 Pater
2516 3346 2632 3414 ejus
2662 3347 2830 3402 Deus.
2865 3349 3056 3405 Videte
3102 3367 3171 3406 ne
3215 3367 3313 3407 vos
3359 3354 3703 3428 negligentes

2104 3433 2401 3504 discipulos
2427 3437 2787 3491 contemnatis
2814 3454 2900 3492 me
2930 3439 3274 3510 magistrum,
3299 3443 3426 3514 quia
3443 3443 3488 3496 si
3519 3461 3626 3511 me,
3653 3454 3706 3502 et

2105 3523 2376 3578 Christum
2407 3531 2461 3578 et
2492 3525 2704 3578 Patrem
2737 3527 2852 3594 ejus
2882 3527 3054 3582 Deum
3085 3530 3449 3586 contemnitis.
3482 3532 3704 3590 Gratias

2103 3611 2316 3682 agimus
2345 3628 2466 3682 nos,
2500 3618 2729 3670 orantes
2747 3631 2849 3686 pro
2873 3617 3040 3684 vobis,
3067 3625 3125 3671 ut
3153 3617 3207 3671 in
3229 3617 3335 3673 fide
3358 3636 3519 3692 quam
3535 3638 3698 3679 acce—

2101 3701 2255 3772 pistis
2284 3700 2599 3772 proficiatis,
2635 3704 2781 3774 quod
2813 3705 2996 3777 utique
3023 3722 3132 3760 non
3163 3723 3376 3763 orarem
3404 3709 3508 3764 nisi
3536 3710 3700 3768 fidem

2103 3791 2244 3846 hanc
2267 3791 2647 3862 approbarem.
2675 3793 2910 3849 Orontes
2923 3794 3044 3849 dico
3060 3812 3170 3851 non
3189 3812 3334 3867 raro,
3351 3799 3444 3853 sed
3458 3817 3696 3874 semper.

2100 3879 2295 3935 Videte
2324 3895 2393 3934 ne
2419 3880 2668 3936 laborem
2700 3882 2958 3937 orationis
2988 3900 3126 3940 meae
3156 3885 3366 3940 irritum
3393 3887 3623 3945 faciatis.

2170 3967 2323 4024 Unde
2355 3969 2561 4041 gratias
2589 3979 2734 4042 agat,
2766 3971 3012 4041 proxime
3030 3973 3228 4041 subdit,
3263 3978 3698 4035 commendando

2096 4054 2288 4123 ﬁdem,
2324 4057 2461 4112 sicut
2488 4059 2816 4113 tradiderant
2843 4059 2948 4115 illis
2979 4062 3285 4133 Archippus
3315 4071 3367 4118 et
3395 4066 3694 4136 Epaphras,

2093 4145 2308 4200 dicens:
2330 4146 2552 4201 Gratias
2567 4150 2806 4217 agimus,
2823 4150 3120 4205 audientes
3132 4151 3301 4219 ﬁdem
3315 4158 3557 4209 vestram
3571 4171 3694 4210 esse

2092 4236 2155 4289 in
2189 4233 2407 4290 Christo
2438 4237 2572 4291 Jesu
2603 4244 2655 4290 et
2686 4237 2971 4293 audientes
2991 4239 3191 4295 bonum
3214 4239 3467 4297 effectum
3497 4252 3695 4300 vestras

2092 4321 2238 4389 fidei,
2271 4323 2474 4378 scilicet
2521 4324 2888 4392 dilectionem,
2941 4343 3099 4397 quam
3149 4328 3360 4384 habetis
3411 4331 3465 4384 in
3503 4347 3694 4388 omnes

2093 4419 2310 4468 sanctos
2353 4412 2547 4483 quibus
2591 4413 2655 4468 ex
2713 4414 2974 4470 charitate
3027 4424 3207 4472 vestra
3253 4420 3688 4476 communicatis.

397 4510 421 4536 α
453 4490 710 4546 universa
740 4501 1012 4562 creatura,
1047 4511 1167 4567 quae
1198 4497 1301 4550 sub
1329 4498 1467 4553 ctelo
1496 4508 1596 4566 est,
1629 4502 1778 4571 cujus
1821 4503 1992 4562 factus
2021 4511 2072 4571 D
2096 4501 2468 4555 Dilectionem
2489 4502 2858 4557 dicohabitam
2872 4507 3362 4577 propterspem,id
3375 4515 3696 4580 estpropter

396 4600 418 4626 ε
447 4594 568 4633 sum
616 4592 721 4652 ego
779 4581 980 4636 Paulus
1027 4582 1316 4652 minister;
1366 4587 1458 4657 qui
1497 4603 1642 4644 nunc
1685 4592 1895 4661 gaudeo
1936 4594 1990 4648 in

398 4686 422 4717 ι
455 4667 806 4738 passionibus
835 4685 937 4741 pro
965 4671 1141 4738 vobis,
1174 4680 1227 4727 et
1252 4673 1524 4746 adimpleo
1554 4693 1616 4731 ea
1645 4695 1767 4750 quas
1793 4680 1990 4736 desunt

391 4777 414 4803 α
445 4755 762 4828 passionum
812 4757 1034 4826 Christi,
1075 4760 1133 4815 in
1181 4775 1347 4817 carne
1404 4779 1544 4831 mea,
1612 4783 1714 4836 pro
1759 4784 1991 4840 corpore

393 4865 415 4891 ιι
452 4844 590 4912 ejus,
625 4845 772 4916 quod
801 4853 885 4901 est
913 4847 1179 4917 Ecclesia,
1211 4850 1359 4918 cujus
1392 4851 1566 4908 factus
1597 4871 1716 4909 sum
1748 4873 1854 4929 ego
1891 4859 1990 4914 mi-

391 4954 414 4980 a
450 4931 623 4987 nister
671 4933 973 4988 secundum
1021 4935 1479 5006 dispensationem
1531 4943 1649 5012 Dei,
1698 4963 1820 5016 quze
1865 4948 1989 5003 data

392 5041 416 5066 π
450 5028 530 5074 est
559 5020 692 5074 mihi
723 5021 779 5075 in
808 5023 982 5088 vobis,
1037 5032 1094 5078 ut
1124 5025 1380 5097 impleam
1422 5031 1650 5086 verbum
1698 5033 1818 5089 Dei.
1867 5037 1986 5107 My-

390 5130 416 5156 w
447 5109 672 5164 sterium
705 5110 849 5180 quod
879 5111 1255 5170 absconditum
1290 5115 1386 5171 fuit
1416 5135 1444 5172 a
1472 5121 1684 5175 saeculis
1730 5130 1782 5178 et
1812 5141 1986 5196 gene-

389 5217 412 5247 α
446 5196 786 5264 rationibus;
820 5215 964 5254 nunc
995 5209 1170 5256 autem
1211 5205 1610 5262 manifestatum
1655 5218 1736 5265 est
1784 5213 1986 5268 sanctis

389 5284 575 5353 «ejus,
629 5285 825 5356 quibus
883 5287 1050 5344 voluit
1123 5293 1265 5347 Deus
1322 5303 1475 5350 notas
1524 5297 1706 5353 facere
1773 5300 1986 5356 divitias

392 5393 412 5425 ι
446 5372 638 5445 gloria:
684 5378 1006 5431 sacramenti
1077 5377 1233 5449 hujus
1283 5381 1336 5437 in
1385 5385 1656 5454 gentibus,
1711 5389 1855 5458 quod
1903 5399 1986 5445 est

389 5484 411 5508 α
448 5460 713 5530 Christus,
749 5464 804 5518 in
834 5466 988 5521 vobis
1016 5484 1142 5538 spes
1172 5471 1382 5542 gloriae,
1426 5489 1587 5544 quem
1618 5491 1719 5530 nos
1766 5492 1983 5532 annun-

388 5570 412 5600 α
448 5549 641 5605 tiamus
669 5552 1023 5625 corripientes
1052 5571 1268 5613 omnem
1316 5561 1610 5630 hominem,
1646 5571 1696 5618 et
1727 5564 1983 5622 docentes

385 5659 408 5690 ι
444 5638 499 5694 in
530 5641 677 5696 omni
707 5643 992 5716 sapientia,
1013 5654 1071 5702 ut
1092 5648 1442 5706 exhibeamus
1461 5666 1677 5709 omnem
1707 5655 1982 5713 hominem

2095 4605 2213 4642 rem
2246 4597 2559 4659 speratam;
2592 4607 2712 4662 quae
2729 4607 2856 4661 spes
2873 4599 2954 4646 est
2972 4594 3176 4664 posita,
3203 4594 3256 4647 id
3279 4597 3693 4653 estabscondita

2093 4678 2263 4747 vobis,
2295 4686 2348 4732 et
2380 4686 2650 4734 reservata
2681 4679 2737 4733 in
2767 4687 2876 4733 tam
2904 4680 3071 4751 digno
3103 4681 3224 4737 loco
3256 4683 3394 4739 sicut
3422 4687 3485 4740 in
3517 4688 3689 4742 cretis.

2092 4766 2195 4820 Per
2223 4767 2328 4822 hoc
2356 4767 2500 4838 quod
2531 4767 2679 4836 dicit,
2702 4775 2972 4838 speratam
2994 4769 3225 4840 positam
3247 4788 3370 4827 esse
3392 4781 3444 4827 et
3459 4774 3692 4830 abscon-

2092 4871 2230 4922 sam,
2263 4856 2606 4910 commendat
2634 4857 2880 4911 meritum
2905 4873 3111 4925 eorum,
3147 4860 3237 4930 qui
3268 4870 3488 4932 sperant
3515 4879 3545 4916 a
3575 4864 3691 4920 Deo

2090 4944 2235 5015 quod
2268 4960 2369 5000 nec
2399 4944 2644 4999 viderunt
2673 4961 2774 5000 nec
2803 4947 3108 5002 audierunt.
3157 4949 3259 5004 Ubi
3291 4950 3364 5004 ait
3407 4951 3470 5006 in
3513 4953 3685 5020 caelis,

2090 5032 2406 5105 dignitatem
2456 5041 2685 5103 speratae
2724 5034 2803 5088 rei
2854 5050 2921 5088 ex
2969 5033 3090 5090 loco
3117 5036 3171 5090 in
3215 5053 3322 5108 quo
3363 5037 3539 5094 futura
3583 5048 3684 5105 est,

2089 5121 2346 5176 ostendit.
2379 5121 2636 5177 Dicerent
2666 5121 2741 5175 illi
2777 5137 2788 5175 :
2839 5123 2975 5193 Spes
3013 5123 3118 5178 ista
3148 5141 3213 5180 ex
3269 5125 3393 5197 lege
3436 5128 3687 5184 habetur.

2088 5210 2171 5264 Ad
2201 5211 2304 5265 hoc
2335 5210 2532 5264 Paulus
2567 5228 2580 5264 :
2615 5212 2792 5278 Quam
2821 5227 2932 5266 rem
2964 5221 3229 5282 speratam
3271 5223 3322 5269 et
3364 5217 3605 5273 audistis
3637 5226 3690 5272 et

2089 5298 2428 5353 intellexistis
2458 5300 2518 5354 in
2539 5299 2697 5354 verbo
2730 5301 3008 5355 veritatis.
3032 5303 3221 5373 Neque
3250 5304 3367 5359 haec
3397 5306 3600 5360 veritas
3629 5306 3685 5360 in

2086 5387 2208 5460 lege
2241 5386 2356 5453 fuit,
2389 5388 2484 5442 sed
2515 5388 2756 5442 veritatis
2785 5390 3096 5460 Evangelii.
3125 5390 3232 5445 Lex
3265 5392 3406 5446 enim
3437 5393 3686 5449 falsitatis

2086 5485 2168 5532 est
2197 5477 2447 5543 verbum,
2483 5477 2577 5530 sed
2608 5477 2965 5547 Evangelium
3017 5479 3243 5534 verbum
3293 5489 3375 5536 est
3407 5483 3674 5538 veritatis.

2086 5567 2282 5619 lterum
2312 5565 2388 5619 illi
2420 5583 2433 5618 :
2465 5565 2730 5619 Malumus
2778 5581 2886 5619 non
2933 5566 3158 5624 obedire
3204 5568 3320 5634 tibi,
3373 5585 3535 5641 quam
3567 5588 3683 5626 rem

2084 5653 2392 5711 inauditans
2426 5654 2828 5726 suscipere.Ad
2847 5654 2952 5711 hoc
2981 5655 3180 5711 Paulus
3215 5673 3227 5711 :
3268 5659 3418 5727 Quod
3438 5659 3685 5734 Evange-
