  <div class='ocr_page' id='page_1' title='image "/cluster/home/n/w/nwhite01/storage/ocr_20150623/153-154/uc1.31175019678096/194.png"; bbox 0 0 3932 6428; ppageno 0'>
   <div class='ocr_carea' id='block_1_1' title="bbox 212 358 318 412">
    <p class='ocr_par' dir='ltr' id='par_1_1' title="bbox 212 358 318 412">
     <span class='ocr_line' id='line_1_1' title="bbox 212 358 318 412; baseline -0.019 0"><span class='ocrx_word' id='word_1_1' title='bbox 212 358 318 412; x_wconf 83' lang='grc'>3⁸7⁸7</span> 
     </span>
    </p>
   </div>
   <div class='ocr_carea' id='block_1_2' title="bbox 803 344 2931 409">
    <p class='ocr_par' dir='ltr' id='par_1_2' title="bbox 803 344 2931 409">
     <span class='ocr_line' id='line_1_2' title="bbox 803 344 2931 409; baseline -0.003 -1"><span class='ocrx_word' id='word_1_2' title='bbox 803 349 1186 409; x_wconf 85' lang='lat' dir='ltr'>EXPOSITIO</span> <span class='ocrx_word' id='word_1_3' title='bbox 1243 350 1316 406; x_wconf 86' lang='lat' dir='ltr'>IN</span> <span class='ocrx_word' id='word_1_4' title='bbox 1373 348 1756 407; x_wconf 80' lang='lat' dir='ltr'>EPISTOLAS</span> <span class='ocrx_word' id='word_1_5' title='bbox 1811 348 2035 406; x_wconf 77' lang='lat' dir='ltr'>PAULI.</span> <span class='ocrx_word' id='word_1_6' title='bbox 2086 376 2156 390; x_wconf 91' lang='lat'><strong><em>—</em></strong></span> <span class='ocrx_word' id='word_1_7' title='bbox 2203 347 2279 404; x_wconf 86' lang='lat' dir='ltr'>IN</span> <span class='ocrx_word' id='word_1_8' title='bbox 2331 346 2555 404; x_wconf 88' lang='lat' dir='ltr'>EPIST.</span> <span class='ocrx_word' id='word_1_9' title='bbox 2619 347 2716 404; x_wconf 82' lang='lat' dir='ltr'>AD</span> <span class='ocrx_word' id='word_1_10' title='bbox 2769 344 2931 403; x_wconf 89' lang='lat' dir='ltr'>COL.</span> 
     </span>
    </p>
   </div>
   <div class='ocr_carea' id='block_1_3' title="bbox 3424 348 3528 404">
    <p class='ocr_par' dir='ltr' id='par_1_3' title="bbox 3424 348 3528 404">
     <span class='ocr_line' id='line_1_3' title="bbox 3424 348 3528 404; baseline 0.01 -1"><span class='ocrx_word' id='word_1_11' title='bbox 3424 348 3528 404; x_wconf 80' lang='lat'>378</span> 
     </span>
    </p>
   </div>
   <div class='ocr_carea' id='block_1_4' title="bbox 198 470 3524 552">
    <p class='ocr_par' dir='ltr' id='par_1_4' title="bbox 198 470 3524 552">
     <span class='ocr_line' id='line_1_4' title="bbox 198 470 3524 552; baseline -0.003 -16"><span class='ocrx_word' id='word_1_12' title='bbox 198 480 355 549; x_wconf 44' lang='lat' dir='ltr'>,lium</span> <span class='ocrx_word' id='word_1_13' title='bbox 405 477 804 552; x_wconf 89' lang='lat' dir='ltr'>(pertransiens</span> <span class='ocrx_word' id='word_1_14' title='bbox 842 477 957 546; x_wconf 87' lang='lat' dir='ltr'>jam</span> <span class='ocrx_word' id='word_1_15' title='bbox 999 476 1198 532; x_wconf 88' lang='lat' dir='ltr'>multas</span> <span class='ocrx_word' id='word_1_16' title='bbox 1225 475 1529 546; x_wconf 88' lang='lat' dir='ltr'>Ecclesias)</span> <span class='ocrx_word' id='word_1_17' title='bbox 1559 477 1715 532; x_wconf 80' lang='lat' dir='ltr'><strong><em>venit</em></strong></span> <span class='ocrx_word' id='word_1_18' title='bbox 1751 475 1898 538; x_wconf 73' lang='lat' dir='ltr'>adA</span> <span class='ocrx_word' id='word_1_19' title='bbox 1927 474 2050 531; x_wconf 87' lang='lat' dir='ltr'>dico</span> <span class='ocrx_word' id='word_1_20' title='bbox 2080 473 2162 530; x_wconf 91' lang='lat' dir='ltr'>sic</span> <span class='ocrx_word' id='word_1_21' title='bbox 2188 470 2568 530; x_wconf 84' lang='lat' dir='ltr'>fructiﬁcando</span> <span class='ocrx_word' id='word_1_22' title='bbox 2596 477 2913 530; x_wconf 70' lang='lat' dir='ltr'>crescentes</span> <span class='ocrx_word' id='word_1_23' title='bbox 2951 472 3017 528; x_wconf 87' lang='lat' dir='ltr'>in</span> <span class='ocrx_word' id='word_1_24' title='bbox 3041 471 3287 529; x_wconf 83' lang='lat' dir='ltr'>scientia</span> <span class='ocrx_word' id='word_1_25' title='bbox 3315 472 3434 538; x_wconf 89' lang='lat' dir='ltr'>Dei,</span> <span class='ocrx_word' id='word_1_26' title='bbox 3467 470 3524 526; x_wconf 88' lang='lat' dir='ltr'>id</span> 
     </span>
    </p>
   </div>
   <div class='ocr_carea' id='block_1_5' title="bbox 216 565 1826 638">
    <p class='ocr_par' dir='ltr' id='par_1_5' title="bbox 216 565 1826 638">
     <span class='ocr_line' id='line_1_5' title="bbox 216 565 1826 638; baseline -0.004 -12"><span class='ocrx_word' id='word_1_27' title='bbox 216 585 329 627; x_wconf 87' lang='lat' dir='ltr'>vos.</span> <span class='ocrx_word' id='word_1_28' title='bbox 365 567 529 638; x_wconf 85' lang='lat' dir='ltr'>Quod</span> <span class='ocrx_word' id='word_1_29' title='bbox 559 575 742 622; x_wconf 90' lang='lat' dir='ltr'>autem</span> <span class='ocrx_word' id='word_1_30' title='bbox 789 566 967 622; x_wconf 90' lang='lat' dir='ltr'>omnis</span> <span class='ocrx_word' id='word_1_31' title='bbox 1016 565 1268 622; x_wconf 85' lang='lat' dir='ltr'>Ecclesia</span> <span class='ocrx_word' id='word_1_32' title='bbox 1314 572 1478 632; x_wconf 86' lang='lat' dir='ltr'>tenet,</span> <span class='ocrx_word' id='word_1_33' title='bbox 1527 579 1698 620; x_wconf 86' lang='lat' dir='ltr'>vosne</span> <span class='ocrx_word' id='word_1_34' title='bbox 1737 580 1826 620; x_wconf 87' lang='lat' dir='ltr'>re-</span> 
     </span>
    </p>
   </div>
   <div class='ocr_carea' id='block_1_6' title="bbox 218 653 1821 729">
    <p class='ocr_par' dir='ltr' id='par_1_6' title="bbox 218 653 1821 729">
     <span class='ocr_line' id='line_1_6' title="bbox 218 653 1821 729; baseline -0.004 -16"><span class='ocrx_word' id='word_1_35' title='bbox 218 657 431 729; x_wconf 87' lang='lat' dir='ltr'>pellere</span> <span class='ocrx_word' id='word_1_36' title='bbox 459 657 620 713; x_wconf 88' lang='lat' dir='ltr'>vullis</span> <span class='ocrx_word' id='word_1_37' title='bbox 638 655 666 710; x_wconf 83' lang='lat'><strong><em>?</em></strong></span> <span class='ocrx_word' id='word_1_38' title='bbox 695 657 894 710; x_wconf 88' lang='lat' dir='ltr'>Iterum</span> <span class='ocrx_word' id='word_1_39' title='bbox 925 653 1002 709; x_wconf 88' lang='lat' dir='ltr'>illi</span> <span class='ocrx_word' id='word_1_40' title='bbox 1035 671 1048 708; x_wconf 95' lang='lat'><strong>:</strong></span> <span class='ocrx_word' id='word_1_41' title='bbox 1082 654 1336 710; x_wconf 81' lang='lat' dir='ltr'>Pervenit</span> <span class='ocrx_word' id='word_1_42' title='bbox 1385 653 1572 725; x_wconf 90' lang='lat' dir='ltr'>utique</span> <span class='ocrx_word' id='word_1_43' title='bbox 1601 653 1671 708; x_wconf 91' lang='lat' dir='ltr'>ad</span> <span class='ocrx_word' id='word_1_44' title='bbox 1700 667 1821 718; x_wconf 92' lang='lat' dir='ltr'>nos,</span> 
     </span>
    </p>
   </div>
   <div class='ocr_carea' id='block_1_7' title="bbox 218 742 1823 816">
    <p class='ocr_par' dir='ltr' id='par_1_7' title="bbox 218 742 1823 816">
     <span class='ocr_line' id='line_1_7' title="bbox 218 742 1823 816; baseline -0.004 -14"><span class='ocrx_word' id='word_1_45' title='bbox 218 746 319 802; x_wconf 89' lang='lat' dir='ltr'>sed</span> <span class='ocrx_word' id='word_1_46' title='bbox 350 762 461 802; x_wconf 90' lang='lat' dir='ltr'>non</span> <span class='ocrx_word' id='word_1_47' title='bbox 490 746 569 801; x_wconf 93' lang='lat' dir='ltr'>sic</span> <span class='ocrx_word' id='word_1_48' title='bbox 597 746 873 816; x_wconf 84' lang='lat' dir='ltr'>integrum</span> <span class='ocrx_word' id='word_1_49' title='bbox 901 750 961 798; x_wconf 90' lang='lat' dir='ltr'>ut</span> <span class='ocrx_word' id='word_1_50' title='bbox 989 743 1061 799; x_wconf 91' lang='lat' dir='ltr'>ad</span> <span class='ocrx_word' id='word_1_51' title='bbox 1089 742 1246 798; x_wconf 91' lang='lat' dir='ltr'>alios.</span> <span class='ocrx_word' id='word_1_52' title='bbox 1281 742 1366 798; x_wconf 83' lang='lat' dir='ltr'>Ad</span> <span class='ocrx_word' id='word_1_53' title='bbox 1394 743 1500 798; x_wconf 88' lang='lat' dir='ltr'>hoc</span> <span class='ocrx_word' id='word_1_54' title='bbox 1530 742 1606 796; x_wconf 93' lang='lat' dir='ltr'>ait</span> <span class='ocrx_word' id='word_1_55' title='bbox 1640 756 1653 795; x_wconf 90' lang='lat'><strong>:</strong></span> <span class='ocrx_word' id='word_1_56' title='bbox 1685 742 1823 796; x_wconf 88' lang='lat' dir='ltr'>Per-</span> 
     </span>
    </p>
   </div>
   <div class='ocr_carea' id='block_1_8' title="bbox 219 831 1824 907">
    <p class='ocr_par' dir='ltr' id='par_1_8' title="bbox 219 831 1824 907">
     <span class='ocr_line' id='line_1_8' title="bbox 219 831 1824 907; baseline -0.005 -15"><span class='ocrx_word' id='word_1_57' title='bbox 219 835 370 892; x_wconf 81' lang='lat' dir='ltr'>venit</span> <span class='ocrx_word' id='word_1_58' title='bbox 413 834 600 907; x_wconf 91' lang='lat' dir='ltr'>utique</span> <span class='ocrx_word' id='word_1_59' title='bbox 632 833 701 888; x_wconf 89' lang='lat' dir='ltr'>ad</span> <span class='ocrx_word' id='word_1_60' title='bbox 733 849 850 900; x_wconf 91' lang='lat' dir='ltr'>vos,</span> <span class='ocrx_word' id='word_1_61' title='bbox 900 834 1052 889; x_wconf 87' lang='lat' dir='ltr'>sicut</span> <span class='ocrx_word' id='word_1_62' title='bbox 1085 831 1336 903; x_wconf 87' lang='lat' dir='ltr'>pervenit</span> <span class='ocrx_word' id='word_1_63' title='bbox 1382 832 1446 886; x_wconf 88' lang='lat' dir='ltr'>in</span> <span class='ocrx_word' id='word_1_64' title='bbox 1493 833 1824 887; x_wconf 84' lang='lat' dir='ltr'>universum</span> 
     </span>
    </p>
   </div>
   <div class='ocr_carea' id='block_1_9' title="bbox 215 919 1824 992">
    <p class='ocr_par' dir='ltr' id='par_1_9' title="bbox 215 919 1824 992">
     <span class='ocr_line' id='line_1_9' title="bbox 215 919 1824 992; baseline -0.006 -11"><span class='ocrx_word' id='word_1_65' title='bbox 215 925 518 981; x_wconf 87' lang='lat' dir='ltr'>mundum.</span> <span class='ocrx_word' id='word_1_66' title='bbox 551 924 613 978; x_wconf 92' lang='lat' dir='ltr'>In</span> <span class='ocrx_word' id='word_1_67' title='bbox 642 923 745 979; x_wconf 90' lang='lat' dir='ltr'>hac</span> <span class='ocrx_word' id='word_1_68' title='bbox 777 922 922 978; x_wconf 89' lang='lat' dir='ltr'>enim</span> <span class='ocrx_word' id='word_1_69' title='bbox 954 921 1147 976; x_wconf 88' lang='lat' dir='ltr'>eadem</span> <span class='ocrx_word' id='word_1_70' title='bbox 1169 920 1276 976; x_wconf 89' lang='lat' dir='ltr'>ﬁde</span> <span class='ocrx_word' id='word_1_71' title='bbox 1299 936 1464 992; x_wconf 90' lang='lat' dir='ltr'>quam</span> <span class='ocrx_word' id='word_1_72' title='bbox 1485 919 1824 975; x_wconf 89' lang='lat' dir='ltr'>tradiderunt</span> 
     </span>
    </p>
   </div>
   <div class='ocr_carea' id='block_1_10' title="bbox 218 1008 1824 1081">
    <p class='ocr_par' dir='ltr' id='par_1_10' title="bbox 218 1008 1824 1081">
     <span class='ocr_line' id='line_1_10' title="bbox 218 1008 1824 1081; baseline -0.004 -13"><span class='ocrx_word' id='word_1_73' title='bbox 218 1013 398 1080; x_wconf 88' lang='lat' dir='ltr'>vobis,</span> <span class='ocrx_word' id='word_1_74' title='bbox 445 1019 587 1068; x_wconf 91' lang='lat' dir='ltr'>totus</span> <span class='ocrx_word' id='word_1_75' title='bbox 627 1011 862 1066; x_wconf 91' lang='lat' dir='ltr'>mundus</span> <span class='ocrx_word' id='word_1_76' title='bbox 910 1017 1036 1081; x_wconf 91' lang='lat' dir='ltr'>post</span> <span class='ocrx_word' id='word_1_77' title='bbox 1073 1009 1351 1064; x_wconf 81' lang='lat' dir='ltr'>Christum</span> <span class='ocrx_word' id='word_1_78' title='bbox 1390 1008 1524 1064; x_wconf 90' lang='lat' dir='ltr'>abit.</span> <span class='ocrx_word' id='word_1_79' title='bbox 1559 1008 1824 1064; x_wconf 81' lang='lat' dir='ltr'>Pervenit</span> 
     </span>
    </p>
   </div>
   <div class='ocr_carea' id='block_1_11' title="bbox 215 1097 1818 1170">
    <p class='ocr_par' dir='ltr' id='par_1_11' title="bbox 215 1097 1818 1170">
     <span class='ocr_line' id='line_1_11' title="bbox 215 1097 1818 1170; baseline -0.004 -14"><span class='ocrx_word' id='word_1_80' title='bbox 215 1101 342 1158; x_wconf 89' lang='lat' dir='ltr'>dico</span> <span class='ocrx_word' id='word_1_81' title='bbox 375 1105 432 1157; x_wconf 91' lang='lat' dir='ltr'>et</span> <span class='ocrx_word' id='word_1_82' title='bbox 462 1105 567 1167; x_wconf 91' lang='lat' dir='ltr'>est,</span> <span class='ocrx_word' id='word_1_83' title='bbox 603 1101 658 1155; x_wconf 93' lang='lat' dir='ltr'>id</span> <span class='ocrx_word' id='word_1_84' title='bbox 688 1107 772 1156; x_wconf 86' lang='lat' dir='ltr'>est</span> <span class='ocrx_word' id='word_1_85' title='bbox 802 1099 881 1155; x_wconf 91' lang='lat' dir='ltr'>sic</span> <span class='ocrx_word' id='word_1_86' title='bbox 908 1107 1197 1170; x_wconf 82' lang='lat' dir='ltr'>permanet</span> <span class='ocrx_word' id='word_1_87' title='bbox 1220 1098 1276 1152; x_wconf 90' lang='lat' dir='ltr'>in</span> <span class='ocrx_word' id='word_1_88' title='bbox 1304 1097 1562 1153; x_wconf 90' lang='lat' dir='ltr'>universo</span> <span class='ocrx_word' id='word_1_89' title='bbox 1592 1097 1818 1163; x_wconf 89' lang='lat' dir='ltr'>mundo,</span> 
     </span>
    </p>
   </div>
   <div class='ocr_carea' id='block_1_12' title="bbox 213 1187 1822 1262">
    <p class='ocr_par' dir='ltr' id='par_1_12' title="bbox 213 1187 1822 1262">
     <span class='ocr_line' id='line_1_12' title="bbox 213 1187 1822 1262; baseline -0.004 -16"><span class='ocrx_word' id='word_1_90' title='bbox 213 1195 271 1246; x_wconf 88' lang='lat' dir='ltr'>et</span> <span class='ocrx_word' id='word_1_91' title='bbox 289 1190 611 1262; x_wconf 74' lang='lat' dir='ltr'>fructi/ient</span> <span class='ocrx_word' id='word_1_92' title='bbox 640 1188 782 1244; x_wconf 90' lang='lat' dir='ltr'>bene</span> <span class='ocrx_word' id='word_1_93' title='bbox 810 1187 1106 1259; x_wconf 87' lang='lat' dir='ltr'>operando,</span> <span class='ocrx_word' id='word_1_94' title='bbox 1140 1191 1197 1243; x_wconf 91' lang='lat' dir='ltr'>et</span> <span class='ocrx_word' id='word_1_95' title='bbox 1224 1189 1430 1243; x_wconf 76' lang='lat' dir='ltr'>crescit</span> <span class='ocrx_word' id='word_1_96' title='bbox 1449 1193 1561 1241; x_wconf 89' lang='lat' dir='ltr'>tam</span> <span class='ocrx_word' id='word_1_97' title='bbox 1593 1199 1822 1240; x_wconf 90' lang='lat' dir='ltr'>numero</span> 
     </span>
    </p>
   </div>
   <div class='ocr_carea' id='block_1_13' title="bbox 216 1273 1822 1351">
    <p class='ocr_par' dir='ltr' id='par_1_13' title="bbox 216 1273 1822 1351">
     <span class='ocr_line' id='line_1_13' title="bbox 216 1273 1822 1351; baseline -0.004 -17"><span class='ocrx_word' id='word_1_98' title='bbox 216 1294 384 1351; x_wconf 88' lang='lat' dir='ltr'>quam</span> <span class='ocrx_word' id='word_1_99' title='bbox 413 1277 728 1350; x_wconf 81' lang='lat' dir='ltr'>cognitione</span> <span class='ocrx_word' id='word_1_100' title='bbox 756 1277 876 1332; x_wconf 91' lang='lat' dir='ltr'>Dei.</span> <span class='ocrx_word' id='word_1_101' title='bbox 911 1277 1035 1332; x_wconf 91' lang='lat' dir='ltr'>Non</span> <span class='ocrx_word' id='word_1_102' title='bbox 1065 1292 1166 1347; x_wconf 93' lang='lat' dir='ltr'>per</span> <span class='ocrx_word' id='word_1_103' title='bbox 1195 1275 1340 1330; x_wconf 81' lang='lat' dir='ltr'>aliud</span> <span class='ocrx_word' id='word_1_104' title='bbox 1367 1290 1532 1347; x_wconf 90' lang='lat' dir='ltr'>quam</span> <span class='ocrx_word' id='word_1_105' title='bbox 1566 1273 1822 1329; x_wconf 91' lang='lat' dir='ltr'>traditum</span> 
     </span>
    </p>
   </div>
   <div class='ocr_carea' id='block_1_14' title="bbox 211 1362 1822 1436">
    <p class='ocr_par' dir='ltr' id='par_1_14' title="bbox 211 1362 1822 1436">
     <span class='ocr_line' id='line_1_14' title="bbox 211 1362 1822 1436; baseline -0.004 -13"><span class='ocrx_word' id='word_1_106' title='bbox 211 1376 298 1423; x_wconf 90' lang='lat' dir='ltr'>est</span> <span class='ocrx_word' id='word_1_107' title='bbox 327 1367 507 1432; x_wconf 87' lang='lat' dir='ltr'>vobis,</span> <span class='ocrx_word' id='word_1_108' title='bbox 541 1367 638 1422; x_wconf 91' lang='lat' dir='ltr'>sed</span> <span class='ocrx_word' id='word_1_109' title='bbox 668 1369 819 1422; x_wconf 89' lang='lat' dir='ltr'>sicut</span> <span class='ocrx_word' id='word_1_110' title='bbox 846 1365 933 1421; x_wconf 90' lang='lat' dir='ltr'>isti</span> <span class='ocrx_word' id='word_1_111' title='bbox 956 1372 1254 1436; x_wconf 91' lang='lat' dir='ltr'>posuerunt</span> <span class='ocrx_word' id='word_1_112' title='bbox 1282 1365 1346 1420; x_wconf 88' lang='lat' dir='ltr'>in</span> <span class='ocrx_word' id='word_1_113' title='bbox 1368 1365 1535 1420; x_wconf 81' lang='lat' dir='ltr'>vobis.</span> <span class='ocrx_word' id='word_1_114' title='bbox 1561 1362 1822 1419; x_wconf 90' lang='lat' dir='ltr'>Dicerent</span> 
     </span>
    </p>
   </div>
   <div class='ocr_carea' id='block_1_15' title="bbox 206 1452 1819 1528">
    <p class='ocr_par' dir='ltr' id='par_1_15' title="bbox 206 1452 1819 1528">
     <span class='ocr_line' id='line_1_15' title="bbox 206 1452 1819 1528; baseline -0.003 -17"><span class='ocrx_word' id='word_1_115' title='bbox 206 1455 289 1512; x_wconf 91' lang='lat' dir='ltr'>illi</span> <span class='ocrx_word' id='word_1_116' title='bbox 324 1471 339 1510; x_wconf 89' lang='lat'>:</span> <span class='ocrx_word' id='word_1_117' title='bbox 372 1455 580 1512; x_wconf 90' lang='lat' dir='ltr'>Crescit</span> <span class='ocrx_word' id='word_1_118' title='bbox 627 1454 847 1528; x_wconf 90' lang='lat' dir='ltr'>quidem</span> <span class='ocrx_word' id='word_1_119' title='bbox 877 1454 934 1508; x_wconf 92' lang='lat' dir='ltr'>in</span> <span class='ocrx_word' id='word_1_120' title='bbox 963 1453 1148 1522; x_wconf 90' lang='lat' dir='ltr'>nobis,</span> <span class='ocrx_word' id='word_1_121' title='bbox 1185 1470 1252 1508; x_wconf 85' lang='lat' dir='ltr'>ex</span> <span class='ocrx_word' id='word_1_122' title='bbox 1283 1468 1392 1526; x_wconf 91' lang='lat' dir='ltr'>quo</span> <span class='ocrx_word' id='word_1_123' title='bbox 1420 1452 1685 1523; x_wconf 87' lang='lat' dir='ltr'>coepimus</span> <span class='ocrx_word' id='word_1_124' title='bbox 1715 1467 1819 1507; x_wconf 91' lang='lat' dir='ltr'>au-</span> 
     </span>
    </p>
   </div>
   <div class='ocr_carea' id='block_1_16' title="bbox 206 1540 1816 1616">
    <p class='ocr_par' dir='ltr' id='par_1_16' title="bbox 206 1540 1816 1616">
     <span class='ocr_line' id='line_1_16' title="bbox 206 1540 1816 1616; baseline -0.003 -17"><span class='ocrx_word' id='word_1_125' title='bbox 206 1544 324 1600; x_wconf 91' lang='lat' dir='ltr'>dire</span> <span class='ocrx_word' id='word_1_126' title='bbox 354 1545 460 1600; x_wconf 92' lang='lat' dir='ltr'>hos</span> <span class='ocrx_word' id='word_1_127' title='bbox 489 1544 582 1616; x_wconf 88' lang='lat' dir='ltr'>qui</span> <span class='ocrx_word' id='word_1_128' title='bbox 609 1544 823 1600; x_wconf 88' lang='lat' dir='ltr'>noviter</span> <span class='ocrx_word' id='word_1_129' title='bbox 850 1542 1206 1599; x_wconf 88' lang='lat' dir='ltr'>intraverunt.</span> <span class='ocrx_word' id='word_1_130' title='bbox 1241 1542 1480 1609; x_wconf 90' lang='lat' dir='ltr'>Minime,</span> <span class='ocrx_word' id='word_1_131' title='bbox 1505 1541 1580 1596; x_wconf 87' lang='lat' dir='ltr'>ait</span> <span class='ocrx_word' id='word_1_132' title='bbox 1598 1540 1816 1607; x_wconf 87' lang='lat' dir='ltr'>Paulus,</span> 
     </span>
    </p>
   </div>
   <div class='ocr_carea' id='block_1_17' title="bbox 208 1629 1815 1705">
    <p class='ocr_par' dir='ltr' id='par_1_17' title="bbox 208 1629 1815 1705">
     <span class='ocr_line' id='line_1_17' title="bbox 208 1629 1815 1705; baseline -0.002 -16"><span class='ocrx_word' id='word_1_133' title='bbox 208 1633 312 1689; x_wconf 89' lang='lat' dir='ltr'>sed</span> <span class='ocrx_word' id='word_1_134' title='bbox 340 1633 535 1689; x_wconf 89' lang='lat' dir='ltr'>crescit</span> <span class='ocrx_word' id='word_1_135' title='bbox 552 1650 626 1689; x_wconf 77' lang='lat' dir='ltr'>ea:</span> <span class='ocrx_word' id='word_1_136' title='bbox 650 1649 714 1689; x_wconf 89' lang='lat' dir='ltr'>ea</span> <span class='ocrx_word' id='word_1_137' title='bbox 735 1633 824 1689; x_wconf 91' lang='lat' dir='ltr'>die</span> <span class='ocrx_word' id='word_1_138' title='bbox 840 1649 964 1705; x_wconf 72' lang='lat' dir='ltr'>qua:</span> <span class='ocrx_word' id='word_1_139' title='bbox 983 1630 1229 1688; x_wconf 87' lang='lat' dir='ltr'>audistis</span> <span class='ocrx_word' id='word_1_140' title='bbox 1244 1630 1412 1701; x_wconf 82' lang='lat' dir='ltr'>ﬁdem</span> <span class='ocrx_word' id='word_1_141' title='bbox 1435 1631 1502 1686; x_wconf 91' lang='lat' dir='ltr'>ab</span> <span class='ocrx_word' id='word_1_142' title='bbox 1513 1629 1815 1702; x_wconf 85' lang='lat' dir='ltr'>Archippo,</span> 
     </span>
    </p>
   </div>
   <div class='ocr_carea' id='block_1_18' title="bbox 207 1718 1820 1794">
    <p class='ocr_par' dir='ltr' id='par_1_18' title="bbox 207 1718 1820 1794">
     <span class='ocr_line' id='line_1_18' title="bbox 207 1718 1820 1794; baseline -0.005 -14"><span class='ocrx_word' id='word_1_143' title='bbox 207 1727 266 1780; x_wconf 91' lang='lat' dir='ltr'>et</span> <span class='ocrx_word' id='word_1_144' title='bbox 286 1723 622 1794; x_wconf 87' lang='lat' dir='ltr'>cognovistis</span> <span class='ocrx_word' id='word_1_145' title='bbox 650 1737 752 1792; x_wconf 90' lang='lat' dir='ltr'>per</span> <span class='ocrx_word' id='word_1_146' title='bbox 781 1721 1088 1777; x_wconf 89' lang='lat' dir='ltr'>testimonia</span> <span class='ocrx_word' id='word_1_147' title='bbox 1109 1720 1535 1791; x_wconf 90' lang='lat' dir='ltr'>Scripturarum,</span> <span class='ocrx_word' id='word_1_148' title='bbox 1554 1718 1820 1790; x_wconf 88' lang='lat' dir='ltr'>approba-</span> 
     </span>
    </p>
   </div>
   <div class='ocr_carea' id='block_1_19' title="bbox 1925 556 3523 635">
    <p class='ocr_par' dir='ltr' id='par_1_19' title="bbox 1925 556 3523 635">
     <span class='ocr_line' id='line_1_19' title="bbox 1925 556 3523 635; baseline -0.004 -15"><span class='ocrx_word' id='word_1_149' title='bbox 1925 571 2009 620; x_wconf 92' lang='lat' dir='ltr'>est</span> <span class='ocrx_word' id='word_1_150' title='bbox 2035 563 2092 618; x_wconf 92' lang='lat' dir='ltr'>in</span> <span class='ocrx_word' id='word_1_151' title='bbox 2123 561 2435 635; x_wconf 80' lang='lat' dir='ltr'>cognitione</span> <span class='ocrx_word' id='word_1_152' title='bbox 2483 562 2685 618; x_wconf 68' lang='lat' dir='ltr'>divinae</span> <span class='ocrx_word' id='word_1_153' title='bbox 2730 561 3003 627; x_wconf 62' lang='lat' dir='ltr'>essentia,</span> <span class='ocrx_word' id='word_1_154' title='bbox 3037 556 3201 633; x_wconf 88' lang='lat' dir='ltr'>quam</span> <span class='ocrx_word' id='word_1_155' title='bbox 3228 575 3391 615; x_wconf 88' lang='lat' dir='ltr'>nemo</span> <span class='ocrx_word' id='word_1_156' title='bbox 3420 560 3523 614; x_wconf 89' lang='lat' dir='ltr'>ha-</span> 
     </span>
    </p>
   </div>
   <div class='ocr_carea' id='block_1_20' title="bbox 1924 649 3522 723">
    <p class='ocr_par' dir='ltr' id='par_1_20' title="bbox 1924 649 3522 723">
     <span class='ocr_line' id='line_1_20' title="bbox 1924 649 3522 723; baseline -0.002 -16"><span class='ocrx_word' id='word_1_157' title='bbox 1924 653 2056 708; x_wconf 90' lang='lat' dir='ltr'>bere</span> <span class='ocrx_word' id='word_1_158' title='bbox 2087 659 2267 723; x_wconf 86' lang='lat' dir='ltr'>potest</span> <span class='ocrx_word' id='word_1_159' title='bbox 2315 652 2420 706; x_wconf 91' lang='lat' dir='ltr'>nisi</span> <span class='ocrx_word' id='word_1_160' title='bbox 2464 652 2617 723; x_wconf 88' lang='lat' dir='ltr'>prius</span> <span class='ocrx_word' id='word_1_161' title='bbox 2647 657 2904 722; x_wconf 87' lang='lat' dir='ltr'>operetur</span> <span class='ocrx_word' id='word_1_162' title='bbox 2933 666 3056 722; x_wconf 84' lang='lat' dir='ltr'>quae</span> <span class='ocrx_word' id='word_1_163' title='bbox 3087 658 3212 704; x_wconf 92' lang='lat' dir='ltr'>sunt</span> <span class='ocrx_word' id='word_1_164' title='bbox 3239 649 3380 716; x_wconf 87' lang='lat' dir='ltr'>Dei;</span> <span class='ocrx_word' id='word_1_165' title='bbox 3411 664 3522 704; x_wconf 89' lang='lat' dir='ltr'>non</span> 
     </span>
    </p>
   </div>
   <div class='ocr_carea' id='block_1_21' title="bbox 1925 738 3524 814">
    <p class='ocr_par' dir='ltr' id='par_1_21' title="bbox 1925 738 3524 814">
     <span class='ocr_line' id='line_1_21' title="bbox 1925 738 3524 814; baseline -0.003 -16"><span class='ocrx_word' id='word_1_166' title='bbox 1925 742 2070 798; x_wconf 90' lang='lat' dir='ltr'>enim</span> <span class='ocrx_word' id='word_1_167' title='bbox 2100 757 2202 812; x_wconf 92' lang='lat' dir='ltr'>per</span> <span class='ocrx_word' id='word_1_168' title='bbox 2227 740 2598 814; x_wconf 82' lang='lat' dir='ltr'>cognitionem</span> <span class='ocrx_word' id='word_1_169' title='bbox 2627 740 2698 794; x_wconf 92' lang='lat' dir='ltr'>ad</span> <span class='ocrx_word' id='word_1_170' title='bbox 2727 754 2912 811; x_wconf 87' lang='lat' dir='ltr'>opera,</span> <span class='ocrx_word' id='word_1_171' title='bbox 2946 738 3044 794; x_wconf 90' lang='lat' dir='ltr'>sed</span> <span class='ocrx_word' id='word_1_172' title='bbox 3071 754 3172 810; x_wconf 93' lang='lat' dir='ltr'>per</span> <span class='ocrx_word' id='word_1_173' title='bbox 3200 753 3367 809; x_wconf 83' lang='lat' dir='ltr'>Opera</span> <span class='ocrx_word' id='word_1_174' title='bbox 3385 754 3524 809; x_wconf 77' lang='lat' dir='ltr'>prae-</span> 
     </span>
    </p>
   </div>
   <div class='ocr_carea' id='block_1_22' title="bbox 1922 826 3521 902">
    <p class='ocr_par' dir='ltr' id='par_1_22' title="bbox 1922 826 3521 902">
     <span class='ocr_line' id='line_1_22' title="bbox 1922 826 3521 902; baseline -0.003 -17"><span class='ocrx_word' id='word_1_175' title='bbox 1922 831 2092 886; x_wconf 89' lang='lat' dir='ltr'>missa</span> <span class='ocrx_word' id='word_1_176' title='bbox 2130 830 2201 886; x_wconf 94' lang='lat' dir='ltr'>ad</span> <span class='ocrx_word' id='word_1_177' title='bbox 2229 829 2599 902; x_wconf 83' lang='lat' dir='ltr'>cognitionem</span> <span class='ocrx_word' id='word_1_178' title='bbox 2642 828 2972 884; x_wconf 87' lang='lat' dir='ltr'>ascenditur.</span> <span class='ocrx_word' id='word_1_179' title='bbox 3005 828 3135 883; x_wconf 71' lang='lat' dir='ltr'>llaec</span> <span class='ocrx_word' id='word_1_180' title='bbox 3161 826 3392 883; x_wconf 89' lang='lat' dir='ltr'>scientia</span> <span class='ocrx_word' id='word_1_181' title='bbox 3417 826 3521 881; x_wconf 90' lang='lat' dir='ltr'>Dei</span> 
     </span>
    </p>
   </div>
   <div class='ocr_carea' id='block_1_23' title="bbox 1923 916 3522 992">
    <p class='ocr_par' dir='ltr' id='par_1_23' title="bbox 1923 916 3522 992">
     <span class='ocr_line' id='line_1_23' title="bbox 1923 916 3522 992; baseline -0.003 -18"><span class='ocrx_word' id='word_1_182' title='bbox 1923 927 1978 974; x_wconf 92' lang='lat' dir='ltr'>et</span> <span class='ocrx_word' id='word_1_183' title='bbox 2005 919 2212 992; x_wconf 81' lang='lat' dir='ltr'>agnitio</span> <span class='ocrx_word' id='word_1_184' title='bbox 2243 918 2534 974; x_wconf 88' lang='lat' dir='ltr'>voluntatis</span> <span class='ocrx_word' id='word_1_185' title='bbox 2565 917 2683 986; x_wconf 87' lang='lat' dir='ltr'>ejus</span> <span class='ocrx_word' id='word_1_186' title='bbox 2714 933 2878 989; x_wconf 90' lang='lat' dir='ltr'>quam</span> <span class='ocrx_word' id='word_1_187' title='bbox 2908 916 3173 988; x_wconf 75' lang='lat' dir='ltr'>praemisit</span> <span class='ocrx_word' id='word_1_188' title='bbox 3209 916 3372 988; x_wconf 90' lang='lat' dir='ltr'>longe</span> <span class='ocrx_word' id='word_1_189' title='bbox 3402 931 3436 971; x_wconf 93' lang='lat' dir='ltr'>a</span> <span class='ocrx_word' id='word_1_190' title='bbox 3463 931 3522 971; x_wconf 93' lang='lat' dir='ltr'>se</span> 
     </span>
    </p>
   </div>
   <div class='ocr_carea' id='block_1_24' title="bbox 1923 1005 3522 1079">
    <p class='ocr_par' dir='ltr' id='par_1_24' title="bbox 1923 1005 3522 1079">
     <span class='ocr_line' id='line_1_24' title="bbox 1923 1005 3522 1079; baseline -0.003 -15"><span class='ocrx_word' id='word_1_191' title='bbox 1923 1009 2181 1065; x_wconf 69' lang='lat' dir='ltr'>ditierunt</span> <span class='ocrx_word' id='word_1_192' title='bbox 2213 1025 2226 1065; x_wconf 89' lang='lat'><strong>:</strong></span> <span class='ocrx_word' id='word_1_193' title='bbox 2259 1009 2334 1064; x_wconf 92' lang='lat' dir='ltr'>ibi</span> <span class='ocrx_word' id='word_1_194' title='bbox 2386 1008 2532 1064; x_wconf 90' lang='lat' dir='ltr'>enim</span> <span class='ocrx_word' id='word_1_195' title='bbox 2578 1008 2672 1073; x_wconf 90' lang='lat' dir='ltr'>ait,</span> <span class='ocrx_word' id='word_1_196' title='bbox 2726 1007 2858 1079; x_wconf 92' lang='lat' dir='ltr'>quid</span> <span class='ocrx_word' id='word_1_197' title='bbox 2896 1005 3024 1061; x_wconf 88' lang='lat' dir='ltr'>velit</span> <span class='ocrx_word' id='word_1_198' title='bbox 3052 1007 3222 1074; x_wconf 87' lang='lat' dir='ltr'>Deus,</span> <span class='ocrx_word' id='word_1_199' title='bbox 3252 1005 3384 1077; x_wconf 92' lang='lat' dir='ltr'>quid</span> <span class='ocrx_word' id='word_1_200' title='bbox 3412 1021 3522 1061; x_wconf 90' lang='lat' dir='ltr'>non</span> 
     </span>
    </p>
   </div>
   <div class='ocr_carea' id='block_1_25' title="bbox 1921 1094 3522 1170">
    <p class='ocr_par' dir='ltr' id='par_1_25' title="bbox 1921 1094 3522 1170">
     <span class='ocr_line' id='line_1_25' title="bbox 1921 1094 3522 1170; baseline -0.002 -16"><span class='ocrx_word' id='word_1_201' title='bbox 1921 1098 2091 1164; x_wconf 89' lang='lat' dir='ltr'>velit;</span> <span class='ocrx_word' id='word_1_202' title='bbox 2123 1097 2266 1170; x_wconf 87' lang='lat' dir='ltr'>quod</span> <span class='ocrx_word' id='word_1_203' title='bbox 2306 1097 2463 1154; x_wconf 86' lang='lat' dir='ltr'>facile</span> <span class='ocrx_word' id='word_1_204' title='bbox 2511 1104 2658 1168; x_wconf 87' lang='lat' dir='ltr'>patet</span> <span class='ocrx_word' id='word_1_205' title='bbox 2706 1094 3038 1168; x_wconf 88' lang='lat' dir='ltr'>quibuslibet</span> <span class='ocrx_word' id='word_1_206' title='bbox 3070 1112 3084 1150; x_wconf 88' lang='lat'><strong>:</strong></span> <span class='ocrx_word' id='word_1_207' title='bbox 3116 1094 3205 1151; x_wconf 92' lang='lat' dir='ltr'>hic</span> <span class='ocrx_word' id='word_1_208' title='bbox 3243 1103 3424 1150; x_wconf 87' lang='lat' dir='ltr'>autem</span> <span class='ocrx_word' id='word_1_209' title='bbox 3452 1095 3522 1151; x_wconf 92' lang='lat' dir='ltr'>de</span> 
     </span>
    </p>
   </div>
   <div class='ocr_carea' id='block_1_26' title="bbox 1923 1183 3523 1259">
    <p class='ocr_par' dir='ltr' id='par_1_26' title="bbox 1923 1183 3523 1259">
     <span class='ocr_line' id='line_1_26' title="bbox 1923 1183 3523 1259; baseline -0.003 -16"><span class='ocrx_word' id='word_1_210' title='bbox 1923 1187 2242 1259; x_wconf 80' lang='lat' dir='ltr'>cognitione</span> <span class='ocrx_word' id='word_1_211' title='bbox 2271 1186 2469 1242; x_wconf 62' lang='lat' dir='ltr'>divinae</span> <span class='ocrx_word' id='word_1_212' title='bbox 2497 1185 2769 1251; x_wconf 63' lang='lat' dir='ltr'>essentia,</span> <span class='ocrx_word' id='word_1_213' title='bbox 2803 1200 2966 1256; x_wconf 89' lang='lat' dir='ltr'>quam</span> <span class='ocrx_word' id='word_1_214' title='bbox 2994 1183 3172 1255; x_wconf 90' lang='lat' dir='ltr'>aperit</span> <span class='ocrx_word' id='word_1_215' title='bbox 3198 1185 3407 1254; x_wconf 90' lang='lat' dir='ltr'>puritas</span> <span class='ocrx_word' id='word_1_216' title='bbox 3443 1185 3523 1240; x_wconf 87' lang='lat' dir='ltr'>vi-</span> 
     </span>
    </p>
   </div>
   <div class='ocr_carea' id='block_1_27' title="bbox 1922 1272 3522 1343">
    <p class='ocr_par' dir='ltr' id='par_1_27' title="bbox 1922 1272 3522 1343">
     <span class='ocr_line' id='line_1_27' title="bbox 1922 1272 3522 1343; baseline -0.001 -14"><span class='ocrx_word' id='word_1_217' title='bbox 1922 1283 2008 1342; x_wconf 83' lang='lat' dir='ltr'>tae,</span> <span class='ocrx_word' id='word_1_218' title='bbox 2043 1275 2433 1332; x_wconf 85' lang='lat' dir='ltr'>convenienter</span> <span class='ocrx_word' id='word_1_219' title='bbox 2467 1275 2734 1331; x_wconf 89' lang='lat' dir='ltr'>ascendit.</span> <span class='ocrx_word' id='word_1_220' title='bbox 2781 1273 2941 1328; x_wconf 90' lang='lat' dir='ltr'>Prius</span> <span class='ocrx_word' id='word_1_221' title='bbox 2982 1273 3128 1328; x_wconf 90' lang='lat' dir='ltr'>enim</span> <span class='ocrx_word' id='word_1_222' title='bbox 3169 1272 3522 1343; x_wconf 87' lang='lat' dir='ltr'>intelligenda</span> 
     </span>
    </p>
   </div>
   <div class='ocr_carea' id='block_1_28' title="bbox 1922 1361 3524 1436">
    <p class='ocr_par' dir='ltr' id='par_1_28' title="bbox 1922 1361 3524 1436">
     <span class='ocr_line' id='line_1_28' title="bbox 1922 1361 3524 1436; baseline -0.001 -16"><span class='ocrx_word' id='word_1_223' title='bbox 1922 1373 2006 1420; x_wconf 90' lang='lat' dir='ltr'>est</span> <span class='ocrx_word' id='word_1_224' title='bbox 2027 1364 2284 1421; x_wconf 88' lang='lat' dir='ltr'>voluntas</span> <span class='ocrx_word' id='word_1_225' title='bbox 2314 1364 2416 1420; x_wconf 92' lang='lat' dir='ltr'>Dei</span> <span class='ocrx_word' id='word_1_226' title='bbox 2440 1383 2455 1434; x_wconf 89' lang='lat'><strong>;</strong></span> <span class='ocrx_word' id='word_1_227' title='bbox 2489 1380 2594 1436; x_wconf 90' lang='lat' dir='ltr'>qua</span> <span class='ocrx_word' id='word_1_228' title='bbox 2622 1362 2915 1430; x_wconf 88' lang='lat' dir='ltr'>intellecta,</span> <span class='ocrx_word' id='word_1_229' title='bbox 2938 1361 3326 1418; x_wconf 87' lang='lat' dir='ltr'>ambulandum</span> <span class='ocrx_word' id='word_1_230' title='bbox 3357 1371 3440 1417; x_wconf 91' lang='lat' dir='ltr'>est</span> <span class='ocrx_word' id='word_1_231' title='bbox 3467 1362 3524 1418; x_wconf 89' lang='lat' dir='ltr'>in</span> 
     </span>
    </p>
   </div>
   <div class='ocr_carea' id='block_1_29' title="bbox 1920 1449 3518 1523">
    <p class='ocr_par' dir='ltr' id='par_1_29' title="bbox 1920 1449 3518 1523">
     <span class='ocr_line' id='line_1_29' title="bbox 1920 1449 3518 1523; baseline -0.003 -13"><span class='ocrx_word' id='word_1_232' title='bbox 1920 1469 2008 1523; x_wconf 92' lang='lat' dir='ltr'>ea,</span> <span class='ocrx_word' id='word_1_233' title='bbox 2041 1469 2146 1510; x_wconf 92' lang='lat' dir='ltr'>nec</span> <span class='ocrx_word' id='word_1_234' title='bbox 2174 1453 2249 1508; x_wconf 89' lang='lat' dir='ltr'>ibi</span> <span class='ocrx_word' id='word_1_235' title='bbox 2276 1453 2704 1518; x_wconf 88' lang='lat' dir='ltr'>subsistendum,</span> <span class='ocrx_word' id='word_1_236' title='bbox 2740 1451 2838 1506; x_wconf 89' lang='lat' dir='ltr'>sed</span> <span class='ocrx_word' id='word_1_237' title='bbox 2869 1451 2926 1506; x_wconf 90' lang='lat' dir='ltr'>in</span> <span class='ocrx_word' id='word_1_238' title='bbox 2954 1450 3149 1508; x_wconf 91' lang='lat' dir='ltr'>melius</span> <span class='ocrx_word' id='word_1_239' title='bbox 3177 1449 3518 1508; x_wconf 83' lang='lat' dir='ltr'>fructiﬁcan-</span> 
     </span>
    </p>
   </div>
   <div class='ocr_carea' id='block_1_30' title="bbox 1921 1540 3521 1614">
    <p class='ocr_par' dir='ltr' id='par_1_30' title="bbox 1921 1540 3521 1614">
     <span class='ocr_line' id='line_1_30' title="bbox 1921 1540 3521 1614; baseline -0.002 -16"><span class='ocrx_word' id='word_1_240' title='bbox 1921 1544 2070 1599; x_wconf 92' lang='lat' dir='ltr'>dum.</span> <span class='ocrx_word' id='word_1_241' title='bbox 2105 1543 2240 1598; x_wconf 91' lang='lat' dir='ltr'>Tum</span> <span class='ocrx_word' id='word_1_242' title='bbox 2293 1543 2516 1598; x_wconf 89' lang='lat' dir='ltr'>demum</span> <span class='ocrx_word' id='word_1_243' title='bbox 2562 1549 2708 1614; x_wconf 89' lang='lat' dir='ltr'>patet</span> <span class='ocrx_word' id='word_1_244' title='bbox 2748 1540 2998 1597; x_wconf 89' lang='lat' dir='ltr'>introitus</span> <span class='ocrx_word' id='word_1_245' title='bbox 3038 1541 3103 1594; x_wconf 91' lang='lat' dir='ltr'>ad</span> <span class='ocrx_word' id='word_1_246' title='bbox 3152 1541 3521 1614; x_wconf 81' lang='lat' dir='ltr'>cognitionem</span> 
     </span>
    </p>
   </div>
   <div class='ocr_carea' id='block_1_31' title="bbox 1919 1629 3518 1702">
    <p class='ocr_par' dir='ltr' id='par_1_31' title="bbox 1919 1629 3518 1702">
     <span class='ocr_line' id='line_1_31' title="bbox 1919 1629 3518 1702; baseline -0.003 -14"><span class='ocrx_word' id='word_1_247' title='bbox 1919 1631 2121 1688; x_wconf 81' lang='lat' dir='ltr'>divinae</span> <span class='ocrx_word' id='word_1_248' title='bbox 2153 1631 2427 1688; x_wconf 83' lang='lat' dir='ltr'>essentiae.</span> <span class='ocrx_word' id='word_1_249' title='bbox 2488 1629 2608 1700; x_wconf 90' lang='lat' dir='ltr'>Quo</span> <span class='ocrx_word' id='word_1_250' title='bbox 2646 1639 2932 1702; x_wconf 88' lang='lat' dir='ltr'>postquam</span> <span class='ocrx_word' id='word_1_251' title='bbox 2962 1629 3192 1698; x_wconf 89' lang='lat' dir='ltr'>venitur,</span> <span class='ocrx_word' id='word_1_252' title='bbox 3223 1637 3394 1684; x_wconf 88' lang='lat' dir='ltr'>restat</span> <span class='ocrx_word' id='word_1_253' title='bbox 3421 1645 3518 1684; x_wconf 88' lang='lat' dir='ltr'>so-</span> 
     </span>
    </p>
   </div>
   <div class='ocr_carea' id='block_1_32' title="bbox 1919 1717 3518 1792">
    <p class='ocr_par' dir='ltr' id='par_1_32' title="bbox 1919 1717 3518 1792">
     <span class='ocr_line' id='line_1_32' title="bbox 1919 1717 3518 1792; baseline -0.002 -16"><span class='ocrx_word' id='word_1_254' title='bbox 1919 1720 2200 1776; x_wconf 90' lang='lat' dir='ltr'>lummodo</span> <span class='ocrx_word' id='word_1_255' title='bbox 2229 1735 2604 1792; x_wconf 88' lang='lat' dir='ltr'>perseverare.</span> <span class='ocrx_word' id='word_1_256' title='bbox 2647 1719 2802 1776; x_wconf 91' lang='lat' dir='ltr'>Unde</span> <span class='ocrx_word' id='word_1_257' title='bbox 2849 1719 2921 1774; x_wconf 86' lang='lat' dir='ltr'>ait</span> <span class='ocrx_word' id='word_1_258' title='bbox 2954 1736 2968 1773; x_wconf 90' lang='lat'><strong>:</strong></span> <span class='ocrx_word' id='word_1_259' title='bbox 2999 1719 3293 1791; x_wconf 86' lang='lat' dir='ltr'>Postquam</span> <span class='ocrx_word' id='word_1_260' title='bbox 3322 1717 3518 1775; x_wconf 86' lang='lat' dir='ltr'>fructi-</span> 
     </span>
    </p>
   </div>
   <div class='ocr_carea' id='block_1_33' title="bbox 205 1806 3520 1901">
    <p class='ocr_par' dir='ltr' id='par_1_33' title="bbox 205 1806 3520 1901">
     <span class='ocr_line' id='line_1_33' title="bbox 205 1806 3520 1901; baseline -0.001 -35"><span class='ocrx_word' id='word_1_261' title='bbox 205 1819 319 1867; x_wconf 89' lang='lat' dir='ltr'>tam</span> <span class='ocrx_word' id='word_1_262' title='bbox 368 1810 520 1867; x_wconf 87' lang='lat' dir='ltr'>vobis</span> <span class='ocrx_word' id='word_1_263' title='bbox 549 1812 799 1882; x_wconf 86' lang='lat' dir='ltr'>gratiam</span> <span class='ocrx_word' id='word_1_264' title='bbox 833 1811 934 1867; x_wconf 85' lang='lat' dir='ltr'>Dei</span> <span class='ocrx_word' id='word_1_265' title='bbox 965 1825 1087 1881; x_wconf 76' lang='lat' dir='ltr'>quae</span> <span class='ocrx_word' id='word_1_266' title='bbox 1117 1818 1198 1864; x_wconf 88' lang='lat' dir='ltr'>est</span> <span class='ocrx_word' id='word_1_267' title='bbox 1229 1808 1283 1863; x_wconf 90' lang='lat' dir='ltr'>in</span> <span class='ocrx_word' id='word_1_268' title='bbox 1314 1807 1640 1864; x_wconf 84' lang='lat' dir='ltr'>ﬁde.Gratia</span> <span class='ocrx_word' id='word_1_269' title='bbox 1670 1807 1814 1863; x_wconf 90' lang='lat' dir='ltr'>enim</span> <span class='ocrx_word' id='word_1_270' title='bbox 1842 1838 1896 1901; x_wconf 85' lang='lat' dir='ltr'>B</span> <span class='ocrx_word' id='word_1_271' title='bbox 1920 1807 2212 1866; x_wconf 85' lang='lat' dir='ltr'>ﬁcaveritis</span> <span class='ocrx_word' id='word_1_272' title='bbox 2240 1817 2294 1864; x_wconf 92' lang='lat' dir='ltr'>et</span> <span class='ocrx_word' id='word_1_273' title='bbox 2334 1808 2621 1865; x_wconf 89' lang='lat' dir='ltr'>creveritis</span> <span class='ocrx_word' id='word_1_274' title='bbox 2669 1806 2726 1862; x_wconf 91' lang='lat' dir='ltr'>in</span> <span class='ocrx_word' id='word_1_275' title='bbox 2757 1807 2983 1862; x_wconf 91' lang='lat' dir='ltr'>scientia</span> <span class='ocrx_word' id='word_1_276' title='bbox 3027 1806 3150 1876; x_wconf 90' lang='lat' dir='ltr'>Dei,</span> <span class='ocrx_word' id='word_1_277' title='bbox 3183 1814 3356 1862; x_wconf 90' lang='lat' dir='ltr'>estote</span> <span class='ocrx_word' id='word_1_278' title='bbox 3393 1822 3520 1862; x_wconf 84' lang='lat' dir='ltr'>con-</span> 
     </span>
    </p>
   </div>
   <div class='ocr_carea' id='block_1_34' title="bbox 202 1895 1812 1974">
    <p class='ocr_par' dir='ltr' id='par_1_34' title="bbox 202 1895 1812 1974">
     <span class='ocr_line' id='line_1_34' title="bbox 202 1895 1812 1974; baseline -0.002 -19"><span class='ocrx_word' id='word_1_279' title='bbox 202 1899 346 1974; x_wconf 80' lang='lat' dir='ltr'>legis</span> <span class='ocrx_word' id='word_1_280' title='bbox 377 1899 436 1955; x_wconf 89' lang='lat' dir='ltr'>in</span> <span class='ocrx_word' id='word_1_281' title='bbox 464 1913 631 1954; x_wconf 88' lang='lat' dir='ltr'>manu</span> <span class='ocrx_word' id='word_1_282' title='bbox 673 1898 1043 1955; x_wconf 89' lang='lat' dir='ltr'>abscindentis</span> <span class='ocrx_word' id='word_1_283' title='bbox 1086 1896 1395 1970; x_wconf 90' lang='lat' dir='ltr'>pelliculam</span> <span class='ocrx_word' id='word_1_284' title='bbox 1432 1895 1627 1953; x_wconf 77' lang='lat' dir='ltr'>vetulae</span> <span class='ocrx_word' id='word_1_285' title='bbox 1674 1911 1812 1953; x_wconf 88' lang='lat' dir='ltr'>con-</span> 
     </span>
    </p>
   </div>
   <div class='ocr_carea' id='block_1_35' title="bbox 204 1988 373 2045">
    <p class='ocr_par' dir='ltr' id='par_1_35' title="bbox 204 1988 373 2045">
     <span class='ocr_line' id='line_1_35' title="bbox 204 1988 373 2045; baseline -0.006 -1"><span class='ocrx_word' id='word_1_286' title='bbox 204 1988 373 2045; x_wconf 88' lang='lat' dir='ltr'>sistit.</span> 
     </span>
    </p>
   </div>
   <div class='ocr_carea' id='block_1_36' title="bbox 277 2074 1813 2148">
    <p class='ocr_par' dir='ltr' id='par_1_36' title="bbox 277 2074 1813 2148">
     <span class='ocr_line' id='line_1_36' title="bbox 277 2074 1813 2148; baseline -0.003 -14"><span class='ocrx_word' id='word_1_287' title='bbox 277 2076 530 2134; x_wconf 87' lang='lat' dir='ltr'>Gratiam</span> <span class='ocrx_word' id='word_1_288' title='bbox 561 2075 665 2133; x_wconf 90' lang='lat' dir='ltr'>Dei</span> <span class='ocrx_word' id='word_1_289' title='bbox 693 2076 819 2133; x_wconf 91' lang='lat' dir='ltr'>dico</span> <span class='ocrx_word' id='word_1_290' title='bbox 847 2079 910 2132; x_wconf 83' lang='lat' dir='ltr'>in</span> <span class='ocrx_word' id='word_1_291' title='bbox 946 2077 1216 2145; x_wconf 87' lang='lat' dir='ltr'>veritate,</span> <span class='ocrx_word' id='word_1_292' title='bbox 1269 2075 1476 2133; x_wconf 91' lang='lat' dir='ltr'>credite</span> <span class='ocrx_word' id='word_1_293' title='bbox 1501 2074 1654 2142; x_wconf 89' lang='lat' dir='ltr'>mihi,</span> <span class='ocrx_word' id='word_1_294' title='bbox 1687 2075 1813 2148; x_wconf 87' lang='lat' dir='ltr'>quia</span> 
     </span>
    </p>
   </div>
   <div class='ocr_carea' id='block_1_37' title="bbox 208 2169 1800 2244">
    <p class='ocr_par' dir='ltr' id='par_1_37' title="bbox 208 2169 1800 2244">
     <span class='ocr_line' id='line_1_37' title="bbox 208 2169 1800 2244; baseline -0.001 -17"><span class='ocrx_word' id='word_1_295' title='bbox 208 2173 329 2228; x_wconf 69' lang='lat' dir='ltr'>haec</span> <span class='ocrx_word' id='word_1_296' title='bbox 362 2179 448 2226; x_wconf 91' lang='lat' dir='ltr'>est</span> <span class='ocrx_word' id='word_1_297' title='bbox 475 2186 608 2227; x_wconf 89' lang='lat' dir='ltr'>vera</span> <span class='ocrx_word' id='word_1_298' title='bbox 650 2170 829 2244; x_wconf 90' lang='lat' dir='ltr'>gratia</span> <span class='ocrx_word' id='word_1_299' title='bbox 877 2169 997 2226; x_wconf 91' lang='lat' dir='ltr'>Dei.</span> <span class='ocrx_word' id='word_1_300' title='bbox 1046 2169 1236 2225; x_wconf 90' lang='lat' dir='ltr'>Gratia</span> <span class='ocrx_word' id='word_1_301' title='bbox 1264 2169 1405 2241; x_wconf 82' lang='lat' dir='ltr'>legis</span> <span class='ocrx_word' id='word_1_302' title='bbox 1433 2169 1626 2224; x_wconf 91' lang='lat' dir='ltr'>umbra</span> <span class='ocrx_word' id='word_1_303' title='bbox 1658 2177 1800 2225; x_wconf 91' lang='lat' dir='ltr'>erat.</span> 
     </span>
    </p>
   </div>
   <div class='ocr_carea' id='block_1_38' title="bbox 205 2259 1810 2330">
    <p class='ocr_par' dir='ltr' id='par_1_38' title="bbox 205 2259 1810 2330">
     <span class='ocr_line' id='line_1_38' title="bbox 205 2259 1810 2330; baseline -0.001 -14"><span class='ocrx_word' id='word_1_304' title='bbox 205 2261 468 2317; x_wconf 76' lang='lat' dir='ltr'>Audistis</span> <span class='ocrx_word' id='word_1_305' title='bbox 495 2259 637 2329; x_wconf 90' lang='lat' dir='ltr'>dico,</span> <span class='ocrx_word' id='word_1_306' title='bbox 671 2268 722 2316; x_wconf 92' lang='lat' dir='ltr'>et</span> <span class='ocrx_word' id='word_1_307' title='bbox 754 2259 894 2316; x_wconf 90' lang='lat' dir='ltr'>sicut</span> <span class='ocrx_word' id='word_1_308' title='bbox 911 2275 1011 2315; x_wconf 92' lang='lat' dir='ltr'>vos</span> <span class='ocrx_word' id='word_1_309' title='bbox 1026 2259 1324 2326; x_wconf 79' lang='lat' dir='ltr'>didicistis,</span> <span class='ocrx_word' id='word_1_310' title='bbox 1350 2266 1404 2314; x_wconf 90' lang='lat' dir='ltr'>et</span> <span class='ocrx_word' id='word_1_311' title='bbox 1440 2259 1626 2330; x_wconf 90' lang='lat' dir='ltr'>utique</span> <span class='ocrx_word' id='word_1_312' title='bbox 1656 2266 1810 2330; x_wconf 91' lang='lat' dir='ltr'>turpe</span> 
     </span>
    </p>
   </div>
   <div class='ocr_carea' id='block_1_39' title="bbox 208 2348 1805 2421">
    <p class='ocr_par' dir='ltr' id='par_1_39' title="bbox 208 2348 1805 2421">
     <span class='ocr_line' id='line_1_39' title="bbox 208 2348 1805 2421; baseline -0.003 -15"><span class='ocrx_word' id='word_1_313' title='bbox 208 2358 295 2406; x_wconf 89' lang='lat' dir='ltr'>est</span> <span class='ocrx_word' id='word_1_314' title='bbox 323 2349 606 2417; x_wconf 88' lang='lat' dir='ltr'>didicisse,</span> <span class='ocrx_word' id='word_1_315' title='bbox 657 2348 803 2421; x_wconf 89' lang='lat' dir='ltr'>quod</span> <span class='ocrx_word' id='word_1_316' title='bbox 841 2348 1313 2421; x_wconf 89' lang='lat' dir='ltr'>derelinqueretis,</span> <span class='ocrx_word' id='word_1_317' title='bbox 1347 2355 1401 2404; x_wconf 93' lang='lat' dir='ltr'>et</span> <span class='ocrx_word' id='word_1_318' title='bbox 1429 2363 1459 2403; x_wconf 94' lang='lat' dir='ltr'>e</span> <span class='ocrx_word' id='word_1_319' title='bbox 1489 2363 1758 2403; x_wconf 89' lang='lat' dir='ltr'>converso</span> <span class='ocrx_word' id='word_1_320' title='bbox 1792 2363 1805 2402; x_wconf 91' lang='lat'><strong>:</strong></span> 
     </span>
    </p>
   </div>
   <div class='ocr_carea' id='block_1_40' title="bbox 200 2435 1808 2510">
    <p class='ocr_par' dir='ltr' id='par_1_40' title="bbox 200 2435 1808 2510">
     <span class='ocr_line' id='line_1_40' title="bbox 200 2435 1808 2510; baseline -0.003 -15"><span class='ocrx_word' id='word_1_321' title='bbox 200 2439 497 2495; x_wconf 83' lang='lat' dir='ltr'>Didicistis</span> <span class='ocrx_word' id='word_1_322' title='bbox 515 2438 640 2494; x_wconf 91' lang='lat' dir='ltr'>dico</span> <span class='ocrx_word' id='word_1_323' title='bbox 659 2439 727 2494; x_wconf 89' lang='lat' dir='ltr'>ab</span> <span class='ocrx_word' id='word_1_324' title='bbox 745 2439 1009 2510; x_wconf 82' lang='lat' dir='ltr'>Epaphra</span> <span class='ocrx_word' id='word_1_325' title='bbox 1029 2438 1360 2494; x_wconf 85' lang='lat' dir='ltr'>charissima</span> <span class='ocrx_word' id='word_1_326' title='bbox 1390 2440 1608 2503; x_wconf 88' lang='lat' dir='ltr'>nostro,</span> <span class='ocrx_word' id='word_1_327' title='bbox 1624 2436 1716 2508; x_wconf 91' lang='lat' dir='ltr'>qui</span> <span class='ocrx_word' id='word_1_328' title='bbox 1737 2435 1808 2491; x_wconf 91' lang='lat' dir='ltr'>ita</span> 
     </span>
    </p>
   </div>
   <div class='ocr_carea' id='block_1_41' title="bbox 201 2525 1806 2598">
    <p class='ocr_par' dir='ltr' id='par_1_41' title="bbox 201 2525 1806 2598">
     <span class='ocr_line' id='line_1_41' title="bbox 201 2525 1806 2598; baseline -0.001 -16"><span class='ocrx_word' id='word_1_329' title='bbox 201 2528 373 2584; x_wconf 86' lang='lat' dir='ltr'>servit</span> <span class='ocrx_word' id='word_1_330' title='bbox 403 2527 618 2583; x_wconf 87' lang='lat' dir='ltr'>Christo</span> <span class='ocrx_word' id='word_1_331' title='bbox 665 2526 720 2581; x_wconf 91' lang='lat' dir='ltr'>in</span> <span class='ocrx_word' id='word_1_332' title='bbox 766 2527 1070 2598; x_wconf 88' lang='lat' dir='ltr'>Evangelio</span> <span class='ocrx_word' id='word_1_333' title='bbox 1114 2534 1173 2581; x_wconf 92' lang='lat' dir='ltr'>ut</span> <span class='ocrx_word' id='word_1_334' title='bbox 1222 2527 1415 2582; x_wconf 91' lang='lat' dir='ltr'>Petrus</span> <span class='ocrx_word' id='word_1_335' title='bbox 1446 2525 1532 2582; x_wconf 87' lang='lat' dir='ltr'>vel</span> <span class='ocrx_word' id='word_1_336' title='bbox 1564 2541 1689 2598; x_wconf 88' lang='lat' dir='ltr'>ego.</span> <span class='ocrx_word' id='word_1_337' title='bbox 1724 2526 1806 2580; x_wconf 87' lang='lat' dir='ltr'>Ne</span> 
     </span>
    </p>
   </div>
   <div class='ocr_carea' id='block_1_42' title="bbox 200 2615 1806 2690">
    <p class='ocr_par' dir='ltr' id='par_1_42' title="bbox 200 2615 1806 2690">
     <span class='ocr_line' id='line_1_42' title="bbox 200 2615 1806 2690; baseline -0.003 -18"><span class='ocrx_word' id='word_1_338' title='bbox 200 2632 341 2690; x_wconf 87' lang='lat' dir='ltr'>ergo</span> <span class='ocrx_word' id='word_1_339' title='bbox 365 2615 548 2671; x_wconf 87' lang='lat' dir='ltr'>minus</span> <span class='ocrx_word' id='word_1_340' title='bbox 579 2615 813 2671; x_wconf 88' lang='lat' dir='ltr'>audiatis</span> <span class='ocrx_word' id='word_1_341' title='bbox 844 2631 989 2671; x_wconf 91' lang='lat' dir='ltr'>eum.</span> <span class='ocrx_word' id='word_1_342' title='bbox 1022 2615 1281 2671; x_wconf 91' lang='lat' dir='ltr'>Dicerent</span> <span class='ocrx_word' id='word_1_343' title='bbox 1312 2615 1389 2669; x_wconf 92' lang='lat' dir='ltr'>illi</span> <span class='ocrx_word' id='word_1_344' title='bbox 1425 2633 1438 2669; x_wconf 94' lang='lat'><strong>:</strong></span> <span class='ocrx_word' id='word_1_345' title='bbox 1471 2616 1650 2671; x_wconf 86' lang='lat' dir='ltr'>Vocas</span> <span class='ocrx_word' id='word_1_346' title='bbox 1679 2629 1806 2669; x_wconf 90' lang='lat' dir='ltr'>eum</span> 
     </span>
    </p>
   </div>
   <div class='ocr_carea' id='block_1_43' title="bbox 200 2703 1804 2775">
    <p class='ocr_par' dir='ltr' id='par_1_43' title="bbox 200 2703 1804 2775">
     <span class='ocr_line' id='line_1_43' title="bbox 200 2703 1804 2775; baseline -0.003 -13"><span class='ocrx_word' id='word_1_347' title='bbox 200 2721 566 2771; x_wconf 88' lang='lat' dir='ltr'>conservum;</span> <span class='ocrx_word' id='word_1_348' title='bbox 600 2704 696 2761; x_wconf 92' lang='lat' dir='ltr'>sed</span> <span class='ocrx_word' id='word_1_349' title='bbox 726 2704 834 2759; x_wconf 91' lang='lat' dir='ltr'>alia</span> <span class='ocrx_word' id='word_1_350' title='bbox 859 2703 1186 2759; x_wconf 87' lang='lat' dir='ltr'>ministravit</span> <span class='ocrx_word' id='word_1_351' title='bbox 1215 2703 1394 2771; x_wconf 91' lang='lat' dir='ltr'>nobis,</span> <span class='ocrx_word' id='word_1_352' title='bbox 1419 2720 1540 2775; x_wconf 65' lang='lat' dir='ltr'>quae</span> <span class='ocrx_word' id='word_1_353' title='bbox 1559 2719 1590 2757; x_wconf 90' lang='lat' dir='ltr'>a</span> <span class='ocrx_word' id='word_1_354' title='bbox 1622 2710 1674 2758; x_wconf 94' lang='lat' dir='ltr'>te</span> <span class='ocrx_word' id='word_1_355' title='bbox 1693 2719 1804 2758; x_wconf 91' lang='lat' dir='ltr'>non</span> 
     </span>
    </p>
   </div>
   <div class='ocr_carea' id='block_1_44' title="bbox 201 2791 1806 2865">
    <p class='ocr_par' dir='ltr' id='par_1_44' title="bbox 201 2791 1806 2865">
     <span class='ocr_line' id='line_1_44' title="bbox 201 2791 1806 2865; baseline 0 -17"><span class='ocrx_word' id='word_1_356' title='bbox 201 2794 412 2851; x_wconf 92' lang='lat' dir='ltr'>didicit.</span> <span class='ocrx_word' id='word_1_357' title='bbox 448 2793 692 2851; x_wconf 66' lang='lat'><strong>2&#39;74</strong></span> <span class='ocrx_word' id='word_1_358' title='bbox 733 2792 974 2860; x_wconf 87' lang='lat' dir='ltr'>Minime,</span> <span class='ocrx_word' id='word_1_359' title='bbox 1022 2793 1098 2848; x_wconf 89' lang='lat' dir='ltr'>ait</span> <span class='ocrx_word' id='word_1_360' title='bbox 1154 2793 1378 2858; x_wconf 87' lang='lat' dir='ltr'>Paulus,</span> <span class='ocrx_word' id='word_1_361' title='bbox 1412 2791 1540 2864; x_wconf 89' lang='lat' dir='ltr'>quia</span> <span class='ocrx_word' id='word_1_362' title='bbox 1595 2793 1693 2865; x_wconf 89' lang='lat' dir='ltr'>qui</span> <span class='ocrx_word' id='word_1_363' title='bbox 1722 2801 1806 2848; x_wconf 91' lang='lat' dir='ltr'>est</span> 
     </span>
    </p>
   </div>
   <div class='ocr_carea' id='block_1_45' title="bbox 197 2880 1804 2952">
    <p class='ocr_par' dir='ltr' id='par_1_45' title="bbox 197 2880 1804 2952">
     <span class='ocr_line' id='line_1_45' title="bbox 197 2880 1804 2952; baseline -0.003 -13"><span class='ocrx_word' id='word_1_364' title='bbox 197 2884 386 2952; x_wconf 81' lang='lat' dir='ltr'>ﬁdelis</span> <span class='ocrx_word' id='word_1_365' title='bbox 426 2883 713 2949; x_wconf 82' lang='lat' dir='ltr'>minister,</span> <span class='ocrx_word' id='word_1_366' title='bbox 765 2882 843 2936; x_wconf 89' lang='lat' dir='ltr'>nil</span> <span class='ocrx_word' id='word_1_367' title='bbox 908 2881 1151 2952; x_wconf 89' lang='lat' dir='ltr'>addens,</span> <span class='ocrx_word' id='word_1_368' title='bbox 1205 2881 1281 2936; x_wconf 90' lang='lat' dir='ltr'>nil</span> <span class='ocrx_word' id='word_1_369' title='bbox 1326 2881 1654 2936; x_wconf 90' lang='lat' dir='ltr'>diminuens.</span> <span class='ocrx_word' id='word_1_370' title='bbox 1705 2880 1804 2935; x_wconf 83' lang='lat' dir='ltr'>Mi-</span> 
     </span>
    </p>
   </div>
   <div class='ocr_carea' id='block_1_46' title="bbox 200 2969 1804 3042">
    <p class='ocr_par' dir='ltr' id='par_1_46' title="bbox 200 2969 1804 3042">
     <span class='ocr_line' id='line_1_46' title="bbox 200 2969 1804 3042; baseline -0.001 -16"><span class='ocrx_word' id='word_1_371' title='bbox 200 2971 371 3027; x_wconf 91' lang='lat' dir='ltr'>nister</span> <span class='ocrx_word' id='word_1_372' title='bbox 428 2971 551 3027; x_wconf 91' lang='lat' dir='ltr'>dico</span> <span class='ocrx_word' id='word_1_373' title='bbox 601 2970 811 3027; x_wconf 83' lang='lat' dir='ltr'>Christi</span> <span class='ocrx_word' id='word_1_374' title='bbox 859 2972 1009 3036; x_wconf 74' lang='lat' dir='ltr'>Iesu,</span> <span class='ocrx_word' id='word_1_375' title='bbox 1077 2970 1134 3025; x_wconf 89' lang='lat' dir='ltr'>id</span> <span class='ocrx_word' id='word_1_376' title='bbox 1199 2978 1282 3026; x_wconf 92' lang='lat' dir='ltr'>est</span> <span class='ocrx_word' id='word_1_377' title='bbox 1336 2970 1425 3026; x_wconf 90' lang='lat' dir='ltr'>vel</span> <span class='ocrx_word' id='word_1_378' title='bbox 1472 2969 1597 3042; x_wconf 91' lang='lat' dir='ltr'>quia</span> <span class='ocrx_word' id='word_1_379' title='bbox 1646 2969 1804 3024; x_wconf 88' lang='lat' dir='ltr'>Chri-</span> 
     </span>
    </p>
   </div>
   <div class='ocr_carea' id='block_1_47' title="bbox 202 3058 1800 3132">
    <p class='ocr_par' dir='ltr' id='par_1_47' title="bbox 202 3058 1800 3132">
     <span class='ocr_line' id='line_1_47' title="bbox 202 3058 1800 3132; baseline -0.001 -17"><span class='ocrx_word' id='word_1_380' title='bbox 202 3068 347 3115; x_wconf 87' lang='lat' dir='ltr'>stum</span> <span class='ocrx_word' id='word_1_381' title='bbox 376 3059 670 3128; x_wconf 90' lang='lat' dir='ltr'>ministrat,</span> <span class='ocrx_word' id='word_1_382' title='bbox 709 3059 794 3115; x_wconf 88' lang='lat' dir='ltr'>vel</span> <span class='ocrx_word' id='word_1_383' title='bbox 825 3059 954 3132; x_wconf 89' lang='lat' dir='ltr'>quia</span> <span class='ocrx_word' id='word_1_384' title='bbox 999 3058 1250 3114; x_wconf 87' lang='lat' dir='ltr'>Christus</span> <span class='ocrx_word' id='word_1_385' title='bbox 1280 3059 1509 3114; x_wconf 91' lang='lat' dir='ltr'>instituit</span> <span class='ocrx_word' id='word_1_386' title='bbox 1538 3074 1664 3115; x_wconf 88' lang='lat' dir='ltr'>eum</span> <span class='ocrx_word' id='word_1_387' title='bbox 1693 3059 1800 3114; x_wconf 90' lang='lat' dir='ltr'>mi-</span> 
     </span>
    </p>
   </div>
   <div class='ocr_carea' id='block_1_48' title="bbox 197 3147 1800 3220">
    <p class='ocr_par' dir='ltr' id='par_1_48' title="bbox 197 3147 1800 3220">
     <span class='ocr_line' id='line_1_48' title="bbox 197 3147 1800 3220; baseline 0 -16"><span class='ocrx_word' id='word_1_388' title='bbox 197 3149 455 3218; x_wconf 89' lang='lat' dir='ltr'>nistrum,</span> <span class='ocrx_word' id='word_1_389' title='bbox 490 3149 582 3206; x_wconf 92' lang='lat' dir='ltr'>vel</span> <span class='ocrx_word' id='word_1_390' title='bbox 619 3148 873 3204; x_wconf 90' lang='lat' dir='ltr'>minister</span> <span class='ocrx_word' id='word_1_391' title='bbox 901 3148 970 3202; x_wconf 91' lang='lat' dir='ltr'>ad</span> <span class='ocrx_word' id='word_1_392' title='bbox 999 3149 1269 3204; x_wconf 90' lang='lat' dir='ltr'>honorem</span> <span class='ocrx_word' id='word_1_393' title='bbox 1301 3148 1524 3204; x_wconf 88' lang='lat' dir='ltr'>Christi.</span> <span class='ocrx_word' id='word_1_394' title='bbox 1557 3148 1626 3202; x_wconf 91' lang='lat' dir='ltr'>Et</span> <span class='ocrx_word' id='word_1_395' title='bbox 1654 3147 1800 3220; x_wconf 91' lang='lat' dir='ltr'>quod</span> 
     </span>
    </p>
   </div>
   <div class='ocr_carea' id='block_1_49' title="bbox 192 3236 1798 3310">
    <p class='ocr_par' dir='ltr' id='par_1_49' title="bbox 192 3236 1798 3310">
     <span class='ocr_line' id='line_1_49' title="bbox 192 3236 1798 3310; baseline -0.002 -16"><span class='ocrx_word' id='word_1_396' title='bbox 192 3238 445 3295; x_wconf 88' lang='lat' dir='ltr'>minister</span> <span class='ocrx_word' id='word_1_397' title='bbox 491 3245 594 3308; x_wconf 91' lang='lat' dir='ltr'>est,</span> <span class='ocrx_word' id='word_1_398' title='bbox 623 3239 728 3294; x_wconf 87' lang='lat' dir='ltr'>hoc</span> <span class='ocrx_word' id='word_1_399' title='bbox 757 3244 909 3294; x_wconf 89' lang='lat' dir='ltr'>certe</span> <span class='ocrx_word' id='word_1_400' title='bbox 954 3253 1058 3310; x_wconf 89' lang='lat' dir='ltr'>pro</span> <span class='ocrx_word' id='word_1_401' title='bbox 1087 3238 1256 3305; x_wconf 84' lang='lat' dir='ltr'>vobis,</span> <span class='ocrx_word' id='word_1_402' title='bbox 1291 3236 1384 3310; x_wconf 91' lang='lat' dir='ltr'>qui</span> <span class='ocrx_word' id='word_1_403' title='bbox 1413 3236 1650 3310; x_wconf 90' lang='lat' dir='ltr'>populus</span> <span class='ocrx_word' id='word_1_404' title='bbox 1679 3238 1798 3306; x_wconf 86' lang='lat' dir='ltr'>ejus</span> 
     </span>
    </p>
   </div>
   <div class='ocr_carea' id='block_1_50' title="bbox 192 3325 1802 3399">
    <p class='ocr_par' dir='ltr' id='par_1_50' title="bbox 192 3325 1802 3399">
     <span class='ocr_line' id='line_1_50' title="bbox 192 3325 1802 3399; baseline -0.001 -16"><span class='ocrx_word' id='word_1_405' title='bbox 192 3328 346 3394; x_wconf 87' lang='lat' dir='ltr'>estis,</span> <span class='ocrx_word' id='word_1_406' title='bbox 381 3327 512 3399; x_wconf 90' lang='lat' dir='ltr'>quia</span> <span class='ocrx_word' id='word_1_407' title='bbox 540 3327 643 3382; x_wconf 91' lang='lat' dir='ltr'>nisi</span> <span class='ocrx_word' id='word_1_408' title='bbox 672 3341 774 3398; x_wconf 89' lang='lat' dir='ltr'>pro</span> <span class='ocrx_word' id='word_1_409' title='bbox 792 3325 1085 3382; x_wconf 89' lang='lat' dir='ltr'>dilectione</span> <span class='ocrx_word' id='word_1_410' title='bbox 1105 3334 1288 3383; x_wconf 91' lang='lat' dir='ltr'>vestra</span> <span class='ocrx_word' id='word_1_411' title='bbox 1308 3335 1477 3394; x_wconf 90' lang='lat' dir='ltr'>esset,</span> <span class='ocrx_word' id='word_1_412' title='bbox 1501 3326 1670 3382; x_wconf 89' lang='lat' dir='ltr'>credo</span> <span class='ocrx_word' id='word_1_413' title='bbox 1691 3341 1802 3381; x_wconf 90' lang='lat' dir='ltr'>non</span> 
     </span>
    </p>
   </div>
   <div class='ocr_carea' id='block_1_51' title="bbox 194 3414 1799 3486">
    <p class='ocr_par' dir='ltr' id='par_1_51' title="bbox 194 3414 1799 3486">
     <span class='ocr_line' id='line_1_51' title="bbox 194 3414 1799 3486; baseline -0.001 -15"><span class='ocrx_word' id='word_1_414' title='bbox 194 3416 556 3472; x_wconf 88' lang='lat' dir='ltr'>ministraret.</span> <span class='ocrx_word' id='word_1_415' title='bbox 587 3417 692 3485; x_wconf 85' lang='lat' dir='ltr'>Qui</span> <span class='ocrx_word' id='word_1_416' title='bbox 703 3417 883 3471; x_wconf 89' lang='lat' dir='ltr'>etiam</span> <span class='ocrx_word' id='word_1_417' title='bbox 903 3417 1153 3486; x_wconf 72' lang='lat' dir='ltr'>mani/“es</span> <span class='ocrx_word' id='word_1_418' title='bbox 1161 3418 1307 3472; x_wconf 89' lang='lat' dir='ltr'>tavit</span> <span class='ocrx_word' id='word_1_419' title='bbox 1317 3415 1476 3472; x_wconf 88' lang='lat' dir='ltr'>nobis</span> <span class='ocrx_word' id='word_1_420' title='bbox 1487 3431 1598 3471; x_wconf 91' lang='lat' dir='ltr'>non</span> <span class='ocrx_word' id='word_1_421' title='bbox 1612 3414 1799 3470; x_wconf 90' lang='lat' dir='ltr'>odium</span> 
     </span>
    </p>
   </div>
   <div class='ocr_carea' id='block_1_52' title="bbox 192 3503 1800 3572">
    <p class='ocr_par' dir='ltr' id='par_1_52' title="bbox 192 3503 1800 3572">
     <span class='ocr_line' id='line_1_52' title="bbox 192 3503 1800 3572; baseline -0.001 -11"><span class='ocrx_word' id='word_1_422' title='bbox 192 3513 458 3572; x_wconf 89' lang='lat' dir='ltr'>vestrum,</span> <span class='ocrx_word' id='word_1_423' title='bbox 479 3521 589 3560; x_wconf 91' lang='lat' dir='ltr'>non</span> <span class='ocrx_word' id='word_1_424' title='bbox 605 3505 1027 3572; x_wconf 82' lang='lat' dir='ltr'>dissensionem,</span> <span class='ocrx_word' id='word_1_425' title='bbox 1053 3503 1153 3560; x_wconf 91' lang='lat' dir='ltr'>sed</span> <span class='ocrx_word' id='word_1_426' title='bbox 1172 3505 1539 3561; x_wconf 83' lang='lat' dir='ltr'>dilectionem</span> <span class='ocrx_word' id='word_1_427' title='bbox 1551 3509 1800 3562; x_wconf 88' lang='lat' dir='ltr'>vestram</span> 
     </span>
    </p>
   </div>
   <div class='ocr_carea' id='block_1_53' title="bbox 192 3593 1800 3668">
    <p class='ocr_par' dir='ltr' id='par_1_53' title="bbox 192 3593 1800 3668">
     <span class='ocr_line' id='line_1_53' title="bbox 192 3593 1800 3668; baseline 0 -18"><span class='ocrx_word' id='word_1_428' title='bbox 192 3611 318 3652; x_wconf 78' lang='lat' dir='ltr'>esse</span> <span class='ocrx_word' id='word_1_429' title='bbox 348 3597 415 3650; x_wconf 90' lang='lat' dir='ltr'>in</span> <span class='ocrx_word' id='word_1_430' title='bbox 443 3596 672 3667; x_wconf 86' lang='lat' dir='ltr'>spiritu,</span> <span class='ocrx_word' id='word_1_431' title='bbox 705 3594 760 3650; x_wconf 90' lang='lat' dir='ltr'>id</span> <span class='ocrx_word' id='word_1_432' title='bbox 793 3602 879 3650; x_wconf 92' lang='lat' dir='ltr'>est</span> <span class='ocrx_word' id='word_1_433' title='bbox 905 3601 1259 3651; x_wconf 89' lang='lat' dir='ltr'>contemnere</span> <span class='ocrx_word' id='word_1_434' title='bbox 1281 3593 1538 3660; x_wconf 88' lang='lat' dir='ltr'>carnalia,</span> <span class='ocrx_word' id='word_1_435' title='bbox 1566 3595 1800 3668; x_wconf 86' lang='lat' dir='ltr'>diligere</span> 
     </span>
    </p>
   </div>
   <div class='ocr_carea' id='block_1_54' title="bbox 189 3683 520 3757">
    <p class='ocr_par' dir='ltr' id='par_1_54' title="bbox 189 3683 520 3757">
     <span class='ocr_line' id='line_1_54' title="bbox 189 3683 520 3757; baseline -0.003 -18"><span class='ocrx_word' id='word_1_436' title='bbox 189 3683 520 3757; x_wconf 88' lang='lat' dir='ltr'>spiritualia.</span> 
     </span>
    </p>
   </div>
   <div class='ocr_carea' id='block_1_55' title="bbox 261 3770 1796 3846">
    <p class='ocr_par' dir='ltr' id='par_1_55' title="bbox 261 3770 1796 3846">
     <span class='ocr_line' id='line_1_55' title="bbox 261 3770 1796 3846; baseline -0.001 -17"><span class='ocrx_word' id='word_1_437' title='bbox 261 3772 504 3829; x_wconf 91' lang='lat' dir='ltr'>Ostenso</span> <span class='ocrx_word' id='word_1_438' title='bbox 555 3772 700 3829; x_wconf 91' lang='lat' dir='ltr'>unde</span> <span class='ocrx_word' id='word_1_439' title='bbox 728 3772 935 3845; x_wconf 85' lang='lat' dir='ltr'>gratias</span> <span class='ocrx_word' id='word_1_440' title='bbox 964 3779 1093 3846; x_wconf 88' lang='lat' dir='ltr'>agat</span> <span class='ocrx_word' id='word_1_441' title='bbox 1123 3787 1248 3828; x_wconf 90' lang='lat' dir='ltr'>cum</span> <span class='ocrx_word' id='word_1_442' title='bbox 1277 3770 1674 3843; x_wconf 89' lang='lat' dir='ltr'>approbatione</span> <span class='ocrx_word' id='word_1_443' title='bbox 1705 3787 1796 3828; x_wconf 90' lang='lat' dir='ltr'>ac-</span> 
     </span>
    </p>
   </div>
   <div class='ocr_carea' id='block_1_56' title="bbox 191 3859 1797 3934">
    <p class='ocr_par' dir='ltr' id='par_1_56' title="bbox 191 3859 1797 3934">
     <span class='ocr_line' id='line_1_56' title="bbox 191 3859 1797 3934; baseline -0.001 -16"><span class='ocrx_word' id='word_1_444' title='bbox 191 3870 366 3934; x_wconf 88' lang='lat' dir='ltr'>ceptae</span> <span class='ocrx_word' id='word_1_445' title='bbox 395 3860 541 3928; x_wconf 87' lang='lat' dir='ltr'>fidei,</span> <span class='ocrx_word' id='word_1_446' title='bbox 583 3861 766 3918; x_wconf 87' lang='lat' dir='ltr'>subdit</span> <span class='ocrx_word' id='word_1_447' title='bbox 797 3861 944 3934; x_wconf 91' lang='lat' dir='ltr'>quod</span> <span class='ocrx_word' id='word_1_448' title='bbox 976 3869 1094 3918; x_wconf 90' lang='lat' dir='ltr'>oret</span> <span class='ocrx_word' id='word_1_449' title='bbox 1121 3877 1220 3932; x_wconf 91' lang='lat' dir='ltr'>pro</span> <span class='ocrx_word' id='word_1_450' title='bbox 1251 3861 1332 3916; x_wconf 92' lang='lat' dir='ltr'>eis</span> <span class='ocrx_word' id='word_1_451' title='bbox 1361 3859 1657 3917; x_wconf 89' lang='lat' dir='ltr'>inserendo</span> <span class='ocrx_word' id='word_1_452' title='bbox 1687 3861 1797 3916; x_wconf 90' lang='lat' dir='ltr'>im-</span> 
     </span>
    </p>
   </div>
   <div class='ocr_carea' id='block_1_57' title="bbox 189 3949 1797 4024">
    <p class='ocr_par' dir='ltr' id='par_1_57' title="bbox 189 3949 1797 4024">
     <span class='ocr_line' id='line_1_57' title="bbox 189 3949 1797 4024; baseline 0.001 -18"><span class='ocrx_word' id='word_1_453' title='bbox 189 3951 573 4022; x_wconf 90' lang='lat' dir='ltr'>probationem</span> <span class='ocrx_word' id='word_1_454' title='bbox 601 3949 764 4024; x_wconf 86' lang='lat' dir='ltr'>legis,</span> <span class='ocrx_word' id='word_1_455' title='bbox 798 3950 987 4007; x_wconf 91' lang='lat' dir='ltr'>dicens</span> <span class='ocrx_word' id='word_1_456' title='bbox 1019 3968 1034 4004; x_wconf 92' lang='lat'><strong>:</strong></span> <span class='ocrx_word' id='word_1_457' title='bbox 1065 3952 1133 4006; x_wconf 89' lang='lat' dir='ltr'>Et</span> <span class='ocrx_word' id='word_1_458' title='bbox 1163 3949 1292 4022; x_wconf 89' lang='lat' dir='ltr'>quia</span> <span class='ocrx_word' id='word_1_459' title='bbox 1307 3949 1672 4006; x_wconf 78' lang='lat' dir='ltr'>manifestavit</span> <span class='ocrx_word' id='word_1_460' title='bbox 1698 3965 1797 4007; x_wconf 84' lang='lat' dir='ltr'>no-</span> 
     </span>
    </p>
   </div>
   <div class='ocr_carea' id='block_1_58' title="bbox 192 4039 1796 4112">
    <p class='ocr_par' dir='ltr' id='par_1_58' title="bbox 192 4039 1796 4112">
     <span class='ocr_line' id='line_1_58' title="bbox 192 4039 1796 4112; baseline 0.001 -18"><span class='ocrx_word' id='word_1_461' title='bbox 192 4039 278 4095; x_wconf 90' lang='lat' dir='ltr'>bis</span> <span class='ocrx_word' id='word_1_462' title='bbox 309 4040 660 4096; x_wconf 89' lang='lat' dir='ltr'>dilectionem</span> <span class='ocrx_word' id='word_1_463' title='bbox 702 4047 942 4097; x_wconf 89' lang='lat' dir='ltr'>vestram</span> <span class='ocrx_word' id='word_1_464' title='bbox 969 4039 1025 4094; x_wconf 90' lang='lat' dir='ltr'>in</span> <span class='ocrx_word' id='word_1_465' title='bbox 1055 4039 1268 4111; x_wconf 89' lang='lat' dir='ltr'>spiritu,</span> <span class='ocrx_word' id='word_1_466' title='bbox 1303 4039 1426 4096; x_wconf 88' lang='lat' dir='ltr'>ideo</span> <span class='ocrx_word' id='word_1_467' title='bbox 1447 4055 1676 4096; x_wconf 88' lang='lat' dir='ltr'>oramus</span> <span class='ocrx_word' id='word_1_468' title='bbox 1693 4056 1796 4112; x_wconf 89' lang='lat' dir='ltr'>pro</span> 
     </span>
    </p>
   </div>
   <div class='ocr_carea' id='block_1_59' title="bbox 189 4128 1796 4201">
    <p class='ocr_par' dir='ltr' id='par_1_59' title="bbox 189 4128 1796 4201">
     <span class='ocr_line' id='line_1_59' title="bbox 189 4128 1796 4201; baseline 0 -17"><span class='ocrx_word' id='word_1_469' title='bbox 189 4130 338 4185; x_wconf 84' lang='lat' dir='ltr'>vobis</span> <span class='ocrx_word' id='word_1_470' title='bbox 359 4133 416 4185; x_wconf 90' lang='lat' dir='ltr'>et</span> <span class='ocrx_word' id='word_1_471' title='bbox 432 4145 549 4185; x_wconf 88' lang='lat' dir='ltr'>non</span> <span class='ocrx_word' id='word_1_472' title='bbox 571 4145 856 4185; x_wconf 83' lang='lat' dir='ltr'>cessa-mus</span> <span class='ocrx_word' id='word_1_473' title='bbox 878 4133 1124 4196; x_wconf 85' lang='lat' dir='ltr'>orantes,</span> <span class='ocrx_word' id='word_1_474' title='bbox 1152 4145 1227 4184; x_wconf 75' lang='lat' dir='ltr'>ex</span> <span class='ocrx_word' id='word_1_475' title='bbox 1249 4145 1316 4184; x_wconf 91' lang='lat' dir='ltr'>ea</span> <span class='ocrx_word' id='word_1_476' title='bbox 1336 4129 1426 4184; x_wconf 90' lang='lat' dir='ltr'>die</span> <span class='ocrx_word' id='word_1_477' title='bbox 1447 4145 1557 4201; x_wconf 90' lang='lat' dir='ltr'>qua</span> <span class='ocrx_word' id='word_1_478' title='bbox 1577 4128 1796 4184; x_wconf 89' lang='lat' dir='ltr'>audivi-</span> 
     </span>
    </p>
   </div>
   <div class='ocr_carea' id='block_1_60' title="bbox 192 4217 1798 4288">
    <p class='ocr_par' dir='ltr' id='par_1_60' title="bbox 192 4217 1798 4288">
     <span class='ocr_line' id='line_1_60' title="bbox 192 4217 1798 4288; baseline 0.001 -15"><span class='ocrx_word' id='word_1_479' title='bbox 192 4235 318 4274; x_wconf 89' lang='lat' dir='ltr'>mus</span> <span class='ocrx_word' id='word_1_480' title='bbox 334 4219 507 4288; x_wconf 84' lang='lat' dir='ltr'>ﬁdem</span> <span class='ocrx_word' id='word_1_481' title='bbox 542 4223 599 4274; x_wconf 92' lang='lat' dir='ltr'>et</span> <span class='ocrx_word' id='word_1_482' title='bbox 625 4219 990 4275; x_wconf 83' lang='lat' dir='ltr'>dilectionem</span> <span class='ocrx_word' id='word_1_483' title='bbox 1023 4222 1286 4274; x_wconf 88' lang='lat' dir='ltr'>vestram.</span> <span class='ocrx_word' id='word_1_484' title='bbox 1310 4218 1548 4274; x_wconf 87' lang='lat' dir='ltr'>Orantes</span> <span class='ocrx_word' id='word_1_485' title='bbox 1581 4217 1704 4273; x_wconf 89' lang='lat' dir='ltr'>dico</span> <span class='ocrx_word' id='word_1_486' title='bbox 1741 4224 1798 4275; x_wconf 90' lang='lat' dir='ltr'>et</span> 
     </span>
    </p>
   </div>
   <div class='ocr_carea' id='block_1_61' title="bbox 187 4305 1791 4380">
    <p class='ocr_par' dir='ltr' id='par_1_61' title="bbox 187 4305 1791 4380">
     <span class='ocr_line' id='line_1_61' title="bbox 187 4305 1791 4380; baseline -0.002 -17"><span class='ocrx_word' id='word_1_487' title='bbox 187 4309 568 4380; x_wconf 83' lang='lat' dir='ltr'>postulantes,</span> <span class='ocrx_word' id='word_1_488' title='bbox 592 4306 649 4362; x_wconf 92' lang='lat' dir='ltr'>id</span> <span class='ocrx_word' id='word_1_489' title='bbox 672 4316 754 4363; x_wconf 89' lang='lat' dir='ltr'>est</span> <span class='ocrx_word' id='word_1_490' title='bbox 773 4307 929 4380; x_wconf 90' lang='lat' dir='ltr'>quasi</span> <span class='ocrx_word' id='word_1_491' title='bbox 951 4323 1063 4363; x_wconf 87' lang='lat' dir='ltr'>rem</span> <span class='ocrx_word' id='word_1_492' title='bbox 1075 4307 1298 4376; x_wconf 76' lang='lat' dir='ltr'>justitiae</span> <span class='ocrx_word' id='word_1_493' title='bbox 1317 4313 1518 4361; x_wconf 77' lang='lat' dir='ltr'>vestrae</span> <span class='ocrx_word' id='word_1_494' title='bbox 1534 4305 1791 4372; x_wconf 88' lang='lat' dir='ltr'>debitam,</span> 
     </span>
    </p>
   </div>
   <div class='ocr_carea' id='block_1_62' title="bbox 190 4395 1795 4469">
    <p class='ocr_par' dir='ltr' id='par_1_62' title="bbox 190 4395 1795 4469">
     <span class='ocr_line' id='line_1_62' title="bbox 190 4395 1795 4469; baseline -0.001 -18"><span class='ocrx_word' id='word_1_495' title='bbox 190 4411 312 4451; x_wconf 90' lang='lat' dir='ltr'>cum</span> <span class='ocrx_word' id='word_1_496' title='bbox 335 4395 536 4451; x_wconf 76' lang='lat' dir='ltr'>fiducia</span> <span class='ocrx_word' id='word_1_497' title='bbox 557 4403 805 4468; x_wconf 89' lang='lat' dir='ltr'>petentes</span> <span class='ocrx_word' id='word_1_498' title='bbox 826 4400 894 4452; x_wconf 89' lang='lat' dir='ltr'>ut</span> <span class='ocrx_word' id='word_1_499' title='bbox 910 4396 1575 4469; x_wconf 86' lang='lat' dir='ltr'>impleaminiagnitione</span> <span class='ocrx_word' id='word_1_500' title='bbox 1597 4396 1795 4451; x_wconf 86' lang='lat' dir='ltr'>volun-</span> 
     </span>
    </p>
   </div>
   <div class='ocr_carea' id='block_1_63' title="bbox 193 4482 1792 4557">
    <p class='ocr_par' dir='ltr' id='par_1_63' title="bbox 193 4482 1792 4557">
     <span class='ocr_line' id='line_1_63' title="bbox 193 4482 1792 4557; baseline -0.001 -18"><span class='ocrx_word' id='word_1_501' title='bbox 193 4487 332 4541; x_wconf 89' lang='lat' dir='ltr'>tatis</span> <span class='ocrx_word' id='word_1_502' title='bbox 352 4487 494 4556; x_wconf 87' lang='lat' dir='ltr'>ejus,</span> <span class='ocrx_word' id='word_1_503' title='bbox 539 4484 594 4540; x_wconf 93' lang='lat' dir='ltr'>id</span> <span class='ocrx_word' id='word_1_504' title='bbox 625 4491 708 4540; x_wconf 89' lang='lat' dir='ltr'>est</span> <span class='ocrx_word' id='word_1_505' title='bbox 728 4492 786 4539; x_wconf 93' lang='lat' dir='ltr'>ut</span> <span class='ocrx_word' id='word_1_506' title='bbox 806 4483 1055 4555; x_wconf 89' lang='lat' dir='ltr'>plenarie</span> <span class='ocrx_word' id='word_1_507' title='bbox 1081 4483 1428 4557; x_wconf 87' lang='lat' dir='ltr'>cognoscatis</span> <span class='ocrx_word' id='word_1_508' title='bbox 1456 4482 1792 4538; x_wconf 90' lang='lat' dir='ltr'>voluntatem</span> 
     </span>
    </p>
   </div>
   <div class='ocr_carea' id='block_1_64' title="bbox 1915 1896 3517 1969">
    <p class='ocr_par' dir='ltr' id='par_1_64' title="bbox 1915 1896 3517 1969">
     <span class='ocr_line' id='line_1_64' title="bbox 1915 1896 3517 1969; baseline -0.002 -15"><span class='ocrx_word' id='word_1_509' title='bbox 1915 1900 2142 1969; x_wconf 78' lang='lat' dir='ltr'>[ortati,</span> <span class='ocrx_word' id='word_1_510' title='bbox 2162 1897 2218 1953; x_wconf 91' lang='lat' dir='ltr'>id</span> <span class='ocrx_word' id='word_1_511' title='bbox 2241 1905 2324 1954; x_wconf 91' lang='lat' dir='ltr'>est</span> <span class='ocrx_word' id='word_1_512' title='bbox 2346 1896 2590 1952; x_wconf 89' lang='lat' dir='ltr'>roborati</span> <span class='ocrx_word' id='word_1_513' title='bbox 2611 1904 2664 1952; x_wconf 91' lang='lat' dir='ltr'>et</span> <span class='ocrx_word' id='word_1_514' title='bbox 2678 1902 3117 1967; x_wconf 89' lang='lat' dir='ltr'>perseverantes,</span> <span class='ocrx_word' id='word_1_515' title='bbox 3140 1896 3204 1951; x_wconf 88' lang='lat' dir='ltr'>in</span> <span class='ocrx_word' id='word_1_516' title='bbox 3219 1898 3376 1952; x_wconf 89' lang='lat' dir='ltr'>omni</span> <span class='ocrx_word' id='word_1_517' title='bbox 3405 1897 3517 1952; x_wconf 88' lang='lat' dir='ltr'>vir-</span> 
     </span>
    </p>
   </div>
   <div class='ocr_carea' id='block_1_65' title="bbox 1916 1983 3516 2056">
    <p class='ocr_par' dir='ltr' id='par_1_65' title="bbox 1916 1983 3516 2056">
     <span class='ocr_line' id='line_1_65' title="bbox 1916 1983 3516 2056; baseline -0.002 -14"><span class='ocrx_word' id='word_1_518' title='bbox 1916 1991 2058 2054; x_wconf 87' lang='lat' dir='ltr'>tute,</span> <span class='ocrx_word' id='word_1_519' title='bbox 2073 1987 2221 2042; x_wconf 91' lang='lat' dir='ltr'>idest</span> <span class='ocrx_word' id='word_1_520' title='bbox 2237 1985 2560 2052; x_wconf 86' lang='lat' dir='ltr'>humilitate,</span> <span class='ocrx_word' id='word_1_521' title='bbox 2577 1983 2938 2056; x_wconf 90' lang='lat' dir='ltr'>temperantia</span> <span class='ocrx_word' id='word_1_522' title='bbox 2950 1993 3003 2038; x_wconf 91' lang='lat' dir='ltr'>et</span> <span class='ocrx_word' id='word_1_523' title='bbox 3019 1999 3357 2056; x_wconf 59' lang='lat' dir='ltr'>quascunque</span> <span class='ocrx_word' id='word_1_524' title='bbox 3371 1993 3516 2039; x_wconf 90' lang='lat' dir='ltr'>sunt.</span> 
     </span>
    </p>
   </div>
   <div class='ocr_carea' id='block_1_66' title="bbox 1985 2073 3520 2146">
    <p class='ocr_par' dir='ltr' id='par_1_66' title="bbox 1985 2073 3520 2146">
     <span class='ocr_line' id='line_1_66' title="bbox 1985 2073 3520 2146; baseline 0 -17"><span class='ocrx_word' id='word_1_525' title='bbox 1985 2074 2282 2130; x_wconf 86' lang='lat' dir='ltr'>Confortati</span> <span class='ocrx_word' id='word_1_526' title='bbox 2300 2075 2424 2131; x_wconf 91' lang='lat' dir='ltr'>dico</span> <span class='ocrx_word' id='word_1_527' title='bbox 2443 2075 2757 2131; x_wconf 87' lang='lat' dir='ltr'>secundum</span> <span class='ocrx_word' id='word_1_528' title='bbox 2773 2074 3094 2146; x_wconf 83' lang='lat' dir='ltr'>potentiam</span> <span class='ocrx_word' id='word_1_529' title='bbox 3109 2075 3252 2145; x_wconf 87' lang='lat' dir='ltr'>ejus,</span> <span class='ocrx_word' id='word_1_530' title='bbox 3273 2073 3326 2126; x_wconf 89' lang='lat' dir='ltr'>id</span> <span class='ocrx_word' id='word_1_531' title='bbox 3347 2081 3428 2128; x_wconf 89' lang='lat' dir='ltr'>est</span> <span class='ocrx_word' id='word_1_532' title='bbox 3443 2073 3520 2129; x_wconf 91' lang='lat' dir='ltr'>ita</span> 
     </span>
    </p>
   </div>
   <div class='ocr_carea' id='block_1_67' title="bbox 1913 2160 3516 2235">
    <p class='ocr_par' dir='ltr' id='par_1_67' title="bbox 1913 2160 3516 2235">
     <span class='ocr_line' id='line_1_67' title="bbox 1913 2160 3516 2235; baseline -0.001 -15"><span class='ocrx_word' id='word_1_533' title='bbox 1913 2163 2196 2220; x_wconf 85' lang='lat' dir='ltr'>confortati</span> <span class='ocrx_word' id='word_1_534' title='bbox 2227 2164 2366 2220; x_wconf 91' lang='lat' dir='ltr'>sicut</span> <span class='ocrx_word' id='word_1_535' title='bbox 2394 2164 2514 2235; x_wconf 91' lang='lat' dir='ltr'>ipse</span> <span class='ocrx_word' id='word_1_536' title='bbox 2561 2170 2758 2234; x_wconf 89' lang='lat' dir='ltr'>potens</span> <span class='ocrx_word' id='word_1_537' title='bbox 2790 2169 2873 2218; x_wconf 91' lang='lat' dir='ltr'>est</span> <span class='ocrx_word' id='word_1_538' title='bbox 2919 2176 3018 2218; x_wconf 91' lang='lat' dir='ltr'>vos</span> <span class='ocrx_word' id='word_1_539' title='bbox 3047 2160 3380 2218; x_wconf 85' lang='lat' dir='ltr'>confortare.</span> <span class='ocrx_word' id='word_1_540' title='bbox 3414 2163 3516 2218; x_wconf 90' lang='lat' dir='ltr'>Po-</span> 
     </span>
    </p>
   </div>
   <div class='ocr_carea' id='block_1_68' title="bbox 1913 2250 3514 2323">
    <p class='ocr_par' dir='ltr' id='par_1_68' title="bbox 1913 2250 3514 2323">
     <span class='ocr_line' id='line_1_68' title="bbox 1913 2250 3514 2323; baseline -0.001 -15"><span class='ocrx_word' id='word_1_541' title='bbox 1913 2253 2138 2308; x_wconf 88' lang='lat' dir='ltr'>tentiam</span> <span class='ocrx_word' id='word_1_542' title='bbox 2169 2253 2292 2309; x_wconf 93' lang='lat' dir='ltr'>dico</span> <span class='ocrx_word' id='word_1_543' title='bbox 2312 2253 2604 2309; x_wconf 85' lang='lat' dir='ltr'>claritatis</span> <span class='ocrx_word' id='word_1_544' title='bbox 2626 2253 2768 2323; x_wconf 86' lang='lat' dir='ltr'>ejus,</span> <span class='ocrx_word' id='word_1_545' title='bbox 2801 2251 2858 2306; x_wconf 93' lang='lat' dir='ltr'>id</span> <span class='ocrx_word' id='word_1_546' title='bbox 2886 2258 2969 2307; x_wconf 90' lang='lat' dir='ltr'>est</span> <span class='ocrx_word' id='word_1_547' title='bbox 2998 2267 3119 2323; x_wconf 61' lang='lat' dir='ltr'>qua;</span> <span class='ocrx_word' id='word_1_548' title='bbox 3138 2266 3237 2306; x_wconf 91' lang='lat' dir='ltr'>vos</span> <span class='ocrx_word' id='word_1_549' title='bbox 3253 2250 3514 2308; x_wconf 78' lang='lat' dir='ltr'>clarifica-</span> 
     </span>
    </p>
   </div>
   <div class='ocr_carea' id='block_1_69' title="bbox 1915 2339 3512 2411">
    <p class='ocr_par' dir='ltr' id='par_1_69' title="bbox 1915 2339 3512 2411">
     <span class='ocr_line' id='line_1_69' title="bbox 1915 2339 3512 2411; baseline -0.003 -13"><span class='ocrx_word' id='word_1_550' title='bbox 1915 2342 2018 2398; x_wconf 90' lang='lat' dir='ltr'>vit.</span> <span class='ocrx_word' id='word_1_551' title='bbox 2055 2340 2163 2410; x_wconf 89' lang='lat' dir='ltr'>Qui</span> <span class='ocrx_word' id='word_1_552' title='bbox 2191 2342 2338 2398; x_wconf 89' lang='lat' dir='ltr'>enim</span> <span class='ocrx_word' id='word_1_553' title='bbox 2385 2357 2508 2397; x_wconf 90' lang='lat' dir='ltr'>cum</span> <span class='ocrx_word' id='word_1_554' title='bbox 2564 2340 2760 2397; x_wconf 90' lang='lat' dir='ltr'>essetis</span> <span class='ocrx_word' id='word_1_555' title='bbox 2789 2340 2845 2395; x_wconf 91' lang='lat' dir='ltr'>in</span> <span class='ocrx_word' id='word_1_556' title='bbox 2875 2339 3119 2396; x_wconf 89' lang='lat' dir='ltr'>tenebris</span> <span class='ocrx_word' id='word_1_557' title='bbox 3145 2349 3512 2411; x_wconf 89' lang='lat' dir='ltr'>peccatorum,</span> 
     </span>
    </p>
   </div>
   <div class='ocr_carea' id='block_1_70' title="bbox 1911 2427 3515 2499">
    <p class='ocr_par' dir='ltr' id='par_1_70' title="bbox 1911 2427 3515 2499">
     <span class='ocr_line' id='line_1_70' title="bbox 1911 2427 3515 2499; baseline -0.001 -13"><span class='ocrx_word' id='word_1_558' title='bbox 1911 2446 2012 2486; x_wconf 94' lang='lat' dir='ltr'>vos</span> <span class='ocrx_word' id='word_1_559' title='bbox 2042 2429 2366 2486; x_wconf 82' lang='lat' dir='ltr'>clariﬁcavit</span> <span class='ocrx_word' id='word_1_560' title='bbox 2390 2428 2730 2498; x_wconf 84' lang='lat' dir='ltr'>justificatos,</span> <span class='ocrx_word' id='word_1_561' title='bbox 2764 2427 2976 2485; x_wconf 84' lang='lat' dir='ltr'>facilius</span> <span class='ocrx_word' id='word_1_562' title='bbox 3003 2429 3200 2499; x_wconf 91' lang='lat' dir='ltr'>poterit</span> <span class='ocrx_word' id='word_1_563' title='bbox 3245 2436 3300 2484; x_wconf 90' lang='lat' dir='ltr'>et</span> <span class='ocrx_word' id='word_1_564' title='bbox 3349 2429 3515 2484; x_wconf 88' lang='lat' dir='ltr'>debet</span> 
     </span>
    </p>
   </div>
   <div class='ocr_carea' id='block_1_71' title="bbox 1909 2517 3514 2588">
    <p class='ocr_par' dir='ltr' id='par_1_71' title="bbox 1909 2517 3514 2588">
     <span class='ocr_line' id='line_1_71' title="bbox 1909 2517 3514 2588; baseline -0.002 -13"><span class='ocrx_word' id='word_1_565' title='bbox 1909 2533 2299 2575; x_wconf 90' lang='lat' dir='ltr'>consummare</span> <span class='ocrx_word' id='word_1_566' title='bbox 2313 2519 2427 2587; x_wconf 91' lang='lat' dir='ltr'>jam</span> <span class='ocrx_word' id='word_1_567' title='bbox 2445 2519 2640 2588; x_wconf 90' lang='lat' dir='ltr'>justos.</span> <span class='ocrx_word' id='word_1_568' title='bbox 2665 2519 2726 2573; x_wconf 90' lang='lat' dir='ltr'>In</span> <span class='ocrx_word' id='word_1_569' title='bbox 2747 2518 2895 2574; x_wconf 92' lang='lat' dir='ltr'>omni</span> <span class='ocrx_word' id='word_1_570' title='bbox 2914 2517 3111 2574; x_wconf 87' lang='lat' dir='ltr'>virtute</span> <span class='ocrx_word' id='word_1_571' title='bbox 3137 2517 3279 2584; x_wconf 92' lang='lat' dir='ltr'>dico,</span> <span class='ocrx_word' id='word_1_572' title='bbox 3304 2517 3514 2574; x_wconf 92' lang='lat' dir='ltr'>scilicet</span> 
     </span>
    </p>
   </div>
   <div class='ocr_carea' id='block_1_72' title="bbox 1911 2607 3512 2680">
    <p class='ocr_par' dir='ltr' id='par_1_72' title="bbox 1911 2607 3512 2680">
     <span class='ocr_line' id='line_1_72' title="bbox 1911 2607 3512 2680; baseline -0.002 -16"><span class='ocrx_word' id='word_1_573' title='bbox 1911 2610 1976 2664; x_wconf 89' lang='lat' dir='ltr'>in</span> <span class='ocrx_word' id='word_1_574' title='bbox 2005 2609 2164 2666; x_wconf 88' lang='lat' dir='ltr'>omni</span> <span class='ocrx_word' id='word_1_575' title='bbox 2192 2610 2484 2680; x_wconf 83' lang='lat' dir='ltr'>patientia</span> <span class='ocrx_word' id='word_1_576' title='bbox 2509 2613 2569 2663; x_wconf 89' lang='lat' dir='ltr'>et</span> <span class='ocrx_word' id='word_1_577' title='bbox 2599 2608 3042 2679; x_wconf 77' lang='lat' dir='ltr'>longanimitate</span> <span class='ocrx_word' id='word_1_578' title='bbox 3069 2607 3354 2662; x_wconf 82' lang='lat' dir='ltr'>confortati</span> <span class='ocrx_word' id='word_1_579' title='bbox 3381 2623 3512 2664; x_wconf 86' lang='lat' dir='ltr'>cum</span> 
     </span>
    </p>
   </div>
   <div class='ocr_carea' id='block_1_73' title="bbox 1907 2695 3508 2768">
    <p class='ocr_par' dir='ltr' id='par_1_73' title="bbox 1907 2695 3508 2768">
     <span class='ocr_line' id='line_1_73' title="bbox 1907 2695 3508 2768; baseline -0.001 -16"><span class='ocrx_word' id='word_1_580' title='bbox 1907 2698 2132 2768; x_wconf 90' lang='lat' dir='ltr'>gaudio.</span> <span class='ocrx_word' id='word_1_581' title='bbox 2166 2695 2304 2764; x_wconf 87' lang='lat' dir='ltr'>Quia</span> <span class='ocrx_word' id='word_1_582' title='bbox 2333 2697 2434 2751; x_wconf 88' lang='lat' dir='ltr'>has</span> <span class='ocrx_word' id='word_1_583' title='bbox 2461 2696 2596 2751; x_wconf 90' lang='lat' dir='ltr'>duas</span> <span class='ocrx_word' id='word_1_584' title='bbox 2626 2696 2853 2753; x_wconf 90' lang='lat' dir='ltr'>virtutes</span> <span class='ocrx_word' id='word_1_585' title='bbox 2883 2695 3016 2752; x_wconf 89' lang='lat' dir='ltr'>vidit</span> <span class='ocrx_word' id='word_1_586' title='bbox 3038 2695 3216 2766; x_wconf 89' lang='lat' dir='ltr'>magis</span> <span class='ocrx_word' id='word_1_587' title='bbox 3243 2711 3508 2753; x_wconf 88' lang='lat' dir='ltr'>necessa-</span> 
     </span>
    </p>
   </div>
   <div class='ocr_carea' id='block_1_74' title="bbox 1907 2784 3509 2858">
    <p class='ocr_par' dir='ltr' id='par_1_74' title="bbox 1907 2784 3509 2858">
     <span class='ocr_line' id='line_1_74' title="bbox 1907 2784 3509 2858; baseline 0.001 -18"><span class='ocrx_word' id='word_1_588' title='bbox 1907 2785 2022 2840; x_wconf 89' lang='lat' dir='ltr'>rias</span> <span class='ocrx_word' id='word_1_589' title='bbox 2047 2785 2117 2840; x_wconf 90' lang='lat' dir='ltr'>ad</span> <span class='ocrx_word' id='word_1_590' title='bbox 2146 2785 2626 2857; x_wconf 89' lang='lat' dir='ltr'>perseverandum,</span> <span class='ocrx_word' id='word_1_591' title='bbox 2659 2785 2788 2840; x_wconf 90' lang='lat' dir='ltr'>ideo</span> <span class='ocrx_word' id='word_1_592' title='bbox 2818 2784 3095 2858; x_wconf 87' lang='lat' dir='ltr'>subjungit</span> <span class='ocrx_word' id='word_1_593' title='bbox 3122 2787 3185 2841; x_wconf 88' lang='lat' dir='ltr'>in</span> <span class='ocrx_word' id='word_1_594' title='bbox 3217 2787 3374 2841; x_wconf 90' lang='lat' dir='ltr'>omni</span> <span class='ocrx_word' id='word_1_595' title='bbox 3399 2803 3509 2858; x_wconf 91' lang='lat' dir='ltr'>pa-</span> 
     </span>
    </p>
   </div>
   <div class='ocr_carea' id='block_1_75' title="bbox 1910 2873 3509 2942">
    <p class='ocr_par' dir='ltr' id='par_1_75' title="bbox 1910 2873 3509 2942">
     <span class='ocr_line' id='line_1_75' title="bbox 1910 2873 3509 2942; baseline -0.001 -11"><span class='ocrx_word' id='word_1_596' title='bbox 1910 2876 2138 2942; x_wconf 85' lang='lat' dir='ltr'>tientia,</span> <span class='ocrx_word' id='word_1_597' title='bbox 2171 2875 2227 2930; x_wconf 89' lang='lat' dir='ltr'>id</span> <span class='ocrx_word' id='word_1_598' title='bbox 2257 2882 2342 2930; x_wconf 88' lang='lat' dir='ltr'>est</span> <span class='ocrx_word' id='word_1_599' title='bbox 2372 2883 2430 2929; x_wconf 92' lang='lat' dir='ltr'>ut</span> <span class='ocrx_word' id='word_1_600' title='bbox 2471 2873 2609 2930; x_wconf 90' lang='lat' dir='ltr'>sicut</span> <span class='ocrx_word' id='word_1_601' title='bbox 2636 2873 2990 2930; x_wconf 88' lang='lat' dir='ltr'>acerbitatem</span> <span class='ocrx_word' id='word_1_602' title='bbox 3021 2873 3315 2942; x_wconf 89' lang='lat' dir='ltr'>malorum,</span> <span class='ocrx_word' id='word_1_603' title='bbox 3348 2875 3428 2932; x_wconf 89' lang='lat' dir='ltr'>sic</span> <span class='ocrx_word' id='word_1_604' title='bbox 3455 2883 3509 2931; x_wconf 88' lang='lat' dir='ltr'>et</span> 
     </span>
    </p>
   </div>
   <div class='ocr_carea' id='block_1_76' title="bbox 1907 2963 3508 3036">
    <p class='ocr_par' dir='ltr' id='par_1_76' title="bbox 1907 2963 3508 3036">
     <span class='ocr_line' id='line_1_76' title="bbox 1907 2963 3508 3036; baseline 0.001 -18"><span class='ocrx_word' id='word_1_605' title='bbox 1907 2963 2201 3035; x_wconf 90' lang='lat' dir='ltr'>opprobria</span> <span class='ocrx_word' id='word_1_606' title='bbox 2243 2965 2532 3036; x_wconf 86' lang='lat' dir='ltr'>patiamur.</span> <span class='ocrx_word' id='word_1_607' title='bbox 2587 2963 2696 3033; x_wconf 91' lang='lat' dir='ltr'>Qui</span> <span class='ocrx_word' id='word_1_608' title='bbox 2741 2964 2884 3020; x_wconf 91' lang='lat' dir='ltr'>enim</span> <span class='ocrx_word' id='word_1_609' title='bbox 2931 2963 3044 3035; x_wconf 88' lang='lat' dir='ltr'>pati</span> <span class='ocrx_word' id='word_1_610' title='bbox 3091 2979 3202 3020; x_wconf 90' lang='lat' dir='ltr'>non</span> <span class='ocrx_word' id='word_1_611' title='bbox 3231 2964 3344 3020; x_wconf 89' lang='lat' dir='ltr'>vult</span> <span class='ocrx_word' id='word_1_612' title='bbox 3371 2980 3508 3019; x_wconf 88' lang='lat' dir='ltr'>con-</span> 
     </span>
    </p>
   </div>
   <div class='ocr_carea' id='block_1_77' title="bbox 1906 3053 3510 3125">
    <p class='ocr_par' dir='ltr' id='par_1_77' title="bbox 1906 3053 3510 3125">
     <span class='ocr_line' id='line_1_77' title="bbox 1906 3053 3510 3125; baseline 0.001 -18"><span class='ocrx_word' id='word_1_613' title='bbox 1906 3053 2099 3122; x_wconf 91' lang='lat' dir='ltr'>tendit,</span> <span class='ocrx_word' id='word_1_614' title='bbox 2150 3053 2466 3125; x_wconf 90' lang='lat' dir='ltr'>repercutit,</span> <span class='ocrx_word' id='word_1_615' title='bbox 2527 3060 2580 3108; x_wconf 93' lang='lat' dir='ltr'>et</span> <span class='ocrx_word' id='word_1_616' title='bbox 2635 3053 2715 3108; x_wconf 90' lang='lat' dir='ltr'>sic</span> <span class='ocrx_word' id='word_1_617' title='bbox 2781 3053 3002 3109; x_wconf 91' lang='lat' dir='ltr'>dilectio</span> <span class='ocrx_word' id='word_1_618' title='bbox 3069 3053 3229 3124; x_wconf 90' lang='lat' dir='ltr'>perit.</span> <span class='ocrx_word' id='word_1_619' title='bbox 3287 3053 3510 3109; x_wconf 78' lang='lat' dir='ltr'>Addidit</span> 
     </span>
    </p>
   </div>
   <div class='ocr_carea' id='block_1_78' title="bbox 1907 3141 3508 3215">
    <p class='ocr_par' dir='ltr' id='par_1_78' title="bbox 1907 3141 3508 3215">
     <span class='ocr_line' id='line_1_78' title="bbox 1907 3141 3508 3215; baseline 0 -17"><span class='ocrx_word' id='word_1_620' title='bbox 1907 3141 2070 3198; x_wconf 91' lang='lat' dir='ltr'>etiam</span> <span class='ocrx_word' id='word_1_621' title='bbox 2142 3144 2208 3198; x_wconf 91' lang='lat' dir='ltr'>in</span> <span class='ocrx_word' id='word_1_622' title='bbox 2287 3143 2742 3214; x_wconf 85' lang='lat' dir='ltr'>longanimitate.</span> <span class='ocrx_word' id='word_1_623' title='bbox 2821 3141 2928 3211; x_wconf 89' lang='lat' dir='ltr'>Qui</span> <span class='ocrx_word' id='word_1_624' title='bbox 3002 3141 3149 3198; x_wconf 89' lang='lat' dir='ltr'>enim</span> <span class='ocrx_word' id='word_1_625' title='bbox 3213 3142 3508 3215; x_wconf 89' lang='lat' dir='ltr'>loganimis</span> 
     </span>
    </p>
   </div>
   <div class='ocr_carea' id='block_1_79' title="bbox 1902 3229 3504 3299">
    <p class='ocr_par' dir='ltr' id='par_1_79' title="bbox 1902 3229 3504 3299">
     <span class='ocr_line' id='line_1_79' title="bbox 1902 3229 3504 3299; baseline 0.001 -14"><span class='ocrx_word' id='word_1_626' title='bbox 1902 3231 1960 3285; x_wconf 89' lang='lat' dir='ltr'>in</span> <span class='ocrx_word' id='word_1_627' title='bbox 2005 3230 2324 3286; x_wconf 90' lang='lat' dir='ltr'>sustinendo</span> <span class='ocrx_word' id='word_1_628' title='bbox 2389 3245 2501 3286; x_wconf 89' lang='lat' dir='ltr'>non</span> <span class='ocrx_word' id='word_1_629' title='bbox 2554 3239 2658 3298; x_wconf 90' lang='lat' dir='ltr'>est,</span> <span class='ocrx_word' id='word_1_630' title='bbox 2717 3229 2765 3285; x_wconf 90' lang='lat' dir='ltr'>si</span> <span class='ocrx_word' id='word_1_631' title='bbox 2811 3229 3058 3286; x_wconf 68' lang='lat' dir='ltr'>diﬂertur</span> <span class='ocrx_word' id='word_1_632' title='bbox 3115 3231 3504 3299; x_wconf 86' lang='lat' dir='ltr'>remuneratio,</span> 
     </span>
    </p>
   </div>
   <div class='ocr_carea' id='block_1_80' title="bbox 1902 3319 3506 3392">
    <p class='ocr_par' dir='ltr' id='par_1_80' title="bbox 1902 3319 3506 3392">
     <span class='ocr_line' id='line_1_80' title="bbox 1902 3319 3506 3392; baseline 0.001 -18"><span class='ocrx_word' id='word_1_633' title='bbox 1902 3320 2118 3391; x_wconf 89' lang='lat' dir='ltr'>projicit</span> <span class='ocrx_word' id='word_1_634' title='bbox 2164 3335 2304 3376; x_wconf 91' lang='lat' dir='ltr'>onus</span> <span class='ocrx_word' id='word_1_635' title='bbox 2360 3319 2480 3388; x_wconf 92' lang='lat' dir='ltr'>Dei,</span> <span class='ocrx_word' id='word_1_636' title='bbox 2528 3327 2582 3375; x_wconf 90' lang='lat' dir='ltr'>et</span> <span class='ocrx_word' id='word_1_637' title='bbox 2625 3319 2706 3376; x_wconf 90' lang='lat' dir='ltr'>sic</span> <span class='ocrx_word' id='word_1_638' title='bbox 2747 3319 2924 3375; x_wconf 85' lang='lat' dir='ltr'>omnis</span> <span class='ocrx_word' id='word_1_639' title='bbox 2966 3320 3135 3376; x_wconf 89' lang='lat' dir='ltr'>virtus</span> <span class='ocrx_word' id='word_1_640' title='bbox 3182 3320 3237 3375; x_wconf 92' lang='lat' dir='ltr'>in</span> <span class='ocrx_word' id='word_1_641' title='bbox 3281 3320 3374 3375; x_wconf 90' lang='lat' dir='ltr'>illo</span> <span class='ocrx_word' id='word_1_642' title='bbox 3403 3337 3506 3392; x_wconf 93' lang='lat' dir='ltr'>pe-</span> 
     </span>
    </p>
   </div>
   <div class='ocr_carea' id='block_1_81' title="bbox 1902 3408 3507 3481">
    <p class='ocr_par' dir='ltr' id='par_1_81' title="bbox 1902 3408 3507 3481">
     <span class='ocr_line' id='line_1_81' title="bbox 1902 3408 3507 3481; baseline 0.001 -18"><span class='ocrx_word' id='word_1_643' title='bbox 1902 3409 1992 3464; x_wconf 92' lang='lat' dir='ltr'>rit.</span> <span class='ocrx_word' id='word_1_644' title='bbox 2043 3410 2247 3464; x_wconf 90' lang='lat' dir='ltr'>Iterum</span> <span class='ocrx_word' id='word_1_645' title='bbox 2307 3408 2576 3480; x_wconf 89' lang='lat' dir='ltr'>patientes</span> <span class='ocrx_word' id='word_1_646' title='bbox 2641 3415 2694 3464; x_wconf 90' lang='lat' dir='ltr'>et</span> <span class='ocrx_word' id='word_1_647' title='bbox 2739 3408 3084 3481; x_wconf 88' lang='lat' dir='ltr'>longanimes</span> <span class='ocrx_word' id='word_1_648' title='bbox 3131 3425 3254 3465; x_wconf 89' lang='lat' dir='ltr'>esse</span> <span class='ocrx_word' id='word_1_649' title='bbox 3299 3409 3507 3465; x_wconf 89' lang='lat' dir='ltr'>malum</span> 
     </span>
    </p>
   </div>
   <div class='ocr_carea' id='block_1_82' title="bbox 1903 3496 3506 3570">
    <p class='ocr_par' dir='ltr' id='par_1_82' title="bbox 1903 3496 3506 3570">
     <span class='ocr_line' id='line_1_82' title="bbox 1903 3496 3506 3570; baseline 0 -17"><span class='ocrx_word' id='word_1_650' title='bbox 1903 3505 2008 3567; x_wconf 92' lang='lat' dir='ltr'>est,</span> <span class='ocrx_word' id='word_1_651' title='bbox 2041 3497 2148 3552; x_wconf 87' lang='lat' dir='ltr'>nisi</span> <span class='ocrx_word' id='word_1_652' title='bbox 2175 3513 2242 3553; x_wconf 85' lang='lat' dir='ltr'>ex</span> <span class='ocrx_word' id='word_1_653' title='bbox 2280 3497 2581 3564; x_wconf 88' lang='lat' dir='ltr'>voluntate,</span> <span class='ocrx_word' id='word_1_654' title='bbox 2615 3505 2670 3552; x_wconf 92' lang='lat' dir='ltr'>et</span> <span class='ocrx_word' id='word_1_655' title='bbox 2699 3497 2825 3553; x_wconf 90' lang='lat' dir='ltr'>ideo</span> <span class='ocrx_word' id='word_1_656' title='bbox 2853 3496 3004 3552; x_wconf 91' lang='lat' dir='ltr'>addit</span> <span class='ocrx_word' id='word_1_657' title='bbox 3031 3514 3162 3553; x_wconf 88' lang='lat' dir='ltr'>cum</span> <span class='ocrx_word' id='word_1_658' title='bbox 3189 3499 3412 3570; x_wconf 86' lang='lat' dir='ltr'>gaudio,</span> <span class='ocrx_word' id='word_1_659' title='bbox 3447 3507 3506 3553; x_wconf 91' lang='lat' dir='ltr'>ut</span> 
     </span>
    </p>
   </div>
   <div class='ocr_carea' id='block_1_83' title="bbox 1901 3586 3500 3658">
    <p class='ocr_par' dir='ltr' id='par_1_83' title="bbox 1901 3586 3500 3658">
     <span class='ocr_line' id='line_1_83' title="bbox 1901 3586 3500 3658; baseline 0.002 -17"><span class='ocrx_word' id='word_1_660' title='bbox 1901 3602 2010 3641; x_wconf 91' lang='lat' dir='ltr'>non</span> <span class='ocrx_word' id='word_1_661' title='bbox 2045 3586 2362 3653; x_wconf 88' lang='lat' dir='ltr'>tristentur;</span> <span class='ocrx_word' id='word_1_662' title='bbox 2398 3586 2496 3641; x_wconf 90' lang='lat' dir='ltr'>sed</span> <span class='ocrx_word' id='word_1_663' title='bbox 2524 3586 2804 3658; x_wconf 87' lang='lat' dir='ltr'>gaudeant</span> <span class='ocrx_word' id='word_1_664' title='bbox 2832 3586 2943 3655; x_wconf 88' lang='lat' dir='ltr'>pati</span> <span class='ocrx_word' id='word_1_665' title='bbox 2971 3594 3022 3641; x_wconf 91' lang='lat' dir='ltr'>et</span> <span class='ocrx_word' id='word_1_666' title='bbox 3046 3586 3139 3640; x_wconf 92' lang='lat' dir='ltr'>diu</span> <span class='ocrx_word' id='word_1_667' title='bbox 3161 3595 3500 3658; x_wconf 86' lang='lat' dir='ltr'>exspectare.</span> 
     </span>
    </p>
   </div>
   <div class='ocr_carea' id='block_1_84' title="bbox 1901 3673 3501 3746">
    <p class='ocr_par' dir='ltr' id='par_1_84' title="bbox 1901 3673 3501 3746">
     <span class='ocr_line' id='line_1_84' title="bbox 1901 3673 3501 3746; baseline 0 -14"><span class='ocrx_word' id='word_1_668' title='bbox 1901 3676 2027 3732; x_wconf 77' lang='lat' dir='ltr'>Vult</span> <span class='ocrx_word' id='word_1_669' title='bbox 2057 3675 2164 3731; x_wconf 90' lang='lat' dir='ltr'>illis</span> <span class='ocrx_word' id='word_1_670' title='bbox 2190 3675 2355 3731; x_wconf 90' lang='lat' dir='ltr'>modo</span> <span class='ocrx_word' id='word_1_671' title='bbox 2385 3675 2699 3746; x_wconf 84' lang='lat' dir='ltr'>improbare</span> <span class='ocrx_word' id='word_1_672' title='bbox 2737 3675 2938 3746; x_wconf 85' lang='lat' dir='ltr'>legem,</span> <span class='ocrx_word' id='word_1_673' title='bbox 2969 3673 3158 3731; x_wconf 91' lang='lat' dir='ltr'>dicens</span> <span class='ocrx_word' id='word_1_674' title='bbox 3189 3691 3250 3731; x_wconf 93' lang='lat' dir='ltr'>se</span> <span class='ocrx_word' id='word_1_675' title='bbox 3279 3684 3334 3732; x_wconf 92' lang='lat' dir='ltr'>et</span> <span class='ocrx_word' id='word_1_676' title='bbox 3362 3676 3501 3732; x_wconf 89' lang='lat' dir='ltr'>alios</span> 
     </span>
    </p>
   </div>
   <div class='ocr_carea' id='block_1_85' title="bbox 1901 3763 3501 3838">
    <p class='ocr_par' dir='ltr' id='par_1_85' title="bbox 1901 3763 3501 3838">
     <span class='ocr_line' id='line_1_85' title="bbox 1901 3763 3501 3838; baseline -0.001 -17"><span class='ocrx_word' id='word_1_677' title='bbox 1901 3765 2178 3837; x_wconf 90' lang='lat' dir='ltr'>apostolos</span> <span class='ocrx_word' id='word_1_678' title='bbox 2208 3765 2302 3838; x_wconf 90' lang='lat' dir='ltr'>qui</span> <span class='ocrx_word' id='word_1_679' title='bbox 2329 3765 2386 3820; x_wconf 89' lang='lat' dir='ltr'>in</span> <span class='ocrx_word' id='word_1_680' title='bbox 2412 3765 2543 3838; x_wconf 81' lang='lat' dir='ltr'>lege</span> <span class='ocrx_word' id='word_1_681' title='bbox 2590 3765 2701 3820; x_wconf 89' lang='lat' dir='ltr'>nati</span> <span class='ocrx_word' id='word_1_682' title='bbox 2726 3763 2964 3832; x_wconf 86' lang='lat' dir='ltr'>fuerunt,</span> <span class='ocrx_word' id='word_1_683' title='bbox 2998 3764 3126 3836; x_wconf 89' lang='lat' dir='ltr'>quia</span> <span class='ocrx_word' id='word_1_684' title='bbox 3154 3765 3209 3820; x_wconf 90' lang='lat' dir='ltr'>in</span> <span class='ocrx_word' id='word_1_685' title='bbox 3258 3765 3501 3821; x_wconf 88' lang='lat' dir='ltr'>tenebris</span> 
     </span>
    </p>
   </div>
   <div class='ocr_carea' id='block_1_86' title="bbox 1900 3853 3496 3928">
    <p class='ocr_par' dir='ltr' id='par_1_86' title="bbox 1900 3853 3496 3928">
     <span class='ocr_line' id='line_1_86' title="bbox 1900 3853 3496 3928; baseline 0.001 -18"><span class='ocrx_word' id='word_1_686' title='bbox 1900 3862 2030 3910; x_wconf 91' lang='lat' dir='ltr'>tunc</span> <span class='ocrx_word' id='word_1_687' title='bbox 2058 3862 2233 3921; x_wconf 89' lang='lat' dir='ltr'>erant,</span> <span class='ocrx_word' id='word_1_688' title='bbox 2264 3853 2449 3927; x_wconf 90' lang='lat' dir='ltr'>legem</span> <span class='ocrx_word' id='word_1_689' title='bbox 2479 3854 2812 3922; x_wconf 90' lang='lat' dir='ltr'>deseruisse,</span> <span class='ocrx_word' id='word_1_690' title='bbox 2843 3862 2898 3910; x_wconf 91' lang='lat' dir='ltr'>et</span> <span class='ocrx_word' id='word_1_691' title='bbox 2925 3854 3133 3926; x_wconf 83' lang='lat' dir='ltr'>gratias</span> <span class='ocrx_word' id='word_1_692' title='bbox 3162 3871 3329 3928; x_wconf 87' lang='lat' dir='ltr'>agere</span> <span class='ocrx_word' id='word_1_693' title='bbox 3359 3856 3496 3922; x_wconf 89' lang='lat' dir='ltr'>Deo,</span> 
     </span>
    </p>
   </div>
   <div class='ocr_carea' id='block_1_87' title="bbox 1901 3941 3498 4016">
    <p class='ocr_par' dir='ltr' id='par_1_87' title="bbox 1901 3941 3498 4016">
     <span class='ocr_line' id='line_1_87' title="bbox 1901 3941 3498 4016; baseline 0.001 -17"><span class='ocrx_word' id='word_1_694' title='bbox 1901 3960 1968 4000; x_wconf 82' lang='lat' dir='ltr'>ex</span> <span class='ocrx_word' id='word_1_695' title='bbox 1997 3959 2064 4000; x_wconf 93' lang='lat' dir='ltr'>eo</span> <span class='ocrx_word' id='word_1_696' title='bbox 2096 3943 2242 4016; x_wconf 93' lang='lat' dir='ltr'>quod</span> <span class='ocrx_word' id='word_1_697' title='bbox 2272 3944 2341 3998; x_wconf 91' lang='lat' dir='ltr'>ad</span> <span class='ocrx_word' id='word_1_698' title='bbox 2374 3941 2538 3999; x_wconf 79' lang='lat' dir='ltr'>fidem</span> <span class='ocrx_word' id='word_1_699' title='bbox 2570 3943 2783 3999; x_wconf 92' lang='lat' dir='ltr'>vocavit</span> <span class='ocrx_word' id='word_1_700' title='bbox 2813 3958 2943 4011; x_wconf 88' lang='lat' dir='ltr'>eos;</span> <span class='ocrx_word' id='word_1_701' title='bbox 2967 3951 3018 3998; x_wconf 89' lang='lat' dir='ltr'>et</span> <span class='ocrx_word' id='word_1_702' title='bbox 3041 3944 3087 3998; x_wconf 92' lang='lat' dir='ltr'>si</span> <span class='ocrx_word' id='word_1_703' title='bbox 3109 3943 3385 4000; x_wconf 88' lang='lat' dir='ltr'>naturales</span> <span class='ocrx_word' id='word_1_704' title='bbox 3417 3944 3498 4000; x_wconf 90' lang='lat' dir='ltr'>le-</span> 
     </span>
    </p>
   </div>
   <div class='ocr_carea' id='block_1_88' title="bbox 1898 4031 3503 4104">
    <p class='ocr_par' dir='ltr' id='par_1_88' title="bbox 1898 4031 3503 4104">
     <span class='ocr_line' id='line_1_88' title="bbox 1898 4031 3503 4104; baseline 0.001 -17"><span class='ocrx_word' id='word_1_705' title='bbox 1898 4033 2005 4104; x_wconf 87' lang='lat' dir='ltr'>gis,</span> <span class='ocrx_word' id='word_1_706' title='bbox 2039 4032 2134 4087; x_wconf 92' lang='lat' dir='ltr'>illa</span> <span class='ocrx_word' id='word_1_707' title='bbox 2179 4032 2456 4104; x_wconf 87' lang='lat' dir='ltr'>neglecta,</span> <span class='ocrx_word' id='word_1_708' title='bbox 2505 4032 2786 4088; x_wconf 63' lang='lat' dir='ltr'>adhaerent</span> <span class='ocrx_word' id='word_1_709' title='bbox 2835 4031 2982 4088; x_wconf 73' lang='lat' dir='ltr'>fidei.</span> <span class='ocrx_word' id='word_1_710' title='bbox 3030 4032 3259 4088; x_wconf 90' lang='lat' dir='ltr'>Stultum</span> <span class='ocrx_word' id='word_1_711' title='bbox 3293 4041 3375 4088; x_wconf 91' lang='lat' dir='ltr'>est</span> <span class='ocrx_word' id='word_1_712' title='bbox 3405 4049 3503 4089; x_wconf 91' lang='lat' dir='ltr'>eos</span> 
     </span>
    </p>
   </div>
   <div class='ocr_carea' id='block_1_89' title="bbox 1897 4120 3498 4194">
    <p class='ocr_par' dir='ltr' id='par_1_89' title="bbox 1897 4120 3498 4194">
     <span class='ocr_line' id='line_1_89' title="bbox 1897 4120 3498 4194; baseline 0.001 -18"><span class='ocrx_word' id='word_1_713' title='bbox 1897 4121 1989 4193; x_wconf 89' lang='lat' dir='ltr'>qui</span> <span class='ocrx_word' id='word_1_714' title='bbox 2019 4137 2297 4193; x_wconf 89' lang='lat' dir='ltr'>nunquam</span> <span class='ocrx_word' id='word_1_715' title='bbox 2343 4121 2397 4176; x_wconf 88' lang='lat' dir='ltr'>in</span> <span class='ocrx_word' id='word_1_716' title='bbox 2439 4121 2564 4193; x_wconf 87' lang='lat' dir='ltr'>lege</span> <span class='ocrx_word' id='word_1_717' title='bbox 2595 4123 2839 4188; x_wconf 89' lang='lat' dir='ltr'>fuerunt,</span> <span class='ocrx_word' id='word_1_718' title='bbox 2872 4129 2926 4177; x_wconf 92' lang='lat' dir='ltr'>et</span> <span class='ocrx_word' id='word_1_719' title='bbox 2952 4120 3114 4177; x_wconf 84' lang='lat' dir='ltr'>ﬁdem</span> <span class='ocrx_word' id='word_1_720' title='bbox 3147 4131 3498 4194; x_wconf 89' lang='lat' dir='ltr'>acceperunt,</span> 
     </span>
    </p>
   </div>
   <div class='ocr_carea' id='block_1_90' title="bbox 1897 4209 3501 4283">
    <p class='ocr_par' dir='ltr' id='par_1_90' title="bbox 1897 4209 3501 4283">
     <span class='ocr_line' id='line_1_90' title="bbox 1897 4209 3501 4283; baseline 0.001 -17"><span class='ocrx_word' id='word_1_721' title='bbox 1897 4209 2233 4266; x_wconf 79' lang='lat' dir='ltr'>confundere</span> <span class='ocrx_word' id='word_1_722' title='bbox 2282 4210 2573 4281; x_wconf 89' lang='lat' dir='ltr'>puritatem</span> <span class='ocrx_word' id='word_1_723' title='bbox 2614 4210 2740 4266; x_wconf 74' lang='lat' dir='ltr'>fidei</span> <span class='ocrx_word' id='word_1_724' title='bbox 2791 4210 3118 4266; x_wconf 89' lang='lat' dir='ltr'>admistione</span> <span class='ocrx_word' id='word_1_725' title='bbox 3147 4211 3313 4283; x_wconf 85' lang='lat' dir='ltr'>legis.</span> <span class='ocrx_word' id='word_1_726' title='bbox 3347 4212 3501 4267; x_wconf 90' lang='lat' dir='ltr'>Unde</span> 
     </span>
    </p>
   </div>
   <div class='ocr_carea' id='block_1_91' title="bbox 1899 4299 3499 4370">
    <p class='ocr_par' dir='ltr' id='par_1_91' title="bbox 1899 4299 3499 4370">
     <span class='ocr_line' id='line_1_91' title="bbox 1899 4299 3499 4370; baseline 0.001 -16"><span class='ocrx_word' id='word_1_727' title='bbox 1899 4299 1977 4354; x_wconf 92' lang='lat' dir='ltr'>sic</span> <span class='ocrx_word' id='word_1_728' title='bbox 2005 4299 2084 4354; x_wconf 55' lang='lat' dir='ltr'>az}</span> <span class='ocrx_word' id='word_1_729' title='bbox 2111 4317 2124 4353; x_wconf 89' lang='lat'>:</span> <span class='ocrx_word' id='word_1_730' title='bbox 2157 4299 2282 4354; x_wconf 89' lang='lat' dir='ltr'>Non</span> <span class='ocrx_word' id='word_1_731' title='bbox 2311 4314 2596 4356; x_wconf 89' lang='lat' dir='ltr'>cessamus</span> <span class='ocrx_word' id='word_1_732' title='bbox 2625 4307 2844 4355; x_wconf 87' lang='lat' dir='ltr'>orantes</span> <span class='ocrx_word' id='word_1_733' title='bbox 2875 4315 2976 4370; x_wconf 92' lang='lat' dir='ltr'>pro</span> <span class='ocrx_word' id='word_1_734' title='bbox 2997 4299 3174 4366; x_wconf 91' lang='lat' dir='ltr'>vobis,</span> <span class='ocrx_word' id='word_1_735' title='bbox 3203 4303 3259 4355; x_wconf 90' lang='lat' dir='ltr'>et</span> <span class='ocrx_word' id='word_1_736' title='bbox 3278 4300 3499 4370; x_wconf 87' lang='lat' dir='ltr'>gratias</span> 
     </span>
    </p>
   </div>
   <div class='ocr_carea' id='block_1_92' title="bbox 1895 4388 3496 4460">
    <p class='ocr_par' dir='ltr' id='par_1_92' title="bbox 1895 4388 3496 4460">
     <span class='ocr_line' id='line_1_92' title="bbox 1895 4388 3496 4460; baseline -0.001 -17"><span class='ocrx_word' id='word_1_737' title='bbox 1895 4391 2124 4460; x_wconf 86' lang='lat' dir='ltr'>agentes</span> <span class='ocrx_word' id='word_1_738' title='bbox 2153 4388 2262 4443; x_wconf 89' lang='lat' dir='ltr'>Deo</span> <span class='ocrx_word' id='word_1_739' title='bbox 2292 4388 2476 4456; x_wconf 85' lang='lat' dir='ltr'>Patri,</span> <span class='ocrx_word' id='word_1_740' title='bbox 2501 4389 2596 4460; x_wconf 88' lang='lat' dir='ltr'>qui</span> <span class='ocrx_word' id='word_1_741' title='bbox 2620 4403 2722 4443; x_wconf 85' lang='lat' dir='ltr'>nos</span> <span class='ocrx_word' id='word_1_742' title='bbox 2752 4389 2893 4458; x_wconf 80' lang='lat' dir='ltr'>fecit</span> <span class='ocrx_word' id='word_1_743' title='bbox 2942 4388 3139 4458; x_wconf 88' lang='lat' dir='ltr'>dignos</span> <span class='ocrx_word' id='word_1_744' title='bbox 3172 4390 3234 4443; x_wconf 91' lang='lat' dir='ltr'>in</span> <span class='ocrx_word' id='word_1_745' title='bbox 3271 4392 3496 4459; x_wconf 88' lang='lat' dir='ltr'>partem</span> 
     </span>
    </p>
   </div>
   <div class='ocr_carea' id='block_1_93' title="bbox 1895 4475 3501 4547">
    <p class='ocr_par' dir='ltr' id='par_1_93' title="bbox 1895 4475 3501 4547">
     <span class='ocr_line' id='line_1_93' title="bbox 1895 4475 3501 4547; baseline -0.001 -15"><span class='ocrx_word' id='word_1_746' title='bbox 1895 4478 2083 4544; x_wconf 87' lang='lat' dir='ltr'>sortis,</span> <span class='ocrx_word' id='word_1_747' title='bbox 2115 4475 2172 4531; x_wconf 91' lang='lat' dir='ltr'>id</span> <span class='ocrx_word' id='word_1_748' title='bbox 2201 4483 2285 4531; x_wconf 91' lang='lat' dir='ltr'>est</span> <span class='ocrx_word' id='word_1_749' title='bbox 2309 4475 2778 4547; x_wconf 88' lang='lat' dir='ltr'>participationem</span> <span class='ocrx_word' id='word_1_750' title='bbox 2812 4475 3140 4531; x_wconf 64' lang='lat' dir='ltr'>hereditatis</span> <span class='ocrx_word' id='word_1_751' title='bbox 3169 4480 3501 4532; x_wconf 83' lang='lat' dir='ltr'>sanctorum</span> 
     </span>
    </p>
   </div>
   <div class='ocr_carea' id='block_1_94' title="bbox 189 4563 3500 4644">
    <p class='ocr_par' dir='ltr' id='par_1_94' title="bbox 189 4563 3500 4644">
     <span class='ocr_line' id='line_1_94' title="bbox 189 4563 3500 4644; baseline -0.003 -15"><span class='ocrx_word' id='word_1_752' title='bbox 189 4574 310 4629; x_wconf 91' lang='lat' dir='ltr'>Dei.</span> <span class='ocrx_word' id='word_1_753' title='bbox 345 4572 691 4644; x_wconf 87' lang='lat' dir='ltr'>Impleamini</span> <span class='ocrx_word' id='word_1_754' title='bbox 720 4573 844 4629; x_wconf 89' lang='lat' dir='ltr'>dico</span> <span class='ocrx_word' id='word_1_755' title='bbox 872 4574 935 4628; x_wconf 91' lang='lat' dir='ltr'>in</span> <span class='ocrx_word' id='word_1_756' title='bbox 957 4574 1115 4629; x_wconf 90' lang='lat' dir='ltr'>omni</span> <span class='ocrx_word' id='word_1_757' title='bbox 1135 4571 1793 4643; x_wconf 87' lang='lat' dir='ltr'>sapientia.Sapientiam</span> <span class='ocrx_word' id='word_1_758' title='bbox 1821 4566 1874 4626; x_wconf 92' lang='lat' dir='ltr'>D</span> <span class='ocrx_word' id='word_1_759' title='bbox 1896 4565 1952 4620; x_wconf 87' lang='lat' dir='ltr'>id</span> <span class='ocrx_word' id='word_1_760' title='bbox 1981 4572 2082 4632; x_wconf 87' lang='lat' dir='ltr'>est,</span> <span class='ocrx_word' id='word_1_761' title='bbox 2124 4580 2289 4638; x_wconf 90' lang='lat' dir='ltr'>quam</span> <span class='ocrx_word' id='word_1_762' title='bbox 2339 4563 2575 4618; x_wconf 90' lang='lat' dir='ltr'>habituri</span> <span class='ocrx_word' id='word_1_763' title='bbox 2605 4571 2730 4619; x_wconf 86' lang='lat' dir='ltr'>sunt</span> <span class='ocrx_word' id='word_1_764' title='bbox 2759 4564 2950 4620; x_wconf 88' lang='lat' dir='ltr'>sancti.</span> <span class='ocrx_word' id='word_1_765' title='bbox 2982 4564 3097 4619; x_wconf 92' lang='lat' dir='ltr'>Nos</span> <span class='ocrx_word' id='word_1_766' title='bbox 3127 4564 3252 4620; x_wconf 90' lang='lat' dir='ltr'>dico</span> <span class='ocrx_word' id='word_1_767' title='bbox 3291 4564 3500 4635; x_wconf 88' lang='lat' dir='ltr'>positos</span> 
     </span>
    </p>
   </div>
   <div class='ocr_carea' id='block_1_95' title="bbox 187 4661 1795 4734">
    <p class='ocr_par' dir='ltr' id='par_1_95' title="bbox 187 4661 1795 4734">
     <span class='ocr_line' id='line_1_95' title="bbox 187 4661 1795 4734; baseline -0.001 -17"><span class='ocrx_word' id='word_1_768' title='bbox 187 4663 276 4719; x_wconf 90' lang='lat' dir='ltr'>hic</span> <span class='ocrx_word' id='word_1_769' title='bbox 304 4662 461 4734; x_wconf 90' lang='lat' dir='ltr'>ponit</span> <span class='ocrx_word' id='word_1_770' title='bbox 489 4661 646 4734; x_wconf 91' lang='lat' dir='ltr'>quasi</span> <span class='ocrx_word' id='word_1_771' title='bbox 695 4662 998 4728; x_wconf 90' lang='lat' dir='ltr'>scientiam,</span> <span class='ocrx_word' id='word_1_772' title='bbox 1051 4669 1103 4718; x_wconf 89' lang='lat' dir='ltr'>et</span> <span class='ocrx_word' id='word_1_773' title='bbox 1151 4661 1297 4734; x_wconf 92' lang='lat' dir='ltr'>quod</span> <span class='ocrx_word' id='word_1_774' title='bbox 1327 4661 1489 4716; x_wconf 79' lang='lat' dir='ltr'>ait&#39;in</span> <span class='ocrx_word' id='word_1_775' title='bbox 1519 4661 1667 4716; x_wconf 91' lang='lat' dir='ltr'>omni</span> <span class='ocrx_word' id='word_1_776' title='bbox 1699 4677 1795 4716; x_wconf 90' lang='lat' dir='ltr'>sa-</span> 
     </span>
    </p>
   </div>
   <div class='ocr_carea' id='block_1_96' title="bbox 186 4749 1796 4823">
    <p class='ocr_par' dir='ltr' id='par_1_96' title="bbox 186 4749 1796 4823">
     <span class='ocr_line' id='line_1_96' title="bbox 186 4749 1796 4823; baseline 0 -16"><span class='ocrx_word' id='word_1_777' title='bbox 186 4751 390 4822; x_wconf 89' lang='lat' dir='ltr'>pientia</span> <span class='ocrx_word' id='word_1_778' title='bbox 421 4750 568 4806; x_wconf 88' lang='lat' dir='ltr'>idem</span> <span class='ocrx_word' id='word_1_779' title='bbox 613 4749 758 4806; x_wconf 91' lang='lat' dir='ltr'>valet</span> <span class='ocrx_word' id='word_1_780' title='bbox 806 4751 951 4822; x_wconf 90' lang='lat' dir='ltr'>quod</span> <span class='ocrx_word' id='word_1_781' title='bbox 996 4751 1053 4806; x_wconf 90' lang='lat' dir='ltr'>in</span> <span class='ocrx_word' id='word_1_782' title='bbox 1081 4751 1228 4806; x_wconf 89' lang='lat' dir='ltr'>omni</span> <span class='ocrx_word' id='word_1_783' title='bbox 1259 4749 1572 4823; x_wconf 90' lang='lat' dir='ltr'>cognitione</span> <span class='ocrx_word' id='word_1_784' title='bbox 1602 4750 1796 4807; x_wconf 63' lang='lat' dir='ltr'>activa</span> 
     </span>
    </p>
   </div>
   <div class='ocr_carea' id='block_1_97' title="bbox 189 4839 1796 4912">
    <p class='ocr_par' dir='ltr' id='par_1_97' title="bbox 189 4839 1796 4912">
     <span class='ocr_line' id='line_1_97' title="bbox 189 4839 1796 4912; baseline -0.001 -16"><span class='ocrx_word' id='word_1_785' title='bbox 189 4839 690 4911; x_wconf 67' lang='lat' dir='ltr'>vitaeJmpleamini</span> <span class='ocrx_word' id='word_1_786' title='bbox 728 4839 888 4894; x_wconf 89' lang='lat' dir='ltr'>etiam</span> <span class='ocrx_word' id='word_1_787' title='bbox 915 4840 969 4894; x_wconf 91' lang='lat' dir='ltr'>in</span> <span class='ocrx_word' id='word_1_788' title='bbox 1005 4841 1162 4896; x_wconf 89' lang='lat' dir='ltr'>omni</span> <span class='ocrx_word' id='word_1_789' title='bbox 1200 4841 1454 4912; x_wconf 86' lang='lat' dir='ltr'>spiritali</span> <span class='ocrx_word' id='word_1_790' title='bbox 1489 4840 1796 4896; x_wconf 85' lang='lat' dir='ltr'>intellectu</span> 
     </span>
    </p>
   </div>
   <div class='ocr_carea' id='block_1_98' title="bbox 186 4927 1793 5000">
    <p class='ocr_par' dir='ltr' id='par_1_98' title="bbox 186 4927 1793 5000">
     <span class='ocr_line' id='line_1_98' title="bbox 186 4927 1793 5000; baseline -0.001 -17"><span class='ocrx_word' id='word_1_791' title='bbox 186 4936 262 4998; x_wconf 92' lang='lat' dir='ltr'>ut,</span> <span class='ocrx_word' id='word_1_792' title='bbox 288 4929 431 4984; x_wconf 87' lang='lat' dir='ltr'>sicut</span> <span class='ocrx_word' id='word_1_793' title='bbox 459 4929 515 4982; x_wconf 90' lang='lat' dir='ltr'>in</span> <span class='ocrx_word' id='word_1_794' title='bbox 546 4928 943 5000; x_wconf 87' lang='lat' dir='ltr'>corporalibus,</span> <span class='ocrx_word' id='word_1_795' title='bbox 989 4929 1070 4985; x_wconf 89' lang='lat' dir='ltr'>sic</span> <span class='ocrx_word' id='word_1_796' title='bbox 1098 4928 1430 4984; x_wconf 88' lang='lat' dir='ltr'>voluntatem</span> <span class='ocrx_word' id='word_1_797' title='bbox 1460 4927 1560 4983; x_wconf 90' lang='lat' dir='ltr'>Dei</span> <span class='ocrx_word' id='word_1_798' title='bbox 1590 4927 1793 4984; x_wconf 88' lang='lat' dir='ltr'>intelli-</span> 
     </span>
    </p>
   </div>
   <div class='ocr_carea' id='block_1_99' title="bbox 186 5016 1792 5090">
    <p class='ocr_par' dir='ltr' id='par_1_99' title="bbox 186 5016 1792 5090">
     <span class='ocr_line' id='line_1_99' title="bbox 186 5016 1792 5090; baseline 0.001 -19"><span class='ocrx_word' id='word_1_799' title='bbox 186 5017 327 5089; x_wconf 89' lang='lat' dir='ltr'>gatis</span> <span class='ocrx_word' id='word_1_800' title='bbox 348 5017 404 5071; x_wconf 89' lang='lat' dir='ltr'>in</span> <span class='ocrx_word' id='word_1_801' title='bbox 427 5016 821 5088; x_wconf 88' lang='lat' dir='ltr'>spiritualibus.</span> <span class='ocrx_word' id='word_1_802' title='bbox 853 5020 919 5075; x_wconf 88' lang='lat' dir='ltr'>Ut</span> <span class='ocrx_word' id='word_1_803' title='bbox 938 5017 1307 5090; x_wconf 89' lang='lat' dir='ltr'>intelligentes</span> <span class='ocrx_word' id='word_1_804' title='bbox 1322 5017 1660 5073; x_wconf 89' lang='lat' dir='ltr'>voluntatem</span> <span class='ocrx_word' id='word_1_805' title='bbox 1677 5017 1792 5086; x_wconf 88' lang='lat' dir='ltr'>ejus</span> 
     </span>
    </p>
   </div>
   <div class='ocr_carea' id='block_1_100' title="bbox 189 5104 1791 5178">
    <p class='ocr_par' dir='ltr' id='par_1_100' title="bbox 189 5104 1791 5178">
     <span class='ocr_line' id='line_1_100' title="bbox 189 5104 1791 5178; baseline 0.001 -17"><span class='ocrx_word' id='word_1_806' title='bbox 189 5106 492 5162; x_wconf 89' lang='lat' dir='ltr'>ambuletis</span> <span class='ocrx_word' id='word_1_807' title='bbox 515 5122 620 5178; x_wconf 93' lang='lat' dir='ltr'>per</span> <span class='ocrx_word' id='word_1_808' title='bbox 648 5107 862 5173; x_wconf 85' lang='lat' dir='ltr'>omnia,</span> <span class='ocrx_word' id='word_1_809' title='bbox 894 5106 948 5160; x_wconf 90' lang='lat' dir='ltr'>id</span> <span class='ocrx_word' id='word_1_810' title='bbox 971 5114 1052 5162; x_wconf 92' lang='lat' dir='ltr'>est</span> <span class='ocrx_word' id='word_1_811' title='bbox 1074 5107 1214 5162; x_wconf 92' lang='lat' dir='ltr'>bene</span> <span class='ocrx_word' id='word_1_812' title='bbox 1237 5106 1558 5177; x_wconf 87' lang='lat' dir='ltr'>cperemini.</span> <span class='ocrx_word' id='word_1_813' title='bbox 1579 5104 1791 5162; x_wconf 78' lang='lat' dir='ltr'>Ambu-</span> 
     </span>
    </p>
   </div>
   <div class='ocr_carea' id='block_1_101' title="bbox 191 5193 1788 5268">
    <p class='ocr_par' dir='ltr' id='par_1_101' title="bbox 191 5193 1788 5268">
     <span class='ocr_line' id='line_1_101' title="bbox 191 5193 1788 5268; baseline 0.001 -21"><span class='ocrx_word' id='word_1_814' title='bbox 191 5193 318 5249; x_wconf 88' lang='lat' dir='ltr'>letis</span> <span class='ocrx_word' id='word_1_815' title='bbox 334 5194 479 5264; x_wconf 76' lang='lat' dir='ltr'>dico,</span> <span class='ocrx_word' id='word_1_816' title='bbox 495 5195 661 5266; x_wconf 90' lang='lat' dir='ltr'>digne</span> <span class='ocrx_word' id='word_1_817' title='bbox 673 5195 802 5261; x_wconf 91' lang='lat' dir='ltr'>Deo,</span> <span class='ocrx_word' id='word_1_818' title='bbox 826 5194 881 5250; x_wconf 93' lang='lat' dir='ltr'>id</span> <span class='ocrx_word' id='word_1_819' title='bbox 897 5203 982 5251; x_wconf 89' lang='lat' dir='ltr'>est</span> <span class='ocrx_word' id='word_1_820' title='bbox 1001 5202 1058 5250; x_wconf 92' lang='lat' dir='ltr'>ut</span> <span class='ocrx_word' id='word_1_821' title='bbox 1073 5195 1188 5250; x_wconf 91' lang='lat' dir='ltr'>sitis</span> <span class='ocrx_word' id='word_1_822' title='bbox 1205 5194 1358 5268; x_wconf 90' lang='lat' dir='ltr'>digni</span> <span class='ocrx_word' id='word_1_823' title='bbox 1369 5195 1510 5251; x_wconf 89' lang='lat' dir='ltr'>habe</span> <span class='ocrx_word' id='word_1_824' title='bbox 1520 5211 1574 5249; x_wconf 89' lang='lat' dir='ltr'>re</span> <span class='ocrx_word' id='word_1_825' title='bbox 1594 5196 1788 5250; x_wconf 90' lang='lat' dir='ltr'>Deum.</span> 
     </span>
    </p>
   </div>
   <div class='ocr_carea' id='block_1_102' title="bbox 191 5282 1792 5356">
    <p class='ocr_par' dir='ltr' id='par_1_102' title="bbox 191 5282 1792 5356">
     <span class='ocr_line' id='line_1_102' title="bbox 191 5282 1792 5356; baseline 0.001 -20"><span class='ocrx_word' id='word_1_826' title='bbox 191 5282 286 5338; x_wconf 86' lang='lat' dir='ltr'>Vel</span> <span class='ocrx_word' id='word_1_827' title='bbox 313 5284 481 5356; x_wconf 88' lang='lat' dir='ltr'>digne</span> <span class='ocrx_word' id='word_1_828' title='bbox 513 5285 630 5338; x_wconf 89' lang='lat' dir='ltr'>Deo</span> <span class='ocrx_word' id='word_1_829' title='bbox 656 5291 714 5338; x_wconf 92' lang='lat' dir='ltr'>ut</span> <span class='ocrx_word' id='word_1_830' title='bbox 759 5284 906 5339; x_wconf 90' lang='lat' dir='ltr'>Deus</span> <span class='ocrx_word' id='word_1_831' title='bbox 946 5285 1171 5355; x_wconf 89' lang='lat' dir='ltr'>dignum</span> <span class='ocrx_word' id='word_1_832' title='bbox 1217 5283 1425 5352; x_wconf 89' lang='lat' dir='ltr'>judicet</span> <span class='ocrx_word' id='word_1_833' title='bbox 1454 5283 1706 5339; x_wconf 89' lang='lat' dir='ltr'>habitare</span> <span class='ocrx_word' id='word_1_834' title='bbox 1735 5284 1792 5338; x_wconf 89' lang='lat' dir='ltr'>in</span> 
     </span>
    </p>
   </div>
   <div class='ocr_carea' id='block_1_103' title="bbox 187 5371 1790 5444">
    <p class='ocr_par' dir='ltr' id='par_1_103' title="bbox 187 5371 1790 5444">
     <span class='ocr_line' id='line_1_103' title="bbox 187 5371 1790 5444; baseline 0.001 -19"><span class='ocrx_word' id='word_1_835' title='bbox 187 5371 360 5426; x_wconf 89' lang='lat' dir='ltr'>vobis.</span> <span class='ocrx_word' id='word_1_836' title='bbox 402 5373 510 5427; x_wconf 87' lang='lat' dir='ltr'>Vos</span> <span class='ocrx_word' id='word_1_837' title='bbox 541 5371 666 5427; x_wconf 93' lang='lat' dir='ltr'>dico</span> <span class='ocrx_word' id='word_1_838' title='bbox 696 5372 774 5427; x_wconf 92' lang='lat' dir='ltr'>sic</span> <span class='ocrx_word' id='word_1_839' title='bbox 794 5372 1124 5428; x_wconf 90' lang='lat' dir='ltr'>ambulando</span> <span class='ocrx_word' id='word_1_840' title='bbox 1145 5373 1458 5444; x_wconf 85' lang='lat' dir='ltr'>placentes.</span> <span class='ocrx_word' id='word_1_841' title='bbox 1486 5371 1585 5426; x_wconf 84' lang='lat' dir='ltr'>Vel</span> <span class='ocrx_word' id='word_1_842' title='bbox 1601 5371 1790 5426; x_wconf 89' lang='lat' dir='ltr'>ambu-</span> 
     </span>
    </p>
   </div>
   <div class='ocr_carea' id='block_1_104' title="bbox 188 5458 1789 5533">
    <p class='ocr_par' dir='ltr' id='par_1_104' title="bbox 188 5458 1789 5533">
     <span class='ocr_line' id='line_1_104' title="bbox 188 5458 1789 5533; baseline 0.001 -21"><span class='ocrx_word' id='word_1_843' title='bbox 188 5458 307 5516; x_wconf 91' lang='lat' dir='ltr'>letis</span> <span class='ocrx_word' id='word_1_844' title='bbox 334 5460 616 5531; x_wconf 89' lang='lat' dir='ltr'>placentes</span> <span class='ocrx_word' id='word_1_845' title='bbox 658 5477 756 5531; x_wconf 91' lang='lat' dir='ltr'>per</span> <span class='ocrx_word' id='word_1_846' title='bbox 798 5462 999 5524; x_wconf 89' lang='lat' dir='ltr'>omnia.</span> <span class='ocrx_word' id='word_1_847' title='bbox 1034 5461 1180 5533; x_wconf 91' lang='lat' dir='ltr'>quod</span> <span class='ocrx_word' id='word_1_848' title='bbox 1220 5461 1364 5516; x_wconf 91' lang='lat' dir='ltr'>idem</span> <span class='ocrx_word' id='word_1_849' title='bbox 1395 5459 1557 5516; x_wconf 89' lang='lat' dir='ltr'>valet.</span> <span class='ocrx_word' id='word_1_850' title='bbox 1588 5461 1705 5516; x_wconf 91' lang='lat' dir='ltr'>Nec</span> <span class='ocrx_word' id='word_1_851' title='bbox 1733 5460 1789 5514; x_wconf 92' lang='lat' dir='ltr'>in</span> 
     </span>
    </p>
   </div>
   <div class='ocr_carea' id='block_1_105' title="bbox 189 5548 1787 5621">
    <p class='ocr_par' dir='ltr' id='par_1_105' title="bbox 189 5548 1787 5621">
     <span class='ocr_line' id='line_1_105' title="bbox 189 5548 1787 5621; baseline 0.002 -20"><span class='ocrx_word' id='word_1_852' title='bbox 189 5548 514 5604; x_wconf 88' lang='lat' dir='ltr'>ambulando</span> <span class='ocrx_word' id='word_1_853' title='bbox 545 5548 847 5605; x_wconf 84' lang='lat' dir='ltr'>subsistere</span> <span class='ocrx_word' id='word_1_854' title='bbox 867 5549 1066 5614; x_wconf 87' lang='lat' dir='ltr'>velitis,</span> <span class='ocrx_word' id='word_1_855' title='bbox 1083 5549 1181 5604; x_wconf 90' lang='lat' dir='ltr'>sed</span> <span class='ocrx_word' id='word_1_856' title='bbox 1201 5550 1265 5606; x_wconf 90' lang='lat' dir='ltr'>in</span> <span class='ocrx_word' id='word_1_857' title='bbox 1287 5551 1444 5606; x_wconf 86' lang='lat' dir='ltr'>omni</span> <span class='ocrx_word' id='word_1_858' title='bbox 1467 5564 1631 5621; x_wconf 88' lang='lat' dir='ltr'>opere</span> <span class='ocrx_word' id='word_1_859' title='bbox 1649 5549 1787 5604; x_wconf 87' lang='lat' dir='ltr'>bono</span> 
     </span>
    </p>
   </div>
   <div class='ocr_carea' id='block_1_106' title="bbox 190 5637 1788 5707">
    <p class='ocr_par' dir='ltr' id='par_1_106' title="bbox 190 5637 1788 5707">
     <span class='ocr_line' id='line_1_106' title="bbox 190 5637 1788 5707; baseline 0 -15"><span class='ocrx_word' id='word_1_860' title='bbox 190 5639 636 5707; x_wconf 75' lang='lat' dir='ltr'>fructiﬁcantes,</span> <span class='ocrx_word' id='word_1_861' title='bbox 688 5637 744 5692; x_wconf 90' lang='lat' dir='ltr'>id</span> <span class='ocrx_word' id='word_1_862' title='bbox 791 5646 874 5693; x_wconf 89' lang='lat' dir='ltr'>est</span> <span class='ocrx_word' id='word_1_863' title='bbox 912 5638 1309 5695; x_wconf 88' lang='lat' dir='ltr'>incrementum</span> <span class='ocrx_word' id='word_1_864' title='bbox 1358 5638 1641 5693; x_wconf 90' lang='lat' dir='ltr'>habentes.</span> <span class='ocrx_word' id='word_1_865' title='bbox 1677 5638 1788 5692; x_wconf 90' lang='lat' dir='ltr'>Vos</span> 
     </span>
    </p>
   </div>
   <div class='ocr_carea' id='block_1_107' title="bbox 1896 4651 3500 4725">
    <p class='ocr_par' dir='ltr' id='par_1_107' title="bbox 1896 4651 3500 4725">
     <span class='ocr_line' id='line_1_107' title="bbox 1896 4651 3500 4725; baseline -0.001 -15"><span class='ocrx_word' id='word_1_866' title='bbox 1896 4656 1961 4710; x_wconf 87' lang='lat' dir='ltr'>in</span> <span class='ocrx_word' id='word_1_867' title='bbox 1985 4655 2221 4720; x_wconf 87' lang='lat' dir='ltr'>lumine,</span> <span class='ocrx_word' id='word_1_868' title='bbox 2242 4653 2296 4708; x_wconf 91' lang='lat' dir='ltr'>id</span> <span class='ocrx_word' id='word_1_869' title='bbox 2315 4660 2399 4708; x_wconf 90' lang='lat' dir='ltr'>est</span> <span class='ocrx_word' id='word_1_870' title='bbox 2420 4652 2474 4707; x_wconf 91' lang='lat' dir='ltr'>in</span> <span class='ocrx_word' id='word_1_871' title='bbox 2488 4668 2618 4708; x_wconf 87' lang='lat' dir='ltr'>vera</span> <span class='ocrx_word' id='word_1_872' title='bbox 2635 4651 2968 4725; x_wconf 88' lang='lat' dir='ltr'>cognitione.</span> <span class='ocrx_word' id='word_1_873' title='bbox 2987 4653 3083 4708; x_wconf 86' lang='lat' dir='ltr'>Vel</span> <span class='ocrx_word' id='word_1_874' title='bbox 3097 4654 3159 4708; x_wconf 90' lang='lat' dir='ltr'>in</span> <span class='ocrx_word' id='word_1_875' title='bbox 3183 4653 3419 4720; x_wconf 85' lang='lat' dir='ltr'>lumine,</span> <span class='ocrx_word' id='word_1_876' title='bbox 3443 4652 3500 4708; x_wconf 91' lang='lat' dir='ltr'>id</span> 
     </span>
    </p>
   </div>
   <div class='ocr_carea' id='block_1_108' title="bbox 1898 4741 3498 4800">
    <p class='ocr_par' dir='ltr' id='par_1_108' title="bbox 1898 4741 3498 4800">
     <span class='ocr_line' id='line_1_108' title="bbox 1898 4741 3498 4800; baseline -0.001 0"><span class='ocrx_word' id='word_1_877' title='bbox 1898 4743 2050 4800; x_wconf 74' lang='lat'>2’7</span> <span class='ocrx_word' id='word_1_878' title='bbox 2066 4743 2137 4799; x_wconf 72' lang='lat'><strong>5</strong></span> <span class='ocrx_word' id='word_1_879' title='bbox 2155 4751 2236 4800; x_wconf 91' lang='lat' dir='ltr'>est</span> <span class='ocrx_word' id='word_1_880' title='bbox 2267 4742 2322 4797; x_wconf 92' lang='lat' dir='ltr'>in</span> <span class='ocrx_word' id='word_1_881' title='bbox 2343 4741 2556 4798; x_wconf 90' lang='lat' dir='ltr'>Christo</span> <span class='ocrx_word' id='word_1_882' title='bbox 2577 4741 2915 4798; x_wconf 90' lang='lat' dir='ltr'>illuminante</span> <span class='ocrx_word' id='word_1_883' title='bbox 2935 4757 3054 4798; x_wconf 91' lang='lat' dir='ltr'>nos.</span> <span class='ocrx_word' id='word_1_884' title='bbox 3074 4743 3288 4797; x_wconf 89' lang='lat' dir='ltr'>Patrem</span> <span class='ocrx_word' id='word_1_885' title='bbox 3309 4741 3384 4796; x_wconf 91' lang='lat' dir='ltr'>ait</span> <span class='ocrx_word' id='word_1_886' title='bbox 3411 4758 3498 4798; x_wconf 89' lang='lat' dir='ltr'>se-</span> 
     </span>
    </p>
   </div>
   <div class='ocr_carea' id='block_1_109' title="bbox 1894 4831 3500 4904">
    <p class='ocr_par' dir='ltr' id='par_1_109' title="bbox 1894 4831 3500 4904">
     <span class='ocr_line' id='line_1_109' title="bbox 1894 4831 3500 4904; baseline -0.001 -16"><span class='ocrx_word' id='word_1_887' title='bbox 1894 4833 2133 4888; x_wconf 88' lang='lat' dir='ltr'>cundum</span> <span class='ocrx_word' id='word_1_888' title='bbox 2155 4833 2403 4889; x_wconf 89' lang='lat' dir='ltr'>diversos</span> <span class='ocrx_word' id='word_1_889' title='bbox 2424 4846 2798 4903; x_wconf 90' lang='lat' dir='ltr'>possessores,</span> <span class='ocrx_word' id='word_1_890' title='bbox 2822 4847 2930 4886; x_wconf 90' lang='lat' dir='ltr'>non</span> <span class='ocrx_word' id='word_1_891' title='bbox 2955 4831 3082 4904; x_wconf 89' lang='lat' dir='ltr'>quia</span> <span class='ocrx_word' id='word_1_892' title='bbox 3103 4831 3294 4886; x_wconf 90' lang='lat' dir='ltr'>ibisint</span> <span class='ocrx_word' id='word_1_893' title='bbox 3315 4847 3500 4902; x_wconf 86' lang='lat' dir='ltr'>segre-</span> 
     </span>
    </p>
   </div>
   <div class='ocr_carea' id='block_1_110' title="bbox 1894 4919 3497 4995">
    <p class='ocr_par' dir='ltr' id='par_1_110' title="bbox 1894 4919 3497 4995">
     <span class='ocr_line' id='line_1_110' title="bbox 1894 4919 3497 4995; baseline -0.001 -20"><span class='ocrx_word' id='word_1_894' title='bbox 1894 4929 2036 4995; x_wconf 54' lang='lat' dir='ltr'>gatas</span> <span class='ocrx_word' id='word_1_895' title='bbox 2063 4929 2268 4993; x_wconf 89' lang='lat' dir='ltr'>partes,</span> <span class='ocrx_word' id='word_1_896' title='bbox 2303 4921 2428 4993; x_wconf 87' lang='lat' dir='ltr'>quia</span> <span class='ocrx_word' id='word_1_897' title='bbox 2477 4919 2732 4976; x_wconf 89' lang='lat' dir='ltr'>omnibus</span> <span class='ocrx_word' id='word_1_898' title='bbox 2780 4936 2886 4975; x_wconf 90' lang='lat' dir='ltr'>una</span> <span class='ocrx_word' id='word_1_899' title='bbox 2915 4919 3214 4975; x_wconf 89' lang='lat' dir='ltr'>beatitudo.</span> <span class='ocrx_word' id='word_1_900' title='bbox 3247 4920 3497 4976; x_wconf 80' lang='lat' dir='ltr'>Haeredi-</span> 
     </span>
    </p>
   </div>
   <div class='ocr_carea' id='block_1_111' title="bbox 1894 5009 3494 5082">
    <p class='ocr_par' dir='ltr' id='par_1_111' title="bbox 1894 5009 3494 5082">
     <span class='ocr_line' id='line_1_111' title="bbox 1894 5009 3494 5082; baseline -0.001 -17"><span class='ocrx_word' id='word_1_901' title='bbox 1894 5018 2060 5066; x_wconf 88' lang='lat' dir='ltr'>tatem</span> <span class='ocrx_word' id='word_1_902' title='bbox 2089 5019 2404 5066; x_wconf 89' lang='lat' dir='ltr'>sanctorum</span> <span class='ocrx_word' id='word_1_903' title='bbox 2454 5017 2610 5066; x_wconf 89' lang='lat' dir='ltr'>vocat</span> <span class='ocrx_word' id='word_1_904' title='bbox 2640 5018 2866 5077; x_wconf 89' lang='lat' dir='ltr'>sortem,</span> <span class='ocrx_word' id='word_1_905' title='bbox 2903 5009 3026 5082; x_wconf 87' lang='lat' dir='ltr'>quia</span> <span class='ocrx_word' id='word_1_906' title='bbox 3061 5025 3168 5065; x_wconf 93' lang='lat' dir='ltr'>non</span> <span class='ocrx_word' id='word_1_907' title='bbox 3201 5026 3302 5080; x_wconf 90' lang='lat' dir='ltr'>per</span> <span class='ocrx_word' id='word_1_908' title='bbox 3329 5009 3494 5066; x_wconf 88' lang='lat' dir='ltr'>meri-</span> 
     </span>
    </p>
   </div>
   <div class='ocr_carea' id='block_1_112' title="bbox 1893 5098 3492 5166">
    <p class='ocr_par' dir='ltr' id='par_1_112' title="bbox 1893 5098 3492 5166">
     <span class='ocr_line' id='line_1_112' title="bbox 1893 5098 3492 5166; baseline 0 -12"><span class='ocrx_word' id='word_1_909' title='bbox 1893 5107 2004 5155; x_wconf 90' lang='lat' dir='ltr'>tum</span> <span class='ocrx_word' id='word_1_910' title='bbox 2035 5099 2271 5154; x_wconf 86' lang='lat' dir='ltr'>hominis</span> <span class='ocrx_word' id='word_1_911' title='bbox 2300 5100 2472 5166; x_wconf 89' lang='lat' dir='ltr'>datur,</span> <span class='ocrx_word' id='word_1_912' title='bbox 2508 5100 2606 5155; x_wconf 93' lang='lat' dir='ltr'>sed</span> <span class='ocrx_word' id='word_1_913' title='bbox 2628 5107 2795 5166; x_wconf 86' lang='lat' dir='ltr'>sorte,</span> <span class='ocrx_word' id='word_1_914' title='bbox 2829 5099 2884 5154; x_wconf 90' lang='lat' dir='ltr'>id</span> <span class='ocrx_word' id='word_1_915' title='bbox 2907 5107 2990 5154; x_wconf 90' lang='lat' dir='ltr'>est</span> <span class='ocrx_word' id='word_1_916' title='bbox 3010 5099 3189 5154; x_wconf 87' lang='lat' dir='ltr'>divina</span> <span class='ocrx_word' id='word_1_917' title='bbox 3207 5098 3492 5156; x_wconf 90' lang='lat' dir='ltr'>electione.</span> 
     </span>
    </p>
   </div>
   <div class='ocr_carea' id='block_1_113' title="bbox 1889 5187 3492 5261">
    <p class='ocr_par' dir='ltr' id='par_1_113' title="bbox 1889 5187 3492 5261">
     <span class='ocr_line' id='line_1_113' title="bbox 1889 5187 3492 5261; baseline -0.002 -17"><span class='ocrx_word' id='word_1_918' title='bbox 1889 5188 2178 5258; x_wconf 87' lang='lat' dir='ltr'>Quomodo</span> <span class='ocrx_word' id='word_1_919' title='bbox 2208 5188 2408 5261; x_wconf 88' lang='lat' dir='ltr'>dignos</span> <span class='ocrx_word' id='word_1_920' title='bbox 2454 5188 2554 5244; x_wconf 92' lang='lat' dir='ltr'>hac</span> <span class='ocrx_word' id='word_1_921' title='bbox 2604 5197 2753 5243; x_wconf 91' lang='lat' dir='ltr'>sorte</span> <span class='ocrx_word' id='word_1_922' title='bbox 2784 5187 2974 5244; x_wconf 90' lang='lat' dir='ltr'>fecerit</span> <span class='ocrx_word' id='word_1_923' title='bbox 3009 5188 3214 5254; x_wconf 89' lang='lat' dir='ltr'>subdit,</span> <span class='ocrx_word' id='word_1_924' title='bbox 3251 5188 3442 5244; x_wconf 90' lang='lat' dir='ltr'>dicens</span> <span class='ocrx_word' id='word_1_925' title='bbox 3477 5205 3492 5242; x_wconf 89' lang='lat'>:</span> 
     </span>
    </p>
   </div>
   <div class='ocr_carea' id='block_1_114' title="bbox 1891 5277 3495 5350">
    <p class='ocr_par' dir='ltr' id='par_1_114' title="bbox 1891 5277 3495 5350">
     <span class='ocr_line' id='line_1_114' title="bbox 1891 5277 3495 5350; baseline -0.001 -17"><span class='ocrx_word' id='word_1_926' title='bbox 1891 5278 2096 5344; x_wconf 89' lang='lat' dir='ltr'>Posuit,</span> <span class='ocrx_word' id='word_1_927' title='bbox 2130 5279 2370 5349; x_wconf 90' lang='lat' dir='ltr'>inquam,</span> <span class='ocrx_word' id='word_1_928' title='bbox 2418 5279 2482 5334; x_wconf 88' lang='lat' dir='ltr'>in</span> <span class='ocrx_word' id='word_1_929' title='bbox 2516 5279 2732 5334; x_wconf 83' lang='lat' dir='ltr'>lumine</span> <span class='ocrx_word' id='word_1_930' title='bbox 2761 5279 2859 5350; x_wconf 84' lang='lat' dir='ltr'>qui</span> <span class='ocrx_word' id='word_1_931' title='bbox 2885 5277 3121 5348; x_wconf 90' lang='lat' dir='ltr'>primum</span> <span class='ocrx_word' id='word_1_932' title='bbox 3150 5279 3363 5350; x_wconf 87' lang='lat' dir='ltr'>eripuit</span> <span class='ocrx_word' id='word_1_933' title='bbox 3393 5295 3495 5336; x_wconf 87' lang='lat' dir='ltr'>nos</span> 
     </span>
    </p>
   </div>
   <div class='ocr_carea' id='block_1_115' title="bbox 1891 5366 3495 5440">
    <p class='ocr_par' dir='ltr' id='par_1_115' title="bbox 1891 5366 3495 5440">
     <span class='ocr_line' id='line_1_115' title="bbox 1891 5366 3495 5440; baseline 0 -18"><span class='ocrx_word' id='word_1_934' title='bbox 1891 5367 1957 5424; x_wconf 89' lang='lat' dir='ltr'>de</span> <span class='ocrx_word' id='word_1_935' title='bbox 1986 5371 2271 5440; x_wconf 83' lang='lat' dir='ltr'>potestate</span> <span class='ocrx_word' id='word_1_936' title='bbox 2314 5368 2696 5432; x_wconf 84' lang='lat' dir='ltr'>tenebrarum,</span> <span class='ocrx_word' id='word_1_937' title='bbox 2748 5366 2801 5420; x_wconf 94' lang='lat' dir='ltr'>id</span> <span class='ocrx_word' id='word_1_938' title='bbox 2832 5375 2913 5422; x_wconf 91' lang='lat' dir='ltr'>est</span> <span class='ocrx_word' id='word_1_939' title='bbox 2947 5367 3030 5421; x_wconf 84' lang='lat' dir='ltr'>vel</span> <span class='ocrx_word' id='word_1_940' title='bbox 3068 5367 3378 5422; x_wconf 65' lang='lat' dir='ltr'>daemonum</span> <span class='ocrx_word' id='word_1_941' title='bbox 3411 5367 3495 5422; x_wconf 92' lang='lat' dir='ltr'>vel</span> 
     </span>
    </p>
   </div>
   <div class='ocr_carea' id='block_1_116' title="bbox 1891 5454 3490 5528">
    <p class='ocr_par' dir='ltr' id='par_1_116' title="bbox 1891 5454 3490 5528">
     <span class='ocr_line' id='line_1_116' title="bbox 1891 5454 3490 5528; baseline -0.002 -17"><span class='ocrx_word' id='word_1_942' title='bbox 1891 5463 2263 5528; x_wconf 91' lang='lat' dir='ltr'>peccatorum,</span> <span class='ocrx_word' id='word_1_943' title='bbox 2315 5456 2403 5511; x_wconf 90' lang='lat' dir='ltr'>vel</span> <span class='ocrx_word' id='word_1_944' title='bbox 2451 5454 2790 5526; x_wconf 75' lang='lat' dir='ltr'>ignominiae.</span> <span class='ocrx_word' id='word_1_945' title='bbox 2823 5456 3151 5510; x_wconf 90' lang='lat' dir='ltr'>Potestatem</span> <span class='ocrx_word' id='word_1_946' title='bbox 3182 5455 3303 5510; x_wconf 92' lang='lat' dir='ltr'>ideo</span> <span class='ocrx_word' id='word_1_947' title='bbox 3337 5455 3490 5522; x_wconf 89' lang='lat' dir='ltr'>dicit,</span> 
     </span>
    </p>
   </div>
   <div class='ocr_carea' id='block_1_117' title="bbox 1889 5544 3488 5617">
    <p class='ocr_par' dir='ltr' id='par_1_117' title="bbox 1889 5544 3488 5617">
     <span class='ocr_line' id='line_1_117' title="bbox 1889 5544 3488 5617; baseline -0.003 -17"><span class='ocrx_word' id='word_1_948' title='bbox 1889 5545 2018 5617; x_wconf 90' lang='lat' dir='ltr'>quia</span> <span class='ocrx_word' id='word_1_949' title='bbox 2047 5545 2129 5599; x_wconf 82' lang='lat' dir='ltr'>vis</span> <span class='ocrx_word' id='word_1_950' title='bbox 2159 5545 2400 5600; x_wconf 89' lang='lat' dir='ltr'>humana</span> <span class='ocrx_word' id='word_1_951' title='bbox 2451 5560 2548 5615; x_wconf 89' lang='lat' dir='ltr'>per</span> <span class='ocrx_word' id='word_1_952' title='bbox 2599 5560 2659 5599; x_wconf 90' lang='lat' dir='ltr'>se</span> <span class='ocrx_word' id='word_1_953' title='bbox 2709 5559 2821 5599; x_wconf 90' lang='lat' dir='ltr'>non</span> <span class='ocrx_word' id='word_1_954' title='bbox 2864 5551 3078 5614; x_wconf 85' lang='lat' dir='ltr'>poterat</span> <span class='ocrx_word' id='word_1_955' title='bbox 3127 5544 3381 5599; x_wconf 90' lang='lat' dir='ltr'>evadere.</span> <span class='ocrx_word' id='word_1_956' title='bbox 3418 5547 3488 5599; x_wconf 85' lang='lat' dir='ltr'>Et</span> 
     </span>
    </p>
   </div>
   <div class='ocr_carea' id='block_1_118' title="bbox 1887 5631 3486 5704">
    <p class='ocr_par' dir='ltr' id='par_1_118' title="bbox 1887 5631 3486 5704">
     <span class='ocr_line' id='line_1_118' title="bbox 1887 5631 3486 5704; baseline -0.003 -14"><span class='ocrx_word' id='word_1_957' title='bbox 1887 5649 1990 5690; x_wconf 88' lang='lat' dir='ltr'>nos</span> <span class='ocrx_word' id='word_1_958' title='bbox 2019 5640 2238 5704; x_wconf 90' lang='lat' dir='ltr'>ereptos</span> <span class='ocrx_word' id='word_1_959' title='bbox 2290 5634 2619 5699; x_wconf 83' lang='lat' dir='ltr'>transtulit,</span> <span class='ocrx_word' id='word_1_960' title='bbox 2651 5631 2708 5686; x_wconf 88' lang='lat' dir='ltr'>id</span> <span class='ocrx_word' id='word_1_961' title='bbox 2738 5640 2822 5688; x_wconf 91' lang='lat' dir='ltr'>est</span> <span class='ocrx_word' id='word_1_962' title='bbox 2850 5631 3275 5700; x_wconf 82' lang='lat' dir='ltr'>transformavit,</span> <span class='ocrx_word' id='word_1_963' title='bbox 3308 5633 3370 5687; x_wconf 89' lang='lat' dir='ltr'>in</span> <span class='ocrx_word' id='word_1_964' title='bbox 3393 5647 3486 5686; x_wconf 89' lang='lat' dir='ltr'>rc-</span> 
     </span>
    </p>
   </div>
  </div>
