3932 6408
414 339 518 393 3'19

974 338 1030 393 S.
1070 337 1424 395 BRUNONIS
1461 336 2110 395 CARTHUSIANORUM
2146 335 2628 395 INSTITUTORIS
2666 337 2820 395 OPP.
2861 339 3037 396 PARS
3074 341 3142 395 Π.

3600 345 3708 398 380

413 477 588 533 gnum
623 463 770 526 Filii,
805 461 860 516 id
892 469 974 517 est
1003 469 1061 516 ut
1090 462 1254 517 Filius
1287 478 1418 517 suus
1448 471 1708 533 regnaret
1733 463 1788 516 in
1823 461 1999 516 nobis.
2025 462 2080 522 Α
2109 461 2231 516 ideo
2245 460 2530 531 primatum
2547 466 2908 536 tenens,quia
2928 465 3272 536 complacuit
3293 466 3400 522 Deo
3434 464 3583 520 Patri
3606 465 3710 521 ha-

416 551 550 605 Filii
571 551 693 605 dico
716 550 1039 606 dilectionis
1069 568 1204 605 suae.
1232 549 1436 606 Omnes
1459 551 1602 606 enim
1625 559 1824 620 prater
1843 550 2007 604 istum

417 637 513 692 ﬁlii
548 638 758 692 fuerunt
787 638 902 693 irae.
937 638 1142 694 Omnes
1183 639 1327 694 enim
1367 639 1421 692 in
1470 647 1699 710 peccato
1729 639 1876 704 nati;
1911 638 2007 693 sed

414 726 503 781 hic
531 726 680 781 solus
709 726 875 781 Filius
905 727 1230 793 dilectionis,
1266 727 1394 799 quia
1424 743 1456 782 a
1489 735 1714 798 peccato
1730 727 2004 782 immunis.

421 815 502 869 De
556 830 665 886 quo
711 816 868 870 Pater
914 816 1033 870 ait:
1073 837 1094 866 ι
1130 816 1230 872 Hic
1277 824 1358 870 est
1407 815 1575 870 Filius
1622 832 1778 870 meus
1833 815 2007 871 dilec-

420 909 526 968 tus,
555 925 575 950 n
594 911 697 958 etc.
715 904 1128 973 (Matth.m,7.)
1149 904 1366 958 Modum
1389 904 1683 974 ereptionis
1711 904 1918 957 subdit:
1943 903 2006 958 In

412 1005 516 1062 quo
538 991 674 1046 Filio
695 992 961 1047 habemus
979 993 1419 1064 redemptionem
1443 1010 1458 1059 ;
1482 992 1713 1062 pretium
1733 992 1875 1046 enim
1890 1007 2012 1045 san-

412 1079 594 1151 guinis
623 1079 678 1133 in
709 1095 873 1135 cruce
921 1081 1104 1135 datum
1151 1088 1234 1134 est
1281 1080 1535 1135 omnibus
1582 1080 1872 1134 suﬁiciens.
1907 1081 2008 1134 Per

413 1182 574 1238 quem
605 1167 766 1222 etiam
815 1167 1081 1222 habemus
1129 1169 1522 1223 remissionem
1553 1172 1914 1240 peccatorum
1951 1167 2006 1221 in

412 1254 721 1325 baptismo;
755 1254 1041 1326 quiFilius
1072 1256 1368 1311 secundum
1389 1255 1624 1310 divinam
1645 1263 1890 1309 naturam
1921 1259 2006 1311 est

414 1343 601 1412 imago
634 1344 732 1398 Dei
760 1344 1082 1410 invisibilis,
1116 1344 1170 1398 id
1201 1351 1285 1399 est
1303 1344 1465 1414 plena
1485 1343 1892 1414 repraesentatio
1906 1344 2006 1398 Pa-

411 1429 531 1496 tris,
557 1431 684 1502 quia
713 1431 972 1504 quidquid
1003 1431 1058 1486 in
1093 1433 1278 1499 Patre,
1313 1439 1480 1486 totum
1514 1440 1595 1486 est
1625 1431 1678 1486 in
1711 1431 1864 1496 Filio,
1897 1447 2007 1486 non

415 1525 594 1573 tamen
626 1520 830 1591 imago,
871 1519 1018 1591 quod
1068 1519 1215 1575 aliud
1247 1521 1334 1588 sit,
1382 1520 1485 1574 nisi
1525 1528 1781 1591 quantum
1829 1519 1892 1573 ad
1926 1519 2008 1574 di-

414 1606 760 1662 stinctionem
820 1623 1199 1678 personarum,
1269 1608 1366 1662 sed
1428 1608 1589 1679 plena
1651 1608 1905 1662 identitas
1950 1609 2008 1662 in

415 1695 735 1752 substantia.
775 1697 1073 1751 Possumus
1121 1704 1458 1761 construere,
1495 1697 1793 1752 invisibilis
1822 1697 2006 1768 imago

412 1785 533 1874 _Dei,
566 1784 864 1874 vel—imago
894 1786 994 1840 Dei
1021 1786 1344 1874 invisibilis.
1484 1799 1548 1839 ex
1571 1785 1668 1874 phis
1696 1785 1880 1874 verbis
1909 1785 2006 1838 ha-
2027 1815 2078 1874 Β

413 1871 608 1926 bemus
634 1872 828 1926 Filium
876 1873 1393 1928 consubstantialem
1439 1872 1601 1937 Patri,
1637 1872 1783 1944 quia,
1815 1872 1862 1927 si
1891 1888 2009 1928 om-

414 1959 503 2013 nia
531 1959 600 2014 de
651 1959 950 2015 substantia
1000 1961 1118 2015 Filii
1151 1977 1272 2031 quae
1301 1961 1370 2015 de
1401 1960 1700 2014 substantia
1731 1961 1898 2015 Patris
1925 1960 2008 2014 di-

415 2055 633 2112 cuntur,
665 2047 911 2118 profecto
943 2048 1422 2104 consubstantialis
1452 2057 1535 2104 est
1561 2049 1631 2103 ei.

485 2135 650 2190 Filius
693 2136 818 2192 dico
842 2138 1253 2208 primogenitus
1295 2139 1481 2193 omnis
1510 2141 1807 2205 creatura,
1840 2136 2009 2192 id'est

413 2231 539 2280 ante
567 2240 785 2279 omnem
815 2233 1116 2280 creaturam
1147 2225 1366 2296 genitus
1397 2241 1461 2279 ex
1492 2225 1679 2290 Patre;
1709 2224 1826 2294 ipse
1857 2224 2006 2279 solus

413 2313 657 2383 genitus,
691 2321 889 2368 caetera
917 2321 1100 2369 creata
1145 2328 1252 2368 non
1281 2313 1446 2368 modo
1475 2312 1619 2366 illius
1651 2313 1872 2384 genita;
1904 2327 2006 2369 nec

414 2399 531 2471 ipse
563 2409 795 2467 creatus,
830 2408 882 2456 et
911 2402 965 2455 in
995 2401 1080 2455 his
1110 2401 1294 2456 verbis
1330 2401 1593 2456 habemus
1624 2416 1747 2455 eum
1777 2409 2004 2456 coaeter-

411 2505 540 2542 num
570 2489 730 2544 Patri.
766 2490 907 2544 Vere
936 2490 1156 2561 genitus
1185 2496 1266 2544 est
1294 2497 1417 2544 ante
1438 2505 1652 2544 omnem
1674 2497 2002 2556 creaturam,

413 2579 544 2650 quia
565 2579 830 2634 universa
845 2583 986 2634 sunt
1007 2578 1239 2634 condita
1260 2579 1321 2632 in
1345 2580 1481 2651 ipso,
1507 2577 1560 2632 id
1578 2585 1659 2633 est
1680 2594 1778 2648 per
1805 2578 2001 2648 ipsum,

407 2666 556 2735 juxta
600 2667 734 2722 illud
788 2684 801 2720 :
852 2689 874 2715 α
929 2665 1124 2722 Omnia
1168 2667 1222 2720 in
1269 2667 1537 2737 sapientia
1604 2666 1779 2721 fecisti
1825 2666 2001 2737 (Psal.

411 2769 528 2820 cm,
565 2755 679 2825 24),
737 2779 758 2803 υ
795 2756 898 2811 hoc
939 2762 1022 2810 est
1068 2755 1123 2809 in
1172 2755 1323 2810 Filio.
1371 2755 1637 2811 Universa
1685 2754 1827 2820 dico,
1881 2754 2006 2825 quia

411 2844 659 2899 visibilia
687 2847 746 2898 et
762 2843 1076 2898 invisibilia
1094 2845 1156 2898 in
1176 2844 1348 2908 cmlis,
1373 2851 1431 2898 ut
1452 2841 1657 2914 angeli,
1685 2843 1766 2896 sol
1787 2850 1838 2896 et
1859 2842 2003 2909 luna,

411 2939 465 2985 et
494 2931 728 2986 visibilia
758 2939 810 2985 et
855 2931 1146 2986 invisibilia
1173 2930 1230 2984 in
1259 2938 1420 2995 terra,
1455 2938 1514 2984 ut
1543 2930 1766 2999 spiritus
1793 2930 2006 2984 anima-

409 3018 563 3084 lium,
597 3027 650 3074 et
678 3019 859 3073 omnia
910 3026 1068 3074 terrae
1113 3033 1360 3089 corpora.
1412 3019 1476 3073 In
1506 3020 1660 3072 ccelis
1690 3018 1830 3073 bene
1861 3018 2003 3084 dico,

412 3106 540 3177 quia
550 3107 666 3162 sive
689 3107 899 3172 throni,
915 3109 1029 3162 sive
1047 3107 1480 3172 dominationes,
1495 3109 1608 3162 sive
1623 3108 2002 3178 principatus,

414 3196 533 3250 sive
559 3198 890 3267 potestates,
917 3195 1109 3250 omnia
1128 3199 1323 3250 creata
1359 3199 1494 3248 sunt
1518 3210 1621 3266 per
1638 3195 1841 3264 ipsum,
1867 3201 1917 3249 et
1938 3195 2007 3248 ita

415 3298 518 3353 per
546 3282 723 3354 ipsum
753 3282 898 3354 quod
929 3289 1103 3337 creata
1157 3281 1540 3337 contineantur
1568 3283 1630 3337 in
1659 3284 1796 3354 ipso,
1831 3282 1886 3336 id
1925 3291 2008 3338 est

412 3371 557 3426 intra
604 3370 1016 3440 amplitudinem
1065 3370 1217 3438 ejus;
1249 3370 1368 3441 ipse
1397 3371 1540 3425 enim
1570 3370 1626 3424 in
1671 3369 1925 3425 omnibus
1954 3379 2008 3426 et

407 3459 524 3529 jam
557 3467 728 3515 extra.
762 3459 832 3513 Et
860 3460 980 3531 ipse
1017 3463 1104 3515 est
1141 3465 1278 3514 ante
1302 3475 1492 3515 omnes
1522 3459 1787 3530 dignitate
1819 3475 2007 3514 secun-

414 3547 544 3603 dum
577 3555 865 3619 utramque
913 3554 1184 3615 naturam,
1231 3554 1284 3602 et
1322 3547 1507 3602 omnia
1553 3555 1731 3604 creata
1760 3555 2008 3604 constant

410 3637 478 3691 in
509 3637 651 3708 ipso,
702 3635 756 3689 id
806 3641 889 3689 est
939 3634 1169 3690 existere
1209 3634 1412 3690 habent
1453 3651 1560 3706 per
1602 3637 1807 3707 ipsum.
1859 3635 2008 3690 Sicut

413 3723 557 3778 enim
603 3739 728 3780 esse
778 3738 889 3778 non
928 3729 1200 3794 poterant,
1255 3723 1359 3777 nisi
1406 3739 1506 3794 per
1549 3723 1749 3794 ipsum,
1801 3724 1878 3779 sic
1907 3739 2008 3779 nec

412 3819 593 3868 creata
639 3811 957 3875 consistere,
1000 3810 1106 3864 nisi
1151 3827 1252 3881 per
1301 3812 1496 3882 ipsum,
1530 3820 1581 3867 et
1609 3813 1728 3883 ipse
1758 3813 2008 3868 Christus

413 3904 497 3957 est
526 3903 719 3972 caput,
770 3899 826 3954 id
873 3907 956 3954 est
984 3899 1314 3970 principium
1350 3908 1402 3954 et
1434 3900 1680 3970 regimen
1712 3903 1998 3956 Ecclesiae.

414 3988 575 4057 Quod
605 3988 676 4042 ita
705 3988 780 4042 ait
813 4005 826 4042 :
857 3987 1028 4058 Caput
1075 3989 1326 4060 corporis
1371 3988 1652 4054 Ecclesiae,
1700 3988 1828 4059 quia
1869 3989 2009 4044 sicut

411 4093 612 4147 corpus
644 4075 879 4131 hominis
909 4092 1102 4132 omnes
1141 4092 1336 4131 sensus
1383 4076 1546 4132 habet
1594 4077 1648 4131 in
1697 4076 1895 4147 capite,
1930 4077 2009 4133 sic

409 4163 663 4220 Ecclesia
689 4180 879 4220 omnes
924 4165 1066 4220 vires
1096 4179 1226 4219 suas
1257 4165 1420 4219 habet
1454 4165 1508 4218 in
1540 4164 1774 4231 Christo,
1810 4164 2005 4234 capite,

413 4253 683 4324 principio
704 4268 804 4308 suo
832 4261 883 4308 et
901 4261 1136 4308 rectore.
1165 4251 1479 4324 Opponeret
1496 4253 1588 4308 ille
1620 4268 1632 4307 :
1668 4251 1851 4320 Quare
1873 4251 2008 4306 dicis

412 4341 683 4396 Christum
713 4349 876 4412 caput
925 4341 1207 4402 Ecclesiae,
1259 4356 1385 4397 cum
1415 4340 1552 4396 Abel
1589 4348 1642 4395 et
1680 4340 1834 4394 multi
1875 4339 2008 4407 justi

410 4429 610 4485 fuerint
635 4429 784 4500 prius
815 4429 927 4495 illo,
965 4437 1212 4500 tempore
1233 4428 1260 4482 ‘I
1288 4430 1403 4484 Hoc
1433 4429 1508 4482 ita
1537 4436 1783 4483 removet
1817 4443 1829 4481 :
1869 4428 2008 4483 Vere

2108 551 2286 604 bitare
2303 551 2363 604 in
2386 551 2506 621 ipso
2522 551 2656 606 Filio
2683 552 3105 624 plenitudinem
3125 555 3382 609 omnium
3403 554 3694 621 honorum,

2107 637 2242 693 sicut
2270 639 2508 692 Joannes
2536 639 2608 694 ait
2642 654 2653 692 :
2691 661 2713 690 ι
2736 641 2816 694 De
2837 639 3171 710 plenitudine
3195 642 3310 710 ejus
3331 657 3522 697 omnes
3542 657 3704 698 acce-

2107 725 2285 795 pimus
2309 747 2328 774 ι
2355 729 2536 790 (Joan.
2559 743 2594 792 ι,
2627 730 2736 796 16).
2770 730 2837 782 Et
2857 728 3060 798 placuit
3091 730 3205 784 Deo
3225 745 3324 800 per
3349 746 3472 784 eum
3510 730 3707 784 Filium

2106 814 2476 870 reconciliare
2500 817 2604 870 sibi
2621 819 2832 880 omnia,
2872 824 2977 870 tam
3007 817 3238 887 gentiles
3267 833 3430 889 quam
3460 818 3704 874 Iudaeos.

2180 901 2378 956 Omnia
2407 909 2589 957 tamen
2618 903 2744 958 dico
2773 905 3045 959 manentia
3074 906 3138 959 in
3167 907 3304 976 ipso.
3331 905 3437 974 Qui
3468 905 3615 961 enim
3648 907 3704 960 in

2103 988 2223 1058 ipso
2253 1006 2360 1044 non
2393 991 2670 1059 manserit,
2705 1008 2901 1062 expers
2933 992 3034 1046 erit
3061 993 3538 1048 reconciliationis.
3579 994 3704 1049 Pla-

2105 1077 2216 1132 cuit
2269 1079 2623 1134 reconciliare
2661 1081 2971 1150 paeiﬁcans
3010 1082 3290 1136 mundum
3332 1082 3454 1147 sibi,
3487 1081 3576 1137 vel
3605 1083 3707 1136 Ju-

2105 1164 2254 1220 daaos
2284 1174 2336 1220 et
2366 1167 2596 1237 gentiles
2625 1167 2767 1222 inter
2805 1184 2864 1222 se
2893 1185 2993 1238 per
3036 1169 3356 1239 sanguinem
3386 1185 3495 1224 non
3525 1169 3705 1224 fusum

2104 1254 2288 1324 aliquo
2317 1271 2521 1325 genere
2550 1256 2792 1311 honestae
2820 1257 3008 1311 mortis
3033 1276 3046 1323 ;
3081 1258 3179 1312 sed
3226 1275 3327 1330 per
3363 1261 3705 1329 sanguinem

2105 1345 2292 1397 crucis
2314 1346 2438 1414 ejus
2463 1363 2480 1408 ;
2503 1344 2648 1414 quod
2667 1360 2842 1414 genus
2863 1345 3055 1399 mortis
3076 1346 3701 1417 contemptibilissimum

2109 1429 2261 1485 2’7
2273 1429 2350 1484 6
2375 1439 2511 1485 erat.
2541 1431 2840 1487 Paciticans
2859 1432 2980 1487 dico
3001 1434 3129 1498 Deo,
3167 1435 3278 1490 sive
3295 1450 3416 1504 qua:
3449 1435 3512 1488 in
3548 1436 3704 1490 caelis

2103 1521 2260 1584 sunt,
2286 1517 2340 1572 id
2371 1527 2452 1572 est
2486 1527 2710 1574 sanctos
2738 1536 2970 1591 quorum
3009 1521 3204 1576 animae
3228 1522 3340 1590 jam
3382 1531 3614 1594 regnant
3644 1523 3698 1576 in

2106 1606 2278 1671 caelis,
2313 1607 2430 1662 sive
2468 1623 2590 1679 quae
2624 1609 2685 1662 in
2709 1611 2880 1664 terris
2910 1618 3052 1678 sunt,
3084 1609 3140 1664 id
3169 1617 3252 1664 est
3281 1625 3378 1665 eos
3405 1610 3498 1681 qui
3524 1610 3704 1666 adhuc

2104 1694 2526 1766 peregrinantur
2563 1695 2617 1749 in
2650 1704 2807 1750 terra.
2843 1697 2941 1752 Vel
2970 1698 3041 1752 ita
3076 1713 3088 1751 :
3120 1698 3243 1753 Sive
3281 1715 3402 1769 qua:
3442 1699 3506 1753 in
3545 1700 3700 1754 cazlis

2107 1787 2265 1845 sunt,
2296 1782 2351 1837 id
2383 1791 2464 1837 est
2494 1784 2742 1853 angelos,
2775 1786 2886 1841 sive
2906 1803 3028 1858 quia
3057 1788 3120 1841 in
3155 1788 3326 1841 terris
3356 1793 3500 1853 sunt,
3534 1787 3591 1840 id
3621 1794 3710 1841 est

2107 1870 2376 1925 homines.
2425 1873 2561 1926 Ante
2610 1872 2875 1927 Christum
2926 1874 3067 1928 inter
3111 1873 3338 1945 angelos
3367 1882 3421 1928 et
3451 1874 3705 1930 homines

2107 1957 2392 2012 dissidium
2425 1967 2542 2013 erat
2577 1973 2588 2012 :
2622 1961 2718 2014 sed
2755 1959 3077 2028 justiﬁcatus
3121 1962 3304 2029 homo,
3352 1977 3479 2017 mox
3508 1977 3702 2033 pacem

2105 2045 2292 2100 habuit
2312 2062 2437 2102 cum
2467 2047 2686 2117 angelo.
2719 2049 2876 2103 Nunc
2907 2049 3124 2104 tandem
3155 2049 3440 2105 descendit
3467 2050 3537 2104 ad
3567 2051 3703 2105 illud

2107 2135 2252 2205 quod
2282 2134 2591 2190 intendebat
2622 2152 2687 2191 ex
2708 2136 3036 2206 praemissis,
3070 2137 3259 2193 dicens
3293 2155 3306 2192 :
3337 2138 3452 2193 Nos
3484 2139 3702 2194 Iudaeos

2105 2221 2445 2292 paciﬁcavit,
2495 2233 2547 2278 et
2594 2239 2692 2279 vos
2737 2225 2968 2295 gentiles
3017 2224 3264 2281 similiter
3309 2226 3700 2282 reconciliavit.

2117 2313 2211 2367 Vos
2233 2311 2376 2378 dico,
2409 2328 2559 2378 cum,
2593 2312 2648 2366 id
2678 2321 2762 2367 est
2793 2313 3060 2383 quamvis,
3085 2316 3283 2370 essetis
3300 2315 3622 2387 aliquando,
3648 2315 3702 2369 id

2107 2407 2190 2454 est
2216 2407 2462 2469 tempore
2484 2398 2834 2468 inﬁdelitatis,
2858 2403 3100 2457 alienati
3119 2418 3149 2456 a
3177 2404 3293 2457 Deo
3313 2419 3414 2472 per
3433 2402 3703 2474 ignoran-

2108 2487 2239 2542 tiam
2273 2505 2286 2541 :
2321 2493 2376 2542 et
2406 2489 2601 2542 essetis
2631 2490 2876 2555 inimici,
2924 2489 2977 2544 id
3007 2497 3088 2544 est
3116 2490 3533 2546 inimicaremini
3563 2493 3700 2561 Deo,

2106 2592 2297 2641 sensu,
2330 2576 2384 2630 id
2415 2584 2497 2630 est
2527 2591 2599 2631 ex
2630 2577 2923 2632 voluntate.
2947 2578 3156 2634 Inimici
3178 2579 3424 2634 etiamin
3445 2581 3705 2651 operibus

2106 2665 2294 2719 malis.
2329 2664 2446 2730 Vel,
2481 2665 2728 2735 quamvis
2760 2667 2955 2721 essetis
2983 2666 3184 2722 inimici
3202 2683 3385 2733 sensu,
3409 2675 3589 2723 tamen
3621 2685 3707 2724 re-

2108 2751 2416 2806 conciliavit
2437 2768 2554 2819 vos,
2574 2769 2731 2808 nunc
2749 2759 2942 2809 autem
2964 2757 3354 2811 reconciliavit
3369 2758 3433 2810 in
3454 2771 3703 2827 corpore,

2107 2839 2347 2894 nondum
2378 2840 2690 2907 immortali,
2747 2842 2845 2896 sed
2875 2858 3104 2913 corpore
3141 2844 3333 2899 carnis
3362 2847 3504 2915 ejus,
3538 2844 3594 2898 id
3623 2852 3707 2899 est

2109 2927 2285 2982 adhuc
2307 2929 2568 2983 mortalis.
2600 2930 2668 2984 Et
2705 2929 2752 2983 si
2800 2930 2854 2984 in
2894 2946 3126 3001 corpore
3165 2931 3381 2987 mortali
3416 2933 3519 2988 hoc
3559 2932 3704 3000 fecit,

2109 3017 2238 3088 quid
2284 3016 2446 3072 faciet
2474 3018 2530 3072 in
2572 3017 2900 3073 immortali?
2931 3020 3118 3093 Longe
3157 3019 3408 3091 amplius.
3441 3021 3706 3077 Reconci-

2112 3105 2260 3161 liavit
2288 3105 2343 3160 in
2373 3121 2606 3176 corpore
2631 3124 2736 3179 per
2761 3112 3000 3163 mortem
3024 3128 3041 3172 ,-
3074 3115 3130 3162 ut
3159 3107 3305 3162 enim
3334 3125 3432 3163 vos
3461 3110 3707 3165 reconci-

2029 3167 2076 3228 θ
2110 3192 2284 3262 liaret,
2318 3194 2429 3264 pati
2459 3167 2906 3264 voluitmortem,
2941 3196 2996 3250 id
3012 3167 3094 3250 est
3115 3203 3171 3250 ut
3193 3196 3440 3253 exhibeat
3461 3213 3553 3253 vos
3572 3215 3706 3253 san-

2109 3287 2228 3340 ctos
2260 3282 2530 3353 positione
2561 3282 2843 3348 virtutum,
2877 3289 2931 3340 et
2958 3285 3376 3352 immaculatos,
3404 3286 3706 3342 remotione

2107 3370 2394 3439 malorum,
2426 3375 2481 3426 et
2499 3373 3022 3444 irreprehensibiles
3037 3389 3228 3428 coram
3249 3374 3368 3446 ipso
3391 3375 3524 3429 Deo.
3547 3373 3707 3442 Quod

2108 3475 2212 3515 nec
2252 3459 2524 3514 subtilitas
2555 3460 2670 3527 ejus
2701 3460 2878 3529 (cujus
2919 3460 3090 3516 oculis
3136 3461 3322 3516 omnia
3366 3462 3513 3518 nuda
3557 3462 3702 3533 sunt)

2108 3547 2346 3602 inveniat
2386 3547 2443 3601 in
2490 3547 2570 3603 eis
2619 3548 2749 3620 quid
2795 3549 3184 3619 reprehendat.
3242 3551 3319 3605 Ita
3361 3558 3540 3606 tamen
3579 3551 3703 3626 dico

2109 3634 2380 3702 exhibeat,
2411 3637 2461 3691 si
2489 3651 2586 3691 vos
2613 3639 2965 3708 permanetis
2984 3638 3217 3708 fundati
3247 3642 3304 3694 et
3325 3638 3464 3694 ﬁrmi
3486 3641 3548 3695 in
3569 3640 3700 3709 ﬁde.

2107 3723 2172 3777 Et
2201 3723 2246 3777 si
2275 3723 2603 3794 permanetis
2651 3725 2881 3781 stabiles
2925 3732 3186 3796 quantum
3220 3742 3287 3781 ex
3316 3727 3472 3784 vobis
3501 3735 3602 3782 est.
3637 3729 3708 3783 Et

2109 3813 2420 3867 immobiles
2450 3811 2495 3866 si
2542 3811 2821 3867 immineat
2862 3821 3183 3883 persecutor
3224 3831 3262 3868 a
3311 3831 3426 3888 spe,
3466 3815 3520 3870 id
3557 3823 3637 3870 est
3675 3831 3706 3869 a

2111 3906 2326 3968 sperata
2358 3915 2438 3954 re.
2477 3901 2582 3971 Spe
2620 3900 2744 3956 dico
2769 3901 3080 3972 Evangelii,
3115 3901 3170 3956 id
3200 3909 3284 3958 est
3312 3919 3474 3974 quam
3512 3919 3704 3973 spera-

2110 3993 2217 4041 tam
2235 3987 2618 4043 beatitudinem
2641 3988 2903 4058 promittit
2921 3989 3282 4062 Evangelium
3306 4009 3320 4056 ;
3355 3991 3496 4064 quod
3517 3993 3704 4046 Evan-

2109 4075 2308 4146 gelium
2340 4077 2580 4132 audistis
2599 4092 2632 4131 a
2652 4076 2934 4147 discipulis
2954 4078 3176 4132 nostris.
3202 4079 3318 4134 Nec
3339 4079 3550 4134 debetis
3571 4079 3702 4135 illud

2109 4163 2382 4228 refellere,
2419 4165 2543 4235 quia
2575 4164 2654 4220 sic
2681 4165 2952 4236 accipiunt
3000 4182 3192 4222 omnes
3213 4167 3366 4235 justi.
3398 4168 3468 4222 Et
3497 4169 3600 4223 hoc
3629 4168 3705 4224 ita

2108 4251 2182 4306 ait
2205 4267 2217 4305 :
2246 4252 2396 4319 Quod
2411 4253 2768 4322 Evangelium
2778 4255 3156 4325 praedicatum
3167 4259 3251 4311 est
3265 4257 3545 4312 universa:
3555 4272 3702 4312 crea-

2113 4344 2276 4409 turas,
2309 4348 2362 4394 et
2390 4349 2675 4410 permanet
2702 4342 2782 4397 sic
2810 4342 2865 4396 in
2894 4342 3148 4398 universa
3173 4351 3450 4398 creatura.
3491 4345 3705 4400 Creatu-

2108 4444 2224 4482 ram
2255 4437 2409 4484 vocat
2431 4431 2608 4499 justos
2636 4446 2737 4500 per
2776 4430 3169 4497 excellentiam,
3206 4432 3333 4502 quia
3361 4432 3486 4488 licet
3513 4448 3704 4488 omnes

409 4526 570 4589 caput
597 4518 881 4584 Ecclesiae,
917 4519 1064 4590 quia,
1096 4518 1193 4589 qui
1226 4521 1312 4573 est
1336 4517 1687 4589 principium
1715 4516 2000 4572 Ecclesia.
2025 4518 2078 4578 D
2109 4517 2215 4571 sint
2243 4525 2513 4572 creaturae
2559 4518 2679 4582 Dei,
2723 4519 2855 4587 justi
2905 4527 3086 4574 tamen
3131 4519 3420 4593 privilegio
3469 4521 3704 4592 quodam

409 4607 556 4662 Licet
587 4606 732 4661 enim
775 4605 930 4660 multi
977 4605 1151 4662 sancti
1197 4621 1422 4661 carnem
1467 4605 1663 4659 Christi
1695 4604 2007 4675 precessis-

410 4704 529 4749 sent
559 4703 824 4766 tempore,
859 4710 1133 4766 nunquam
1164 4701 1349 4749 tamen
1380 4693 1739 4759 salvarentur,
1774 4693 1878 4748 nisi
1908 4709 2009 4764 per

410 4781 572 4839 ﬁdem
607 4783 854 4839 membra
904 4791 1088 4839 essent
1133 4781 1325 4853 capitis
1374 4781 1588 4836 Christi.
1623 4781 1802 4837 Potuit
1829 4782 2008 4854 itaque

408 4879 572 4943 caput
592 4888 715 4928 esse
744 4869 1026 4938 Ecclesiae,
1061 4871 1188 4942 quia
1217 4871 1634 4942 primogenitus
1663 4877 1840 4926 estex
1860 4887 2008 4927 mor-

411 4961 547 5014 tuis.
584 4961 796 5015 Primus
827 4959 971 5014 enim
1025 4958 1266 5014 omnium
1301 4958 1538 5013 surrexit
1568 4974 1634 5013 ex
1663 4958 1907 5014 mortuis.
1940 4960 2010 5014 Et

407 5049 834 5121 primogenitus,
867 5048 996 5120 quia
1044 5047 1162 5117 ipse
1193 5046 1358 5101 habet
1387 5061 1603 5102 omnem
1633 5048 2008 5103 haereditatem

408 5137 602 5192 Patris.
637 5139 705 5192 Et
732 5137 1036 5208 quicunque
1085 5134 1214 5190 inde
1252 5134 1453 5205 aliquid
1484 5136 1677 5202 habet,
1711 5143 1927 5207 oportet
1952 5144 2008 5191 ut

409 5226 478 5280 ab
504 5225 597 5280 illo
626 5225 839 5280 habeat.
874 5222 1024 5278 Sicut
1063 5222 1462 5294 primogenitus
1512 5223 1654 5279 ﬁlius
1700 5225 1862 5281 habet
1893 5241 2009 5280 om-

407 5329 533 5368 nem
562 5312 936 5368 haareditatem
964 5311 1156 5381 patris,
1189 5319 1243 5366 et
1268 5326 1428 5366 nemo
1472 5312 1770 5384 quidquam
1800 5314 1906 5368 nisi
1939 5313 2008 5368 ab

408 5417 494 5456 eo.
525 5402 642 5456 Nec
660 5398 1052 5471 primogenitus
1082 5399 1472 5470 repudiandus,
1505 5410 1561 5457 ut
1590 5403 1737 5458 Esau
1763 5422 1776 5469 ;
1811 5403 1910 5458 sed
1939 5403 2009 5457 ita

407 5488 800 5560 primogenitus
812 5491 877 5542 ut
897 5489 1014 5559 ipse
1030 5489 1106 5544 sit
1127 5492 1326 5544 tenens
1343 5491 1655 5560 primatum
1669 5493 1731 5547 in
1752 5494 2010 5548 omnibus

411 5575 697 5640 creaturis.
748 5575 1006 5656 Princeps
1053 5577 1194 5632 enim
1226 5578 1546 5642 constitutus
1597 5589 1680 5642 est
1727 5581 2006 5650 omnium;

2107 4614 2371 4660 creaturae
2403 4605 2657 4662 dicuntur
2697 4606 2752 4660 in
2801 4607 3000 4678 quibus
3053 4607 3204 4677 prior
3251 4611 3535 4679 generatio
3583 4626 3707 4680 quas

2107 4693 2206 4749 fuit
2237 4695 2292 4747 in
2323 4695 2525 4750 delicto
2555 4694 2737 4751 carnis
2779 4711 2879 4765 per
2929 4695 3253 4767 baptismum
3293 4697 3473 4752 deleta
3517 4704 3619 4760 est.
3653 4705 3709 4753 et

2107 4782 2318 4838 novitas
2350 4781 2478 4838 ﬁdei
2528 4783 2807 4855 generavit
2837 4797 2932 4840 eos
2978 4800 3150 4840 novos
3190 4784 3330 4840 ﬁlios
3369 4785 3424 4840 in
3454 4785 3696 4841 Christo.

2107 4871 2262 4928 Unde
2295 4871 2375 4927 sic
2400 4871 2472 4925 ait
2507 4889 2520 4926 :
2563 4873 2628 4926 In
2653 4873 2916 4928 universa
2939 4878 3225 4940 creatura,
3248 4874 3303 4928 id
3324 4881 3407 4929 est
3438 4875 3492 4928 in
3522 4875 3706 4930 omni-

2108 4960 2210 5014 bus
2233 4960 2394 5028 justis
2424 4960 2478 5014 in
2507 4958 2613 5014 ﬁde
2659 4960 2858 5015 Christi
2900 4976 3043 5016 nova
3073 4970 3325 5017 creatura
3355 4961 3526 5018 factis.
3562 4964 3702 5020 Uni-

2106 5063 2266 5104 versa
2295 5048 2434 5114 dico,
2469 5065 2578 5103 non
2606 5049 2768 5104 unius
2801 5049 3064 5120 regionis,
3099 5051 3196 5105 sed
3227 5066 3570 5124 quaecunque
3601 5054 3706 5109 sub

2106 5139 2244 5192 caelo
2274 5142 2378 5192 est.
2414 5136 2512 5192 Vel
2541 5137 2615 5191 ita
2647 5153 2659 5190 :
2695 5137 2958 5193 Creatura
2987 5153 3106 5209 quae
3124 5139 3225 5194 sub
3241 5139 3380 5195 cmlo
3401 5148 3502 5206 est,
3538 5140 3593 5194 id
3623 5149 3706 5195 est

2108 5242 2229 5297 quae
2258 5227 2438 5282 adhuc
2468 5227 2849 5297 peregrinatur
2889 5227 2944 5281 in
2975 5229 3198 5297 mundo,
3239 5237 3364 5300 post
3405 5229 3697 5298 modicum,

2107 5314 2300 5369 merito
2349 5314 2477 5370 ﬁdei
2523 5314 2896 5370 transferenda
2940 5332 3106 5387 super
3142 5317 3332 5373 cmlos.
3384 5318 3453 5372 Et
3496 5317 3552 5372 in
3599 5319 3704 5376 hoc

2107 5403 2278 5459 verbo
2310 5404 2443 5458 satis
2475 5404 2823 5460 commendat
2851 5403 3014 5459 ﬁdem
3043 5404 3176 5460 illis.

2179 5491 2340 5547 Modo
2389 5492 2543 5562 ponit
2584 5492 2958 5548 auctoritatem
3001 5509 3174 5561 suam,
3223 5510 3345 5565 quae
3391 5494 3703 5550 necessaria

2110 5587 2228 5635 erat
2250 5579 2353 5635 illis
2373 5581 2442 5641 ad
2459 5578 2930 5638 conﬁrmationem
2951 5580 3140 5640 dicens
3175 5595 3186 5635 :
3225 5583 3396 5654 Cujus
3419 5582 3702 5655 Evangelii
