3932 6412
273 340 366 394 381

934 331 1314 391 EXPOSITIO
1353 334 1428 390 IN
1463 333 1844 392 EPISTOLAS
1890 331 2118 390 PAULI.
2152 361 2222 376 —
2250 333 2326 390 IN
2369 331 2588 389 EPIST.
2637 334 2733 390 AD
2789 332 2945 390 COL.

3506 341 3611 397 382

282 477 377 531 ego
429 462 661 516 Paulus
709 459 884 529 (cujus
931 458 1238 514 auctoritati
1277 458 1548 514 contraire
1594 474 1706 514 non
1747 457 1894 527 licet)
1925 458 2129 519 Adum
2159 457 2321 529 plene
2352 466 2753 532 cognoscentes
2794 458 3114 530 mysterium
3163 459 3266 515 Dei
3317 460 3386 515 de
3437 461 3607 516 salute

285 552 476 620 factus
507 566 644 604 sum
675 563 709 603 a
739 549 872 613 Deo,
903 563 1013 603 non
1042 547 1230 619 utique
1261 547 1437 615 dator,
1465 547 1563 603 sed
1585 549 1892 615 minister;

284 640 378 712 qui
407 638 576 694 etiam
610 645 669 693 ut
700 635 1047 710 magniﬁcem
1078 636 1457 710 Evangelium,
1503 654 1659 693 nunc
1703 637 1895 710 patior

286 727 497 798 positus
527 727 582 780 in
613 725 862 792 vinculis,
887 732 940 781 et
968 726 1029 780 in
1045 727 1403 798 passionibus
1423 725 1528 779 illis
1561 725 1773 796 gaudeo
1793 741 1892 797 pro

288 816 435 872 vobis
464 814 822 870 instruendis.
875 814 932 870 Si
979 814 1124 870 enim
1171 813 1422 869 viderent
1467 813 1692 868 Paulum
1752 812 1893 869 refu-

287 904 529 976 gientem
561 918 664 974 pro
710 902 816 959 ﬁde
860 903 991 975 pati,
1041 902 1411 974 vituperarent
1457 901 1620 958 ﬁdem
1661 919 1727 957 ex
1773 901 1893 974 ipso

287 992 456 1048 Paulo
487 992 579 1064 qui
609 992 916 1048 ostenderet
943 991 999 1047 in
1031 1007 1091 1047 se
1119 1007 1228 1047 non
1267 1007 1390 1046 esse
1437 991 1756 1062 patiendum
1793 1007 1892 1062 pro

287 1098 369 1138 ea.
406 1080 652 1148 Gaudeo,
683 1081 925 1153 inquam,
961 1084 1021 1137 et
1068 1079 1314 1151 gaudens
1343 1081 1624 1152 adimpleo
1663 1096 1731 1135 ea
1758 1095 1893 1151 pas-

291 1170 508 1225 sionum
536 1169 736 1224 Christi
766 1186 889 1242 qua:
918 1169 1100 1225 adhuc
1127 1168 1353 1236 desunt,
1387 1176 1439 1224 et
1469 1169 1748 1240 implenda
1762 1167 1894 1223 mihi

283 1266 514 1314 restant.
551 1257 845 1314 Passiones
875 1272 1003 1313 suas
1035 1257 1164 1313 dicit
1221 1273 1344 1313 esse
1402 1257 1622 1323 Christi,
1685 1265 1736 1312 et
1769 1257 1893 1329 quia

282 1346 534 1401 Christus
566 1345 643 1402 sic
671 1362 794 1401 eum
839 1346 949 1418 pati
999 1345 1246 1415 instituit,
1290 1353 1342 1400 et
1385 1346 1510 1417 quia
1557 1346 1755 1417 patitur
1795 1361 1893 1416 pro

284 1435 509 1490 nomine
540 1434 762 1490 Christi.
794 1434 1110 1506 Adimplere
1139 1450 1198 1489 se
1228 1434 1378 1503 dicit,
1413 1434 1535 1507 quia
1563 1435 1632 1489 ad
1662 1442 1894 1489 mortem

281 1523 456 1591 vadit,
488 1522 545 1577 in
577 1539 683 1595 qua
713 1531 795 1578 est
825 1522 1222 1578 consummatio
1251 1522 1591 1593 passionum.
1627 1523 1724 1579 Vel
1767 1523 1842 1577 ita
1877 1537 1888 1576 :

276 1611 570 1682 Adimpleo
594 1627 660 1668 ea
685 1612 1016 1684 passionum
1050 1611 1282 1677 Christi,
1323 1627 1445 1682 quae
1476 1611 1652 1668 adhuc
1673 1611 1889 1666 desunt.

280 1699 536 1755 Christus
565 1699 765 1754 multas
795 1699 1084 1772 passiones
1131 1698 1338 1768 habuit,
1390 1699 1645 1771 patiendo
1691 1715 1894 1771 oppro-

1996 547 2278 619 gentium;
2313 547 2510 618 quibus
2542 549 2692 603 Deus
2724 547 2893 603 voluit
2924 553 3092 604 notas
3136 551 3327 620 facere
3375 548 3607 606 divitias

1994 636 2208 707 gloriae.
2234 636 2472 692 Divitias
2503 635 2650 701 ideo,
2686 636 2812 708 quia
2841 635 3053 692 inﬁnita
3097 644 3221 692 sunt
3268 637 3414 692 dona
3463 637 3604 706 Dei;

1998 724 2218 789 Gloriae,
2253 723 2379 796 quia
2409 724 2586 797 gloria
2603 733 2686 780 est
2707 725 2762 779 in
2783 726 3035 780 omnibus
3058 725 3190 781 illis.
3217 726 3459 782 Divitias
3479 727 3604 783 dico

1993 813 2343 869 sacramenti
2372 812 2560 885 hujus,
2595 814 2750 882 cujus
2772 814 3022 870 minister
3044 814 3214 871 factus
3236 831 3378 869 sum.
3404 816 3606 871 Sacra-

1993 903 2177 957 menti
2197 901 2318 956 dico
2348 903 2410 957 in
2456 902 2755 972 gentibus;
2805 902 2954 957 salus
3008 903 3152 958 enim
3202 903 3448 975 gentium
3492 903 3605 960 fere

1995 990 2246 1045 omnibus
2275 987 2485 1046 occulta
2516 997 2654 1054 erat,
2688 990 2787 1045 sed
2816 991 2884 1045 de
2917 990 3092 1045 salute
3139 991 3452 1046 Iudaeorum
3497 1007 3607 1047 non

1995 1078 2194 1134 dicitur
2222 1079 2560 1150 mysterium,
2615 1078 2743 1150 quia
2789 1078 2898 1133 illis
2944 1087 3131 1150 aperte
3181 1079 3426 1135 Christus
3471 1097 3600 1152 pro-

1999 1167 2200 1222 missus
2231 1167 2434 1223 eratin
2479 1167 2623 1238 lege,
2689 1183 2813 1223 cum
2870 1167 2926 1222 in
2983 1167 3239 1240 gentibus
3290 1184 3400 1224 non
3458 1178 3606 1226 esset

1995 1256 2164 1324 Deus,
2199 1255 2342 1329 quod
2373 1264 2776 1312 sacramentum
2809 1261 2892 1312 est
2923 1255 3202 1327 Christus,
3254 1258 3342 1330 qui
3372 1257 3426 1312 in
3475 1258 3602 1331 lege

1995 1343 2098 1398 sub
2128 1343 2388 1416 mysterio
2420 1343 2520 1399 fuit
2548 1345 2874 1416 promissus.
2909 1346 3166 1402 Christus
3197 1345 3318 1400 dico
3339 1362 3465 1420 spes
3479 1347 3603 1420 glo-

1996 1435 2099 1488 τίω
2127 1433 2191 1488 in
2213 1433 2376 1499 vobis,
2404 1432 2459 1487 id
2489 1441 2573 1488 est
2603 1433 2656 1487 in
2688 1449 2798 1506 quo
2816 1433 2974 1489 vobis
2995 1449 3218 1504 sperare
3239 1434 3363 1490 licet
3383 1451 3603 1490 omnem

1995 1520 2231 1594 gloriam
2261 1521 2316 1576 in
2368 1521 2749 1577 remissionem
2807 1530 3180 1593 peccatorum,
3242 1530 3294 1579 et
3343 1523 3602 1593 justitiam

1995 1610 2138 1677 vitae,
2172 1617 2224 1664 et
2255 1609 2492 1665 futuram
2523 1610 2776 1682 gloriam.
2817 1611 2989 1679 Quem
3011 1611 3176 1666 talem
3208 1611 3414 1668 scilicet
3447 1629 3600 1683 spem

1995 1698 2158 1753 totius
2176 1698 2370 1770 gloriae
2391 1698 2633 1770 (futurae)
2656 1716 2758 1754 nos
2777 1701 3220 1767 annuntiamus,
3236 1701 3384 1756 omni
3403 1698 3604 1758 ﬁducia

280 1788 430 1858 bria,
465 1788 798 1854 vexationes,
833 1796 886 1844 et
915 1788 1152 1862 ﬂagella,
1199 1788 1270 1843 ad
1319 1787 1587 1855 ultimum,
1638 1797 1888 1846 mortem.
1921 1815 1976 1876 B
1995 1787 2374 1859 corripientes
2395 1803 2620 1843 omnem
2650 1788 2933 1843 hominem
2947 1792 3004 1844 et
3023 1789 3284 1845 docentes
3302 1789 3601 1860 corripien-

277 1877 369 1932 Sic
426 1877 624 1932 Paulus
673 1877 988 1948 opprobria,
1043 1876 1298 1946 verbera,
1345 1876 1540 1932 multas
1578 1875 1896 1933 aﬁlictiones

276 1981 485 2037 passus
518 1974 652 2032 erat,
689 1974 742 2020 et
770 1966 838 2020 ad
867 1973 1099 2021 mortem
1130 1965 1437 2032 festinabat,
1470 1973 1529 2021 ut
1560 1966 1699 2022 sicut
1736 1967 1896 2022 Chri-

281 2062 400 2109 stus
428 2070 536 2126 pro
566 2070 651 2116 eo.
688 2054 768 2111 sic
797 2055 914 2126 ipse
944 2063 1249 2110 moreretur
1277 2069 1378 2126 pro
1409 2054 1644 2111 Christo.
1700 2055 1894 2112 Adim-

277 2143 407 2215 pleo
438 2143 731 2215 passiones
779 2143 980 2200 Christi
1015 2161 1028 2200 :
1061 2160 1170 2200 non
1220 2143 1274 2198 in
1325 2143 1526 2200 damno
1571 2144 1667 2211 rei,
1710 2145 1892 2201 nonin

277 2231 592 2304 opprobriis
622 2232 823 2300 solum,
855 2233 954 2288 sed
998 2235 1062 2289 in
1104 2249 1276 2290 carne
1318 2249 1464 2288 mea.
1516 2233 1701 2304 Ipsam
1747 2234 1894 2290 enim

273 2337 508 2379 carnem
540 2321 774 2378 exhibeo
807 2323 876 2377 ad
907 2337 1146 2394 poenam,
1180 2328 1233 2376 et
1252 2322 1358 2377 hoc
1375 2340 1480 2394 pro
1500 2339 1728 2396 corpore
1746 2326 1889 2396 ejus,

275 2410 494 2466 scilicet
526 2410 728 2466 Christi
756 2410 1187 2482 multiplicando.
1220 2411 1345 2465 Non
1373 2425 1603 2482 corpore
1635 2414 1781 2485 quod
1805 2429 1894 2468 re-

273 2506 501 2570 ceptum
530 2506 613 2554 est
641 2515 810 2570 super
835 2499 1021 2564 caelos,
1055 2499 1155 2555 sed
1183 2514 1282 2570 pro
1332 2514 1566 2570 corpore
1617 2503 1759 2574 quod
1807 2506 1892 2558 est

273 2584 554 2640 Ecclesia.
589 2583 859 2639 Potuisset
889 2583 1092 2639 dixisse
1124 2583 1444 2654 simpliciter
1475 2601 1576 2656 pro
1599 2586 1848 2642 Ecclesia
1874 2605 1888 2654 ;

275 2672 374 2728 sed
405 2672 506 2726 ubi
528 2671 633 2727 ait:
657 2674 768 2728 Pro
789 2687 1021 2746 corpore
1053 2675 1175 2745 ejus
1193 2675 1336 2748 quod
1359 2678 1442 2732 est
1475 2676 1744 2741 Ecclesia,
1777 2675 1894 2748 plu-

273 2761 485 2816 rimum
544 2761 944 2817 commendavit
1001 2761 1184 2832 ﬁdem,
1248 2782 1371 2836 quae
1427 2764 1557 2821 facit
1611 2764 1889 2820 hominem

269 2850 585 2905 membrum
637 2850 799 2919 hujus
855 2851 1118 2922 corporis,
1184 2853 1338 2922 cujus
1400 2860 1564 2926 caput
1618 2860 1702 2908 est
1730 2852 1890 2908 Chri-

272 2947 411 2993 stus.
458 2940 632 3011 Cujus
677 2938 872 2994 iterum
901 2940 1164 2996 Ecclesiae
1193 2957 1287 3014 ego
1315 2945 1505 3014 [actus
1537 2959 1664 2998 sum
1709 2943 1888 2998 mini-

275 3031 393 3083 ster
415 3027 738 3084 secundum
759 3028 1264 3100 dispensationem,
1285 3032 1413 3103 quia
1431 3031 1546 3088 scio
1567 3030 1890 3102 dispensare

278 3115 580 3188 unicuique
607 3131 707 3188 pro
736 3117 900 3172 modo
931 3133 1029 3173 suo
1053 3137 1068 3185 ;
1102 3119 1226 3176 huic
1247 3120 1524 3190 majorem,
1546 3119 1621 3175 illi
1645 3119 1883 3177 2'77

277 3205 558 3261 minorem
615 3205 868 3278 gratiam.
928 3207 1403 3278 Dispensationem
1458 3210 1582 3266 dico
1651 3210 1770 3278 Dei,
1830 3209 1885 3264 id

280 3302 363 3349 est
393 3293 543 3366 quia
571 3294 657 3348 vel
686 3295 859 3349 Deum
907 3295 1085 3366 ipsum
1129 3297 1410 3369 dispenso,
1448 3298 1535 3354 vel
1560 3298 1689 3370 quia
1739 3299 1888 3355 Deus

270 3399 362 3438 me
393 3382 841 3454 dispensatorem
870 3384 1117 3450 instituit,
1168 3387 1468 3443 secundum
1515 3387 1887 3458 dispensatio-

271 3488 400 3527 nem
431 3488 562 3546 quce
587 3471 724 3528 data
745 3476 830 3528 est
854 3474 997 3530 mihi
1029 3475 1090 3529 in
1123 3492 1232 3531 vos.
1286 3476 1512 3532 Videtur
1541 3478 1643 3532 hoc
1688 3493 1887 3548 super-

274 3560 468 3628 ﬂuere,
518 3577 643 3633 qua:
696 3562 832 3616 data
878 3566 963 3618 est
1011 3564 1152 3620 mihi
1192 3566 1255 3620 in
1314 3582 1424 3630 vos,
1485 3565 1614 3638 quia
1657 3565 1885 3635 dixerat,

272 3650 598 3706 secundum
624 3649 1148 3723 dispensationem;
1180 3653 1276 3708 sed
1316 3654 1642 3726 quibusdam
1695 3654 1888 3710 tradita

274 3747 357 3794 est
387 3739 750 3810 dispensatio,
787 3739 878 3812 qui
910 3747 1089 3797 tamen
1133 3744 1399 3814 praeventi
1444 3744 1725 3816 martyrio,
1777 3759 1889 3799 non

269 3827 594 3884 habuerunt
621 3835 839 3900 tempus
869 3829 1261 3901 dispensandi;
1295 3833 1394 3886 sed
1423 3832 1624 3888 Paulus
1656 3839 1708 3889 et
1766 3832 1887 3889 otii-

269 3916 417 3972 cium
448 3917 880 3988 dispensationis
927 3919 1157 3992 accepit,
1187 3927 1241 3976 et
1293 3921 1420 3976 data
1451 3929 1534 3977 est
1562 3921 1612 3977 ei
1657 3920 1887 3978 facultas

275 4004 662 4077 dispensandi.

335 4093 490 4150 Licet
521 4093 594 4148 ad
626 4093 750 4149 illos
779 4110 890 4150 non
918 4093 1096 4162 fuerit,
1147 4097 1278 4154 dicit
1323 4105 1505 4154 tamen
1553 4098 1658 4154 sibi
1705 4099 1886 4156 datam

267 4199 391 4239 esse
423 4183 896 4254 dispensationem
926 4185 981 4239 in
1011 4201 1126 4252 eos,
1159 4187 1284 4259 quia
1315 4187 1385 4243 de
1415 4189 1725 4260 apostolatu
1769 4190 1886 4259 ejus

273 4280 419 4341 sunt,
455 4280 511 4327 et
541 4288 645 4343 per
687 4271 988 4343 discipulos
1029 4275 1146 4344 ejus
1189 4276 1385 4332 edocti.
1441 4278 1582 4332 Data
1627 4285 1711 4334 est
1754 4279 1887 4334 mihi

269 4359 414 4431 ideo,
447 4365 516 4417 ut
546 4361 818 4433 impleam
855 4363 1082 4418 verbum
1111 4365 1232 4431 Dei,
1267 4366 1413 4437 quod
1463 4373 1516 4421 et
1554 4366 1769 4423 locutus
1814 4367 1885 4422 ab

267 4457 499 4515 aeterno,
535 4457 593 4504 et
621 4448 678 4504 in
711 4456 956 4521 tempore
987 4452 1313 4508 vaticinatus
1341 4462 1424 4509 est
1454 4471 1555 4527 per
1584 4457 1883 4528 prophetas

1997 1883 2080 1930 tes
2102 1883 2380 1931 errantem
2404 1891 2437 1931 a
2457 1875 2705 1945 veritate,
2729 1875 2815 1932 vel
2837 1873 2964 1932 ﬁdei
2986 1877 3469 1933 contradicentem.
3499 1879 3606 1934 Do-

1995 1972 2183 2020 centes
2205 1973 2259 2020 et
2279 1980 2403 2020 eum
2422 1964 2514 2036 qui
2534 1965 2672 2020 nihil
2691 1964 2812 2032 scit,
2836 1965 2923 2020 vel
2947 1965 3124 2021 adhuc
3157 1965 3473 2038 simpliciter
3506 1982 3600 2021 sa-

1994 2053 2090 2125 pit,
2116 2053 2476 2125 corripientes
2495 2061 2544 2108 et
2565 2053 2828 2109 docentes
2849 2055 2912 2109 in
2932 2055 3092 2110 omni
3110 2055 3416 2127 sapientia,
3451 2055 3502 2110 id
3521 2062 3603 2111 est

1995 2150 2100 2197 tam
2133 2142 2202 2197 de
2248 2142 2528 2214 corporeis
2557 2143 2722 2198 rebus
2773 2159 2935 2214 quam
2970 2143 3038 2198 de
3071 2143 3425 2214 spiritalibus,
3451 2144 3595 2210 ideo,

1994 2236 2063 2287 ut
2091 2231 2462 2288 exhibeamus
2499 2248 2610 2288 non
2658 2232 2908 2288 Judaeum
2956 2239 3182 2302 tantum,
3232 2233 3330 2288 sed
3376 2250 3602 2290 omnem

1998 2321 2306 2388 hominem,
2336 2337 2440 2377 nec
2470 2319 2732 2394 gentilem
2761 2320 2963 2390 minus,
2996 2321 3246 2378 Judaeum
3268 2321 3600 2393 perfectius;

1993 2409 2092 2465 sed
2131 2425 2350 2466 omnem
2401 2409 2679 2466 hominem
2713 2425 2870 2482 aeque
2910 2414 3235 2484 perfectum
3271 2411 3335 2466 in
3379 2412 3599 2467 Christo

1991 2500 2142 2564 Iesu,
2172 2498 2265 2570 qui
2287 2497 2436 2554 solus
2457 2499 2526 2552 ad
2545 2497 2940 2570 perfectionem
2963 2497 3179 2554 sufficit.
3204 2499 3270 2555 In
3294 2515 3418 2572 quo,
3442 2499 3497 2554 id
3519 2508 3602 2555 est

1990 2586 2043 2640 in
2071 2602 2180 2658 qua
2203 2602 2281 2656 re,
2307 2594 2364 2641 ut
2385 2602 2604 2642 omnem
2636 2587 2914 2644 hominem
2948 2587 3248 2659 perfectum
3287 2587 3594 2656 exhibeam,

1990 2691 2099 2731 non
2131 2675 2308 2730 solum
2339 2675 2570 2746 corripio
2591 2682 2645 2731 et
2666 2676 2860 2743 doceo,
2884 2676 2983 2732 sed
3032 2677 3206 2732 etiam
3252 2677 3438 2732 laboro
3474 2693 3596 2733 cer-

1994 2765 2186 2820 tando.
2220 2763 2457 2818 Laborat
2483 2763 2801 2834 jejunando,
2835 2763 3133 2837 vigilando,
3168 2772 3222 2819 et
3258 2781 3356 2836 per
3402 2764 3596 2835 hujus-

1989 2852 2139 2908 modi
2172 2859 2347 2909 certat
2376 2860 2561 2908 contra
2591 2861 2968 2924 persecutores
3017 2853 3357 2921 sustinendo,
3410 2862 3599 2910 contra

1988 2941 2200 3013 pseudo
2231 2939 2393 2996 ﬁdem
2424 2939 2816 2997 conﬁrmando.
2863 2942 3075 2997 Laboro
3117 2951 3171 2998 et
3217 2950 3367 2998 certo
3424 2957 3598 3015 agens

1991 3030 2304 3087 secundum
2327 3031 2710 3102 operationem
2731 3032 2854 3102 ejus
2869 3047 3038 3104 quam
3061 3036 3331 3102 operatur
3342 3033 3406 3086 in
3423 3047 3514 3086 me
3533 3033 3598 3086 in

1997 3120 2212 3174 virtute
2261 3118 2672 3185 miraculorum,
2719 3119 2775 3175 id
2822 3127 2924 3186 est,
2968 3119 3048 3176 sic
3084 3121 3232 3174 Deus
3271 3127 3599 3191 c00peratur

1985 3207 2119 3263 mihi
2146 3208 2202 3263 in
2246 3207 2436 3264 labore
2485 3217 2539 3263 et
2595 3208 2917 3276 certamine,
2977 3207 3116 3265 sicut
3171 3209 3226 3262 in
3283 3208 3600 3280 operatione

1986 3296 2396 3365 miraculorum,
2430 3297 2484 3353 in
2526 3313 2635 3370 quo
2680 3299 2847 3354 etiam
2895 3295 3143 3354 inﬁdeles
3190 3297 3446 3356 virtutem
3495 3297 3597 3354 Dei

1989 3383 2318 3443 conﬁtentur
2345 3385 2402 3441 in
2448 3402 2536 3443 me
2593 3403 2738 3444 esse.

2612 3589 2840 3646 CAPUT
2878 3589 2927 3644 II
2939 3631 2953 3644 .

2069 3771 2092 3795 ο
2122 3747 2260 3805 Volo
2318 3747 2465 3804 enirn
2520 3763 2620 3804 vos
2674 3748 2818 3806 scire
2875 3748 3093 3821 qualem
3166 3748 3596 3806 sollicitudinem

1993 3858 2014 3889 ι
2059 3837 2295 3894 habeam
2327 3853 2426 3908 pro
2455 3837 2631 3906 vobis,
2667 3846 2719 3894 et
2745 3853 2847 3910 pro
2878 3838 2962 3892 his
2994 3838 3084 3911 qui
3133 3847 3255 3894 sunt
3303 3838 3592 3906 Laodicia},

1993 3948 2015 3975 ι
2059 3934 2113 3982 et
2141 3926 2451 3999 quicunque
2479 3942 2590 3982 non
2618 3926 2872 3983 viderunt
2903 3926 3100 3984 faciem
3131 3943 3310 3982 meam
3330 3927 3385 3982 in
3405 3942 3591 3996 carne,

1991 4038 2012 4063 α
2058 4023 2115 4070 ιιι
2144 4015 2498 4071 consolentur
2544 4015 2713 4071 corda
2759 4016 3022 4088 ipsorum,
3065 4016 3313 4072 instructi
3357 4017 3410 4070 in
3457 4017 3596 4074 cha-

1992 4125 2014 4155 ι
2058 4104 2234 4170 ritate,
2286 4111 2340 4159 et
2388 4120 2580 4160 omnes
2627 4105 2843 4161 divitias
2888 4105 3242 4176 plenitudinis
3289 4105 3597 4163 intellectus

1992 4214 2015 4244 ι
2058 4193 2114 4248 in
2144 4192 2422 4264 agnitione
2451 4193 2700 4264 mysterii
2729 4194 2829 4249 Dei
2881 4194 3053 4249 Patris
3100 4202 3154 4250 et
3202 4194 3402 4250 Christi
3443 4196 3591 4260 lesu,

1991 4303 2013 4333 «
2057 4282 2113 4336 in
2142 4297 2251 4354 quo
2281 4289 2404 4336 sunt
2436 4297 2628 4337 omnes
2658 4282 2898 4338 thesauri
2927 4283 3206 4354 sapientiae
3253 4291 3305 4338 et
3352 4283 3596 4340 scientias

1993 4391 2014 4420 ι
2059 4369 2384 4426 absconditi.
2417 4371 2531 4426 Hoc
2559 4377 2737 4426 autem
2767 4371 2910 4439 dico,
2946 4379 3002 4425 ut
3033 4386 3194 4426 nemo
3224 4386 3322 4426 vos
3352 4371 3590 4442 decipiat

1992 4478 2014 4509 ι
2057 4457 2113 4512 in
2172 4457 2506 4513 sublimitate
2558 4473 2892 4514 sermonum.
2954 4459 3096 4513 Nam
3155 4466 3208 4513 et
3264 4459 3310 4512 si
3364 4473 3594 4529 corpore

271 4553 422 4593 suos.
473 4539 692 4610 Magnae
750 4540 1085 4595 auctoritatis
1141 4543 1282 4613 apud
1339 4545 1514 4599 Deum
1570 4545 1767 4600 Paulus
1823 4561 1882 4601 se
1913 4541 2014 4601 Du
2058 4547 2260 4602 absens
2291 4562 2412 4601 sum
2442 4547 2492 4618 (I
2511 4546 2632 4603 Cor.
2686 4563 2742 4614 v,
2789 4548 2863 4617 3),
2918 4547 3015 4601 sed
3066 4547 3258 4618 spiritu
3309 4547 3594 4604 vobiscum

269 4627 488 4693 asserit,
522 4643 652 4683 cum
702 4627 848 4683 dicat
878 4645 976 4700 per
1021 4647 1081 4685 se
1125 4631 1389 4703 compleri
1435 4633 1582 4705 quod
1631 4641 1707 4689 tot
1758 4641 1884 4690 ante

271 4724 527 4787 tempora
557 4715 883 4787 praedictum
928 4717 1045 4785 fuit,
1081 4728 1135 4773 et
1177 4720 1353 4777 donec
1393 4721 1462 4776 ad
1513 4722 1692 4794 ipsum
1733 4723 1888 4779 inex-

267 4803 475 4876 pletum
508 4805 797 4873 remansit,
832 4805 1039 4863 scilicet
1068 4807 1424 4865 salvationem
1453 4811 1717 4883 gentium.
1752 4814 1886 4869 Ver-

266 4893 405 4947 bum-
425 4893 531 4949 Dei
561 4893 706 4959 dico,
741 4893 793 4948 id
825 4903 906 4950 est
935 4899 1271 4969 mysterium
1308 4900 1452 4972 quod
1491 4901 1885 4958 absconditum

265 4984 382 5053 fuit
409 5000 444 5038 a
477 4982 756 5054 prioribus
784 4986 1026 5053 saeculis,
1059 4990 1115 5042 et
1145 4985 1219 5041 ita
1249 5003 1278 5040 a
1311 4988 1527 5044 saeculis
1549 4989 1696 5062 quod
1720 4991 1885 5046 etiam

265 5086 294 5124 a
343 5072 838 5142 generationibus,
881 5072 935 5126 id
985 5082 1066 5130 est
1122 5076 1269 5148 quod
1301 5077 1610 5151 quicunque
1640 5078 1692 5133 in
1716 5080 1885 5151 priori

269 5160 522 5232 genitura
553 5168 690 5227 erat,
723 5160 829 5215 hoc
867 5171 1136 5219 secretum
1178 5164 1474 5235 ignoraret.
1527 5167 1678 5224 Licet
1725 5170 1884 5240 pauci

265 5256 391 5304 tunc
423 5248 843 5321 cognovissent,
869 5258 920 5304 et
952 5250 1005 5305 hi
1032 5251 1315 5321 justiﬁcati
1346 5271 1445 5326 per
1474 5253 1639 5310 ﬁdem
1671 5258 1884 5312 venturi

266 5344 322 5390 ut
354 5337 659 5392 Abraham.
701 5336 847 5391 Olim
891 5337 987 5394 fuit
1035 5341 1440 5410 absconditum,
1488 5345 1585 5399 sed
1632 5363 1788 5401 nunc
1829 5347 1886 5401 in

265 5425 456 5480 diebus
469 5425 690 5497 gratim,
706 5428 1144 5498 manifestatum
1164 5435 1248 5486 est
1271 5433 1490 5488 sanctis
1520 5434 1661 5503 ejus,
1679 5434 1887 5491 scilicet

265 5513 485 5580 Christi,
521 5529 629 5570 nec
659 5515 932 5583 omnibus,
965 5517 1062 5572 sed
1109 5517 1216 5573 illis
1261 5522 1458 5592 quibus
1488 5524 1634 5579 Deus
1684 5524 1881 5579 voluit.

266 5603 332 5658 Ut
360 5603 436 5657 ibi
485 5602 761 5674 apparuit,
823 5605 1042 5676 quando
1099 5607 1351 5679 discipuli
1409 5612 1886 5682 reprehenderunt

269 5689 503 5760 Petrum,
539 5690 666 5765 quia
696 5692 996 5765 recepisset
1044 5695 1303 5778 gentilem
1347 5698 1679 5768 Cornelium,
1741 5717 1883 5758 non-

1991 4659 2010 4684 α
2059 4651 2198 4706 sum,
2232 4635 2480 4710 gaudens
2509 4643 2563 4691 et
2591 4635 2784 4692 videns
2815 4635 3063 4691 ordinem
3101 4644 3361 4705 vestrum,
3395 4644 3449 4691 et
3492 4635 3592 4690 ﬁr-

1991 4747 2014 4777 ¢
2051 4732 2389 4781 mamentum
2419 4725 2537 4794 ejus
2567 4741 2689 4797 quae
2716 4724 2773 4779 in
2803 4724 3019 4780 Christo
3067 4732 3150 4780 est
3195 4723 3321 4780 ﬁdei
3371 4733 3588 4782 vestrae.

1989 4837 2011 4862 α
2057 4815 2206 4870 Sicut
2234 4831 2368 4888 ergo
2398 4813 2690 4886 accepistis
2750 4815 2935 4869 Jesum
2985 4814 3255 4870 Christum
3300 4814 3593 4869 Dominum

1989 4925 2012 4954 ι
2056 4911 2320 4974 nostrum,
2355 4903 2411 4958 in
2441 4903 2562 4976 ipso
2594 4903 2891 4972 ambulate,
2924 4903 3150 4959 radicati
3181 4911 3235 4958 et
3284 4901 3594 4974 supraediﬁ-

1991 5013 2012 5043 ι
2057 4992 2165 5049 cati
2187 4993 2240 5046 in
2266 4991 2392 5060 ﬁde,
2417 4993 2554 5048 sicut
2573 4999 2625 5048 et
2646 4992 2930 5062 didicistis,
2960 4993 3298 5048 abundantes
3347 4992 3590 5049 278

1991 5104 2012 5128 α
2055 5081 2111 5135 in
2142 5081 2236 5136 illo
2266 5081 2322 5136 in
2351 5081 2652 5154 gratiarum
2683 5083 2916 5138 actione.
2969 5081 3159 5137 Videte
3205 5099 3274 5137 ne
3325 5081 3446 5154 quis
3493 5097 3592 5137 vos

1991 5191 2013 5219 ιι
2057 5169 2293 5241 decipiat
2322 5186 2423 5242 per
2469 5171 2870 5243 philosophiam
2917 5178 2970 5226 et
3026 5171 3244 5227 inanem
3301 5169 3588 5234 fallaciam,

1991 5280 2013 5310 ι
2059 5259 2358 5314 secundum
2389 5259 2737 5314 traditionem
2767 5259 3068 5323 hominum,
3125 5260 3425 5316 secundum
3473 5259 3591 5314 ele-

1990 5369 2012 5399 ι
2057 5355 2241 5403 menta
2269 5347 2477 5414 mundi,
2522 5356 2576 5403 et
2619 5363 2729 5404 non
2776 5348 3078 5404 secundum
3129 5348 3416 5415 Christum,
3463 5347 3594 5420 quia

1991 5458 2014 5488 ι
2057 5436 2112 5490 in
2143 5437 2264 5508 ipso
2294 5437 2556 5492 inhabitat
2584 5437 2763 5492 omnis
2791 5437 3072 5508 plenitudo
3116 5437 3411 5492 divinitatis
3459 5452 3590 5492 cor-

1989 5548 2011 5573 a
2056 5525 2337 5598 poraliter,
2369 5534 2423 5581 et
2465 5525 2598 5582 estis
2641 5526 2696 5581 in
2741 5526 2835 5581 illo
2882 5526 3094 5597 repleti,
3143 5525 3236 5598 qui
3289 5534 3372 5580 est
3427 5533 3590 5596 caput

1992 5637 2014 5664 α
2059 5614 2237 5670 omnis
2265 5614 2608 5686 principatus
2636 5622 2691 5670 et
2719 5615 3022 5686 potestatis.
3062 5616 3120 5668 In
3154 5629 3262 5685 quo
3279 5621 3333 5668 et
3361 5613 3591 5669 circum-

1990 5725 2012 5754 ι
2057 5703 2155 5760 cisi
2183 5703 2334 5772 estis,
2384 5702 2798 5761 circumcisione
2845 5718 2956 5759 non
3013 5700 3326 5759 manufacta
3385 5700 3439 5754 in
3493 5715 3588 5758 ex-
