3932 6412
330 379 432 434 383

835 383 892 438 S.
924 383 1281 440 BRUNONIS
1337 382 1983 442 CARTHUSIANORUM
2037 384 2522 443 INSTITUTORIS
2579 387 2732 444 OPP.
2792 390 2966 445 PARS
3019 391 3092 445 Il.

3518 395 3623 448 384

333 523 356 552 ι
401 503 724 573 spoliatione
754 505 995 576 c0rporis
1024 507 1224 574 carnis,
1270 508 1368 562 sed
1411 509 1467 563 in
1510 508 1999 568 circumcisioneA
2025 507 2356 564 altitudinem
2413 510 2740 582 cognitionis
2807 512 3024 580 divinae,
3102 512 3340 583 primum
3409 522 3624 584 oportet

337 611 359 641 ι
402 591 530 646 Jesu
560 593 776 657 Christi,
808 595 1110 664 consepulti
1140 596 1189 650 ei
1218 597 1272 650 in
1301 597 1591 667 baptismo,
1632 598 1688 652 in
1719 613 1825 668 quo
1873 605 1926 652 et

337 702 359 726 ιι
400 682 776 735 resurrexistis
807 699 904 752 per
930 682 1092 738 fidem
1122 685 1457 754 operationis
1487 685 1606 752 Dei,
1640 686 1731 757 qui
1762 686 1928 740 susci-

335 787 357 816 ι
402 768 530 822 tavit
559 769 709 823 illum
734 785 768 824 a
793 772 1041 826 mortuis.
1080 774 1147 827 Et
1192 789 1286 827 vos
1318 789 1439 828 cum
1487 774 1685 828 mortui
1732 774 1926 830 essetis

336 875 358 905 ι
403 855 458 909 in
487 855 696 911 delictis
730 867 782 913 et
828 859 1095 930 praeputio
1143 861 1322 916 carnis
1367 869 1579 923 vestrm.
1627 862 1924 918 convilica-

345 965 366 990 ι
409 944 486 998 vit
515 959 636 999 cum
665 945 778 1012 illo,
811 947 1024 1002 donans
1055 949 1210 1003 vobis
1243 949 1422 1004 omnia
1467 951 1689 1017 delicta,
1736 951 1925 1006 delens

335 1051 358 1080 ε
403 1032 547 1103 quod
579 1033 845 1089 adversus
891 1051 993 1090 nos
1047 1045 1160 1090 erat
1216 1037 1644 1110 chirographum
1699 1038 1921 1103 decreti,

334 1139 356 1168 ι
401 1120 549 1191 quod
596 1130 709 1176 erat
752 1123 1083 1178 contrarium
1133 1125 1310 1184 nobis.
1359 1135 1410 1181 et
1450 1127 1630 1196 ipsum
1678 1127 1793 1180 tulit
1856 1127 1924 1181 de

333 1226 356 1258 ε
400 1209 600 1276 medio,
635 1209 865 1282 aﬂigens
894 1211 1026 1266 illud
1057 1213 1222 1277 cruci,
1264 1222 1315 1268 et
1363 1214 1669 1284 exspolians
1725 1214 1926 1284 princi-

335 1319 358 1343 -
401 1305 563 1369 patus
592 1307 645 1353 et
689 1309 1004 1369 potestates,
1053 1301 1290 1355 traduxit
1339 1301 1675 1358 confidenter
1719 1303 1921 1373 palam,

333 1405 356 1434 ι
400 1385 739 1458 triumphans
768 1388 890 1443 illos
919 1389 974 1442 in
1005 1389 1205 1460 seipso.
1239 1391 1410 1444 Nemo
1441 1406 1573 1462 ergo
1593 1406 1691 1445 vos
1719 1391 1925 1459 judicet

341 1494 364 1524 ι
408 1474 463 1528 in
490 1474 632 1541 cibo,
664 1484 757 1530 aut
788 1475 842 1530 in
871 1485 1020 1546 potu,
1054 1485 1143 1532 aut
1171 1478 1226 1531 in
1271 1485 1423 1549 parte
1466 1479 1573 1533 diei
1631 1478 1774 1540 festi,
1835 1488 1925 1533 aut

333 1583 354 1612 ι
389 1563 708 1629 neomeniae,
769 1573 860 1619 aut
915 1565 1295 1631 Sabbatorum,
1358 1583 1479 1637 quae
1534 1574 1658 1621 sunt
1729 1567 1924 1622 umbra

329 1669 353 1700 α
397 1649 740 1718 futurorum;
799 1668 998 1722 corpus
1056 1663 1237 1708 autem
1293 1654 1512 1708 Christi.
1571 1655 1747 1709 Nemo
1826 1669 1924 1709 vos

332 1757 353 1779 α
399 1733 622 1789 seducat
651 1735 843 1791 volens
873 1737 928 1790 in
958 1737 1255 1792 humilitate
1289 1746 1341 1791 et
1371 1737 1638 1809 religione
1692 1738 1922 1810 angelo-

333 1842 356 1872 ι
399 1837 536 1889 rum,
584 1839 706 1893 quae
761 1839 872 1879 non
918 1825 1051 1879 vidit
1105 1825 1388 1880 ambulans
1443 1825 1648 1880 frustra
1705 1826 1922 1881 inflatus

337 1929 360 1958 ι
405 1924 566 1964 sensu
599 1912 782 1966 carnis
813 1928 944 1978 suae,
976 1920 1029 1967 et
1074 1929 1181 1968 non
1229 1922 1420 1969 tenens
1465 1923 1646 1984 caput,
1704 1930 1769 1969 ex
1819 1930 1927 1986 quo

339 2017 361 2048 ι
406 2005 576 2052 totum
606 2013 807 2070 corpus
838 2016 938 2070 per
968 2017 1138 2055 nexus
1169 2009 1221 2056 et
1266 2002 1673 2070 conjunctiones
1719 2003 1930 2057 submi-

339 2107 362 2136 α
406 2086 692 2142 nistratum
723 2097 774 2143 et
804 2097 1193 2158 constructum,
1239 2091 1436 2145 crescit
1481 2091 1537 2144 in
1579 2099 1931 2164 augmentum

337 2195 360 2224 ι
405 2174 525 2230 Dei.
559 2175 615 2229 Si
645 2191 780 2247 ergo
812 2177 1009 2232 mortui
1037 2177 1167 2232 estis
1187 2194 1311 2232 cum
1333 2179 1545 2233 Christo
1563 2179 1630 2233 ab
1652 2179 1932 2234 elementis

341 2283 363 2312 ι
406 2262 564 2330 hujus
585 2263 790 2330 mundi,
825 2264 955 2335 quid
983 2265 1158 2320 adhuc
1189 2274 1444 2337 tanquam
1465 2267 1707 2321 viventes
1728 2267 1931 2322 mundo

335 2372 358 2396 α
403 2349 710 2405 discernitis
739 2353 767 2406 τ
815 2352 897 2407 Ne
957 2353 1259 2425 tetigeritis,
1321 2371 1498 2426 neque
1554 2355 1926 2426 gustaveritis,

339 2461 360 2486 α
406 2454 584 2510 neque
657 2441 1169 2507 contraetaveritis;
1230 2458 1349 2513 quin
1427 2451 1549 2496 sunt
1621 2444 1804 2498 omnia
1876 2443 1933 2498 in

337 2548 358 2578 ι
404 2525 645 2593 interitu,
680 2527 799 2598 ipso
831 2519 952 2597 usu,
989 2529 1288 2584 secundum
1314 2539 1586 2601 prmeepta
1615 2539 1666 2586 et
1722 2531 1932 2587 doctri-

337 2635 358 2668 ι
403 2631 504 2670 nas
525 2615 823 2682 dominum,
856 2633 978 2688 quae
1007 2625 1130 2671 sunt
1161 2619 1425 2674 rationem
1456 2620 1674 2691 quidem
1724 2621 1932 2674 haben-

335 2725 358 2754 ι
401 2703 476 2759 tia
505 2705 804 2774 sapientiae,
863 2705 918 2758 in
976 2707 1356 2776 superstitione
1387 2716 1440 2762 et
1494 2708 1816 2774 humilitate,
1879 2717 1933 2763 et

336 2813 358 2842 ι
405 2807 514 2847 non
545 2792 615 2846 ad
643 2793 978 2862 pascendum
1008 2795 1247 2865 corpori,
1282 2811 1390 2850 non
1421 2796 1476 2850 in
1506 2797 1715 2852 honore
1748 2797 1931 2869 aliquo

333 2904 354 2930 ι
400 2881 471 2935 ad
500 2880 838 2937 saturitatem
868 2882 1070 2938 carnis.
1111 2907 1133 2930 ι·

969 3089 1258 3130 εχροεῐτιο
1270 3117 1283 3130 .

403 3241 532 3297 Ideo
571 3242 754 3298 laboro
789 3250 841 3297 et
875 3251 1045 3309 certo,
1086 3243 1212 3314 quia
1266 3244 1712 3301 sollicitudinem
1761 3244 1928 3301 habeo

329 3345 434 3402 pro
455 3327 622 3396 vobis,
648 3337 702 3384 et
720 3331 859 3386 hanc
877 3333 993 3387 volo
1011 3348 1102 3387 vos
1133 3334 1276 3388 scire
1295 3334 1540 3405 qualem,
1575 3332 1628 3387 id
1659 3340 1741 3387 est
1770 3349 1930 3404 quam

331 3417 619 3485 inﬁnitam,
645 3418 1060 3474 sollicitudinem
1111 3421 1344 3475 habeam
1389 3438 1489 3493 pro
1532 3421 1681 3476 vobis
1723 3421 1928 3475 conﬁr-

329 3507 567 3573 mandis,
603 3512 658 3562 et
671 3525 774 3579 pro
796 3507 881 3563 his
910 3509 1005 3580 qui
1033 3513 1173 3565 sunt
1205 3510 1506 3566 Laodicia.
1539 3507 1691 3577 Quos
1741 3517 1930 3564 contra

335 3596 582 3650 eamdem
616 3611 732 3651 rem
761 3597 988 3650 armavit
1031 3613 1131 3667 per
1179 3597 1480 3668 Epistolam
1525 3597 1630 3651 illis
1672 3597 1920 3653 missam.

331 3684 602 3756 Sollicitus
659 3685 821 3740 etiam
881 3701 1002 3739 sum
1047 3701 1145 3755 pro
1212 3686 1296 3739 his
1376 3685 1627 3740 affinibus
1711 3685 1928 3752 vestris,

334 3774 651 3845 quicunque
675 3790 792 3829 non
829 3775 1094 3830 viderunt
1123 3776 1333 3845 faciem
1377 3791 1564 3830 meam
1612 3776 1676 3829 in
1723 3790 1921 3830 carne.

334 3860 504 3916 Fama
535 3862 679 3916 enim
707 3862 956 3924 viderunt
977 3879 1085 3927 me,
1105 3862 1228 3918 ideo
1270 3862 1689 3917 sollicitudinem
1731 3862 1928 3928 habeo,

331 3954 399 4007 ut
429 3950 533 4021 ipsi
561 3952 928 4006 consolentur
956 3952 1124 4007 corda
1154 3953 1424 4022 ipsorum,
1457 3951 1510 4004 id
1542 3959 1623 4005 est
1666 3965 1783 4005 sua.
1823 3951 1932 4020 Ipsi

334 4039 456 4095 dico
478 4039 751 4094 instructi
768 4055 866 4110 per
883 4055 970 4094 me
991 4041 1055 4094 in
1076 4040 1378 4104 charitate,
1394 4039 1448 4092 id
1465 4046 1548 4093 est
1567 4039 1620 4092 in
1643 4039 1933 4095 dilectione

331 4128 452 4198 Dei,
485 4135 543 4182 ut
572 4143 846 4183 memores
875 4127 1150 4183 Christum
1179 4143 1276 4198 pro
1307 4127 1424 4182 sola
1471 4127 1760 4182 dilectione
1808 4145 1933 4198 pas-

330 4232 450 4270 sum
481 4232 604 4271 esse
631 4231 730 4286 pro
760 4216 860 4284 eis,
915 4216 1129 4272 accensi
1175 4215 1464 4270 dilectione
1511 4216 1628 4284 ejus
1673 4216 1933 4286 patiendo

329 4303 586 4359 festinent
614 4320 907 4359 occurrere
936 4304 1032 4360 illi.
1075 4305 1322 4359 Instructi
1372 4305 1496 4360 dico
1544 4303 1600 4358 in
1645 4304 1929 4372 charitate,

333 4402 386 4450 et
415 4393 662 4449 instructi
692 4393 746 4446 in
774 4393 1048 4465 agnitione
1071 4392 1314 4464 mysterii
1352 4393 1474 4459 Dei,
1509 4401 1567 4446 ut
1595 4400 1934 4463 cognoscant

331 4483 517 4554 aliqua
546 4481 807 4552 mysteria
833 4481 1092 4552 (secreta)
1125 4481 1243 4536 Dei.
1271 4480 1369 4536 Vel
1386 4481 1658 4552 quomodo
1697 4480 1932 4535 Trinitas

2028 611 2128 649 nos
2158 597 2505 652 considerare
2545 615 2828 669 corporea,
2889 617 3009 672 quae
3066 601 3349 669 subjacent
3405 603 3620 669 oculis;

2027 684 2224 740 dehinc
2277 684 2598 755 incorporea
2629 687 2683 740 in
2739 689 2914 754 nobis,
2977 688 3030 742 id
3087 697 3170 742 est
3222 689 3450 743 animas.
3523 692 3626 745 Per

2026 772 2256 837 animas,
2291 773 2487 828 iterum
2517 775 2837 845 incorporea
2867 776 2920 829 in
2951 777 3122 841 caelis,
3173 785 3229 831 ut
3271 777 3520 849 angelos,
3570 787 3624 832 et

2027 859 2094 913 ab
2123 861 2336 933 angelis
2367 864 2784 918 conscendimus
2806 864 2876 918 ad
2893 865 3088 929 Deum,
3112 864 3477 937 intelligentes
3499 881 3624 919 eum

2027 965 2092 1002 ex
2122 950 2356 1018 puritate
2387 959 2765 1006 creaturarum
2796 953 2971 1024 magis
3001 969 3216 1022 purum,
3254 953 3426 1023 magis
3457 953 3626 1024 spiri-

2026 1036 2191 1091 talem
2221 1046 2272 1092 et
2303 1039 2929 1109 incomprehensibilem.
2978 1041 3040 1095 In
3077 1057 3180 1114 quo
3228 1041 3358 1095 Jesu
3409 1041 3627 1096 Christo

2025 1130 2162 1180 sunt
2185 1143 2376 1182 omnes
2405 1127 2660 1183 thesauri
2692 1129 2990 1200 sapientia:
3010 1134 3065 1184 et
3095 1131 3371 1195 scientiae,
3394 1129 3448 1183 id
3467 1137 3550 1184 est
3571 1130 3627 1183 in

2027 1229 2135 1284 quo
2167 1215 2344 1269 omnis
2372 1216 2638 1285 sapientia
2678 1225 2731 1271 et
2780 1217 3132 1285 spiritalibus,
3184 1225 3238 1271 et
3284 1217 3508 1272 scientia
3556 1218 3627 1272 de

2025 1303 2306 1372 corporeis
2335 1304 2616 1358 recondita
2645 1313 2746 1373 est,
2782 1305 2918 1359 sicut
2937 1305 2990 1358 in
3012 1305 3271 1359 thesauro
3297 1323 3312 1372 ;
3341 1305 3458 1376 ipse
3480 1305 3626 1360 enim

2026 1397 2108 1445 est
2135 1391 2448 1446 thesaurus.
2490 1393 2568 1447 De
2614 1392 2950 1462 plenitudine
2991 1409 3182 1448 omnes
3231 1393 3348 1448 sine
3393 1393 3627 1448 diminu-

2025 1478 2171 1533 tione
2212 1479 2473 1535 ditantur.
2535 1481 2796 1535 Thesauri
2853 1481 2977 1536 dico
3039 1482 3374 1549 absconditi,
3435 1481 3491 1536 id
3547 1491 3632 1537 est

2025 1567 2212 1636 paucis
2243 1568 2466 1623 revelati
2479 1609 2492 1623 .

2095 1655 2350 1711 Dicerent
2405 1657 2480 1711 illi
2530 1675 2544 1712 :
2605 1658 2910 1713 Thesauros
2954 1658 3084 1714 istos
3143 1674 3252 1713 non
3281 1658 3534 1724 vidimus,
3570 1666 3629 1713 ut

2024 1743 2079 1797 in
2110 1752 2343 1815 utroque
2402 1745 2720 1815 sapientiam
2763 1755 2812 1800 et
2871 1746 3152 1802 scientiam
3198 1747 3515 1801 habeamus.
3547 1747 3630 1802 Ad

1953 1830 2134 1918 Bhoc
2174 1832 2372 1888 Paulus
2409 1851 2424 1887 :
2462 1835 2531 1888 Et
2582 1835 2628 1888 si
2671 1835 2725 1888 in
2765 1835 2978 1890 Christo
3021 1834 3262 1892 2'79
3300 1835 3461 1890 totius
3501 1835 3628 1889 boni

2034 1921 2350 1975 thesaurum
2381 1921 2652 1988 invenitis,
2687 1921 2880 1976 frustra
2929 1923 3111 1995 legem
3157 1921 3283 1977 ﬁdei
3330 1924 3630 1995 adjungere

2032 2008 2212 2062 vultis.
2239 2009 2296 2062 In
2315 2009 2529 2064 Christo
2551 2018 2676 2064 sunt
2697 2010 2932 2065 thesauri
2975 2011 3254 2082 sapientiae
3276 2019 3328 2066 et
3367 2012 3628 2066 scientiae.

2031 2098 2139 2153 Hoc
2159 2102 2352 2152 autem
2372 2097 2496 2153 ideo
2519 2099 2640 2154 dico
2670 2099 2725 2152 in
2752 2099 2984 2168 Christo,
3021 2099 3226 2154 scilicet
3261 2115 3454 2154 omnes
3504 2115 3627 2154 esse

2032 2186 2334 2254 thesauros,
2360 2191 2426 2242 ut
2455 2203 2619 2242 nemo
2641 2187 2891 2259 decipiat
2911 2203 3001 2242 vos
3022 2189 3081 2242 in
3105 2187 3480 2252 sublimitate,
3505 2187 3630 2258 quia

2032 2273 2107 2327 illi
2138 2273 2348 2344 pseudo
2373 2274 2662 2344 plurimum
2691 2276 2910 2329 student
2959 2275 3013 2328 in
3059 2275 3378 2329 sublimibus
3421 2275 3627 2330 verbis.

2030 2362 2388 2417 Sublimitate
2421 2362 2542 2418 dico
2571 2365 2865 2432 sermonis,
2899 2363 3026 2435 quia
3054 2365 3170 2418 haec
3227 2363 3530 2418 sublimitas
3575 2363 3632 2417 in

2033 2466 2281 2505 somnone
2313 2457 2521 2504 tantum
2551 2459 2651 2517 est,
2707 2468 2817 2507 non
2864 2452 2919 2506 in
2961 2451 3249 2518 sententia,
3293 2452 3389 2506 sed
3441 2451 3631 2506 fideles

2031 2538 2433 2608 simplicitatem
2464 2539 2666 2594 habent
2698 2539 2751 2594 in
2782 2540 2982 2606 verbis,
3018 2540 3402 2595 sublimitatem
3429 2541 3482 2594 in
3513 2557 3633 2595 sen-

2031 2626 2231 2681 tentiis.
2269 2627 2398 2682 Ideo
2427 2628 2550 2682 dico
2586 2647 2598 2682 :
2658 2630 2827 2684 Nemo
2867 2645 2958 2684 vos
3008 2629 3075 2682 de
3122 2627 3300 2683 futuro
3345 2628 3628 2701 decipiat;

2030 2731 2154 2770 nam
2185 2715 2425 2770 nondum
2446 2717 2659 2786 decepti
2691 2717 2841 2771 estis.
2876 2718 2942 2770 Et
2970 2719 3039 2781 si,
3077 2717 3129 2771 id
3173 2725 3255 2770 est
3314 2717 3437 2772 licet
3485 2717 3629 2771 enim

2029 2805 2227 2860 absens
2247 2821 2375 2860 sum
2404 2820 2438 2858 a
2468 2805 2622 2858 vobis
2649 2821 2896 2877 corpore,
2921 2806 3034 2873 sed,
3067 2805 3119 2858 id
3142 2814 3224 2859 est
3246 2813 3448 2870 tamen,
3463 2805 3631 2861 vobis-

2030 2909 2160 2947 cum
2188 2909 2315 2948 sum
2345 2909 2590 2963 praesens
2620 2895 2853 2962 spiritu.
2895 2894 3047 2948 lianc
3075 2893 3304 2964 gratiam
3331 2893 3484 2955 multi
3506 2910 3630 2948 san-

2031 2989 2241 3036 ctorum
2272 2981 2596 3046 habuerunt,
2629 2989 2686 3034 ut
2743 2981 3005 3036 Martinus
3056 2989 3107 3036 et
3147 2981 3425 3047 Nicolaus,
3465 2997 3630 3053 quam

2029 3069 2272 3124 creditur
2298 3069 2569 3140 praecipue
2599 3069 2855 3124 habuisse
2885 3069 3101 3136 Paulus,
3137 3077 3194 3123 ut
3233 3070 3432 3124 absens
3472 3070 3634 3125 sciret

2030 3174 2130 3228 per
2159 3159 2430 3228 spiritum,
2465 3157 2595 3229 quid
2644 3158 2905 3214 Ecclesia}
2953 3175 3067 3213 suae
3117 3158 3382 3224 facerent,
3431 3158 3519 3214 vel
3561 3158 3631 3212 ad

2032 3247 2161 3316 quid
2193 3262 2251 3301 se
2268 3247 2637 3316 disponerent.
2661 3247 2878 3318 Spiritu
2902 3248 3180 3302 vobiscum
3200 3263 3329 3301 sum
3349 3247 3621 3318 gaudens.

2033 3337 2092 3389 In
2120 3335 2222 3390 hoc
2251 3335 2423 3390 verbo
2454 3333 2627 3388 innuit
2657 3350 2752 3388 eos
2797 3335 3038 3390 nondum
3089 3334 3302 3405 lapsos.
3371 3334 3632 3390 Gaudeas

2031 3424 2154 3479 dico
2176 3424 2244 3478 de
2265 3431 2443 3478 vestra
2465 3423 2818 3493 perfectione,
2860 3427 2915 3479 et
2952 3425 3148 3478 videns
3189 3425 3437 3478 ordinem
3504 3439 3628 3478 ves-

2033 3517 2208 3580 trum,
2224 3511 2280 3566 id
2295 3519 2377 3566 est
2399 3528 2558 3582 quam
2577 3527 2823 3584 congruo
2844 3512 3036 3567 ordine
3057 3512 3123 3565 ad
3146 3511 3359 3583 singula
3380 3527 3478 3566 vos
3499 3527 3630 3566 con-

2032 3601 2344 3670 temperetis
2369 3619 2383 3666 ;
2417 3616 2610 3670 parum
2640 3608 2723 3654 est
2753 3601 2897 3654 enim
2920 3601 3063 3654 bona
3083 3616 3268 3670 agere,
3295 3599 3340 3654 si
3362 3599 3492 3654 fiant
3513 3600 3631 3654 sine

2032 3689 2241 3754 ordine,
2270 3699 2325 3743 ut
2352 3689 2442 3743 ille
2485 3689 2577 3760 qui
2629 3689 2834 3757 jejunat
2890 3689 3248 3759 incomposita
3301 3697 3472 3754 veste,
3534 3704 3632 3743 seu

2032 3779 2388 3849 intemperato
2427 3794 2702 3845 sermone,
2762 3779 2818 3831 in
2871 3778 3077 3846 jejunio
3137 3793 3235 3832 suo
3290 3793 3348 3832 se
3401 3777 3628 3845 judicat.

2035 3867 2237 3923 Videns
2258 3867 2421 3921 etiam
2450 3867 2879 3934 ﬁrmamentum
2899 3867 3032 3934 ﬁdei
3049 3870 3268 3931 vestrae,
3295 3865 3348 3920 id
3371 3873 3453 3920 est
3491 3881 3629 3920 con-

2033 3950 2298 4006 firmatam
2327 3950 2492 4005 fidem
2521 3958 2757 4006 vestram
2779 3968 2900 4022 qua:
2929 3954 3011 4005 est
3045 3952 3106 4005 in
3141 3950 3383 4018 Christo,
3412 3965 3526 4006 non
3575 3948 3632 4003 in

2033 4039 2175 4110 lege,
2212 4048 2263 4094 et
2295 4040 2423 4110 quia
2454 4037 2758 4095 confirmati
2788 4038 2919 4092 estis
2967 4038 3021 4092 in
3069 4036 3196 4107 fide,
3241 4045 3294 4092 et
3341 4053 3445 4108 ego
3492 4053 3630 4093 con-

2034 4128 2247 4200 gaudeo
2277 4128 2451 4182 ordini
2481 4136 2682 4182 vestro.
2718 4130 2878 4198 Ergo,
2904 4129 3052 4182 sicut
3083 4128 3378 4198 accepistis
3409 4142 3516 4181 non
3546 4126 3631 4180 le-

2035 4233 2182 4287 gem,
2217 4217 2314 4272 sed
2346 4218 2646 4271 Dominum
2665 4219 2853 4272 Jesum
2888 4215 3192 4279 Christum,
3227 4217 3308 4270 sic
3346 4215 3631 4270 ambulate

2033 4321 2141 4359 non
2170 4306 2225 4358 in
2251 4305 2395 4375 lege,
2430 4305 2527 4360 sed
2557 4305 2620 4359 in
2640 4307 2778 4376 ipso.
2815 4306 3044 4359 Possent
3074 4305 3219 4358 enim
3240 4303 3513 4358 Christum
3545 4319 3634 4358 ac-

2034 4393 2264 4464 cepisse,
2291 4394 2410 4448 etin
2433 4393 2556 4465 lege
2585 4392 2880 4448 ambulare.
2922 4392 3237 4460 Ambulate,
3279 4392 3523 4446 radicati
3548 4408 3634 4446 se-

2036 4482 2273 4538 cundum
2303 4481 2533 4537 fructum
2564 4483 2668 4552 piae
2723 4481 3076 4552 operationis,
3138 4485 3194 4536 et
3247 4478 3515 4546 aediﬁcati,
3576 4487 3634 4534 ut

330 4571 388 4626 in
414 4571 627 4627 Unitate
655 4570 742 4636 sit,
776 4578 830 4625 et
857 4587 887 4624 e
920 4585 1207 4637 converso,
1239 4569 1324 4624 vel
1353 4568 1558 4640 aliquid
1594 4569 1924 4637 hujusmodi.
1960 4563 2011 4622 D
2035 4571 2152 4625 sitis
2180 4571 2376 4625 domus
2406 4572 2520 4626 Deo
2542 4569 3059 4625 adinhabitandum.
3086 4569 3213 4623 Hm
3230 4569 3369 4623 bene
3399 4568 3467 4622 ad
3488 4583 3630 4638 prae-

327 4659 385 4715 Si
438 4659 560 4730 quis
603 4659 745 4714 enim
787 4658 1103 4731 cognoverit
1141 4657 1382 4728 quolibet
1427 4657 1749 4726 mysterium
1807 4657 1926 4722 Dei,

333 4763 436 4819 pro
466 4755 612 4803 certo
642 4763 739 4818 per
766 4748 870 4802 hoc
901 4745 1342 4816 augmentabitur
1369 4745 1425 4799 in
1453 4746 1744 4801 dilectione
1791 4746 1926 4814 ejus.

333 4837 403 4891 Et
447 4836 570 4902 quia
628 4836 698 4890 ad
744 4835 1036 4890 invisibilia
1079 4835 1347 4888 humanus
1401 4850 1596 4890 sensus
1643 4843 1931 4904 penetrare

338 4926 526 4998 nequit
551 4925 656 4979 nisi
684 4940 783 4995 per
814 4923 1063 4991 visibilia,
1096 4923 1370 4994 praemittit
1408 4922 1656 4978 instructi
1694 4923 1750 4977 in
1799 4923 1931 4978 cha-

341 5014 496 5069 ritate
525 5018 582 5069 et
608 5015 673 5068 in
729 5028 938 5079 omnes,
960 5011 1013 5065 id
1072 5020 1152 5065 est
1202 5011 1531 5066 transeundo
1589 5027 1683 5081 per
1739 5027 1931 5067 omnes

341 5103 571 5159 divitias
599 5101 978 5173 plenitudinis
995 5101 1326 5156 intellectus
1359 5120 1376 5155 :
1401 5117 1592 5155 omnes
1612 5100 1849 5167 divitias,
1875 5108 1933 5154 ut

335 5190 404 5245 de
437 5189 686 5245 omnibus
704 5189 865 5242 rebus
887 5188 1081 5259 aliquis
1111 5189 1301 5255 sciant,
1335 5188 1462 5244 licet
1490 5204 1598 5243 non
1628 5189 1867 5259 perfecte
1917 5205 1928 5243 :

338 5277 711 5350 plenitudinis,
769 5285 828 5330 ut
885 5277 954 5331 de
1022 5277 1252 5348 singulis
1323 5277 1625 5348 plenariam
1698 5279 1936 5332 habeant

341 5366 731 5438 cognitionem.
765 5365 863 5420 Vel
893 5366 1258 5436 plenitudinis,
1292 5374 1347 5420 ut
1376 5367 1445 5422 de
1475 5367 1650 5422 tribus
1679 5367 1766 5422 vel
1796 5383 1934 5439 qua-

339 5463 466 5511 tuor
514 5455 578 5508 ad
637 5454 855 5524 plenum
911 5471 1102 5510 omnes
1157 5455 1392 5523 divitias,
1450 5464 1506 5510 ut
1560 5456 1628 5511 de
1685 5456 1937 5511 omnibus

341 5544 502 5615 plena
531 5543 599 5597 sit
628 5543 734 5598 illis
764 5543 1027 5615 cognitio.
1063 5546 1131 5599 Et
1159 5561 1256 5614 per
1283 5561 1476 5600 omnes
1515 5545 1727 5600 divitias
1765 5544 1932 5615 pleni.

347 5631 553 5686 tudinis
583 5631 885 5688 intellectus
923 5633 1171 5688 instructi
1203 5634 1265 5688 in
1295 5634 1647 5705 agnitionem
1682 5634 1940 5704 mysterii

342 5721 441 5779 Dei
468 5722 660 5779 Patris
683 5721 894 5780 Christi
927 5723 1075 5780 Iesu.
1132 5724 1199 5780 Ut
1257 5723 1402 5778 enim
1456 5721 1836 5793 perveniamus
1871 5721 1940 5777 ad

2032 4660 2193 4725 latos,
2223 4660 2275 4714 in
2323 4659 2520 4730 quibus
2577 4661 2726 4715 Deus
2783 4659 2982 4713 sedens
3027 4656 3382 4711 distribuebat
3426 4655 3632 4728 gratias

2032 4764 2158 4803 suas
2189 4747 2434 4812 subditis,
2469 4765 2569 4818 per
2599 4763 2794 4801 manus
2825 4745 3190 4817 praelatorum,
3232 4742 3482 4799 aedificati
3519 4744 3623 4797 ho-

2033 4836 2120 4891 die
2151 4844 2204 4891 et
2231 4852 2356 4891 cras
2386 4835 2842 4907 superwdiﬁcati,
2874 4843 2925 4890 et
2955 4835 3034 4889 sic
3080 4849 3295 4903 semper
3342 4833 3397 4886 in
3443 4833 3628 4887 incre-

2033 4932 2216 4980 mento
2240 4925 2366 4980 boni
2387 4924 2589 4994 operis.
2614 4925 2868 4979 Radicati
2891 4923 3012 4977 dico
3037 4930 3088 4977 et
3105 4921 3543 4993 supermdiﬁcati
3564 4923 3628 4975 in

2039 5014 2174 5086 ipso,
2209 5018 2265 5069 et
2297 5013 2621 5081 conﬁrmati
2646 5012 2701 5066 in
2731 5013 2859 5081 ﬁde,
2883 5021 2939 5065 ut
2975 5011 3028 5064 in
3085 5011 3228 5063 bono
3247 5009 3632 5079 perseveretis.

2034 5105 2097 5159 In
2117 5103 2225 5172 ﬁde
2254 5103 2377 5157 dico
2407 5117 2515 5156 non
2548 5101 2680 5166 alia,
2714 5101 2810 5154 sed
2851 5103 3001 5155 sicut
3046 5115 3144 5153 vos
3175 5097 3455 5153 didicistis
3499 5099 3631 5166 (non

2035 5191 2182 5248 enim
2211 5191 2369 5246 aliam
2401 5191 2608 5260 trado).
2649 5190 2716 5244 Et
2749 5187 3132 5244 conlirmatiin
3155 5189 3378 5242 actione
3423 5188 3638 5257 gratia-

2035 5299 2185 5347 rum,
2220 5297 2340 5351 quae
2369 5278 2662 5349 plurimum
2693 5277 2835 5332 valet
2876 5278 2946 5331 ad
2987 5275 3388 5346 impetrandum
3415 5274 3485 5329 de
3545 5273 3633 5328 fu-

2037 5379 2179 5425 turo.
2212 5368 2510 5437 Etjustum
2542 5376 2624 5422 est
2684 5373 2740 5420 ut
2797 5365 3125 5433 conﬁrmati
3176 5362 3384 5434 gratias
3437 5361 3629 5433 agatis,

2038 5458 2161 5530 quia
2185 5458 2296 5526 jam
2329 5457 2459 5511 estis
2489 5456 2845 5511 abundantes
2874 5453 3056 5508 multis
3087 5452 3245 5508 bonis
3272 5451 3327 5505 in
3357 5450 3449 5506 illo
3480 5449 3636 5506 Chri-

2038 5555 2121 5601 sto
2153 5545 2391 5616 acceptis
2404 5588 2417 5600 .

2105 5635 2241 5690 Dico
2271 5634 2573 5689 ambulate.
2611 5633 2678 5688 Ut
2708 5639 2889 5686 autem
2918 5630 3090 5685 libere
3127 5627 3630 5695 ambuletis,videte

2039 5740 2110 5781 ne
2127 5725 2251 5797 quis
2283 5722 2528 5796 decipiat
2561 5738 2677 5778 vos.
2733 5721 2861 5777 Πεθο
2906 5718 3113 5785 dicens,
3165 5717 3236 5772 ad
3293 5716 3425 5773 illud
3474 5731 3638 5789 supra
