3932 6416
249 397 352 450 385

902 391 1280 451 EXPOSITIO
1319 393 1393 449 IN
1430 390 1807 449 EPISTOLAS
1845 389 2078 447 PAULI.
2125 421 2194 431 —
2235 390 2309 446 IN
2345 390 2563 447 EPIST.
2605 391 2700 447 AD
2740 389 2896 448 COL.

3472 389 3577 444 386

249 518 474 590 respicit
505 535 678 575 nemo
712 535 800 575 vos
831 519 1092 591 decipiat.
1126 517 1374 590 Decipiat
1395 517 1518 572 dico
1551 534 1649 590 per
1675 517 1859 590 philo-
1881 517 1935 576 A
1962 515 2100 572 cutis
2128 517 2340 571 car-nis.
2366 516 2511 570 Nihil
2533 516 2677 571 enim
2699 515 2849 570 aliud
2871 515 2927 569 fit
2944 514 3036 579 ibi,
3061 513 3164 574 nisi
3188 512 3332 586 quod
3354 511 3570 568 abscin-

251 610 530 680 sophinm,
569 608 713 664 sicut
743 609 816 662 illi
850 615 1129 678 reputant,
1164 611 1221 662 et
1248 623 1408 678 quam
1430 622 1535 678 ego
1573 606 1695 661 dico
1727 606 1860 660 ina-

251 713 382 751 nem
397 699 723 767 fallaciam.
746 697 997 763 Fallacia,
1022 696 1146 768 quia
1168 695 1315 749 nulla
1336 696 1538 750 veritas
1557 695 1649 760 ibi,
1666 694 1858 758 inanis,

255 784 308 838 id
341 785 570 840 estsine
602 785 848 839 utilitate.
884 786 1018 838 Sunt
1066 784 1212 839 enim
1261 784 1422 838 multa
1469 783 1772 852 mendacia,
1807 790 1864 836 ut

256 881 537 942 poetarum
570 890 690 944 quia
721 872 1084 926 suntinutilia.
1111 872 1528 943 Philosophiam
1551 876 1604 926 et
1630 873 1863 926 inanem

254 961 558 1031 fallaciam
589 962 747 1028 dico,
781 962 1103 1016 existentem
1133 961 1446 1016 secundum
1497 960 1863 1015 traditionem

257 1050 578 1116 hominum,
612 1050 668 1106 id
689 1059 771 1106 est
800 1050 1108 1104 humaniter
1137 1049 1488 1120 sapientium,
1525 1048 1732 1103 scilicet
1772 1065 1864 1103 sc-

256 1138 500 1192 cundum
531 1139 747 1210 legem;
781 1155 900 1210 quae
932 1138 1018 1192 lex
1039 1147 1162 1193 ante
1203 1137 1478 1191 Christum
1511 1137 1730 1208 quidem
1768 1135 1867 1192 fuit

260 1226 480 1281 traditio
514 1228 632 1282 Dei.
669 1228 776 1282 Sed
808 1228 900 1281 ubi
922 1227 1130 1282 Veritas
1151 1227 1317 1293 venit,
1351 1234 1403 1280 et
1433 1227 1578 1280 Deus
1601 1242 1723 1280 eam
1739 1243 1864 1281 ces-

256 1331 382 1370 sare
415 1315 584 1370 voluit
612 1317 722 1384 jam
753 1332 863 1371 non
894 1317 1012 1382 Dei,
1063 1317 1161 1370 sed
1207 1315 1426 1370 traditio
1466 1314 1748 1369 hominum
1779 1315 1865 1369 lex

253 1403 374 1458 fuit.
413 1405 725 1460 Secundum
772 1405 1118 1460 traditionem
1163 1404 1441 1459 hominum
1475 1408 1533 1458 et
1561 1405 1868 1474 fallaciam

253 1492 403 1558 dico,
438 1493 790 1548 exercitatam
820 1493 1130 1550 secundum
1167 1495 1468 1549 elementa.
1495 1492 1759 1547 Eamdem
1783 1493 1866 1548 le-

253 1598 383 1653 gem
422 1582 693 1637 elementa
724 1591 899 1652 vocat,
931 1583 1077 1654 quia,
1114 1582 1250 1637 sicut
1279 1582 1433 1653 pueri
1467 1597 1567 1651 per
1598 1581 1869 1638 elementa

253 1669 412 1740 prius
465 1671 772 1737 addiscunt,
817 1679 872 1726 ut
917 1671 996 1727 sic
1035 1679 1317 1726 transeant
1372 1670 1441 1724 ad
1474 1669 1868 1740 perfectionem

252 1758 582 1826 litterarum,
615 1760 692 1814 sic
726 1759 814 1813 illa
844 1759 1045 1830 legalia
1077 1760 1350 1815 elementa
1381 1759 1525 1815 dicta
1570 1769 1713 1826 sunt,
1745 1760 1869 1834 quia

1964 605 2105 658 ditur
2134 604 2369 660 cuticula
2399 605 2596 668 carnis,
2630 606 2725 660 sed
2747 603 2876 658 estis
2908 603 3215 659 circumcisi
3234 605 3294 658 in
3325 604 3577 658 circum-

1964 696 2176 748 cisione
2211 693 2574 764 Christi,'qua
2606 710 2701 747 vos
2734 693 2984 747 Christus
3010 691 3337 764 purificavit.
3373 691 3474 745 Vel
3506 691 3581 744 ita

1965 790 2352 836 construamus
2390 797 2401 835 ε
2443 783 2775 838 Circumcisi
2806 784 2945 837 estis
2994 783 3426 837 circumcisione
3466 795 3583 835 non

1964 873 2325 941 manu/“aeta.
2365 869 2812 926 Circumcisione
2847 871 2970 926 dico
2999 874 3158 942 facta
3198 870 3259 924 in
3291 869 3583 942 exspolia-

1969 962 2120 1015 tione
2150 961 2438 1032 corporis;
2459 961 2605 1031 quod
2629 975 2832 1030 corpus
2859 967 2975 1014 erat
3006 961 3219 1023 carnis,
3245 958 3298 1012 id
3321 967 3403 1013 est
3419 971 3584 1028 supe-

1967 1049 2188 1103 rabatur
2206 1065 2234 1102 a
2250 1049 2616 1104 sensualitate.
2643 1048 2880 1103 Exuistis
2901 1048 3042 1103 enim
3067 1064 3265 1119 corpus
3279 1045 3583 1103 secundum

1968 1137 2362 1204 carnalitatem,
2396 1146 2453 1192 ut
2476 1138 2591 1206 jam
2645 1137 2861 1192 obediat
2883 1136 3114 1208 spiritui,
3149 1137 3582 1193 circumcisione

1968 1244 2082 1282 non
2113 1230 2474 1298 manu/acta,
2519 1227 2614 1280 sed
2647 1226 2700 1280 in
2736 1226 3152 1282 circumcisione
3198 1225 3430 1291 Christi,
3475 1239 3586 1296 qua

1969 1315 2221 1369 Christus
2259 1315 2441 1370 omnia
2463 1315 2761 1386 superﬂua,
2797 1323 2852 1369 et
2880 1314 3246 1385 dependentia
3275 1313 3405 1368 vitia
3426 1329 3458 1368 a
3487 1329 3586 1368 vo-

1969 1404 2052 1457 bis
2077 1405 2417 1475 amputavit;
2458 1405 2513 1458 in
2545 1405 2649 1460 hac
2682 1405 3014 1460 circumcisi
3042 1412 3095 1459 et
3126 1399 3396 1475 purificati
3425 1404 3582 1458 estis.

1969 1493 2356 1564 Exspoliamur
2410 1509 2642 1564 corpore
2697 1493 2877 1549 carnis
2927 1493 2982 1547 in
3023 1493 3325 1564 baptismo,
3381 1492 3435 1546 in
3478 1506 3586 1563 quo

1969 1590 2200 1653 peccata
2248 1583 2612 1653 deponuntur,
2652 1589 2704 1636 et
2740 1583 2970 1637 liberum
3015 1581 3294 1636 arbitrium
3344 1579 3582 1636 hominis

1970 1680 2198 1742 accepta
2234 1671 2442 1740 justitia
2489 1671 2848 1737 confortatur,
2891 1679 2948 1725 ut
2971 1672 3104 1740 jam,
3147 1671 3193 1724 si
3242 1670 3389 1735 velit,
3440 1669 3581 1724 bene

1970 1775 2136 1832 agere
2160 1761 2350 1831 possit.
2386 1761 2508 1816 Non
2537 1760 2714 1816 solum
2757 1777 2946 1815 sumus
2997 1759 3306 1816 circumcisi
3355 1757 3582 1830 deposi-

251 1847 493 1917 populus
523 1848 760 1903 carnalis
792 1849 1060 1919 impotens
1105 1865 1302 1920 capere
1335 1849 1591 1920 spiritalia
1632 1852 1869 1906 instrue-
1890 1877 1942 1936 B
1973 1849 2116 1904 tione
2146 1858 2512 1920 peccatorum,
2557 1850 2653 1904 sed
2686 1849 2850 1904 etiam
2894 1851 3213 1922 consepulti
3266 1849 3486 1903 Christo
3517 1849 3580 1902 in

251 1936 416 1990 batur
448 1953 550 2008 per
577 1937 842 2000 carnalia,
877 1946 943 2004 ut
973 1937 1026 1990 in
1074 1937 1160 1992 bis
1203 1947 1455 1993 assuetus
1506 1940 1560 1993 in
1589 1941 1733 1994 cultu
1765 1941 1864 1994 Dei

253 2025 551 2091 transiret,
584 2026 930 2096 postmodum
978 2027 1046 2080 ad
1097 2027 1440 2082 serviendum
1471 2028 1523 2081 in
1567 2029 1865 2099 spirituali-

253 2113 374 2168 bus.
402 2114 693 2169 Elementa
714 2114 836 2170 dico
859 2115 1078 2180 mundi,
1105 2116 1228 2186 quia
1251 2124 1303 2170 et
1333 2126 1605 2188 praecepta
1627 2118 1866 2174 carnalia

253 2212 429 2268 erant,
465 2210 519 2257 et
549 2203 795 2258 carnales
827 2203 918 2275 qui
968 2203 1328 2274 accipiebant.
1365 2205 1492 2260 Haec
1521 2206 1866 2276 phiIOSOphia

255 2300 337 2347 est
369 2292 677 2347 secundum
731 2291 1002 2347 elementa
1038 2293 1247 2360 mundi,
1301 2298 1356 2348 et
1403 2312 1520 2350 non
1553 2295 1866 2350 secundum

259 2381 578 2448 Christum,
605 2397 768 2452 quem
802 2383 1099 2452 accepistis
1130 2386 1188 2436 et
1232 2382 1540 2438 didicistis.
1596 2385 1738 2438 Vere
1777 2383 1868 2454 qui

254 2469 438 2541 legem
476 2469 711 2535 tradunt,
763 2486 870 2524 non
904 2477 1025 2524 sunt
1071 2471 1374 2525 secundum
1406 2472 1701 2537 Christum,
1737 2473 1869 2544 quia

252 2559 315 2612 in
337 2559 465 2630 ipso
495 2558 711 2612 Christo
747 2567 828 2612 est
856 2561 1038 2614 omnis
1066 2560 1404 2631 plenitudo;
1447 2561 1592 2632 quod
1639 2561 1716 2616 illi
1760 2577 1868 2616 non

254 2646 489 2701 credunt
520 2647 614 2718 qui
644 2655 798 2702 extra
827 2647 1118 2713 Christum,
1164 2648 1370 2703 scilicet
1398 2649 1455 2702 in
1485 2649 1607 2721 lege
1629 2649 1867 2721 aliquam

248 2735 518 2803 justitiam
575 2743 841 2806 quaerunt.
903 2737 962 2789 In
986 2736 1105 2806 ipso
1152 2737 1368 2792 Christo
1419 2737 1642 2793 habitat
1691 2739 1868 2792 omnis

254 2824 544 2894 plenitudo
573 2825 917 2880 divinitatis.
953 2825 1176 2880 Habitat
1209 2825 1345 2881 bene
1375 2825 1467 2882 ait.
1517 2825 1655 2895 Quia
1675 2827 1752 2882 sic
1786 2834 1868 2881 est

255 2913 513 2967 divinitas
554 2912 608 2966 in
659 2913 876 2968 Christo
919 2921 977 2967 ut
1022 2913 1076 2967 in
1129 2922 1395 2969 aeternum
1445 2923 1765 2985 permaneat
1812 2915 1868 2970 in

251 3001 365 3055 illo.
399 3002 710 3057 Plenitudo
732 3003 1073 3069 divinitatis,
1098 3002 1151 3056 id
1169 3010 1251 3057 est
1279 3001 1523 3073 plenaria
1554 3011 1604 3059 et
1625 3004 1869 3075 perfecta

253 3089 532 3154 divinitas,
571 3107 692 3161 quae
724 3090 1033 3145 nullatenus
1073 3099 1155 3146 est
1197 3091 1530 3162 imperfecta.
1568 3093 1763 3148 Omnis
1803 3093 1860 3147 in

254 3178 489 3242 Christo,
531 3178 654 3249 quia
684 3194 875 3234 omnes
905 3179 1092 3249 gratias
1142 3195 1476 3252 quascunque
1520 3180 1575 3235 in
1616 3181 1869 3236 omnibus

255 3264 495 3331 fuerunt,
533 3267 587 3320 in
602 3267 829 3322 Christo
861 3276 1004 3337 sunt,
1039 3276 1090 3323 ct
1121 3269 1485 3324 abundantior
1525 3270 1702 3325 adhuc
1732 3286 1867 3341 gra-

253 3355 346 3420 tia,
381 3355 516 3426 quia
547 3355 600 3409 in
627 3371 694 3411 eo
715 3356 912 3411 dicitur
943 3358 1233 3412 humanata
1261 3357 1540 3424 divinitas,
1575 3359 1720 3430 quia,
1755 3359 1868 3414 sic-

252 3451 308 3496 ut
337 3444 523 3497 anima
555 3444 733 3498 unitur
763 3445 996 3514 corpori,
1030 3445 1108 3501 sic
1154 3445 1270 3516 ipsa
1300 3445 1552 3500 divinitas
1602 3463 1867 3518 persona-

251 3531 377 3586 liter
406 3534 564 3587 unita
595 3542 677 3587 est
708 3533 913 3587 homini
958 3534 1057 3589 illi.
1092 3534 1356 3589 Divinitas
1407 3535 1641 3590 diversis
1689 3537 1867 3592 modis

253 3628 338 3674 est
367 3621 596 3692 ubique.
633 3622 731 3676 Est
764 3621 910 3676 enim
942 3621 1185 3678 280
1217 3623 1270 3677 in
1301 3623 1449 3678 omni
1488 3632 1757 3695 creatura,
1789 3642 1868 3681 se-

251 3709 492 3764 cundum
527 3710 673 3782 quod
701 3710 820 3782 {nec
868 3727 990 3766 esse
1038 3712 1199 3766 habet
1240 3711 1358 3767 sine
1415 3712 1724 3780 divinitate,
1763 3729 1868 3770 nec

255 3814 605 3867 permanere.
639 3800 753 3855 Hoc
783 3809 835 3854 et
883 3799 988 3854 alio
1019 3799 1182 3856 modo
1212 3808 1296 3855 est
1332 3800 1388 3854 in
1437 3801 1661 3866 sanctis,
1715 3803 1863 3874 quia,

253 3903 354 3956 per
381 3887 651 3957 gratiam;
686 3895 736 3942 et
766 3889 871 3943 hoc
899 3895 1126 3960 utroque
1174 3889 1339 3944 modo
1388 3887 1487 3943 fuit
1534 3889 1590 3943 in
1625 3890 1863 3960 Christo,

255 3983 307 4028 et
352 3976 537 4031 adhuc
577 3975 958 4044 abundantius,
1009 3977 1135 4048 quia
1182 3977 1345 4047 (sicut
1394 3977 1598 4032 dictum
1648 3981 1751 4048 est)
1795 3979 1865 4034 ad

256 4079 416 4134 quem
461 4064 686 4119 modum
717 4066 893 4119 anima
942 4065 997 4119 in
1037 4081 1195 4122 carne
1239 4066 1476 4121 hominis
1516 4067 1862 4137 humanatur,

257 4152 333 4207 sic
363 4152 621 4207 divinitas
652 4153 944 4208 humanata
973 4163 1055 4209 est
1084 4154 1137 4208 in
1177 4155 1410 4210 Christo.
1461 4155 1744 4211 Plenitudo
1775 4157 1864 4211 di-

257 4239 496 4295 vinitatis
531 4242 736 4297 habitat
762 4243 816 4297 in
848 4243 1062 4298 Christo
1092 4245 1486 4315 corporaliter,
1534 4244 1590 4299 id
1633 4253 1716 4300 est
1756 4245 1862 4299 im-

258 4329 477 4398 pletive,
514 4348 625 4386 non
647 4331 791 4403 quod
819 4332 1070 4386 divinitas
1103 4332 1244 4387 facta
1267 4332 1333 4386 sit
1365 4347 1580 4403 corpus,
1617 4333 1716 4388 sed
1736 4333 1864 4405 quia

258 4419 466 4475 umbrae
496 4429 912 4491 praecesserant,
945 4430 998 4476 et
1040 4422 1094 4475 in
1125 4421 1342 4476 Christo
1385 4421 1589 4476 veritas
1633 4425 1862 4476 umbra-

257 4521 375 4561 rum
406 4507 526 4574 fuit,
573 4509 719 4580 quia,
769 4509 1011 4581 impletio
1040 4509 1281 4566 omnium
1309 4527 1430 4582 quae
1477 4509 1737 4581 prmdicta
1776 4509 1862 4566 vel

259 4595 614 4669 j‘n-zefigurata
645 4607 825 4654 erant.

326 4684 567 4741 Probant
595 4686 786 4742 iterum
817 4688 988 4743 idem.
1045 4688 1184 4744 Vere
1212 4686 1491 4742 tradentes
1535 4687 1715 4761 legem
1746 4704 1863 4744 non

257 4780 379 4826 sunt
425 4775 745 4831 secundum
797 4777 1104 4832 Christum.
1165 4777 1303 4831 Nam
1355 4791 1454 4831 vos
1490 4779 1624 4831 estis
1660 4777 1865 4850 repleti

256 4861 508 4916 omnibus
537 4864 695 4920 bonis
715 4866 778 4920 in
801 4866 920 4933 illo,
955 4865 1009 4920 id
1039 4873 1120 4920 est
1151 4881 1251 4936 per
1279 4864 1574 4930 Christum,
1597 4865 1744 4936 quod
1773 4865 1862 4919 di-

257 4958 378 5003 cunt
406 4967 520 5006 non
551 4968 714 5023 posse
745 4952 863 5008 fieri
893 4953 1010 5008 sine
1038 4954 1182 5026 lege.
1219 4954 1323 5020 Qui
1354 4953 1600 5008 Christus
1653 4957 1738 5008 est
1770 4970 1864 5008 ca-

255 5041 376 5108 put,
407 5039 462 5093 id
495 5050 580 5096 est
610 5041 933 5113 principium
953 5049 1004 5096 et
1036 5042 1281 5115 regimen
1299 5043 1482 5097 omnis
1501 5042 1863 5114 principatus

262 5138 314 5187 et
335 5131 665 5203 potestatis.
707 5132 807 5185 Per
835 5131 934 5186 hos
963 5131 1099 5185 duos
1123 5131 1358 5202 reliquos
1380 5130 1599 5184 ordines
1618 5130 1862 5201 accipia-

263 5237 398 5275 mus.
433 5223 493 5275 In
533 5219 622 5274 his
652 5219 834 5274 verbis
881 5219 1115 5274 ostendit
1161 5235 1326 5290 posse
1368 5218 1641 5272 Christum
1680 5219 1864 5274 omnia
1910 5209 1922 5221 ’

264 5309 488 5379 rcplere,
514 5309 659 5380 quia,
683 5307 730 5363 si
753 5307 1000 5379 angelos,
1033 5309 1176 5362 haud
1207 5308 1276 5362 de
1307 5306 1616 5362 hominibus
1640 5307 1862 5362 dubium

266 5406 361 5452 est.
411 5397 537 5452 Vult
587 5397 872 5452 veritatem
916 5397 1152 5451 omnium
1202 5413 1323 5468 quae
1375 5396 1460 5450 lex
1505 5395 1750 5466 praecipit
1809 5395 1863 5450 in

268 5484 472 5540 Christo
503 5485 820 5550 ostendere,
863 5483 1046 5540 dicens
1077 5503 1090 5540 :
1122 5486 1184 5540 In
1214 5502 1320 5557 quo
1365 5483 1581 5538 Christo
1623 5499 1731 5540 non
1781 5499 1864 5539 so-

269 5573 377 5628 lum
405 5574 618 5646 repleti,
653 5572 754 5628 scd
785 5573 953 5627 etiam
991 5575 1314 5630 circumcisi
1363 5573 1520 5641 estis,
1571 5575 1864 5629 circumci-

267 5663 417 5719 sione
437 5681 552 5719 non
573 5679 760 5718 manu
777 5662 952 5731 facta,
974 5661 1107 5718 sicut
1128 5663 1183 5718 in
1200 5663 1345 5734 lege,
1364 5662 1429 5716 in
1449 5663 1862 5733 exspoliatione

1973 1939 2266 2009 baptismo,
2303 1939 2394 1992 ubi
2425 1938 2846 1994 confortandum
2877 1946 2959 1992 est
2993 1938 3276 1992 arbitrium
3312 1944 3578 1992 nostrum.

1970 2029 2299 2099 Consepulti
2329 2027 2530 2099 itaque,
2555 2027 2682 2098 quia
2735 2027 2978 2081 Christus
3022 2027 3268 2097 sepultus
3315 2026 3383 2080 ad
3421 2033 3577 2081 actus

1966 2117 2164 2172 veteris
2196 2117 2430 2172 hominis
2469 2117 2607 2171 ultra
2635 2133 2744 2173 non
2777 2117 2975 2182 rediit;
3010 2116 3087 2172 sic
3116 2132 3237 2182 nos,
3272 2115 3317 2170 si
3348 2115 3579 2170 velimus

1967 2205 2043 2260 uti
2071 2205 2296 2273 ratione,
2351 2205 2640 2262 confortati
2686 2206 2741 2260 in
2785 2205 3058 2277 baptismo
3098 2221 3206 2261 non
3239 2212 3580 2260 revertemur

1967 2296 2109 2349 ultra
2166 2295 2235 2349 ad
2291 2303 2469 2351 actum
2519 2294 2802 2350 vetustatis
2855 2294 3086 2365 peccati.
3148 2295 3212 2348 In
3255 2311 3360 2366 quo
3398 2295 3578 2348 etiam

1969 2383 2186 2438 Christo
2233 2386 2660 2453 resurrexistis,
2724 2391 2979 2455 quantum
3026 2383 3094 2438 ad
3136 2381 3577 2452 justiticationem

1967 2472 2182 2528 animae.
2208 2473 2620 2529 Resurrexistis
2643 2471 2764 2528 dico
2783 2488 2886 2544 per
2901 2473 3070 2541 fidem
3091 2473 3437 2544 Operationis
3455 2471 3576 2538 Dei,

1967 2560 2024 2615 id
2054 2569 2136 2615 est
2158 2577 2320 2632 quam
2352 2561 2514 2616 fidem
2546 2562 2692 2616 Deus
2720 2569 2978 2630 operatur
3007 2560 3060 2614 in
3091 2560 3271 2616 vobis.
3311 2560 3580 2615 Resurre-

1969 2650 2075 2705 ctio
2139 2650 2338 2704 Christi
2393 2650 2664 2722 duplicem
2705 2649 3166 2705 resurrectionem
3213 2656 3470 2720 operatur
3519 2648 3577 2703 in

1970 2739 2128 2793 nobis
2154 2757 2166 2792 :
2191 2739 2422 2810 primam
2460 2755 2619 2811 quam
2645 2739 2760 2808 jam
2789 2738 2971 2808 adepti
3011 2754 3218 2806 sumus,
3272 2737 3574 2793 secundum

1970 2828 2245 2894 animam;
2279 2827 2505 2882 alteram
2540 2844 2704 2900 quam
2735 2835 3116 2898 exspectamus
3147 2827 3204 2881 in
3249 2825 3577 2882 immortali-

1971 2925 2078 2972 tate
2109 2917 2354 2988 corporis
2403 2926 2674 2988 reparata.
2708 2919 2776 2972 Et
2806 2917 2951 2988 quod
3003 2915 3234 2970 futuram
3285 2931 3578 2987 corporum

1971 3002 2432 3057 resurrectionem
2461 3002 2694 3056 habituri
2727 3001 2925 3070 simus,
2975 3001 3170 3071 probat
3198 3017 3300 3072 per
3327 3016 3574 3056 resurre-

1971 3090 2205 3145 ctionem
2236 3089 2454 3157 Christi,
2489 3107 2611 3162 quae
2654 3097 2708 3146 et
2737 3105 2897 3146 causa
2944 3097 3026 3145 est
3068 3097 3121 3145 et
3163 3081 3338 3160 figura
3373 3096 3576 3144 nostra?

1971 3179 2410 3248 resurrectionis,
2474 3180 2664 3235 dicens
2713 3196 2726 3232 :
2781 3179 2930 3234 Sicut
2975 3177 3356 3234 resurrexistis
3399 3177 3578 3249 prima

1970 3269 2371 3323 resurrectione
2401 3267 2613 3336 animm,
2647 3267 2728 3323 sic
2759 3268 2920 3322 etiam
2941 3283 3039 3322 vos
3069 3265 3472 3323 conviviticabit
3517 3265 3574 3320 in

1969 3357 2372 3412 immortalitate
2425 3372 2738 3428 corporum.
2789 3356 2895 3411 Sed
2948 3356 3107 3424 hujus
3159 3355 3240 3410 rei
3293 3354 3576 3426 probatio-

1968 3461 2094 3500 nem
2134 3445 2427 3517 prmmittit,
2469 3446 2658 3500 dicens
2703 3460 2714 3498 :
2749 3444 2855 3513 Qui
2898 3445 3045 3500 Deus
3087 3444 3225 3500 sicut
3271 3445 3576 3500 suscitavit

1969 3535 2242 3589 Christum
2265 3552 2298 3588 a
2327 3536 2588 3600 mortuis,
2623 3533 2696 3588 ita
2717 3539 2772 3589 et
2804 3551 2912 3599 vos,
2947 3550 3098 3598 cum,
3122 3533 3178 3587 id
3196 3540 3278 3588 est
3299 3532 3571 3604 quamvis,

1969 3625 2168 3678 essetis
2197 3625 2432 3688 mortui,
2479 3622 2550 3676 ita
2593 3629 2650 3676 ut
2699 3621 2908 3677 viribus
2951 3624 3150 3676 vestris
3198 3621 3269 3676 ad
3309 3619 3572 3689 justitiam

1967 3711 2116 3767 nullo
2148 3712 2311 3767 modo
2341 3710 2615 3782 respirare
2645 3711 2902 3782 possetis.
2940 3711 3141 3766 Mortui
3175 3709 3300 3766 dico
3331 3710 3394 3764 in
3423 3709 3570 3765 deli-

1967 3803 2096 3870 ctis,
2132 3801 2184 3854 id
2215 3800 2295 3856 esi
2331 3801 2384 3855 in
2415 3800 2864 3872 praevaricatione
2912 3799 3174 3854 naturalis
3216 3798 3376 3869 legis.
3417 3797 3573 3853 Deli-

1968 3898 2112 3945 ctum
2144 3890 2289 3945 enim
2320 3889 2534 3958 dicitur,
2570 3889 2788 3961 quando
2810 3888 2953 3961 quod
2971 3888 3223 3957 debetur,
3258 3887 3572 3960 negligitur.

1968 3979 2160 4033 Mortui
2191 3979 2355 4034 etiam
2387 3980 2448 4034 in
2476 3979 2758 4051 prteputio
2787 3978 2980 4034 carnis
3024 3983 3244 4046 vestra},
3296 3977 3352 4032 id
3391 3984 3474 4031 est
3515 3976 3572 4031 in

1967 4067 2224 4139 originali
2256 4075 2501 4138 peccato,
2535 4067 2680 4136 quod
2711 4082 2954 4139 congrue
2986 4083 3087 4137 per
3128 4064 3451 4136 praaputium
3500 4065 3576 4119 si-

1967 4155 2206 4227 gniticat,
2240 4156 2295 4210 in
2325 4171 2433 4228 quo
2481 4156 2642 4210 sedes
2674 4163 2756 4210 est
2795 4154 3190 4226 generationis.
3225 4155 3340 4210 Hoc
3387 4161 3570 4208 autem

1966 4245 2236 4317 originale
2268 4244 2654 4310 contrahimus,
2688 4243 2811 4316 quia
2832 4243 2884 4298 id
2905 4242 3347 4314 concupiscentia
3375 4257 3574 4313 paren-

1966 4340 2078 4388 tum
2110 4333 2280 4404 geniti
2310 4349 2516 4387 sumus.

2038 4422 2184 4477 Licet
2203 4422 2274 4476 ita
2297 4423 2491 4477 essetis
2507 4421 2722 4486 mortui,
2748 4429 2932 4476 tamen
2951 4421 3387 4489 conviviﬁcavit.
3413 4418 3574 4489 Quod

1966 4510 2199 4566 futurum
2231 4519 2330 4577 est,
2361 4527 2462 4581 per
2491 4509 2818 4581 praeteritum
2848 4509 2997 4575 dicit,
3029 4509 3324 4564 ostendens
3355 4525 3414 4563 se
3436 4509 3573 4564 adeo

1890 4594 1943 4653 D
1965 4609 2176 4656 certum
2197 4601 2266 4655 de
2295 4601 2400 4656 hoc
2422 4598 2602 4654 futuro
2624 4599 2763 4654 sicut
2792 4599 2860 4653 de
2884 4599 3182 4668 praeterito.
3210 4598 3576 4666 Conviviﬁca-

1970 4691 2048 4745 vit
2073 4690 2356 4761 ponendos
2374 4706 2502 4745 cum
2524 4689 2624 4745 illo
2646 4688 2701 4742 in
2726 4688 2920 4743 eadem
2941 4687 3207 4760 dignitate
3227 4686 3362 4753 loci;
3386 4693 3572 4758 posset

1968 4779 2114 4833 enim
2168 4778 2378 4834 reddita
2437 4777 2846 4832 immortalitate
2891 4773 3291 4843 conviviticare,
3340 4782 3394 4831 et
3441 4773 3574 4830 alibi

1967 4883 2130 4942 quam
2152 4883 2274 4923 cum
2306 4867 2522 4922 Christo
2554 4882 2779 4937 ponere.
2839 4865 3282 4933 Conviviﬁcavit,
3321 4864 3570 4936 inquam,

1967 4957 2187 5012 donans
2217 4957 2365 5013 vobis
2399 4956 2654 5029 gentibus
2683 4957 2878 5013 omnia
2927 4955 3156 5020 delicta,
3207 4963 3260 5009 et
3288 4953 3570 5025 originalia

1965 5054 2018 5101 et
2047 5045 2299 5101 actualia.
2324 5047 2390 5100 Et
2413 5046 2489 5100 sic
2505 5061 2604 5100 vos
2625 5045 2693 5100 ab
2715 5043 2968 5116 originali
2991 5059 3090 5114 per
3106 5042 3269 5098 fidem
3291 5042 3568 5110 liberavit;

1966 5135 2103 5190 sicut
2135 5135 2298 5189 etiam
2345 5150 2446 5190 nos
2484 5134 2723 5200 Iudaeos,
2776 5133 2869 5204 qui
2915 5132 3049 5186 falso
3099 5132 3425 5203 putabamur
3470 5147 3572 5203 per

1964 5223 2435 5279 circumcisionem
2466 5223 2591 5277 inde
2623 5222 2859 5277 liberari.
2913 5221 3072 5290 Quod
3114 5221 3187 5275 ita
3221 5221 3330 5277 ait:
3364 5221 3571 5276 Delens

1966 5309 2215 5363 similiter
2242 5307 2679 5379 chirographum
2709 5307 2944 5371 decreti,
2978 5306 3032 5360 id
3063 5313 3146 5360 est
3174 5305 3334 5378 legis,
3367 5304 3423 5358 in
3459 5319 3566 5376 qua

1967 5399 2113 5451 Deus
2141 5397 2271 5468 quid
2303 5396 2466 5451 vellet
2494 5394 2615 5450 fieri
2653 5395 2887 5452 281
2918 5394 3257 5449 decreverat.
3283 5393 3434 5460 Quod
3453 5393 3572 5448 chi-

1964 5487 2303 5558 rographum
2334 5489 2458 5541 erat
2496 5485 2797 5540 adversum
2841 5500 2944 5539 nos
2983 5483 3221 5538 Judazos.
3265 5481 3568 5554 Chirogra-

1963 5575 2129 5644 phum
2169 5574 2365 5629 dicitur
2399 5573 2810 5643 manuscriptio,
2841 5572 2989 5643 quod
3017 5571 3073 5625 in
3104 5571 3212 5626 duo
3241 5569 3476 5640 partitur
3503 5575 3564 5623 ut

1963 5661 2216 5735 utrinque
2244 5661 2505 5718 memoria
2533 5660 2691 5718 facta
2737 5660 2819 5717 rei
2862 5668 3130 5717 teneatur.
3159 5657 3351 5730 _Hujus
3380 5663 3561 5711 autem
