3932 6436
363 457 468 526 337

914 457 970 510 S.
1011 452 1366 510 BRUNONIS
1402 451 2053 514 CARTHUSIANORUM
2091 455 2576 513 INSTITUTORIS
2615 455 2768 513 OPP.
2811 457 2988 514 PARS
3026 458 3094 512 Π.

3564 462 3670 515 388

315 555 324 570 ’
359 579 712 651 chirographi
740 587 947 650 partem
996 579 1231 636 habebat
1272 578 1542 647 diabolus,
1577 595 1686 650 qua
1730 578 1949 634 Judaeos
1969 581 2024 642 Α
2054 596 2217 652 quam
2247 581 2524 637 celebrare
2573 581 2789 653 signum
2829 591 2949 637 erat
2995 581 3361 638 innovationis
3401 583 3650 653 corporis

357 669 646 725 accusabat
667 669 809 738 apud
825 670 997 723 Deum
1011 669 1079 723 de
1100 668 1536 738 transgressione
1554 668 1721 739 legis;
1738 667 1959 722 alteram

361 765 569 826 partem
599 757 831 811 habebat
857 757 1097 822 Judaeus,
1134 773 1296 828 quem
1340 756 1587 811 similiter
1617 755 1832 826 propria
1861 771 1957 811 ac-

361 846 584 901 cusabat
610 845 957 900 conscientia.
985 845 1140 900 Unde
1173 845 1249 899 sic
1279 844 1351 899 ait
1375 863 1388 899 :
1417 844 1879 917 Chirographum,
1904 843 1957 897 id

358 942 442 989 est
459 934 778 989 memoriam
800 934 1028 1005 peccati,
1051 933 1193 1005 quod
1215 933 1284 988 de
1308 934 1544 999 decreto,
1570 933 1623 986 id
1645 941 1726 986 est
1747 933 1815 986 de
1835 932 1957 1003 lege

357 1021 629 1088 veniebat,
663 1030 716 1078 et
741 1023 1131 1078 adversabatur
1178 1023 1356 1088 nobis,
1406 1021 1539 1076 illud
1567 1020 1806 1087 delevit;
1856 1037 1957 1075 nec

359 1109 536 1165 solum
562 1110 1011 1183 chirographum,
1047 1109 1145 1165 sed
1175 1109 1336 1164 etiam
1368 1110 1545 1180 ipsum
1575 1109 1877 1176 decretum,
1900 1108 1956 1162 id

357 1205 442 1254 est
466 1198 639 1270 ipsam
661 1198 862 1271 legem,
888 1215 1008 1270 quae
1037 1206 1151 1253 erat
1179 1197 1455 1253 contraria
1498 1197 1674 1264 nobis,
1729 1196 1856 1268 quia
1903 1204 1957 1251 et

353 1287 534 1360 magis
561 1302 662 1343 nos
700 1287 1070 1342 instimulabat
1112 1285 1380 1351 diabolus,
1424 1293 1475 1340 et
1515 1284 1708 1354 majori
1757 1285 1956 1340 ardore

353 1375 411 1430 in
464 1376 684 1431 vetitum
742 1375 1130 1438 tendebamus,
1185 1382 1238 1429 et
1294 1381 1580 1444 peccatum
1619 1373 1952 1443 praevarica-

354 1462 516 1518 tionis
571 1463 656 1518 lex
686 1463 1036 1536 adjungebat.
1098 1463 1327 1535 Ipsum,
1378 1462 1619 1533 inquam,
1670 1461 1951 1516 decretum

357 1553 496 1608 tulit
516 1553 580 1607 de
609 1553 808 1617 medio,
842 1552 896 1606 id
928 1559 1010 1606 est
1040 1550 1107 1606 de
1139 1550 1549 1616 communitate,
1572 1557 1746 1604 utnec
1763 1549 1952 1604 Judao

351 1640 681 1712 relinqueret
710 1656 810 1694 nec
838 1639 1026 1711 gentili
1056 1639 1368 1694 tenendam.
1420 1639 1610 1692 Posset
1655 1637 1800 1692 enim
1847 1652 1951 1690 au-

348 1727 491 1784 ferre
537 1735 816 1799 peccatum
874 1728 1034 1800 legis,
1083 1735 1136 1782 et
1185 1726 1458 1782 dimittere
1512 1726 1712 1798 legem.
1770 1727 1951 1794 Ipsum

352 1817 470 1872 tulit
498 1817 566 1872 de
596 1816 798 1882 medio,
831 1817 1063 1887 a/ﬁgens
1093 1815 1241 1870 illud
1271 1816 1448 1879 cruci,
1481 1813 1536 1869 id
1560 1822 1642 1868 est
1669 1813 1845 1884 ipsam
1867 1812 1950 1867 le-

2058 669 2246 735 nostri,
2274 686 2437 741 quam
2467 670 2702 725 futuram
2733 678 3114 741 exspectamus
3146 671 3200 725 in
3231 671 3658 742 incorruptione.

2059 757 2193 826 Quae
2223 758 2508 813 neomenia
2551 767 2603 813 et
2638 759 2926 813 sabbatum
2959 759 3072 828 jam
3115 775 3224 814 non
3267 759 3468 814 debent
3507 759 3660 815 cele-

2058 845 2236 912 brari,
2270 847 2398 917 quia
2427 851 2566 902 sunt
2603 847 2798 902 umbra
2826 850 3176 918 futurorum,
3200 847 3254 901 id
3289 855 3370 902 est
3400 845 3660 919 praeﬁgu—

2057 935 2226 989 rantia
2282 934 2515 989 futuram
2564 935 2866 1003 veritatem,
2921 935 3057 990 sicut
3107 936 3302 990 umbra
3341 936 3454 990 visa
3485 951 3658 1006 prope

2057 1037 2252 1093 corpus
2300 1031 2445 1078 esset
2498 1023 2766 1095 designat.
2820 1025 3166 1079 Futurorum
3217 1023 3310 1089 ait,
3359 1024 3658 1079 secundum

2057 1118 2270 1181 tempus
2299 1111 2458 1181 legis,
2509 1111 2724 1182 quando
2762 1128 3006 1182 praesens
3050 1119 3170 1166 erat
3216 1111 3430 1178 umbra,
3477 1111 3657 1166 futura

2056 1199 2276 1253 veritas.
2311 1200 2439 1255 Hzec
2470 1208 2592 1254 sunt
2620 1199 2816 1254 umbra
2862 1202 3212 1270 futurorum.
3256 1199 3363 1254 Sed
3397 1199 3657 1255 Christus

2056 1292 2139 1342 est
2178 1304 2400 1360 corpus,
2435 1288 2489 1342 id
2527 1295 2608 1342 est
2648 1287 2848 1343 veritas
2899 1296 2949 1342 et
2988 1287 3229 1358 impletio
3277 1287 3520 1342 omnium
3564 1288 3659 1342 ho-

2055 1393 2213 1442 rum;
2247 1377 2332 1431 vel
2364 1393 2563 1448 corpus
2594 1380 2680 1431 est
2712 1377 2988 1445 Christus,
3013 1375 3068 1430 id
3097 1384 3179 1430 est
3209 1375 3448 1447 impletio
3478 1376 3654 1447 perti-

2053 1473 2143 1518 net
2173 1465 2241 1518 ad
2274 1465 2542 1519 Christum
2569 1483 2582 1531 ;
2615 1463 2786 1535 ipsius
2817 1465 2959 1519 enim
2992 1472 3075 1519 est
3102 1464 3331 1535 implere
3363 1481 3484 1536 qua:
3521 1464 3654 1537 figu-

2053 1560 2170 1607 rata
2200 1552 2431 1608 fuerant.

2124 1641 2264 1709 Quia
2307 1641 2515 1696 dixerat
2551 1658 2564 1695 :
2597 1641 2768 1696 Nemo
2809 1658 2900 1696 vos
2950 1641 3180 1708 iudicet,
3225 1641 3407 1696 subdit
3452 1640 3650 1696 modos

2051 1730 2175 1784 illos
2205 1730 2259 1784 in
2290 1730 2486 1801 quibus
2518 1729 2815 1784 timendum
2838 1737 2958 1784 erat
2988 1746 3055 1784 ne
3089 1730 3343 1785 seductos
3370 1729 3492 1785 illos
3521 1745 3653 1786 con-

2051 1819 2374 1873 demnarent
2421 1818 2609 1873 dicens
2644 1835 2657 1871 :
2691 1819 2758 1873 Ut
2804 1825 2982 1872 autem
3031 1833 3141 1873 non
3177 1818 3514 1886 judicemini,
3565 1818 3654 1873 vi-

351 1921 478 1976 gem
507 1898 755 1970 confixit,
777 1912 834 1958 ut
862 1903 1002 1958 ultra
1032 1919 1141 1957 non
1185 1910 1482 1971 teneretur,
1540 1902 1758 1973 quando
1807 1901 1952 1971 expi-
1976 1933 2029 1994 B
2053 1907 2173 1962 dele
2209 1922 2220 1960 :
2253 1908 2420 1963 Nemo
2444 1923 2536 1962 υοε
2555 1904 2787 1962 seducat
2814 1905 3058 1962 282
3090 1907 3151 1961 in
3174 1905 3502 1964 humilitate
3533 1922 3653 1960 ser-

350 2009 479 2048 rans
507 1993 622 2048 ait:
662 2015 684 2039 «
737 1992 1186 2047 Consummatum
1235 1998 1320 2046 est
1367 1992 1550 2060 (Joan.
1592 2005 1713 2057 xxx,
1747 1991 1870 2058 30);
1921 2011 1942 2038 ι

349 2081 644 2138 ostendens
674 2078 839 2134 ﬁnem
856 2096 978 2134 esse
995 2088 1048 2134 et
1067 2079 1486 2150 completionem
1507 2077 1746 2133 omnium
1764 2093 1947 2132 eorum

349 2187 471 2242 quae
498 2169 555 2224 in
584 2169 707 2240 lege
756 2176 1172 2240 praecesserant,
1205 2175 1257 2222 et
1304 2167 1531 2222 ulterius
1560 2166 1806 2220 umbram
1839 2181 1947 2220 non

349 2275 472 2315 esse
500 2258 806 2322 tenendam,
859 2265 1151 2328 postquam
1180 2255 1382 2312 veritas
1413 2264 1526 2310 orta
1567 2263 1669 2309 est.
1704 2255 1947 2325 Alﬁgens

346 2347 467 2404 dico
488 2347 634 2404 illud
663 2347 840 2404 cruci.
875 2347 936 2400 In
956 2361 1119 2401 cruce
1141 2345 1286 2399 enim
1307 2345 1468 2414 (sicut
1496 2343 1752 2412 diximus)
1783 2341 1946 2397 finem

345 2435 457 2509 legi
496 2435 695 2507 posuit,
755 2434 1010 2491 omnibus
1047 2431 1458 2500 consummatis,
1504 2432 1640 2486 sicut
1685 2430 1946 2502 praedicta

346 2525 583 2581 fuerant.

416 2613 772 2684 Opponerent
799 2611 877 2666 illi
908 2629 922 2666 :
955 2609 1241 2680 Quomodo
1272 2610 1406 2666 dicis
1435 2625 1536 2664 nos
1587 2623 1697 2663 non
1745 2623 1939 2678 posse,

343 2701 448 2757 nisi
477 2717 574 2772 per
604 2699 1198 2770 Christumjustificari,
1246 2715 1368 2755 cum
1390 2698 1669 2753 Abraham
1691 2705 1744 2751 et
1762 2694 1943 2751 caeteri

345 2789 519 2846 sancti
576 2789 668 2861 qui
724 2797 1143 2861 praecesserunt,
1193 2787 1310 2843 sine
1369 2803 1434 2842 eo
1470 2784 1746 2855 justiﬁcati
1792 2785 1942 2839 sint?

341 2879 545 2935 Probat
573 2877 770 2932 Paulus
800 2877 1024 2933 eosdem
1063 2876 1311 2931 similiter
1356 2875 1610 2930 liberatos
1656 2889 1756 2944 per
1784 2872 1941 2926 Chri-

342 2975 506 3035 stum,
539 2966 726 3022 dicens
760 2981 772 3020 :
807 2965 957 3021 Sicut
986 2981 1087 3021 nos
1117 2973 1608 3034 contemporaneos
1661 2961 1765 3015 sibi
1795 2960 1939 3015 libe-

339 3057 482 3112 ravit
508 3071 540 3110 a
568 3055 690 3125 lege
713 3062 766 3110 et
787 3071 818 3108 a
845 3062 1067 3125 peccato
1118 3053 1280 3126 legis,
1325 3053 1406 3108 sic
1454 3052 1572 3123 ipse
1610 3050 1940 3122 exspolians

339 3145 703 3217 principatus
740 3147 799 3198 et
823 3145 1132 3215 potestates
1165 3141 1309 3212 apud
1344 3139 1567 3195 inferos.
1599 3140 1721 3194 Non
1750 3137 1824 3192 ait
1868 3137 1938 3192 de

339 3233 537 3305 quibus
595 3231 950 3303 exspoliavit,
1012 3229 1108 3285 sed
1138 3246 1237 3300 per
1290 3230 1614 3300 exspolians
1672 3224 1937 3297 signiﬁcat

2049 1995 2244 2061 monis,
2279 1996 2333 2049 id
2363 1994 2700 2050 occultorum
2751 1994 2883 2048 foris
2914 2003 3152 2060 ostensa,
3187 1999 3243 2050 ct
3287 1994 3341 2048 in
3373 1996 3651 2065 religione

2048 2083 2265 2138 habitus
2327 2083 2620 2138 barbarum
2653 2082 2736 2136 vel
2767 2083 3095 2152 jejuniorum
3139 2083 3391 2137 simulata
3422 2084 3656 2139 humili-

2052 2175 2168 2226 tate
2198 2176 2253 2226 et
2284 2172 2555 2242 religione
2585 2171 2708 2226 dico
2739 2173 3112 2241 angelorum;
3145 2187 3253 2226 non
3285 2170 3431 2226 enim
3473 2171 3650 2244 magis

2048 2259 2279 2313 humiles
2330 2267 2419 2313 aut
2474 2258 2768 2330 religiosos
2817 2275 2875 2313 se
2916 2259 3236 2314 exhiberent
3280 2257 3461 2330 angeli
3509 2258 3649 2328 Dei,

2044 2355 2366 2418 apparentes
2392 2346 2718 2413 hominibus,
2754 2363 2914 2418 quam
2955 2347 3042 2401 isti
3072 2347 3280 2418 pseudo
3308 2347 3375 2401 ad
3404 2346 3642 2403 oculum.

2047 2436 2160 2502 Vel,
2193 2440 2544 2506 angelorum,
2579 2435 2634 2489 id
2663 2443 2743 2490 est
2772 2451 3027 2490 verorum
3075 2436 3514 2506 praedicatorum,
3555 2435 3646 2507 qui

2047 2525 2219 2578 nuntii
2264 2524 2363 2578 Dei
2407 2531 2530 2578 sunt
2574 2523 2642 2578 ad
2672 2523 2954 2594 populum,
3003 2539 3232 2595 quorum
3270 2523 3642 2579 auctoritatem

2045 2613 2135 2667 isti
2189 2613 2396 2684 pseudo
2445 2611 2778 2666 simulatorie
2833 2611 2936 2666 sibi
2983 2619 3266 2682 usurpant.
3317 2613 3513 2678 Nemo,
3553 2611 3642 2666 in-

2048 2717 2231 2772 quam,
2266 2701 2350 2756 vel
2379 2702 2481 2756 hoc
2511 2701 2597 2756 vel
2625 2700 2717 2755 illo
2747 2701 2910 2755 modo
2938 2701 3172 2756 seducat
3202 2718 3310 2766 vos,
3345 2701 3554 2769 volens,
3587 2700 3643 2755 id

2047 2799 2129 2844 est
2160 2806 2365 2855 amans,
2393 2779 2656 2844 etfacere
2696 2788 2750 2842 in
2782 2805 2841 2844 se
2873 2795 2922 2843 et
2970 2789 3124 2844 vobis
3169 2789 3501 2860 persuadere
3551 2803 3636 2856 ea,

2045 2896 2167 2952 qua:
2195 2897 2310 2936 non
2346 2878 2506 2944 vidit,
2544 2877 2598 2931 id
2627 2885 2709 2932 est
2738 2894 2858 2948 quae
2887 2893 3162 2948 nunquam
3201 2876 3482 2942 intellexit,
3517 2876 3640 2948 quia

2046 2966 2254 3040 figuras
2284 2966 2429 3022 videt
2458 2973 2510 3021 et
2538 2965 2818 3020 veritatem
2839 2965 3033 3020 nescit.
3066 2965 3161 3020 Ille
3190 2965 3313 3021 dico
3342 2966 3641 3021 ambulans

2045 3063 2099 3110 et
2127 3056 2184 3110 in
2213 3053 2569 3111 sacramentis
2609 3053 2873 3109 Ecclesia:
2911 3070 3031 3125 quae
3061 3053 3265 3124 recepit
3293 3061 3346 3109 et
3373 3055 3477 3109 hoc
3505 3056 3637 3124 fru-

2045 3147 2186 3200 stra.
2225 3143 2371 3198 Nihil
2401 3143 2546 3198 enim
2573 3141 2649 3196 illi
2680 3141 2924 3212 proderit
2955 3141 3253 3212 baptismus
3283 3141 3376 3213 qui
3411 3141 3640 3196 detrahit

2044 3231 2190 3288 ﬁdei.
2225 3231 2329 3300 Qui
2358 3231 2484 3287 licet
2513 3229 2871 3285 humilitatem
2919 3228 3052 3284 foris
3085 3229 3368 3296 ostendat,
3397 3231 3640 3299 inﬂatus

343 3319 610 3376 Christum
669 3318 843 3390 spolia
891 3333 992 3372 sua
1035 3317 1103 3371 ab
1148 3315 1337 3371 inferis
1380 3317 1678 3371 revexisse.
1727 3317 1938 3386 Exspo-
1967 3289 2014 3350 Ο
2046 3325 2237 3376 tamen
2258 3327 2340 3375 est
2369 3321 2512 3374 intus
2565 3336 2764 3382 sensu,
2794 3319 2942 3390 fquia
2987 3318 3245 3390 gloriatur
3279 3319 3547 3374 subtiliter
3577 3335 3636 3374 se

344 3411 512 3475 lians,
537 3408 779 3479 inquam,
806 3407 1092 3475 traduxit,
1125 3421 1224 3461 ceu
1244 3406 1420 3461 victor
1438 3405 1678 3476 praedam
1712 3419 1810 3473 per
1827 3418 1939 3457 me-

339 3497 460 3553 dios
489 3504 751 3567 raptores,
775 3495 892 3566 ipse
913 3495 1036 3550 dico
1069 3493 1435 3566 triumphans
1455 3495 1583 3550 illos
1607 3491 1939 3563 principatus

337 3585 633 3642 inferorum
661 3584 1030 3654 conﬁdenter,
1062 3583 1117 3638 id
1147 3591 1227 3638 est
1275 3599 1386 3638 non
1424 3581 1619 3637 dubius
1653 3581 1722 3636 de
1751 3580 1940 3635 trium-

336 3677 466 3746 pho.
499 3674 861 3744 Triumphans
889 3672 1033 3738 dico,
1065 3673 1129 3727 in
1149 3673 1469 3744 semetipso,
1500 3686 1610 3726 non
1641 3685 1740 3740 per
1768 3685 1939 3741 ange-

334 3764 466 3830 lum,
517 3763 606 3818 vel
645 3761 942 3833 quemlibet
986 3759 1312 3826 ministrum,
1368 3760 1466 3814 sed
1515 3775 1616 3830 per
1673 3758 1932 3829 seipsum.

337 3850 500 3921 Quod
528 3849 675 3920 (eum
701 3849 912 3906 scilicet
943 3848 1351 3920 triumphasse),
1389 3849 1586 3921 palam
1615 3855 1698 3901 est
1724 3846 1936 3919 angelis

339 3947 392 3995 et
428 3938 758 3994 hominibus.
794 3937 934 4006 Quia
962 3938 1205 3992 Christus
1254 3936 1476 3992 donavit
1503 3935 1686 3991 omnia
1717 3934 1930 3990 delicta.

338 4030 625 4085 Peccatum
651 4026 790 4099 legis
819 4035 870 4082 et
898 4026 1076 4097 legem
1109 4027 1228 4081 tulit
1247 4025 1315 4081 de
1343 4024 1543 4080 medio.
1576 4023 1768 4080 Videte
1797 4039 1934 4096 ergo

335 4131 496 4172 nemo
527 4131 626 4171 vos
655 4114 881 4170 ulterius
931 4114 1149 4170 inducat
1185 4113 1240 4167 in
1288 4113 1495 4184 legem.
1561 4112 1627 4165 Et
1655 4117 1713 4165 ut
1756 4111 1932 4183 magis

336 4205 628 4272 deterreat,
663 4203 737 4259 ait
770 4221 783 4257 :
819 4204 988 4260 Nemo
1027 4219 1117 4259 vos
1127 4202 1369 4273 judicet,
1404 4200 1460 4254 id
1489 4209 1570 4254 est
1597 4199 1758 4254 faciat
1781 4200 1931 4269 judi-

335 4293 556 4363 cabiles,
589 4293 645 4348 id
674 4299 758 4348 est
787 4290 1147 4346 damnabiles.
1179 4289 1403 4345 Judicet
1434 4288 1575 4354 dico,
1613 4288 1658 4342 si
1687 4303 1796 4343 non
1836 4305 1931 4343 re-

335 4382 528 4439 ductos
549 4381 603 4436 in
624 4388 737 4436 tota
757 4379 900 4451 lege,
928 4379 1119 4434 saltem
1135 4378 1191 4431 in
1211 4376 1411 4448 aliquo,
1436 4377 1562 4449 quia
1588 4393 1686 4448 pro
1706 4376 1932 4431 minima

331 4470 622 4526 traditione
671 4467 1082 4524 damnaremini.
1131 4465 1292 4534 Quod
1338 4466 1410 4520 ita
1453 4465 1561 4520 ait:
1610 4466 1785 4521 Nemo
1830 4481 1929 4521 vos

324 4560 534 4631 judicet
555 4561 615 4614 in
643 4559 779 4624 cibo,
813 4555 900 4612 vel
929 4556 1092 4611 vitato
1131 4562 1356 4626 prOpter
1385 4554 1797 4623 immunditiam,
1840 4554 1929 4610 vel

2039 3409 2271 3470 sentire.
2305 3409 2450 3480 quod
2485 3407 2799 3478 simplicitas
2851 3406 3080 3462 aliorum
3129 3422 3323 3478 capere
3370 3423 3479 3462 non
3517 3406 3635 3462 suf-

2038 3497 2219 3564 ﬁciat;
2254 3505 2307 3552 et
2336 3497 2422 3552 hic
2443 3496 2663 3550 morbus
2695 3495 2942 3550 elationis
2963 3495 3196 3550 maxime
3227 3503 3419 3568 regnat
3438 3495 3494 3550 in
3514 3496 3632 3550 hae-

2039 3586 2244 3642 reticis.
2276 3588 2455 3642 Sensu
2483 3585 2604 3640 dico
2637 3585 2829 3640 carnis
2856 3601 3007 3651 suae;
3038 3584 3127 3640 hic
3157 3584 3302 3638 enirn
3330 3585 3630 3639 secundum

2038 3692 2233 3731 sensus
2263 3674 2446 3730 carnis
2469 3673 2676 3742 judicat
2704 3671 2773 3726 de
2813 3671 3061 3744 singulis,
3095 3688 3204 3727 non
3245 3672 3403 3727 aliter
3429 3672 3632 3728 intelli-

2037 3781 2175 3836 gens
2205 3779 2368 3835 quam
2399 3761 2810 3817 subministrant
2839 3760 2889 3816 ei
2932 3761 3075 3816 oculi
3106 3769 3159 3815 et
3205 3776 3365 3816 aures
3413 3761 3628 3830 carnis;

2035 3852 2092 3906 in
2149 3868 2254 3924 quo
2309 3867 2419 3907 non
2473 3849 2725 3906 differunt
2779 3863 2813 3904 a
2868 3849 3030 3904 mutis
3081 3849 3404 3904 animalibus
3437 3892 3450 3916 ,
3507 3867 3629 3922 quae

2035 3941 2200 3996 etiam
2230 3957 2452 3995 sensum
2482 3939 2678 3994 habent
2705 3938 2774 3992 de
2804 3937 2968 3992 rebus
3024 3939 3323 3994 secundum
3354 3938 3500 4010 quod
3540 3938 3627 3994 vi-

2035 4029 2165 4085 dent
2193 4036 2247 4083 et
2275 4028 2521 4083 audiunt.
2555 4028 2795 4096 Inﬂatus
2831 4026 3017 4098 utique
3047 4031 3103 4082 et
3132 4043 3248 4082 non
3289 4031 3489 4083 tenens
3527 4043 3627 4082 ca-

2035 4121 2158 4188 put,
2192 4116 2247 4171 id
2277 4124 2358 4172 est
2388 4133 2496 4172 non
2527 4113 2866 4171 concordans
2909 4114 3070 4185 capiti
3117 4130 3216 4170 suo
3247 4115 3480 4170 Christo.
3532 4114 3627 4170 Ille

2034 4221 2140 4261 non
2165 4213 2309 4260 tenet
2338 4213 2498 4275 caput
2528 4203 2800 4259 Christum
2821 4202 2913 4273 qui
2943 4203 3162 4258 aliunde
3191 4219 3353 4274 quam
3376 4219 3408 4258 a
3427 4203 3622 4274 capite,

2032 4294 2177 4348 unde
2208 4293 2416 4366 vigeat,
2467 4293 2711 4364 requirit,
2765 4301 2818 4349 et
2866 4292 3005 4348 sicut
3043 4291 3345 4346 membrum
3380 4306 3490 4346 non
3544 4297 3628 4346 est

2032 4381 2240 4452 capitis,
2277 4381 2323 4435 si
2351 4381 2568 4436 aliunde
2595 4381 2846 4454 vigorem
2875 4379 3036 4451 capit,
3071 4379 3214 4451 quod
3242 4378 3355 4435 ﬁeri
3396 4377 3582 4450 nequit
3607 4395 3622 4444 ;

2033 4471 2112 4526 sic
2141 4469 2232 4541 qui
2273 4469 2400 4525 fidei
2432 4469 2693 4526 unitatem
2741 4468 3017 4541 relinquit,
3069 4467 3286 4524 Christo
3323 4484 3432 4524 non
3480 4465 3626 4524 valet

2031 4558 2308 4630 conjungi.

331 4655 546 4719 sumpto
575 4653 802 4719 propter
828 4643 1163 4710 munditiam,
1199 4647 1300 4700 aut
1332 4643 1394 4699 in
1423 4647 1582 4716 potu,
1612 4651 1828 4713 sumpto
1857 4643 1931 4698 si-
1956 4642 2010 4702 D
2098 4648 2185 4702 Ea:
2229 4662 2334 4719 quo
2382 4645 2555 4718 capite
2587 4651 2769 4702 totum
2825 4662 3027 4718 corpus
3058 4643 3320 4701 Ecclesiae
3352 4647 3622 4701 constru—

333 4737 533 4793 mililer
553 4735 640 4792 vel
671 4735 859 4800 vitato,
885 4737 987 4788 aut
1014 4734 1078 4787 in
1103 4737 1266 4805 parte
1295 4732 1408 4788 diei
1436 4734 1570 4803 festi
1618 4733 1921 4788 observata.

329 4825 460 4882 Dies
490 4824 660 4880 festus
691 4822 945 4894 quiddam
993 4828 1162 4876 totum
1208 4820 1355 4892 apud
1387 4819 1509 4874 illos
1555 4828 1688 4887 erat,
1738 4827 1924 4891 partes

325 4914 558 4978 habens,
591 4909 956 4976 neomeniam,
993 4909 1306 4974 sabbatum,
1341 4908 1543 4963 exitum
1570 4909 1639 4964 de
1668 4908 1930 4980 Egypto,

329 5001 604 5057 introitum
661 5007 820 5054 terrae
875 4997 1332 5069 repromissionis,
1383 5005 1488 5052 etc.
1534 4997 1690 5053 Unde
1745 4996 1926 5051 subdit

329 5093 433 5146 aut
481 5089 538 5143 in
566 5094 718 5159 parte
773 5087 1102 5150 neomenia,
1153 5085 1210 5141 id
1247 5093 1330 5141 est
1358 5084 1720 5140 innovationis
1755 5085 1919 5152 lunae,

328 5181 430 5234 aut
459 5176 517 5230 in
541 5175 957 5248 participatione
1002 5175 1358 5231 sabbatorum
1379 5219 1392 5239 ,
1425 5191 1545 5246 quae
1579 5173 1752 5229 Judaei
1779 5173 1922 5229 cele-

327 5267 490 5321 brare
519 5271 934 5320 consueverunt.
983 5264 1133 5330 Ideo,
1168 5279 1269 5334 per
1314 5267 1438 5330 aut,
1482 5277 1921 5334 unamquamque

325 5363 540 5427 partem
568 5353 846 5424 disjungit,
898 5360 956 5408 ut
989 5352 1236 5408 ostendat
1265 5352 1358 5408 vel
1396 5351 1675 5406 minimam
1710 5360 1921 5423 partem

326 5442 571 5498 sufﬁcere
598 5443 666 5498 ad
684 5441 1086 5497 damnationem
1115 5440 1481 5497 observantis.
1514 5441 1570 5496 Si
1597 5448 1777 5496 autem
1822 5456 1921 5496 co-

321 5532 564 5604 pulasset
601 5547 701 5604 per
749 5535 823 5601 et,
875 5530 1153 5587 videretur
1199 5547 1294 5602 pro
1337 5529 1588 5585 omnibus
1637 5529 1815 5598 simul,
1844 5537 1922 5592 ,et

321 5637 432 5677 non
461 5636 563 5692 pro
617 5634 726 5675 uno
775 5627 979 5675 tantum
1033 5619 1422 5674 observantem
1462 5618 1721 5688 judicari.
1771 5620 1920 5674 Neos

321 5726 485 5781 nova,
519 5725 677 5768 mene
707 5710 878 5782 lunai;
906 5707 1034 5764 inde
1062 5707 1371 5778 neomenia,
1402 5709 1693 5766 innovatio
1727 5709 1919 5777 lance;

2019 4739 2176 4792 ctum
2202 4752 2304 4807 per
2327 4737 2755 4805 coniunctiones
2774 4733 2900 4789 fidei
2919 4742 2977 4789 ut
2997 4741 3315 4789 caeterarum
3336 4733 3614 4800 virtutum,

2020 4831 2072 4878 et
2091 4824 2591 4880 subministratum
2609 4823 2753 4895 quod
2782 4822 2934 4878 alteri
2973 4821 3412 4877 subministretur
3444 4821 3515 4875 ab
3532 4821 3618 4876 al-

2020 4920 2139 4968 tero
2156 4928 2260 4984 per
2287 4927 2491 4977 nexus,
2520 4911 2576 4966 id
2605 4919 2686 4966 est
2703 4927 2800 4982 per
2829 4911 3166 4978 charitatem,
3187 4927 3308 4982 quae
3331 4910 3512 4966 clavus
3534 4917 3623 4965 est

2023 5009 2076 5056 et
2097 5016 2299 5056 nervus
2327 5007 2656 5057 connectens
2684 5001 2988 5055 membrum
3007 4999 3272 5055 membro.
3308 4999 3458 5055 Sicut
3475 4998 3618 5054 enim

2019 5090 2074 5144 in
2106 5090 2341 5144 humano
2371 5104 2597 5160 corpore
2628 5089 2878 5144 membra
2905 5087 3058 5159 prius
3087 5095 3427 5157 constructa,
3452 5087 3507 5142 id
3537 5095 3625 5142 est

2023 5177 2185 5232 simul
2231 5186 2578 5250 congregata,
2637 5177 2683 5232 si
2738 5193 2847 5233 non
2887 5178 3364 5250 conjungerentur,
3423 5176 3478 5230 id
3534 5183 3625 5230 est

2018 5267 2439 5338 unumquodque
2468 5267 2589 5322 loco
2619 5282 2717 5321 suo
2749 5273 3038 5337 aptaretur,
3080 5265 3197 5320 sine
3225 5265 3407 5320 nervis
3435 5265 3618 5320 adhuc

2020 5356 2249 5410 alterum
2277 5355 2584 5410 membrum
2613 5369 2722 5410 non
2758 5361 3082 5425 sequeretur
3117 5353 3377 5420 alterum;
3413 5360 3465 5408 et
3494 5352 3618 5407 ideo

2017 5451 2228 5514 oportet
2257 5451 2313 5498 ut
2358 5445 2646 5513 conjuncta
2692 5443 2939 5498 membra
2982 5442 3166 5497 nervis
3205 5449 3614 5508 connectantur,

2021 5540 2074 5586 et
2102 5540 2230 5588 tunc
2275 5533 2494 5586 tandem
2536 5532 2768 5586 alterum
2804 5531 2960 5585 alteri
3009 5530 3418 5596 subministrat;
3451 5529 3530 5584 sic
3560 5529 3616 5582 in

2021 5636 2252 5691 corpore
2307 5620 2572 5675 Ecclesia:
2623 5635 2724 5674 nos
2781 5619 2993 5675 diversa
3054 5619 3295 5673 membra
3343 5618 3398 5672 in
3444 5633 3613 5671 unum

2018 5708 2401 5776 construimur,
2436 5717 2489 5764 et
2517 5715 2858 5780 congregata
2887 5707 3188 5763 secundum
3226 5706 3615 5763 discretionem
