3932 6412
193 408 286 462 389
806 401 1184 461 EXPOSITIO
1242 402 1318 458 IN
1370 400 1753 459 EPISTOLAS
1805 396 2035 454 PAULI.
2065 425 2135 436 —
2175 395 2250 450 IN
2304 395 2525 452 EPIST.
2584 395 2679 451 AD
2719 393 2882 451 COL.

3406 392 3510 446 390

205 530 473 597 virtutum,
525 529 914 601 conjungimur
977 545 1079 600 per
1126 527 1307 596 fidem,
1360 535 1464 584 etc.
1518 527 1628 582 Sed
1679 525 1806 597 quia
1832 521 2054 586 Aserio
2107 519 2359 576 dicantur
2389 536 2422 574 a
2450 519 2638 588 Paulo,
2674 519 2796 575 sic:
2830 517 2966 587 Quae
3011 515 3197 573 dicunt
3246 514 3515 570 rationem

205 619 435 675 nondum
486 617 726 674 alterum
776 618 1088 690 colligatum
1138 625 1218 672 est
1267 617 1444 685 alteri,
1487 614 1806 672 necessaria

209 715 286 763 est
311 707 547 772 dilectio,
585 723 696 779 quo
725 707 878 763 clavo
921 721 1169 762 connexa
1196 710 1570 760 membrorum
1617 704 1806 759 diver-

177 819 182 824 δ
210 796 331 850 sitas
360 796 464 850 sibi
493 795 733 851 invicem
755 795 1082 850 cohazrendo
1104 794 1424 848 subserviat.
1461 794 1690 864 Corpus,
1724 791 1807 844 in-

209 900 381 956 quam,
403 885 482 939 sic
502 888 898 940 constructum
928 886 985 938 et
1006 884 1509 938 subministratum
1530 881 1733 936 crescit
1755 887 1807 934 et

211 988 437 1028 numero
485 973 877 1038 membrorum,
910 979 964 1026 et
1010 971 1348 1027 incremento
1395 970 1668 1033 virtutum,
1701 969 1806 1023 do-

208 1076 302 1117 nec
330 1061 517 1116 veniat
543 1063 609 1116 in
641 1064 1017 1132 augmentum
1046 1061 1167 1125 Dei,
1199 1059 1255 1114 id
1285 1066 1367 1114 est
1397 1073 1683 1129 usquequo
1713 1073 1809 1112 au-

207 1158 390 1220 geatur
438 1149 495 1204 in
541 1165 860 1204 mensuram
905 1163 1068 1220 quam
1116 1149 1263 1203 Deus
1306 1147 1606 1218 pr0posuit,
1641 1147 1694 1200 id
1725 1153 1807 1200 est

205 1237 376 1294 donec
403 1237 695 1308 impleatur
724 1253 982 1292 numerus
1030 1236 1283 1301 fratrum,
1315 1235 1504 1290 ultimo
1528 1236 1676 1304 justo
1706 1251 1807 1305 ap-

205 1327 402 1397 posito.
435 1327 593 1383 Nunc
621 1326 1008 1398 aliquantulum
1041 1341 1235 1396 aspere
1265 1325 1539 1380 invehitur
1558 1325 1612 1378 in
1644 1340 1810 1394 quos-

205 1417 320 1470 dam
351 1431 550 1471 eorum
580 1415 673 1486 qui
697 1416 812 1484 jam
859 1414 1214 1485 incipiebant,
1249 1421 1299 1468 et
1332 1413 1379 1468 si
1408 1428 1517 1468 non
1563 1411 1801 1483 operari,

207 1505 401 1559 saltem
448 1504 632 1559 animo
681 1503 991 1559 consentire
1040 1511 1094 1558 et
1137 1503 1454 1558 discernere
1498 1501 1742 1557 dicentes
1790 1517 1804 1554 :

205 1592 390 1661 Quare
420 1593 618 1648 melius
649 1609 1011 1664 sequeremur
1049 1592 1170 1646 illos
1215 1607 1378 1662 quam
1405 1591 1540 1646 istos
1562 1591 1590 1646 ?
1619 1599 1670 1645 et
1702 1591 1806 1644 hu-

197 1682 455 1750 jusmodi.
491 1681 646 1738 Unde
678 1681 758 1737 sic
787 1681 860 1735 ait
893 1699 907 1736 :
941 1679 1082 1749 Quia
1110 1696 1211 1752 per
1249 1680 1523 1735 Christum
1552 1687 1664 1734 tota
1692 1679 1806 1734 Ec-

203 1770 361 1826 clesia
380 1773 591 1827 crescit
615 1772 678 1826 in
699 1774 1068 1841 augmentum
1093 1771 1208 1835 Dei,
1225 1785 1388 1840 quare
1409 1769 1576 1841 igitur
1598 1768 1808 1823 discer-

203 1861 340 1915 nitis
369 1860 530 1930 quasi
569 1859 720 1913 dubii
748 1859 834 1914 cui
862 1859 1144 1914 adhaerere
1191 1857 1454 1922 debeatis,
1490 1857 1704 1911 Christo
1735 1871 1803 1910 an
1823 1887 1876 1948 Β

203 1947 309 2019 legi
335 1948 362 2002 ?
391 1948 510 2004 Sed
538 1948 816 2019 praemittit
855 1963 1021 2019 quare
1051 1963 1162 2002 non
1206 1947 1440 2002 debeant
1468 1945 1800 2010 discernere,

205 2036 388 2092 dicens
425 2054 442 2092 :
482 2037 541 2093 Si
563 2053 660 2091 vos
682 2038 818 2092 estis
842 2037 1058 2092 mortui
1094 2052 1224 2091 cum
1250 2035 1489 2102 Christo,
1511 2034 1636 2106 quia
1655 2050 1805 2088 mors

204 2124 399 2180 Christi
429 2133 656 2196 operata
677 2133 762 2180 est
792 2125 847 2178 in
875 2125 1031 2181 vobis
1054 2132 1281 2180 mortem
1313 2123 1520 2194 peccati
1544 2141 1557 2188 ;
1589 2123 1806 2179 mortui

199 2212 320 2270 dico
349 2215 419 2270 ab
452 2215 774 2279 elementis,
807 2213 929 2285 quia
978 2213 1131 2284 prius
1170 2212 1458 2279 elementa,
1493 2211 1684 2281 solem,
1717 2211 1804 2265 lu-

203 2319 344 2368 nam,
378 2311 435 2358 et
469 2310 671 2358 caetera
718 2302 1003 2368 colebatis,
1036 2301 1180 2374 quod
1223 2301 1369 2356 idem
1414 2301 1610 2368 facitis,
1643 2301 1690 2355 si
1718 2299 1803 2356 le-

198 2408 322 2463 gem
365 2400 604 2462 accepta
650 2390 828 2464 gratia
875 2391 1106 2456 tenetis;
1149 2390 1415 2446 elementa
1463 2389 1587 2446 dico
1634 2390 1802 2460 hujus

197 2482 415 2546 mundi,
471 2480 595 2552 quia
641 2489 694 2534 et
741 2479 1001 2534 mundani
1048 2478 1140 2550 qui
1186 2479 1388 2544 colunt,
1435 2485 1488 2534 et
1533 2479 1804 2533 mundana

197 2577 320 2624 sunt
350 2585 480 2640 quae
507 2568 763 2626 coluntur
787 2583 800 2622 :
823 2569 892 2638 si,
915 2567 1156 2640 inquam,
1186 2568 1401 2623 mortui
1429 2568 1566 2623 estis
1597 2568 1664 2622 ab
1690 2568 1804 2623 ele-

197 2659 428 2727 mentis,
466 2657 618 2730 quod
645 2673 750 2714 nec
779 2657 1055 2728 respirare
1084 2656 1156 2712 ad
1183 2657 1379 2711 horum
1409 2656 1676 2712 culturam
1707 2656 1803 2711 de-

200 2747 356 2812 betis,
377 2748 538 2820 quid,
564 2746 621 2801 id
641 2754 724 2802 est
744 2763 930 2818 quare,
955 2745 1138 2802 adhuc
1170 2749 1443 2818 tanquam
1464 2746 1714 2801 viventes
1740 2747 1804 2800 in

197 2837 426 2902 mundo,
479 2835 541 2890 id
597 2842 680 2890 est
733 2834 1020 2890 carnaliter
1078 2834 1217 2890 sicut
1272 2833 1422 2905 prius
1480 2833 1536 2888 in
1598 2834 1803 2889 cultura

196 2925 378 2979 mundi
407 2924 763 2989 discernitis,
795 2923 1037 2979 dicentes
1067 2939 1139 2979 ne
1189 2923 1493 2994 tetigeritis
1523 2922 1755 2979 cadaver
1774 2921 1802 2977 τ

196 3013 280 3068 vel
325 3012 666 3082 hujusmodi,
701 3011 962 3084 quidquid
991 3011 1080 3066 lex
1125 3011 1375 3082 prohibet
1421 3027 1491 3066 ne
1519 3018 1797 3083 tangatur.

191 3102 371 3174 Neque
401 3101 777 3173 gustaveritis
804 3116 1032 3172 porcum
1055 3101 1084 3155 ?
1113 3099 1201 3155 vel
1228 3099 1432 3171 aliquid
1464 3099 1798 3168 hujusmodi.

193 3191 374 3263 Neque
394 3190 896 3246 contrectaveritis
919 3205 1039 3261 qua
1058 3189 1264 3245 scilicet
1278 3196 1502 3260 tangere
1516 3204 1626 3243 non
1637 3187 1802 3244 licet?

1908 610 2161 664 videntur
2189 609 2412 676 habere,
2436 609 2533 664 sed
2563 609 2750 679 utique
2779 623 2890 662 non
2920 606 3142 660 habent.
3178 603 3313 672 Quae
3344 603 3510 658 etiam

1907 706 2033 752 sunt
2063 699 2135 754 ad
2165 715 2280 754 non
2306 704 2656 770 parcendum
2687 697 2925 768 corpori,
2951 703 3003 750 et
3030 694 3250 749 stultum
3268 700 3348 748 est
3372 700 3430 747 ut
3460 691 3518 746 in

1909 803 2017 858 quo
2047 788 2307 842 damnant
2334 786 2587 851 animam,
2623 785 2839 855 corpori
2883 783 3074 838 saltem
3105 798 3215 837 non
3252 789 3504 853 parcant.

1910 875 2044 943 Quae
2066 875 2222 930 etiam
2253 892 2369 932 non
2400 883 2524 929 sunt
2552 877 2614 930 in
2646 874 2858 930 honore
2888 874 3095 945 aliquo.
3120 873 3259 926 Dum
3283 869 3426 925 enim
3444 869 3516 923 ti-

1908 963 1996 1019 dei
2027 964 2225 1019 Christi
2275 964 2457 1037 legem
2502 961 2659 1034 quasi
2704 960 3076 1018 necessariam
3125 967 3423 1031 apponunt,
3457 957 3515 1013 in

1907 1053 2013 1109 hoc
2044 1054 2388 1108 dehonorant
2417 1054 2612 1107 Deum.
2646 1051 2823 1106 David
2850 1050 3014 1106 etiam
3045 1057 3099 1105 et
3128 1049 3265 1103 alios
3295 1054 3516 1103 sanctos

1910 1141 2003 1214 qui
2032 1142 2086 1196 in
2117 1141 2242 1214 lege
2292 1141 2496 1196 nullam
2523 1140 2778 1196 dixerunt
2806 1155 2930 1194 esse
2972 1138 3250 1207 justitiam,
3279 1136 3516 1192 inhono-

1908 1237 2063 1297 rant,
2123 1230 2250 1284 dum
2304 1230 2486 1302 legem
2535 1237 2875 1300 apponentes
2933 1226 3080 1291 ﬁdei,
3138 1225 3518 1282 contradicunt

1909 1335 2098 1375 eorum
2131 1318 2476 1374 testimoniis.
2510 1317 2644 1387 Quae
2666 1319 2830 1372 etiam
2851 1332 2960 1372 non
2982 1323 3106 1370 sunt
3136 1314 3207 1371 ad
3237 1316 3516 1370 saturita-

1911 1412 2026 1464 tem
2056 1410 2270 1464 carnis.
2302 1407 2571 1462 Extremas
2594 1414 2777 1462 autem
2808 1413 2891 1462 est
2907 1404 3176 1471 amentiae,
3201 1411 3259 1458 ut
3287 1403 3517 1459 damne-

1908 1513 2030 1552 mus
2062 1497 2322 1566 animam,
2357 1513 2580 1553 carnem
2608 1495 2874 1569 aﬁligere.

2534 1691 2759 1748 CAPUT
2785 1691 2879 1747 ΙΙΙ.

1984 1876 2005 1902 ιι
2044 1853 2214 1926 Igitur
2243 1853 2289 1909 si
2318 1855 2797 1910 conresurrexistis
2827 1871 2951 1910 cum
2972 1855 3202 1926 Christo,
3237 1873 3360 1928 quae
3391 1873 3517 1912 sur-

1910 1964 1931 1988 «
1968 1958 2089 1996 sum
2120 1949 2245 1996 sunt
2273 1943 2518 2014 quzerite,
2551 1943 2644 1997 ubi
2676 1943 2925 1998 Christus
2956 1951 3038 1998 est
3067 1943 3123 1998 in
3165 1945 3386 2000 dextera
3413 1946 3518 2001 Dei

1910 2052 1931 2077 α
1967 2031 2205 2097 sedens;
2240 2047 2361 2102 quae
2404 2048 2620 2086 sursum
2665 2040 2796 2087 sunt
2832 2032 3028 2103 sapite,
3061 2048 3172 2087 non
3201 2049 3322 2104 qum
3352 2050 3518 2105 super

1911 2141 1932 2165 ιι
1967 2127 2188 2175 terram.
2221 2120 2417 2175 Mortui
2447 2121 2592 2175 enim
2641 2120 2793 2186 estis,
2825 2129 2876 2176 et
2907 2121 3017 2177 vita
3067 2130 3250 2177 vestra
3275 2122 3515 2178 abscon-

1910 2230 1931 2255 ιι
1966 2207 2076 2263 dita
2105 2216 2188 2263 est
2217 2224 2341 2264 cum
2387 2209 2605 2264 Christo
2651 2209 2706 2264 in
2756 2211 2894 2265 Deo.
2945 2210 3080 2265 Cum
3129 2217 3308 2266 autem
3351 2211 3514 2266 Chri-

1909 2318 1931 2343 ιι
1964 2305 2079 2352 stus
2107 2297 2440 2368 apparuerit,
2473 2298 2579 2353 vita
2609 2307 2812 2364 vestra,
2845 2307 2973 2354 tunc
3003 2306 3057 2354 et
3086 2314 3184 2354 vos
3215 2299 3513 2370 apparebi-

1909 2407 1931 2432 α
1967 2384 2033 2441 tis
2063 2402 2186 2441 cum
2214 2387 2334 2457 ipso
2375 2387 2430 2440 in
2479 2387 2678 2458 gloria.
2734 2386 3058 2443 Mortiﬁcate
3105 2404 3242 2460 ergo
3271 2389 3515 2444 membra

1910 2482 2168 2544 «vestra,
2219 2491 2340 2546 qua
2388 2483 2513 2531 sunt
2561 2491 2726 2546 super
2781 2483 3002 2532 terram.
3054 2476 3512 2541 Fornicationem.

1909 2562 2378 2632 «immunditiam,
2447 2563 2752 2631 libidinem,
2823 2565 3325 2636 concupiscentiam
3390 2582 3514 2622 ma-

1910 2673 1932 2699 α
1966 2651 2098 2720 lam,
2130 2660 2183 2707 et
2211 2652 2494 2707 avaritiam
2527 2653 2749 2724 (Ephes.
2782 2669 2838 2722 v,
2871 2653 2952 2725 3.)
2983 2669 3106 2725 qum
3152 2660 3235 2708 est
3283 2654 3513 2711 simula-

1909 2763 1930 2788 α
1967 2756 2184 2797 crorum
2226 2740 2542 2813 [idolorum]
2595 2742 2872 2809 servitus;
2925 2751 3154 2814 propter
3199 2759 3320 2815 quae
3368 2744 3515 2800 venit

1909 2828 2043 2883 «ira
2073 2829 2174 2884 Dei
2223 2846 2392 2901 super
2431 2827 2573 2884 ﬁlios
2618 2828 2930 2886 difﬁdentiae
2975 2829 3411 2904 [incredulitatis]
3458 2832 3516 2888 in

1908 2939 1930 2965 ι
1968 2917 2162 2989 quibus
2191 2925 2244 2972 et
2275 2933 2372 2974 vos
2404 2918 2724 2973 ambulastis
2773 2918 3086 2991 aliquando,
3120 2935 3245 2975 cum
3291 2919 3513 2976 vivere-

1909 3029 1931 3053 α
1960 3005 2030 3061 tis
2060 3007 2116 3062 in
2157 3006 2284 3061 illis.
2333 3007 2492 3062 Nunc
2543 3015 2720 3062 autem
2763 3007 3019 3078 deponite
3061 3015 3117 3064 et
3161 3025 3261 3064 vos
3305 3009 3508 3080 omnia,

1909 3117 1931 3141 «
1967 3095 2136 3161 iram,
2205 3095 2660 3166 indignationem,
2727 3096 3018 3164 malitiam,
3091 3096 3508 3169 blasphemiam,

1909 3206 1930 3230 «
1968 3191 2178 3255 turpem
2227 3200 2540 3240 sermonem
2569 3184 2638 3240 de
2674 3200 2768 3241 ore
2816 3193 3018 3241 vestro.
3068 3186 3249 3242 Nolite
3291 3187 3510 3243 mentiri

190 3286 244 3334 ut
274 3287 402 3334 sunt
427 3278 690 3351 pudenda
710 3286 1069 3344 contrectare,
1090 3295 1213 3350 qua:
1233 3279 1427 3333 omnia
1456 3281 1596 3334 sunt
1625 3279 1690 3334 in
1711 3279 1800 3332 in-
1823 3245 1871 3306 Ο
1906 3295 1928 3321 α
1963 3273 2218 3340 invicem,
2253 3273 2618 3345 exspoliantes
2662 3290 2760 3330 vos
2788 3283 3032 3330 veterem
3074 3275 3351 3331 hominem
3384 3293 3508 3332 cum

194 3369 454 3433 teritum,
487 3367 551 3422 id
581 3375 665 3422 est
693 3374 981 3438 operantur
1007 3366 1436 3422 damnationem.
1467 3367 1593 3421 Non
1618 3373 1800 3421 tamen

190 3456 359 3512 semel
389 3455 566 3522 facta,
598 3455 698 3510 sed
725 3457 846 3528 ipso
874 3472 1002 3523 usu,
1034 3455 1089 3510 id
1130 3463 1231 3526 est,
1265 3455 1312 3510 si
1343 3455 1466 3526 quis
1511 3455 1800 3528 negligens

189 3545 512 3601 traditiones
571 3543 748 3617 legis,
800 3545 916 3600 haec
973 3545 1029 3598 in
1083 3560 1186 3599 usu
1237 3543 1476 3600 283
1524 3544 1797 3599 habuerit.

262 3631 426 3703 Quod
457 3633 588 3690 dico
619 3649 683 3688 ea
711 3648 834 3688 esse
861 3633 924 3688 in
969 3634 1295 3699 interitum,
1324 3632 1429 3688 hoc
1458 3647 1569 3688 non
1598 3647 1800 3688 secun-

190 3723 314 3778 dum
329 3739 440 3789 me,
459 3723 562 3778 sed
584 3722 894 3778 secundum
916 3725 1205 3795 praecepta
1224 3725 1282 3777 et
1309 3722 1599 3777 doctrinas
1622 3720 1800 3777 homi-

191 3827 352 3877 num,
387 3811 443 3866 id
475 3820 562 3867 est
598 3810 908 3866 humaniter
954 3810 1279 3882 sapientium
1327 3809 1471 3866 dico.
1519 3811 1802 3881 Praecepta

189 3908 363 3965 vocat,
398 3900 553 3973 quod
576 3899 697 3955 solo
725 3899 952 3970 imperio
999 3898 1328 3955 auctoritatis
1357 3915 1472 3955 suae
1499 3898 1800 3969 compelle-

191 3987 322 4043 bant
352 3990 463 4045 hoc
494 3988 703 4044 facere.
737 3987 1046 4055 Doctrinas,
1071 3987 1291 4059 quando
1321 3987 1532 4059 aliquas
1560 3987 1802 4043 rationes

189 4077 255 4132 ad
282 4077 647 4148 probandum
675 4076 822 4148 quod
855 4076 1159 4132 suadebant
1201 4075 1527 4132 videbantur
1554 4075 1800 4131 adduce-

191 4181 267 4221 re.
301 4167 436 4222 Haec
476 4173 611 4221 sunt
656 4173 924 4236 praecepta
964 4165 1266 4233 hominum,
1301 4181 1423 4237 quae
1465 4164 1629 4220 etiam
1679 4172 1803 4220 sunt

193 4253 486 4322 habentia,
515 4254 576 4310 id
610 4262 694 4310 est
721 4254 972 4309 videntur
995 4254 1220 4321 habere,
1253 4256 1536 4310 rationem
1578 4253 1802 4326 quidem

191 4345 519 4415 sapientiae,
545 4357 581 4398 a
605 4358 710 4414 qua
741 4342 903 4414 longe
933 4343 1172 4399 discreta
1193 4350 1337 4397 sunt.
1369 4342 1652 4397 Rationem
1681 4341 1804 4397 dico

191 4429 447 4488 habentia
479 4433 548 4488 in
581 4434 1007 4504 superstitione.
1041 4431 1361 4502 Superstitio
1407 4430 1624 4496 dicitur,
1656 4447 1803 4487 verae

189 4520 440 4592 religioni
471 4520 839 4592 superaddita
866 4520 1008 4575 falsa
1036 4520 1252 4592 religio.
1285 4519 1351 4574 Hi
1379 4527 1559 4575 autem
1590 4519 1682 4592 qui
1707 4535 1801 4575 ac-

1907 3384 1928 3409 u
1964 3362 2173 3418 actibus
2216 3363 2349 3428 suis,
2385 3371 2437 3418 et
2477 3363 2766 3418 induentes
2817 3379 3020 3419 novum
3051 3364 3274 3436 (Ephes.
3310 3381 3387 3432 vr,
3417 3366 3512 3436 23)

1907 3472 1929 3497 α
1965 3444 2091 3506 ειιηὶ
2119 3450 2210 3522 qui
2261 3459 2559 3507 renovatur
2589 3451 2646 3506 in
2693 3452 3028 3525 agnitionem
3076 3453 3178 3520 Dei
3209 3454 3511 3510 secundum

1908 3561 1929 3586 α
1963 3539 2255 3610 imaginem
2285 3540 2421 3609 ejus,
2457 3539 2551 3612 qui
2581 3541 2782 3596 creavit
2811 3557 2938 3596 eum
2984 3540 3077 3595 ubi
3104 3557 3214 3596 non
3254 3550 3336 3597 est
3366 3559 3510 3614 gen-

1907 3650 1928 3675 «
1963 3627 2072 3682 tilis
2114 3636 2167 3684 et
2207 3629 2448 3698 Judaius,
2491 3629 2839 3686 circumcisio
2889 3637 2942 3685 et
2988 3630 3314 3701 praeputium
3363 3631 3509 3703 [ma-

1906 3739 1927 3764 ει
1965 3716 2148 3772 sculus
2179 3725 2232 3772 et
2279 3717 2520 3791 femina],
2555 3719 2826 3774 barbarus
2858 3726 2911 3774 et
2958 3719 3176 3790 Scytha,
3214 3736 3407 3776 servus
3456 3729 3513 3777 et

1907 3827 1929 3854 «ι
1963 3805 2120 3874 liber,
2167 3806 2265 3862 sed
2313 3807 2496 3862 omnia
2527 3815 2580 3862 et
2607 3808 2663 3862 in
2691 3808 2947 3864 omnibus
2996 3808 3264 3864 Christus.
3299 3809 3512 3867 Induite

1906 3915 1928 3945 α
1966 3909 2066 3950 vos
2095 3910 2230 3966 ergo
2280 3895 2419 3952 sicut
2448 3895 2610 3952 electi
2656 3896 2757 3952 Dei
2804 3897 3024 3970 (Ephes.
3056 3913 3134 3964 γι,
3169 3899 3280 3970 11),
3314 3899 3507 3966 sancti,

1908 4004 1929 4030 α
1964 3990 2018 4039 et
2047 3983 2230 4040 dilecti
2268 3983 2484 4040 viscera
2512 3985 2928 4053 misericordia),
2956 3986 3368 4058 benignitatem,
3400 3989 3510 4043 hu-

1907 4093 1930 4119 α
1964 4072 2267 4139 militatem,
2317 4073 2664 4143 modestiam,
2730 4075 3066 4146 patientiam,
3121 4084 3510 4148 supportantes

1907 4181 1930 4211 ι
1965 4161 2200 4217 invicem
2229 4169 2283 4216 et
2311 4161 2580 4217 donantes
2608 4163 3016 4235 vobismetipsis
3043 4183 3056 4231 ;
3092 4164 3138 4219 si
3160 4165 3282 4237 quis
3310 4166 3508 4222 adver-

1907 4266 2057 4304 «sus
2105 4249 2344 4321 aliquem
2387 4251 2552 4306 habet
2611 4253 2912 4322 querelam,
2957 4253 3096 4309 sicut
3141 4261 3194 4310 et
3243 4253 3510 4311 Dominus

1907 4359 1929 4385 α
1965 4337 2188 4394 donavit
2217 4338 2393 4405 vobis,
2419 4338 2489 4393 ita
2519 4347 2572 4395 et
2587 4355 2705 4396 vos.
2738 4339 2917 4412 Super
2937 4342 3122 4397 omnia
3157 4351 3338 4398 autem
3365 4345 3506 4412 haec,

1906 4451 1927 4475 ‹‹
1965 4427 2284 4484 charitatem
2317 4426 2414 4499 [aL
2453 4428 2580 4484 add.
2615 4429 2949 4502 continuam]
2987 4431 3205 4498 habete,
3239 4433 3386 4503 quod
3425 4443 3512 4489 est

1909 4538 1930 4563 ιι
1963 4515 2241 4572 vinculum
2286 4515 2658 4587 perfectionis.
2699 4518 2768 4572 Et
2812 4534 2919 4590 pax
2949 4518 3145 4574 Christi
3193 4521 3424 4576 exsultet
3450 4521 3510 4578 in

187 4618 354 4680 cepta:
386 4609 520 4666 fidei
561 4609 748 4682 legem
796 4609 1251 4681 superaddebant,
1285 4609 1481 4664 merito
1529 4603 1873 4679 supersti-D
1906 4626 1928 4652 α
1964 4605 2224 4660 cordibus
2270 4605 2506 4672 vestris;
2542 4606 2596 4661 in
2639 4623 2745 4679 qua
2793 4615 2846 4663 et
2888 4608 3066 4664 vocati
3112 4608 3244 4664 estis
3289 4609 3344 4664 in
3394 4627 3506 4668 uno

187 4698 305 4752 tiosi
317 4699 604 4755 dicuntur.
630 4699 696 4753 In
716 4698 1120 4769 superstitione
1142 4697 1264 4754 dico
1286 4701 1345 4752 et
1363 4697 1696 4752 humilitate
1717 4696 1800 4752 fo-

186 4785 260 4840 ris
289 4786 572 4857 simulata,
607 4786 863 4842 videntur
905 4787 1173 4842 rationem
1201 4786 1427 4841 habere.
1473 4784 1608 4854 Quae
1638 4785 1798 4841 etiam

188 4884 307 4930 sunt
326 4876 643 4932 secundum
669 4874 834 4930 verba
854 4891 1040 4930 eorum
1055 4875 1128 4930 ad
1146 4892 1264 4930 non
1291 4874 1640 4947 parcendum
1669 4890 1798 4931 cor-

182 4967 322 5035 pori.
356 4965 564 5022 Dicunt
597 4963 746 5019 enim
775 4980 876 5020 nos
903 4980 1013 5020 non
1041 4972 1230 5020 tenere
1257 4963 1460 5035 legem,
1484 4971 1544 5019 ut
1571 4963 1798 5019 liberius

187 5051 578 5127 indulgeamus
602 5052 762 5107 nobis
793 5053 846 5106 in
877 5052 962 5108 his
983 5069 1105 5124 quae
1127 5053 1372 5123 jucunda
1399 5061 1524 5108 sunt
1554 5051 1794 5124 corpori,

187 5155 244 5195 se
270 5151 454 5197 autem
486 5157 648 5198 more
678 5140 820 5213 legis
849 5141 949 5197 Dei
976 5141 1122 5197 nolle
1152 5157 1379 5214 parcere
1399 5141 1638 5213 corpori.
1663 5141 1799 5210 Qum

188 5231 341 5286 etiam
369 5249 491 5288 non
523 5238 658 5286 sunt
687 5229 794 5285 illis
822 5231 885 5286 in
931 5230 1140 5288 honore
1185 5232 1392 5305 aliquo.
1428 5230 1624 5286 Dicunt
1653 5230 1798 5286 enim

188 5334 242 5374 se
270 5321 390 5377 ideo
421 5319 737 5376 secundum
785 5318 966 5393 legem
997 5319 1270 5375 humiliari
1318 5319 1441 5392 quia
1488 5335 1599 5375 non
1641 5335 1798 5391 quaa-

186 5418 297 5464 runt
334 5407 607 5465 honorari
643 5422 677 5462 a
702 5407 904 5479 populo
952 5408 1092 5464 sicut
1137 5424 1277 5473 nos;
1308 5425 1430 5479 quae
1475 5408 1640 5464 etiam
1689 5423 1799 5463 non

186 5507 302 5552 sunt
329 5499 438 5554 illis
462 5499 539 5554 ad
568 5498 950 5553 saturitatem
978 5499 1192 5553 carnis.
1225 5497 1422 5552 Dicunt
1452 5497 1596 5553 enim
1627 5514 1709 5564 se,
1742 5504 1801 5552 ut

183 5584 354 5658 legem
383 5589 712 5652 observent,
745 5586 886 5642 velle
914 5602 1194 5643 macerare
1225 5602 1467 5654 carnem,
1490 5594 1543 5642 et
1571 5601 1673 5642 nos
1702 5586 1799 5641 de-

180 5683 381 5732 struere
414 5677 607 5750 legem
648 5682 706 5728 ut
737 5675 805 5731 de
835 5675 1088 5732 omnibus
1119 5675 1281 5731 liceat
1300 5675 1635 5749 ingurgitare
1667 5690 1800 5730 ven-

180 5770 330 5822 trem.
362 5766 463 5823 νει
495 5764 685 5833 aliter,
705 5771 765 5819 ut
793 5779 903 5821 non
936 5763 1010 5822 ad
1039 5764 1389 5838 parcendum
1417 5764 1659 5838 corpori,
1688 5769 1795 5820 etc.

1903 4717 1926 4742 οι
1964 4709 2215 4765 corpore,
2251 4703 2304 4750 et
2329 4695 2472 4767 grati
2518 4702 2712 4752 estote.
2760 4696 3000 4752 Verbum
3050 4696 3252 4753 Christi
3300 4699 3506 4756 habitet

1904 4803 1927 4834 ι
1959 4783 2016 4839 in
2044 4784 2204 4840 vobis
2249 4785 2606 4855 abundanter,
2640 4785 2696 4840 in
2725 4786 2874 4841 omni
2927 4787 3196 4858 sapientia
3243 4771 3508 4845 docentes

1903 4893 1926 4924 ι
1962 4880 2016 4928 et
2042 4882 2451 4930 commonentes
2499 4875 2886 4946 vosmetipsos,
2919 4875 2974 4930 in
3003 4875 3229 4947 psalmis
3258 4884 3310 4933 et
3342 4876 3507 4950 hym-

1903 4984 1924 5009 α
1959 4961 2044 5017 nis
2090 4970 2144 5018 et
2192 4963 2415 5019 canticis
2459 4963 2854 5035 spiritualibus,
2899 4965 2956 5020 in
3001 4965 3177 5037 gratia
3223 4973 3507 5024 cantantes

1903 5072 1926 5101 «
1962 5051 2016 5106 in
2048 5051 2306 5107 cordibus
2338 5052 2537 5109 vestris
2575 5055 2712 5110 Deo.
2746 5053 2922 5110 Omne
2971 5055 3337 5129 quodcunque
3367 5055 3508 5113 faci-

1903 5162 1925 5188 ε
1960 5140 2027 5195 tis
2056 5139 2112 5195 in
2141 5141 2311 5198 verbo
2359 5151 2454 5197 aut
2480 5142 2535 5197 in
2574 5157 2762 5214 opere,
2796 5143 2977 5199 omnia
3016 5145 3073 5200 in
3118 5146 3340 5202 nomine
3386 5146 3506 5203 Do-

1903 5249 1926 5280 «
1959 5228 2094 5284 mini
2122 5230 2291 5285 nostri
2337 5231 2467 5286 Jesu
2519 5231 2739 5299 Christi,
2769 5231 2971 5304 gratias
3020 5243 3250 5307 agentes
3295 5236 3412 5291 Deo
3452 5243 3509 5292 et

1904 5340 1925 5365 α
1963 5317 2101 5373 Patri
2130 5335 2231 5390 per
2273 5319 2452 5390 ipsum
2482 5321 2536 5389 (I
2561 5321 2682 5377 Cor.
2714 5336 2776 5388 χ,
2810 5322 2922 5394 31).
2973 5323 3245 5390 Mulieres,
3279 5324 3508 5380 subditae

1903 5428 1926 5457 α
1963 5415 2136 5463 estote
2179 5407 2331 5478 viris,
2367 5408 2504 5465 sicut
2535 5418 2769 5480 aportet,
2802 5410 2859 5465 in
2904 5411 3136 5468 Domino
3185 5413 3409 5485 (Ephes.
3447 5429 3506 5483 ν,

1903 5519 1924 5544 α
1960 5500 2066 5563 22;
2101 5498 2130 5552 Ι
2157 5499 2314 5553 Petr.
2348 5513 2431 5568 ιη,
2465 5500 2537 5569 1).
2574 5499 2706 5566 Viri,
2723 5499 2935 5571 diligite
2964 5517 3166 5557 uxores
3193 5510 3426 5569 vestras,
3453 5511 3509 5559 et

1902 5605 1925 5635 ι
1962 5585 2129 5640 nolite
2171 5586 2342 5642 amari
2389 5603 2512 5642 esse
2542 5587 2613 5641 ad
2657 5587 2798 5642 illas.
2835 5587 3081 5646 284
3112 5590 3254 5658 Filii,
3287 5591 3510 5646 obedite

1902 5694 1925 5724 ε
1958 5674 2272 5745 parentibus
2319 5691 2418 5746 per
2444 5676 2667 5744 omnia;
2700 5677 2806 5732 hoc
2855 5677 3001 5732 enim
3032 5677 3288 5749 placitum
3339 5687 3422 5735 est
3452 5679 3510 5734 in

1901 5785 1922 5811 «
1954 5762 2207 5821 Domino.
2241 5764 2448 5831 Patres,
2481 5764 2650 5821 nolite
2697 5765 2766 5821 ad
2793 5765 3227 5838 indignationem
3255 5766 3504 5838 (iracun-
