3932 6410
411 435 510 490 391

944 433 998 488 S.
1036 431 1387 490 BRUNONIS
1425 428 2074 489 CARTHUSIANORUM
2126 427 2611 486 INSTITUTORIS
2663 427 2814 484 OPP.
2876 428 3052 485 PARS
3082 427 3156 484 ΙΙ.

3603 430 3711 486 392

417 581 439 606 α
474 556 641 630 diam]
701 572 1001 628 provocare
1068 556 1208 612 filios
1270 566 1503 624 vestros,
1546 565 1604 612 ut
1650 573 1758 613 non
1803 556 2002 628 pusillo
2031 553 2454 617 AvindictaDei
2469 553 2629 608 etiam
2650 570 2820 625 super
2838 554 2986 622 ﬁlios
3006 551 3634 621 incredulitatis.Quod
3657 551 3706 605 si

416 667 438 696 ι
474 645 885 718 [pusillanimes]
934 647 1113 700 animo
1164 646 1292 702 fiant
1337 647 1555 720 (Ephes.
1604 663 1680 715 γι,
1718 647 1789 716 ι).
1823 645 1999 711 Servi,

415 756 436 783 ι
475 735 688 790 obedite
743 753 842 806 per
897 735 1079 789 omnia
1129 736 1362 790 dominis
1411 736 1738 800 carnalibus,
1781 751 1888 788 non
1935 733 2003 787 ad

416 843 438 873 ι
474 823 690 878 oculum
740 824 1060 889 servientes,
1120 824 1274 896 quasi
1323 824 1630 878 hominibus
1705 823 1998 893 placentes,

415 931 437 961 ι
471 911 570 966 sed
607 911 660 965 in
706 911 1050 982 simplicitate
1100 913 1280 967 cordis
1329 912 1581 966 timentes
1633 911 1924 965 Dominum
1957 910 2008 980 (I

414 1019 436 1049 ι
473 1001 627 1055 Petr.
657 1015 716 1067 ιι,
754 1000 860 1070 18).
889 1000 1262 1071 Quodcunque
1285 999 1479 1068 facitis,
1508 1017 1572 1054 ex
1605 1000 1785 1054 animo
1807 1014 2003 1069 opera-

415 1110 437 1134 σι
472 1087 604 1142 mini
649 1087 788 1144 sicut
835 1089 1088 1154 Domino,
1135 1097 1186 1143 ct
1232 1105 1340 1143 non
1389 1089 1719 1150 hominibus,
1769 1087 2004 1142 scientes

413 1199 434 1222 ι
471 1176 616 1248 quod
647 1191 678 1231 a
699 1177 932 1232 Domino
963 1177 1241 1248 accipietis
1269 1177 1680 1231 retributionem
1708 1176 2003 1230 haeredita-

414 1285 437 1316 ι
473 1265 560 1319 tis.
593 1265 825 1320 Domino
869 1267 1083 1321 Christo
1134 1266 1352 1321 servile.
1409 1265 1513 1333 Qui
1558 1265 1704 1320 enim
1753 1265 2003 1333 injuriam

413 1373 434 1402 ι
469 1351 616 1420 facit,
652 1355 872 1425 recipiet
903 1355 955 1408 id
986 1355 1129 1426 quod
1162 1354 1342 1426 inique
1373 1354 1542 1425 gessit
1574 1356 1747 1420 (Rom.
1783 1369 1840 1418 ιι,
1880 1355 1993 1421 Η).

411 1461 434 1491 ς
471 1441 538 1495 Et
594 1457 701 1497 non
755 1452 837 1498 est
909 1459 1270 1513 personarum
1317 1443 1564 1514 acceptio
1625 1441 1766 1513 apud
1829 1442 2001 1496 Deum

409 1553 430 1576 α
471 1529 691 1602 (Ephes.
721 1547 797 1599 γι,
830 1534 900 1599 9;
937 1534 1059 1588 Act.
1092 1547 1150 1598 χ,
1185 1533 1297 1602 34).
1335 1556 1357 1580 ι

1046 1741 1341 1782 EXPOSITIO
1353 1767 1368 1781 .

477 1866 546 1923 Et
577 1867 703 1940 quia
731 1870 944 1925 mortui
973 1884 1102 1924 cum
1134 1869 1372 1931 Christo,
1391 1868 1500 1936 jam
1530 1865 1665 1920 ultra
1694 1881 1803 1921 non
1822 1865 2000 1922 vivitis

405 1957 630 2011 mundo.
662 1957 838 2028 Igitur
864 1957 1090 2028 quaerite
1122 1973 1244 2028 quae
1269 1973 1497 2012 sursum
1518 1959 1677 2021 sunt,
1703 1955 1758 2009 id
1780 1963 1862 2010 est
1884 1972 1995 2010 cu:-

407 2045 585 2100 lorum
609 2045 1019 2114 jucunditatem,
1044 2053 1097 2100 et
1126 2061 1341 2100 omnem
1369 2044 1650 2113 justitiam,
1673 2043 1740 2098 ad
1770 2043 1825 2097 id
1854 2045 1999 2115 quod

405 2149 624 2188 sursum
655 2141 737 2188 est
783 2133 1090 2189 ducentem.
1124 2134 1205 2188 De
1252 2149 1479 2188 sursum
1511 2133 1708 2186 dicitur
1736 2133 1998 2204 quidquid

403 2223 472 2277 de
498 2222 701 2278 mundo
731 2237 841 2276 non
871 2230 970 2276 est.
1011 2223 1254 2290 Quaerite
1285 2222 1428 2287 dico,
1461 2223 1510 2276 si
1555 2223 1996 2277 consurrexistis

405 2327 535 2366 eum
570 2310 809 2376 Christo,
830 2311 884 2364 id
911 2317 992 2365 est
1023 2311 1147 2382 quia
1184 2311 1640 2365 resurrectionem
1673 2310 1869 2364 animae
1898 2326 1998 2380 per
2037 2371 2049 2381 ο

403 2399 676 2454 Christum
707 2398 890 2469 adepti
919 2398 1068 2467 estis,
1102 2415 1224 2470 quae
1270 2415 1482 2452 sursum
1516 2406 1657 2463 sunt,
1690 2406 1742 2453 et
1770 2398 1997 2468 potestis

403 2494 457 2542 et
488 2502 735 2558 quaerere
766 2487 997 2542 debetis.
1031 2488 1267 2542 Sursum
1297 2487 1441 2552 dico,
1475 2486 1682 2542 scilicet
1712 2487 1806 2542 ubi
1839 2486 1998 2542 Chri-

401 2579 525 2631 stus
556 2577 616 2630 in
648 2575 888 2631 dextera
917 2575 1015 2630 Dei
1045 2576 1262 2640 sedens,
1287 2575 1340 2629 id
1371 2584 1452 2630 est
1484 2575 1538 2629 in
1557 2574 1866 2646 aequalitate
1895 2575 1996 2628 Pa-

403 2664 502 2719 tris
533 2664 819 2736 quiescens
847 2672 898 2719 et
922 2663 1194 2732 judicans.
1246 2664 1492 2719 Christus
1542 2671 1740 2730 autem,
1773 2663 1829 2717 in
1857 2663 1994 2718 dex-

396 2759 514 2808 tera
562 2752 732 2807 Patris
780 2752 999 2817 sedens,
1054 2768 1239 2819 causa,
1268 2752 1505 2825 'signum
1537 2761 1586 2807 et
1617 2751 1884 2808 certitudo
1913 2759 1996 2805 est

399 2856 500 2897 nos
529 2856 650 2897 cum
700 2841 915 2896 Christo
959 2850 1316 2897 surrecturos.
1349 2843 1462 2896 Nec
1512 2841 1687 2895 solum
1735 2840 1990 2912 quaerite,

399 2929 497 2984 sed
526 2930 726 3001 sapite,
759 2929 812 2983 id
841 2937 925 2984 est
955 2929 1301 2986 dulcedinem
1342 2929 1620 2999 praelibate
1653 2944 1841 2983 eorum
1872 2944 1995 2999 qua:

397 3034 627 3074 sursum
655 3021 814 3073 sunt.
851 3019 1066 3087 Sapite,
1098 3017 1478 3089 inquam,qu(e
1507 3033 1734 3073 sursum
1764 3019 1993 3085 sunt,et

394 3122 512 3161 non
543 3120 609 3160 ea
637 3122 757 3178 qua:
785 3110 921 3160 sunt
941 3121 1110 3177 super
1141 3111 1372 3162 terram.
1407 3107 1528 3160 Non
1557 3105 1764 3160 debetis
1797 3120 1992 3176 sapere

397 3211 519 3266 qua
540 3201 664 3248 sunt
684 3210 845 3265 super
869 3202 1071 3249 terram
1097 3213 1111 3261 ;
1135 3210 1234 3250 vos
1255 3196 1409 3249 enim
1428 3196 1643 3249 mortui
1664 3195 1800 3249 estis
1821 3201 1990 3248 terre-

2021 1912 2072 1972 B

2104 643 2157 696 lii
2189 643 2280 714 qui
2310 641 2473 698 fidem
2504 658 2613 697 non
2654 649 2995 712 acceperant,
3031 641 3269 696 damnati
3312 648 3436 695 sunt
3467 657 3568 710 pro
3597 641 3706 694 bu-

2097 732 2356 800 jusmodi,
2391 732 2517 802 quid
2548 731 2747 801 putatis
2777 731 2846 785 de
2878 730 3032 784 vobis
3056 730 3146 801 qui
3178 729 3338 784 fidem
3361 729 3698 799 accipiendo,

2102 822 2216 874 hmc
2245 820 2428 875 omnia
2471 820 2809 875 abdicastis?
2837 821 2899 874 In
2930 821 3124 889 quibus
3162 818 3426 872 membris
3456 817 3707 888 corporis

2102 909 2330 979 peccati,
2356 925 2447 964 vos
2468 910 2640 964 etiam
2661 908 2797 962 sicut
2817 907 2903 960 alii
2927 907 3210 962 increduli
3239 907 3572 962 ambulastis
3594 906 3708 960 ali-

2103 997 2343 1068 quando,
2369 1012 2497 1051 cum
2530 997 2788 1051 viveretis
2819 997 2880 1051 in
2909 995 3048 1061 illis,
3075 994 3283 1050 scilicet
3312 1002 3554 1065 tempore
3584 991 3706 1046 inti-

2103 1085 2358 1140 delitatis.
2769 1116 2788 1132 ..

2175 1172 2317 1227 Olim
2363 1172 2680 1227 ambulastis
2710 1171 2764 1226 in
2812 1171 2936 1225 illis.
2995 1171 3102 1226 Sed
3150 1188 3325 1236 nunc,
3353 1171 3463 1240 jam
3510 1169 3701 1226 fideles

2103 1261 2250 1326 facti,
2284 1262 2546 1333 deponite
2594 1277 2712 1326 vos,
2745 1269 2797 1315 et
2826 1260 3104 1330 prmdicta,
3137 1267 3190 1314 et
3219 1259 3398 1314 omnia
3449 1276 3569 1330 quae
3606 1276 3700 1313 se-

2104 1358 2359 1420 quuntur,
2395 1349 2600 1404 scilicet
2630 1350 2796 1415 iram,
2822 1348 2876 1403 id
2907 1356 2986 1403 est
3019 1348 3250 1402 subitam
3280 1347 3698 1402 commotionem

2103 1439 2286 1505 animi,
2320 1438 2797 1508 indignationem,
2830 1436 2883 1490 id
2913 1444 2993 1490 est
3021 1452 3089 1490 ne
3118 1436 3186 1490 de
3216 1436 3390 1506 aliqua
3421 1435 3698 1506 prosperi-

2104 1536 2209 1581 tate
2239 1525 2589 1581 inferioribus
2619 1525 2775 1581 vobis
2823 1524 3200 1596 indignemini.
3232 1524 3501 1595 Deponite
3538 1523 3698 1578 etiam

2102 1616 2388 1670 malitiam
2420 1622 2472 1668 et
2502 1613 2668 1668 animi
2699 1622 2751 1668 et
2783 1613 3050 1684 corporis,
3085 1621 3139 1667 et
3184 1612 3589 1685 blasphemiam
3636 1613 3699 1668 in

2104 1704 2277 1758 Deum
2327 1710 2380 1757 et
2426 1702 2752 1773 proximum.
2783 1702 3050 1772 Deponite
3098 1700 3259 1755 etiam
3308 1716 3526 1755 omnem
3571 1704 3700 1756 tur-

2102 1809 2231 1864 pem
2262 1807 2575 1846 sermonem
2608 1791 2674 1846 de
2701 1806 2796 1846 ore
2825 1794 3027 1845 vestro.
3048 1789 3119 1843 Et
3144 1791 3324 1844 nolite
3345 1789 3580 1844 mentiri
3608 1790 3700 1843 in-

2103 1881 2298 1944 vicem,
2345 1887 2402 1933 ut
2445 1879 2586 1934 alter
2627 1879 2858 1933 alterum
2911 1878 3164 1948 decipiat.
3215 1877 3410 1949 Utique
3458 1876 3700 1932 breviter

2099 1968 2282 2022 omnia
2309 1967 2618 2036 hujusmodi
2663 1967 3006 2034 interdicam,
3043 1967 3159 2020 sitis
3192 1967 3575 2038 exspoliantes
3605 1981 3700 2020 vos

2099 2062 2344 2112 veterem
2365 2055 2728 2123 hominem,id
2743 2063 2823 2110 est
2835 2055 3078 2110 habitum
3091 2062 3436 2125 peccatorum
3453 2052 3609 2110 28
3620 2053 3692 2109 5

2099 2161 2228 2201 cum
2260 2146 2477 2201 actibus
2510 2147 2647 2200 suis.
2680 2143 2912 2211 Quidam
2963 2143 3107 2198 enim
3138 2143 3382 2198 habiturn
3420 2143 3700 2214 deponunt

2098 2233 2327 2304 peccati,
2362 2233 2450 2304 qui
2481 2233 2807 2303 quandoque
2837 2239 3084 2304 cogente
3110 2231 3402 2302 fragilitate
3433 2230 3487 2285 in
3517 2238 3698 2285 actum

2097 2321 2304 2392 peccati
2347 2320 2616 2374 labuntur.
2667 2321 2789 2374 Non
2838 2327 3019 2374 tamen
3067 2327 3405 2374 resumentes
3453 2317 3697 2372 habitum

2097 2407 2324 2480 peccati,
2360 2408 2486 2463 licet
2529 2415 2728 2473 actum,
2761 2407 2888 2479 quia
2935 2415 3056 2479 post
3105 2423 3294 2463 casum
3342 2406 3596 2461 festinant
3625 2405 3698 2461 ad

2095 2495 2491 2568 paenitentiam.
2555 2495 2939 2566 Exspoliantes
2988 2511 3086 2551 vos
3114 2504 3355 2550 veterem
3394 2493 3692 2561 hominem,

2096 2590 2152 2642 et
2182 2586 2483 2640 induentes
2516 2600 2740 2650 novum,
2774 2584 2827 2638 id
2859 2593 2940 2638 est
2970 2583 3211 2638 habitum
3255 2584 3532 2650 virtutum,
3565 2599 3695 2638 eum

2096 2673 2301 2729 scilicet
2331 2675 2426 2745 qui
2454 2678 2760 2729 renovatur
2789 2673 3026 2743 quotidie
3065 2688 3320 2727 crescens
3349 2672 3405 2726 in
3450 2671 3693 2727 novitate

2090 2761 2331 2831 justitiae.
2357 2763 2679 2816 Renovalur
2697 2760 2839 2827 dico,
2866 2761 3096 2815 tendens
3116 2763 3178 2816 in
3194 2762 3545 2831 agnitionem
3566 2760 3688 2826 Dei,

2096 2850 2222 2922 quia
2247 2865 2466 2920 semper
2503 2849 2694 2904 crescit
2723 2849 2777 2903 in
2810 2849 3122 2921 cognitione
3168 2847 3384 2903 deitatis
3431 2855 3691 2919 quantum

2093 2938 2145 2992 in
2169 2937 2452 2992 virtutibus
2474 2937 2737 2992 ascendit.
2761 2939 3099 3002 Renovatur,
3119 2936 3359 3008 inquam,
3379 2935 3691 2992 secundum

2094 3027 2424 3097 imaginem,
2447 3025 2502 3080 id
2523 3033 2606 3080 est
2625 3025 2907 3096 puritatem
2929 3027 3050 3096 ejus
3079 3026 3174 3096 qui
3203 3025 3416 3080 creavit
3437 3040 3566 3080 eum
3585 3038 3690 3094 pro

2092 3114 2258 3169 modo
2288 3129 2387 3168 suo
2409 3113 2459 3168 ei
2487 3130 2546 3168 se
2573 3113 2981 3180 conformando,
3002 3114 3115 3178 ubi,
3137 3112 3191 3167 id
3221 3121 3304 3168 est
3333 3112 3388 3167 in
3411 3127 3516 3184 quo
3545 3125 3691 3167 novo

2092 3202 2310 3258 homine
2332 3218 2447 3258 non
2465 3207 2548 3258 est
2576 3202 2866 3258 masculus
2888 3205 2945 3257 et
2973 3203 3210 3273 femina,
3235 3201 3288 3256 id
3319 3209 3401 3256 est
3419 3215 3580 3256 nemo
3600 3216 3692 3256 re-

397 3265 502 3338 nis.
536 3282 760 3338 Debetis
791 3298 986 3353 sapere
1017 3299 1138 3354 qua:
1169 3299 1385 3337 sursum
1415 3290 1557 3336 81ml-
1588 3284 1726 3337 Nam
1755 3284 1873 3338 υἱτα
1904 3298 1992 3336 υϐ·
2015 3265 2060 3325 C
2090 3291 2287 3362 cipitur
2313 3291 2400 3345 vel
2429 3290 2678 3359 abjicitur
2729 3297 2948 3362 propter
2973 3265 3207 3345 sexum;
3234 3289 3338 3346 Ubi
3377 3289 3540 3344 etiam
3570 3305 3689 3346 non

395 3374 518 3427 stra
549 3375 634 3426 est
663 3372 726 3426 in
759 3373 885 3436 Deo,
906 3379 958 3426 et
976 3371 1028 3426 in
1051 3379 1201 3426 tanta
1221 3371 1480 3442 dignitate
1498 3371 1641 3443 quod
1664 3387 1792 3427 cum
1827 3370 1991 3427 Chri-

399 3463 508 3514 sto.
551 3461 668 3516 Vita
697 3459 820 3516 dico
871 3461 1214 3525 abscondita,
1251 3460 1305 3514 id
1335 3467 1417 3514 est
1447 3475 1556 3514 non
1587 3459 1858 3526 omnibus,
1895 3459 1992 3514 sed

395 3547 586 3618 paucis
615 3548 872 3604 revelata.
907 3549 967 3602 In
997 3549 1100 3604 hoc
1130 3548 1300 3604 verbo
1329 3548 1483 3602 multi
1531 3555 1868 3614 erraverunt,
1901 3547 1989 3602 di-

394 3644 577 3692 centes
608 3637 826 3692 stultum
859 3653 982 3692 esse
1028 3636 1302 3692 hominem
1332 3651 1432 3708 pro
1463 3652 1528 3691 eo
1564 3636 1814 3691 laborare
1845 3636 1989 3708 quod

392 3725 596 3780 homini
625 3725 923 3780 revelatum
953 3741 1063 3780 non
1111 3725 1197 3780 sit.
1229 3726 1387 3781 Nunc
1416 3725 1510 3779 illa
1557 3724 1666 3780 vita
1695 3732 1880 3780 vestra
1907 3732 1989 3779 est

395 3813 743 3880 abscondita;
768 3815 864 3869 sed
885 3831 1015 3870 cum
1035 3815 1369 3886 apparuerit
1392 3814 1669 3879 Christus,
1685 3813 1909 3870 veniens
1920 3813 1988 3867 ad

387 3901 672 3970 judicium,
704 3901 968 3969 Christus,
1001 3901 1141 3968 dico,
1175 3903 1292 3958 vita
1321 3906 1526 3969 vestra,
1557 3901 1613 3956 in
1639 3902 1791 3970 cujus
1821 3909 1986 3957 aeter-

391 3990 556 4044 nitate
621 3989 778 4045 vobis
842 3999 1066 4061 paratur
1125 3991 1419 4056 aeternitas,
1470 3998 1624 4058 tunc,
1691 3999 1987 4062 apparente

392 4077 626 4143 Christo,
660 4094 753 4134 vos
782 4079 939 4133 etiam
968 4081 1310 4152 apparebitis
1348 4096 1478 4136 cum
1507 4081 1625 4151 ipso
1657 4079 1892 4150 ponendi
1922 4082 1986 4135 in

390 4167 591 4238 gloria.
626 4167 771 4239 Lege
801 4168 933 4222 satis
952 4168 1258 4239 improbata
1278 4177 1329 4224 et
1358 4167 1462 4223 fide
1484 4167 1814 4224 sufﬁcienter
1843 4183 1986 4224 com-

389 4254 665 4322 mendala,
696 4255 832 4311 sicut
877 4255 933 4310 in
983 4256 1225 4327 Epistola
1255 4258 1322 4311 ad
1365 4257 1654 4328 Ephesios,
1707 4256 1985 4327 subjungit

387 4344 645 4400 moralem
705 4344 1134 4414 instructionem,
1185 4345 1336 4416 prius
1398 4347 1603 4402 docens
1668 4346 1722 4400 in
1764 4345 1983 4416 publico

386 4432 706 4500 Ecclesiam,
740 4434 937 4489 deinde
967 4450 1148 4502 sexus,
1182 4442 1382 4501 aetates,
1419 4443 1472 4490 et
1501 4433 1860 4503 conditiones,
1894 4433 1983 4488 di-

386 4537 518 4577 cens
549 4539 563 4575 :
598 4521 739 4590 Quia
782 4523 887 4578 vita
929 4531 1112 4579 vestra
1143 4525 1205 4579 in
1232 4526 1341 4579 Deo
1391 4531 1492 4593 est,
1525 4523 1824 4595 apparituri
1854 4522 1983 4577 estis

2089 3384 2174 3436 est
2202 3379 2434 3451 gentilis
2462 3379 2548 3434 vel
2583 3378 2829 3446 Iudaeus,
2862 3378 2917 3432 id
2947 3386 3029 3432 est
3056 3377 3131 3432 nil
3163 3385 3322 3433 nocet
3351 3393 3474 3432 esse
3505 3377 3689 3448 genti-

2089 3467 2218 3534 lem,
2250 3466 2326 3521 nil
2354 3467 2579 3538 prodest
2610 3465 2778 3521 fuisse
2807 3465 3090 3533 Judmum;
3123 3465 3343 3538 gentilis
3385 3472 3438 3520 et
3464 3465 3686 3520 Iudaeus

2089 3555 2212 3611 dico
2242 3554 2615 3626 generatione.
2649 3555 2717 3608 Et
2747 3553 2873 3626 quia
2891 3554 3108 3626 quidam
3140 3554 3208 3609 de
3227 3553 3430 3609 Iudaeis
3458 3553 3514 3607 in
3542 3568 3684 3624 gen-

2088 3643 2355 3710 tilitatem,
2386 3650 2439 3697 et
2482 3642 2703 3714 quidam
2733 3642 2802 3697 de
2831 3642 3084 3712 gentibus
3131 3641 3459 3697 transierunt
3485 3641 3539 3696 in
3569 3640 3684 3697 cir-

2088 3732 2498 3796 cumcisionem,
2533 3730 2655 3786 ideo
2684 3729 2835 3786 addit
2863 3730 2956 3784 ubi
2983 3747 3099 3788 non
3131 3734 3217 3786 est
3241 3731 3595 3786 circumcisio
3627 3733 3687 3786 et

2084 3821 2452 3894 praeputium,
2483 3819 2607 3891 quia
2654 3833 2763 3874 non
2791 3819 2914 3888 plus
2945 3819 3166 3890 prodest
3195 3818 3363 3874 fuisse
3393 3817 3683 3874 circumci-

2087 3925 2207 3962 sum
2239 3923 2401 3980 quam
2418 3923 2540 3962 esse
2570 3906 2970 3978 praeputiatum.
2993 3906 3098 3963 Ubi
3129 3906 3256 3962 item
3286 3922 3403 3962 non
3432 3911 3518 3962 est
3547 3907 3686 3962 Bar-

2085 3997 2254 4052 barus
2282 4000 2337 4051 et
2368 3995 2594 4067 Scytha,
2620 3995 2711 4067 qui
2742 3995 3032 4050 barbarior
3053 4002 3136 4049 est
3157 3995 3422 4050 barbaris.
3449 3993 3553 4049 Ubi
3571 4009 3683 4049 non

2086 4092 2168 4140 est
2197 4100 2391 4140 servus
2421 4087 2476 4139 et
2505 4084 2644 4139 liber
2675 4103 2693 4149 ,-
2723 4082 2800 4138 sic
2831 4083 2974 4136 enim
3024 4082 3080 4138 in
3120 4097 3351 4153 corpore
3399 4081 3678 4150 virtutum,

2085 4189 2274 4228 servus
2315 4171 2605 4242 suscipitur
2638 4178 2696 4226 ut
2725 4170 2998 4225 dominus.
3049 4170 3374 4225 Substantiie
3404 4170 3549 4225 enim
3579 4185 3682 4225 nec

2083 4267 2299 4327 nocent,
2341 4275 2444 4315 nec
2492 4267 2721 4330 prosunt
2764 4259 2819 4313 in
2867 4273 3010 4314 novo
3056 4259 3295 4325 homine,
3330 4259 3458 4330 quia
3503 4258 3681 4313 omnis

2083 4348 2387 4403 substantia
2431 4355 2678 4403 creatura
2727 4347 2872 4402 bona
2898 4347 3001 4402 Dei
3027 4354 3128 4416 est,
3161 4347 3259 4402 sed
3288 4346 3591 4418 qualitates,
3623 4353 3684 4400 ut

2076 4437 2302 4508 justitia,
2355 4435 2440 4492 vel
2487 4436 2764 4506 injustitia,
2806 4452 2926 4507 quas
2953 4451 2983 4489 a
3013 4435 3172 4491 nobis
3220 4435 3677 4506 superadduntur,

2082 4527 2167 4580 has
2198 4524 2285 4580 vel
2313 4531 2543 4596 prosunt
2574 4525 2660 4580 vel
2681 4523 3002 4594 impediunt.
3038 4523 3266 4578 Gentilis
3295 4523 3585 4579 etJudaeus
3605 4523 3682 4577 ibi

383 4625 514 4665 cum
536 4610 752 4666 Christo
773 4611 832 4666 in
852 4612 1050 4683 gloria,
1075 4628 1200 4684 ergo
1221 4613 1560 4681 mortiﬁcate
1585 4613 1830 4667 membra
1859 4619 2052 4683 quceD
2081 4628 2190 4667 non
2239 4621 2383 4679 sunt,
2417 4612 2513 4668 sed
2561 4611 2835 4677 Christus,
2889 4611 2943 4667 id
2991 4619 3073 4666 est
3120 4611 3291 4667 virtus
3339 4611 3560 4667 veniens
3611 4626 3680 4667 ex

384 4706 568 4753 vestra
583 4703 721 4754 sunt
743 4716 912 4771 super
933 4704 1167 4767 terram,
1188 4701 1242 4755 id
1263 4709 1346 4756 est
1362 4701 1416 4755 in
1438 4700 1669 4755 terrenis
1690 4698 1972 4754 hmrentia.

382 4786 511 4842 Haec
526 4787 772 4842 membra
800 4796 958 4844 vocat
993 4797 1241 4860 peccata,
1264 4806 1386 4861 quae
1427 4789 1673 4844 membra
1692 4795 1816 4843 sunt
1845 4802 1976 4843 cor-

382 4874 533 4944 poris
577 4876 808 4946 peccati,
851 4877 989 4932 sicut
1017 4878 1072 4932 in
1100 4878 1452 4949 sequentibus
1498 4876 1688 4932 innuit.
1740 4875 1975 4931 Membra

382 4964 726 5033 mortiﬁcata
757 4969 963 5032 vestra,
983 4965 1190 5022 scilicet
1216 4967 1677 5037 fornicationem,
1698 4972 1753 5018 ut
1775 4972 1857 5019 est
1879 4963 1974 5017 ha-

383 5050 513 5105 bere
543 5067 657 5106 rem
699 5068 822 5106 cum
852 5070 1022 5109 uxore
1045 5053 1295 5125 proximi.
1337 5053 1497 5108 Aliud
1526 5053 1831 5107 membrum
1860 5053 1974 5106 im-

383 5139 730 5195 munditiam
781 5142 1090 5207 libidinem,
1126 5141 1181 5196 id
1229 5150 1311 5196 est
1353 5141 1697 5195 libidinosam
1731 5139 1975 5195 volunta-

381 5234 509 5293 tem,
543 5236 595 5282 et
623 5231 1163 5302 concupiscentiam.
1199 5231 1265 5284 Et
1293 5230 1420 5301 quia
1450 5229 1518 5284 de
1539 5229 1696 5284 bonis
1719 5229 1976 5298 concupi-

380 5315 607 5371 scientia
635 5317 852 5385 dicitur,
885 5319 1092 5373 addidit
1120 5320 1353 5383 malam,
1386 5326 1442 5372 ut
1470 5325 1553 5372 est
1583 5317 1972 5388 concupiscere

378 5419 495 5460 rem
525 5405 776 5462 alienam.
809 5405 1129 5462 Mortificate
1177 5406 1340 5462 etiam
1369 5405 1424 5460 in
1453 5406 1607 5461 vobis
1645 5407 1967 5472 avaritiam,

377 5509 499 5564 quae
528 5498 612 5548 est
641 5494 822 5548 illicita
853 5494 1242 5566 congregando
1263 5502 1315 5549 et
1335 5495 1674 5560 retentando,
1697 5511 1818 5567 qua:
1837 5511 1969 5550 ava-

376 5580 497 5635 ritia
525 5590 607 5636 est
636 5585 880 5638 servitus
910 5583 1210 5639 idolorum.
1246 5581 1349 5651 Qui
1380 5583 1523 5638 enim
1545 5585 1718 5640 Deum
1749 5591 1970 5654 postpo-

376 5668 453 5723 nit
490 5676 548 5724 ut
592 5669 877 5741 pecuniam
929 5686 1131 5742 augere
1174 5671 1363 5743 possit,
1399 5679 1582 5743 spreto
1627 5673 1763 5740 Deo,
1796 5686 1969 5743 pecu-

374 5755 524 5812 niam
554 5757 704 5815 colit.
735 5761 974 5832 Propter
1000 5776 1122 5833 qua
1151 5761 1460 5834 supradicta
1478 5763 1632 5820 venit
1660 5764 1769 5832 ira,
1802 5761 1859 5817 id
1885 5767 1969 5816 est

2079 4700 2312 4769 Christo,
2364 4705 2450 4756 est
2494 4703 2708 4770 omnia,
2741 4700 2795 4755 id
2826 4708 2905 4754 est
2960 4699 3137 4754 omnis
3186 4699 3464 4770 perfectio.
3495 4699 3566 4753 Et
3602 4699 3680 4754 ita

2077 4790 2223 4861 quod
2249 4790 2312 4844 in
2343 4789 2623 4855 omnibus,
2654 4789 2710 4844 id
2740 4797 2823 4844 est
2849 4788 2903 4843 in
2934 4788 3182 4859 singulis,
3219 4789 3287 4842 sit
3315 4787 3515 4843 omnia.

2142 4877 2210 4932 Et
2231 4878 2448 4949 quando
2467 4877 2687 4949 quidem
2711 4893 2885 4933 novus
2903 4878 3066 4932 homo
3087 4877 3396 4932 induendus
3417 4884 3518 4942 est,
3539 4891 3677 4949 ergo

2075 4965 2300 5022 induite
2329 4982 2420 5021 vos
2450 4966 2696 5021 membra
2736 4965 2862 5021 novi
2892 4965 3146 5020 hominis.
3193 4965 3418 5038 Induite
3465 4964 3594 5020 dicit
3623 4972 3678 5019 et

2077 5054 2376 5110 secundum
2405 5053 2683 5120 decorem,
2717 5054 2841 5126 quia
2888 5053 3130 5109 nuditate
3158 5053 3368 5125 peccati
3408 5053 3678 5124 deturpati

2075 5158 2295 5197 eramus
2325 5152 2375 5198 et
2406 5143 2705 5200 secundum
2750 5142 3128 5214 depulsionem
3158 5141 3378 5214 frigoris
3408 5141 3672 5213 iniquita-

2073 5232 2162 5298 tis,
2196 5232 2437 5299 Induite,
2485 5232 2721 5304 inquam,
2759 5249 2870 5297 vos,
2903 5233 3052 5287 sicut
3100 5232 3266 5286 electi
3311 5231 3430 5290 Dei.
3465 5230 3520 5284 id
3569 5236 3672 5296 est,

2074 5335 2214 5391 quos
2248 5320 2396 5375 Deus
2417 5319 2486 5374 ab
2517 5329 2722 5375 aeterno
2753 5327 2806 5375 et
2835 5320 2888 5374 in
2913 5327 3155 5390 tempore
3177 5335 3274 5390 per
3299 5317 3574 5372 ministros
3604 5318 3675 5372 ad

2073 5406 2239 5463 fidem
2264 5408 2511 5463 vocando
2561 5408 2745 5480 elegit.
2775 5408 2954 5464 Electi
2998 5408 3120 5462 dico
3163 5411 3221 5463 et
3263 5410 3475 5471 sancti,
3505 5405 3560 5460 id
3591 5414 3676 5461 est

2070 5495 2340 5566 positione
2384 5496 2643 5551 virtutum
2673 5497 2729 5550 in
2777 5497 2920 5550 bono
2969 5494 3181 5561 sanciti,
3229 5503 3282 5550 et
3311 5495 3365 5549 in
3413 5503 3666 5564 utroque,

2070 5584 2125 5638 id
2153 5592 2235 5640 est
2261 5583 2318 5638 in
2349 5583 2614 5639 electione
2644 5591 2698 5638 et
2727 5582 3156 5639 sanctificatione
3205 5583 3400 5638 dilecti
3447 5582 3672 5637 induite

2070 5688 2162 5728 vos
2217 5671 2670 5727 misericordiam.
2721 5672 2790 5726 Et
2847 5671 2916 5725 ad
2973 5671 3240 5739 majorem
3297 5670 3668 5726 incitationem

2070 5759 2383 5832 expressius
2412 5758 2486 5816 ait
2517 5774 2530 5814 :
2564 5760 2794 5818 Viscera
2821 5759 3240 5827 misericordiae,
3268 5765 3327 5816 ut
3355 5758 3412 5814 in
3433 5757 3568 5843 ipsis
3597 5756 3675 5815 vi-
