3932 6504
177 419 272 473 393
872 412 1253 474 EXPOSITIO
1291 413 1367 469 IN
1402 410 1787 470 EPISTOLAS
1822 409 2047 469 PAULI.
2079 444 2149 455 —
2179 414 2256 471 IN
2282 414 2499 471 EPIST.
2532 414 2627 472 AD
2665 413 2821 472 COL.
3394 413 3501 470 ειη

188 540 428 597 sceribus
456 540 743 596 redundet
762 540 847 612 pia
876 539 1108 596 affectio.
1136 537 1346 595 Indulte
1363 554 1462 594 vos
1482 537 1646 594 etiam
1667 552 1789 593 cum
1808 538 1866 598 A
1899 537 2129 596 Christi.
2154 540 2254 597 Vel
2283 540 2441 597 aliter
2463 559 2477 596 :
2514 541 2688 598 Omne
2706 541 3070 614 quodcunque
3084 541 3279 612 facitis
3298 541 3364 596 in
3383 556 3501 597 ver-

189 629 565 685 misericordia
625 630 794 683 animi
836 630 943 685 hoc
1001 628 1308 683 membrum
1353 627 1482 682 novi
1535 626 1792 694 hominis,
1903 629 1986 697 bo,
2007 634 2109 685 aut
2138 633 2203 686 in
2233 647 2416 702 apere,
2438 631 2511 686 ita
2532 631 2677 702 quod
2706 631 2773 684 sit
2794 647 2977 696 omne,
2997 629 3054 684 id
3070 638 3152 684 est
3171 629 3494 701 perfectum,

195 718 392 774 scilicet
442 718 865 789 benignitatem
913 717 1207 790 largiendi,
1242 724 1294 771 et
1325 716 1716 772 humilitatem
1745 714 1800 768 in
1901 733 2009 773 non
2067 734 2168 789 pro
2215 719 2378 774 laude
2425 720 2708 774 hominum
2736 718 2957 787 factum,
2990 718 3151 775 facite
3177 720 3241 774 in
3268 720 3501 775 nomine

195 807 357 863 verbo
378 815 430 862 et
450 806 695 874 incessu,
717 811 773 862 et
803 807 1156 874 modestiam,
1192 805 1247 859 id
1270 813 1351 860 est
1381 803 1799 875 temperantiam
1898 809 2127 863 Domini
2148 808 2321 863 nostri
2341 810 2473 864 Jesu
2497 808 2726 865 Christi.
2744 809 2854 863 Vos
2868 809 3010 874 dico,
3030 824 3253 879 semper
3267 812 3497 880 agentes

196 895 247 949 in
293 895 573 961 omnibus,
627 903 681 949 et
707 895 1070 967 patientiam,
1105 893 1150 948 si
1182 893 1415 949 adversa
1444 892 1788 948 incumbunt.
1895 897 2117 967 gratias
2143 897 2252 952 Deo
2275 901 2331 952 et
2360 898 2543 962 Patri,
2575 914 2679 969 per
2696 899 2883 968 ipsum
2900 897 3192 964 Christum,
3215 912 3314 967 per
3334 911 3498 968 quem

199 984 611 1056 Supportantes
641 999 740 1039 vos
770 984 1033 1049 invicem,
1066 983 1123 1037 id
1162 989 1248 1037 est
1275 981 1502 1037 alternis
1533 980 1796 1037 orationi-
1897 984 2078 1038 omnia
2127 985 2272 1040 bona
2322 985 2479 1041 vobis
2523 986 2767 1041 contulit.
2822 986 2977 1041 Actio
3015 984 3159 1041 enim
3200 984 3496 1058 gratiarum

195 1071 291 1126 bus
304 1081 357 1127 et
372 1071 598 1141 jejuniis
615 1072 757 1126 alter
768 1071 993 1127 alterius
1010 1086 1179 1126 onera
1199 1070 1488 1141 portando.
1509 1069 1581 1124 Et
1599 1070 1649 1124 si
1673 1070 1796 1139 quis
1895 1072 2191 1143 plurimum
2220 1073 2367 1128 valet
2396 1074 2466 1128 ad
2491 1073 2914 1144 impetrandum.

193 1169 433 1216 vestrum
468 1160 636 1216 habet
662 1161 969 1231 querelam,
999 1159 1055 1215 id
1075 1167 1157 1214 est
1188 1159 1392 1229 justam
1414 1157 1793 1229 repetitionem
1967 1161 2263 1232 Postquam
2292 1162 2346 1215 in
2379 1163 2653 1218 communi
2701 1161 3005 1218 Ecclesiam
3054 1160 3355 1229 admonuit,
3397 1178 3492 1217 se-

192 1250 480 1320 cujuslibet
512 1248 615 1318 rei,
646 1248 914 1306 adversus
947 1249 1195 1321 aliquem
1233 1246 1474 1312 fratrem,
1518 1247 1795 1303 donantes
1893 1249 2126 1321 paratim
2154 1250 2371 1304 instruit
2401 1266 2582 1316 sexus,
2618 1258 2827 1317 aetates,
2861 1250 3219 1318 conditiones,
3265 1250 3493 1307 dicens:

190 1339 597 1410 vobismefipsis
628 1337 884 1403 invicem,
916 1353 1017 1393 nec
1045 1343 1103 1391 ut
1148 1335 1381 1407 pretium
1424 1334 1705 1399 relaxatis,
1740 1342 1794 1389 et
1894 1337 2133 1394 Invicem
2163 1354 2264 1394 vos
2294 1348 2628 1410 supportate,
2664 1340 2762 1395 sed
2790 1356 2909 1406 vos,
2938 1341 3230 1406 mulieres,
3258 1339 3492 1411 amplius

191 1427 372 1482 minus
427 1427 585 1482 solito
626 1425 886 1498 diligatis,
939 1426 1038 1480 sed
1068 1426 1220 1481 sicut
1257 1425 1528 1481 Dominus
1559 1422 1790 1479 donavit
1893 1442 2053 1499 quam
2075 1428 2253 1483 caeteri
2272 1428 2840 1485 estotesubditazviris
2856 1428 3490 1501 vestris,sicutoportet.

189 1517 338 1574 vobis
360 1559 376 1582 ,
409 1514 647 1570 debitum
677 1513 1016 1582 dimittenda,
1051 1522 1104 1569 et
1144 1513 1492 1569 dilectionem
1520 1512 1790 1583 superad-
1893 1513 2275 1586 Opportunum
2305 1515 2449 1570 enim
2479 1524 2562 1571 est
2590 1516 2872 1572 mulierem
2901 1516 3172 1571 subditam
3204 1531 3329 1571 esse
3347 1515 3488 1572 viro.

190 1604 395 1671 dendo,
428 1605 513 1661 ita
542 1607 599 1661 et
624 1620 716 1660 vos
744 1602 1050 1659 condonate
1080 1601 1239 1658 vobis
1269 1601 1521 1658 invicem.
1548 1600 1789 1656 Patien-
1891 1603 2133 1659 Subditae
2177 1612 2359 1660 tamen
2389 1605 2452 1659 in
2482 1606 2741 1671 Domino,
2763 1605 2819 1659 id
2850 1613 2933 1660 est
2960 1605 3260 1660 secundum
3288 1604 3485 1660 Domi-

191 1696 358 1760 tiam,
391 1702 521 1759 etc.,
555 1693 818 1760 induite;
840 1708 1009 1766 super
1027 1692 1144 1747 haec
1173 1695 1368 1748 autem
1398 1690 1610 1756 omnia,
1632 1687 1688 1743 id
1708 1695 1791 1744 est
1888 1707 2038 1747 num.
2071 1692 2128 1747 Si
2160 1692 2305 1747 enim
2335 1692 2521 1748 volunt
2551 1709 2650 1748 vos
2672 1709 2979 1765 supponere
3014 1693 3289 1759 adulteris,
3310 1692 3366 1747 in
3384 1693 3492 1750 hoc

191 1782 534 1853 superiorem
566 1788 620 1837 et
650 1780 956 1852 digniorem
977 1780 1062 1835 his
1092 1779 1366 1847 omnibus,
1393 1778 1587 1834 habete
1607 1777 1789 1834 chari-
1887 1781 2053 1837 nolite
2072 1781 2252 1837 subdi.
2281 1782 2390 1837 Vos
2420 1784 2757 1849 autem,viri,
2781 1782 3003 1854 diligite
3022 1797 3233 1839 uxores
3251 1785 3489 1849 vestras,

191 1875 392 1927 tatem.
424 1870 524 1927 Vel
553 1870 628 1924 ita
660 1887 674 1924 :
707 1870 888 1942 Super
904 1869 1039 1935 haec,
1073 1867 1130 1923 id
1147 1877 1229 1923 est
1248 1867 1426 1940 magis
1447 1866 1696 1922 laborate
1717 1865 1788 1955 ad
1807 1894 1860 1955 Β
1898 1874 1955 1927 et
1982 1872 2161 1927 nolite
2178 1872 2366 1926 amari
2394 1886 2509 1927 esse
2530 1871 2603 1926 ad
2621 1871 2775 1927 illas.
2800 1870 2981 1925 Nimia
3010 1870 3155 1925 enim
3175 1869 3489 1937 austeritas,

188 1959 495 2014 habendam
552 1956 877 2014 charitatem
932 1972 1097 2029 quam
1154 1957 1223 2013 ad
1270 1955 1575 2027 praemissa.
1610 1954 1783 2022 Quod,
1828 1954 1843 1955 “⁷
1891 1959 2219 2030 quandoque
2249 1966 2537 2030 peccatum
2564 1966 2812 2032 generat.
2845 1958 2917 2013 Et
2946 1974 3065 2028 vos,
3113 1959 3242 2028 ﬁlii,
3273 1959 3491 2015 obedite

188 2047 413 2117 scilicet,
445 2047 654 2103 habere
686 2046 1010 2103 charitatem
1039 2049 1126 2102 est
1151 2046 1466 2112 vinculum,
1490 2044 1545 2098 id
1566 2050 1647 2098 est
1666 2041 1787 2098 col-
1886 2048 2220 2120 parentibus
2265 2063 2367 2118 per
2394 2047 2598 2115 omnia,
2658 2047 2731 2102 ita
2761 2054 2946 2102 tamen
2975 2047 3121 2119 quod
3152 2048 3215 2102 in
3235 2047 3489 2115 Domino,

186 2135 543 2209 ligamentum
560 2135 952 2209 perfectionis,
1006 2134 1061 2189 id
1081 2143 1162 2190 est
1185 2140 1504 2190 ceterarum
1527 2132 1789 2189 virtutum
1888 2151 2000 2192 non
2028 2135 2083 2191 in
2133 2135 2345 2193 cultura
2394 2135 2526 2191 idoli
2572 2136 2662 2191 vel
2712 2135 3025 2192 homicidio.
3075 2134 3316 2192 Obedire
3345 2134 3490 2204 dico,

188 2241 310 2297 quae
338 2224 644 2296 perfectum
674 2223 897 2279 faciunt.
948 2221 1153 2278 Omnes
1197 2222 1343 2277 enim
1389 2221 1617 2277 virtutes
1647 2236 1787 2276 con-
1890 2226 2022 2298 quia
2052 2224 2173 2293 hoc,
2204 2225 2413 2281 scilicet
2442 2224 2669 2280 obedire
2697 2224 2925 2296 parenti,
2946 2225 3228 2297 placitum
3259 2228 3342 2280 est
3358 2225 3488 2281 Deo.

189 2322 437 2387 gregataa
471 2313 589 2368 sine
617 2312 905 2379 charitate,
938 2319 1064 2367 sunt
1091 2310 1250 2382 quasi
1267 2310 1445 2382 pulvis
1463 2309 1783 2375 dissolutus,
1886 2314 1955 2369 Et
2004 2328 2122 2384 vos,
2182 2318 2396 2387 patres,
2432 2313 2615 2370 nolite
2674 2330 2978 2386 provocare
3011 2312 3084 2369 ad
3127 2312 3491 2368 iracundiam

189 2403 281 2473 qui
311 2401 468 2457 facile
498 2401 569 2456 ad
601 2399 983 2472 impulsionem
1012 2399 1159 2455 venti
1188 2398 1341 2471 (quia
1369 2398 1487 2453 sine
1522 2405 1787 2454 caemento
1894 2402 2047 2472 ﬁlios
2069 2406 2297 2468 vestros,
2345 2406 2411 2458 ut
2434 2419 2552 2457 non
2600 2401 2749 2470 ﬁant
2776 2401 3003 2474 pusillo,
3027 2400 3082 2455 id
3125 2406 3208 2456 est
3246 2399 3487 2466 modico,

187 2488 311 2562 fuit)
356 2489 712 2563 dispergitur.
763 2488 853 2545 Sic
898 2488 1044 2544 enim
1091 2488 1323 2543 virtutes
1371 2487 1489 2542 sine
1520 2493 1786 2543 caemento
1885 2491 2097 2556 animo,
2120 2490 2176 2545 in
2197 2490 2473 2561 patiendo,
2508 2497 2561 2545 et
2580 2489 2830 2561 percussi
2858 2504 2893 2544 a
2921 2488 3099 2555 vobis,
3117 2488 3489 2560 repercutiant

186 2578 469 2635 charitatis
515 2586 867 2649 congregata
896 2576 1053 2633 facile
1101 2576 1301 2633 cedunt
1342 2575 1563 2633 cuilibet
1603 2582 1784 2630 tenta-
1884 2594 2001 2635 vos.
2022 2579 2092 2634 Et
2111 2594 2229 2648 vos,
2253 2579 2416 2645 servi,
2441 2579 2655 2635 obedite
2668 2594 2771 2644 per
2790 2577 2981 2634 omnia
3033 2577 3299 2644 dominis,
3322 2576 3488 2632 etiam

186 2667 345 2723 tioni.
385 2668 450 2723 Et
480 2674 540 2722 ut
566 2667 622 2721 in
634 2666 896 2724 charitate
923 2664 1152 2737 perfecti
1182 2664 1320 2729 sitis,
1346 2663 1561 2737 pax,id
1581 2671 1663 2719 est
1693 2679 1786 2719 ex—
1884 2668 2232 2736 carnalibus,
2280 2684 2398 2723 non
2449 2668 2757 2723 servientes
2801 2666 2910 2721 illis
2939 2666 3011 2721 ad
3038 2666 3287 2731 oculum,
3320 2664 3376 2721 id
3405 2671 3491 2721 est

183 2755 354 2812 terior
385 2755 698 2823 concordia,
728 2771 849 2828 pax
869 2754 995 2811 dico
1028 2753 1256 2822 Christi,
1276 2753 1333 2808 id
1353 2761 1436 2809 est
1456 2742 1620 2825 quani
1639 2751 1787 2808 Chri-
1884 2755 2131 2828 quandiu
2162 2754 2294 2811 estis
2321 2755 2378 2810 in
2406 2754 2581 2811 oculis
2612 2770 2823 2821 eorum,
2871 2754 3034 2827 quasi
3060 2769 3161 2825 per
3187 2755 3330 2809 hanc
3358 2768 3485 2808 ser-

184 2852 306 2899 stus
335 2844 391 2899 in
420 2845 627 2900 mundo
655 2842 866 2910 habuit,
897 2852 947 2899 et
966 2842 1277 2901 habendam
1293 2840 1497 2910 docuit,
1522 2841 1591 2896 sit
1610 2840 1667 2896 in
1688 2856 1784 2896 vo-
1881 2845 2110 2901 vitutem
2136 2845 2414 2917 placeatis
2440 2844 2758 2901 hominibus
2797 2850 3027 2909 tantum,
3061 2842 3157 2898 sed
3176 2842 3241 2898 in
3254 2842 3485 2915 simpli-

185 2932 296 2999 bis,
325 2932 399 2987 ita
426 2932 571 3004 quod
599 2933 664 2988 in
690 2932 949 2989 cordibus
975 2932 1195 2999 vestris,
1226 2946 1338 2986 non
1357 2930 1660 2997 coactioue,
1685 2928 1784 2985 sed
1881 2932 2059 2987 citate
2088 2928 2276 2985 cordis
2305 2928 2507 2984 servile
2533 2927 2659 2994 illis,
2695 2926 3030 2983 timentesin
3059 2927 3165 2983 hoc
3192 2925 3485 2982 Dominum

186 3037 255 3077 ex
284 3020 558 3077 voluntate
587 3036 781 3092 pacem
808 3019 1055 3077 habeatis
1086 3020 1158 3076 ad
1203 3035 1414 3088 omnes,
1447 3026 1499 3075 et
1526 3018 1602 3073 ita
1630 3017 1700 3073 sit
1728 3017 1781 3072 in
1880 3019 2058 3075 Deum
2087 3016 2179 3089 qui
2207 3032 2312 3089 pro
2335 3024 2560 3088 peccato
2590 3023 2775 3072 vestro
2805 3013 2892 3072 vel
2919 3022 3226 3086 parentum,
3248 3028 3348 3070 vos
3369 3029 3486 3069 ser-

184 3109 445 3166 cordibus
466 3109 613 3182 quod
642 3110 719 3164 ibi
736 3109 1010 3177 exsultet,
1042 3107 1097 3163 id
1128 3116 1210 3164 est
1231 3108 1300 3163 de
1322 3107 1636 3179 quotidiano
1657 3123 1787 3179 gau—
1880 3122 1981 3162 vos
2037 3104 2335 3175 constituit,
2368 3113 2427 3160 ut
2484 3104 2551 3160 de
2580 3103 2704 3159 ﬁliis
2749 3104 2915 3160 Cham
2943 3102 3178 3176 legimus
3205 3102 3367 3175 (Gen.
3400 3115 3483 3171 rx,

183 3198 314 3254 deat
340 3197 697 3255 incremento.
730 3200 796 3254 In
824 3213 952 3270 qua,
984 3197 1041 3252 id
1060 3205 1144 3253 est
1163 3196 1234 3253 ad
1262 3211 1446 3269 quam,
1470 3211 1664 3268 pacem
1683 3197 1783 3251 ha-
1813 3254 1856 3270 Α
1882 3198 1997 3261 25).
2011 3195 2129 3251 Nec
2142 3194 2413 3265 objiciatis
2435 3194 2582 3267 quod
2604 3193 2810 3250 domini
2821 3192 2962 3248 male
2979 3192 3284 3248 retribuunt
3302 3190 3481 3260 vobis,

182 3287 424 3343 bendam
458 3288 638 3343 vocati
667 3287 803 3343 estis
828 3301 862 3340 a
889 3286 1004 3342 Deo
1022 3287 1087 3342 in
1106 3302 1220 3343 uno
1240 3284 1560 3358 corpore,id
1581 3292 1789 3340 estnon
1811 3254 1858 3315 Ο
1884 3285 2130 3343 scientes
2142 3283 2284 3357 quod
2305 3299 2404 3339 vos
2442 3284 2737 3355 accipietis
2761 3299 2797 3338 a
2823 3282 3059 3339 Domino
3094 3281 3211 3336 Deo
3234 3279 3485 3337 retribu-

184 3383 394 3432 tantum
440 3383 500 3431 ut
529 3375 599 3431 ad
650 3376 914 3431 unitatem
942 3374 1188 3447 corporis
1229 3372 1480 3442 veniatis,
1515 3372 1614 3429 sed
1644 3381 1703 3428 ut
1731 3373 1788 3429 in
1887 3375 2100 3430 tionem
2146 3373 2520 3440 hcereditatis,
2563 3370 2618 3426 id
2660 3379 2742 3426 est
2777 3370 3147 3427 haereditatem
3166 3368 3484 3425 retributam

182 3465 279 3519 illa
305 3464 511 3520 unitate
538 3465 931 3536 permaneatis.
961 3465 1070 3519 Pax
1104 3464 1173 3518 sit
1201 3462 1256 3517 in
1287 3463 1545 3519 cordibus
1565 3462 1781 3518 vestris.
1884 3461 2060 3528 vobis,
2093 3461 2218 3533 quia
2242 3461 2438 3532 jugum
2476 3458 2792 3531 impositum
2842 3458 2998 3515 vobis
3016 3474 3048 3513 a
3068 3459 3185 3514 Deo
3215 3457 3485 3528 patienter

182 3554 260 3609 Et
279 3568 379 3609 vos
423 3557 600 3609 estote
628 3554 799 3626 grati,
823 3552 878 3608 id
909 3560 992 3608 est
1020 3551 1228 3626 gratias
1273 3549 1515 3608 286
1566 3566 1788 3621 semper
1885 3548 2236 3606 sustinuistis.
2268 3549 2338 3604 Et
2365 3564 2490 3605 cum
2521 3548 2701 3603 dicam
2746 3546 3008 3602 mulieres
3055 3545 3300 3601 subditas
3333 3559 3481 3614 esse,

181 3649 420 3713 agentes
449 3641 564 3698 Deo
593 3640 661 3696 de
693 3641 906 3697 collatis
936 3641 1092 3697 vobis
1117 3638 1416 3696 beneficiis.
1455 3640 1618 3697 Grati
1637 3638 1781 3708 dico,
1854 3630 2031 3694 ‘viros
2059 3638 2311 3710 diligere,
2343 3635 2486 3692 filios
2515 3635 2758 3705 obedire,
2791 3650 2984 3691 servos
3021 3634 3246 3701 servire,
3269 3632 3327 3688 in
3355 3649 3482 3689 om-

181 3730 454 3787 docentes
483 3733 539 3786 et
558 3734 975 3788 eommonentes
996 3729 1377 3801 vosmetipsos.
1883 3727 2046 3782 nibus
2073 3726 2161 3781 his
2189 3727 2393 3782 servile
2426 3726 2658 3781 Domino
2692 3724 2931 3792 Christo,
2955 3739 3044 3789 ne,
3076 3730 3301 3794 propter
3320 3722 3488 3778 obse-

255 3817 367 3875 Sed
396 3819 453 3873 in
483 3834 591 3891 quo
618 3818 819 3874 docere
838 3825 890 3874 et
918 3832 1269 3875 commonere
1295 3834 1355 3873 se
1383 3816 1617 3873 debeant
1642 3832 1785 3889 prae-
1885 3815 2073 3888 quium
2100 3813 2360 3881 hominis,
2411 3813 2772 3870 contemnatis
2812 3814 3009 3869 Deum.
3038 3812 3170 3878 Vos,
3205 3809 3367 3878 servi,
3402 3811 3485 3867 sic

176 3907 367 3976 mittit,
428 3906 652 3964 dicens:
701 3908 772 3963 Ut
816 3906 1037 3978 possitis
1082 3922 1182 3963 vos
1209 3906 1409 3963 docere
1440 3914 1492 3961 et
1534 3920 1784 3962 commo-
1883 3903 2205 3976 operamini,
2240 3902 2370 3976 quia
2401 3903 2720 3976 quicunque
2747 3902 2893 3974 facit
2921 3902 3219 3971 injuriam,
3266 3899 3382 3955 sive
3411 3898 3485 3955 sit

180 4012 342 4060 nere,
378 3996 622 4066 verbum,
645 3995 703 4050 id
722 4002 805 4051 est
835 3995 1099 4062 doctrina,
1137 3994 1366 4063 Christi,
1405 3993 1461 4050 id
1490 4001 1573 4049 est
1600 3992 1687 4049 vel
1715 3993 1785 4049 de
1884 4009 2090 4059 servus,
2124 3992 2240 4048 sive
2283 3991 2353 4047 sit
2409 3991 2695 4057 Dominus,
2752 3991 2987 4063 recipiet
3017 3989 3076 4045 id
3121 3987 3265 4063 quod
3290 3988 3486 4062 inique

184 4085 426 4152 Christo,
459 4084 546 4140 vel
576 4099 743 4157 quam
775 4083 1021 4139 Christus
1050 4081 1252 4150 docuit,
1278 4082 1496 4139 habitet
1530 4082 1784 4138 continue
1882 4083 2076 4154 gessit,
2110 4080 2166 4136 id
2196 4087 2281 4136 est
2322 4079 2637 4136 mercedem
2683 4078 2985 4150 iniquitatis
3029 4077 3085 4132 in
3114 4076 3317 4133 futuro.
3352 4076 3485 4133 Ideo

180 4174 240 4228 in
263 4172 432 4229 vobis.
468 4174 535 4228 Et
563 4173 638 4228 ita
675 4171 822 4244 quod
860 4172 1234 4240 abundanter,
1268 4171 1324 4226 id
1379 4178 1463 4226 est
1491 4170 1783 4226 abundan-
1882 4168 2006 4226 dico
2035 4174 2353 4242 quicunque
2367 4168 2644 4241 injuriam
2664 4169 2827 4239 facit,
2854 4167 2981 4239 quia
2997 4165 3150 4238 apud
3167 4169 3346 4222 Deum
3365 4181 3486 4221 non

181 4262 317 4317 tiam
346 4260 596 4317 habeatis
626 4262 689 4316 in
711 4262 870 4316 omni
889 4262 1189 4332 sapientia,
1225 4258 1280 4314 id
1308 4267 1390 4316 est
1416 4259 1471 4313 in
1499 4258 1650 4314 omni
1677 4274 1780 4332 ge-
1883 4263 1970 4316 est
2014 4258 2266 4330 acceptio
2302 4271 2701 4328 personarum,
2733 4263 2788 4310 ut
2815 4255 2904 4312 hic
2943 4263 3203 4327 acceptus
3230 4254 3322 4323 sit,
3352 4252 3483 4325 quia

180 4366 321 4407 nere
352 4349 659 4405 intellectus
688 4348 952 4415 historici,
995 4348 1221 4404 moralis
1259 4355 1313 4404 et
1356 4346 1655 4420 allegorici,
1687 4348 1783 4403 do-
1881 4345 2060 4414 liber;
2091 4344 2184 4401 ille
2211 4343 2504 4416 projectus,
2536 4343 2666 4416 quia
2695 4359 2908 4400 servus.

172 4444 378 4496 centes
430 4440 792 4511 vosmetipsos
824 4437 1093 4493 studendo
1122 4437 1178 4492 in
1208 4436 1515 4508 Scripturis,
1550 4444 1604 4492 et
1640 4436 1783 4493 bene

171 4527 329 4585 docti
380 4530 802 4586 commonentes
849 4526 988 4582 alter
1014 4525 1262 4581 alterum.
1296 4525 1593 4582 Plurimum
1638 4524 1784 4581 enim
2489 4538 2716 4597 CAPUT
2753 4537 2847 4596 1v.

170 4612 325 4668 valet
380 4610 706 4679 exhortatio,
738 4610 903 4666 etiam
931 4609 987 4665 in
1013 4610 1179 4665 rebus
1207 4625 1343 4681 quas
1371 4609 1513 4666 bene
1542 4609 1770 4666 scimus.
1805 4610 1859 4671 D

172 4701 459 4757 Docentes
479 4703 535 4756 et
556 4703 977 4756 commonentes
1004 4698 1128 4754 dico
1147 4699 1212 4754 in
1228 4697 1487 4771 psalmis,
1516 4698 1784 4771 inquibus
1960 4722 1982 4750 α
2017 4699 2256 4767 Domini,
2286 4699 2435 4773 quod
2456 4700 2663 4770 justum
2692 4705 2774 4755 est
2804 4704 2858 4755 et
2887 4713 3101 4771 aequum
3134 4696 3306 4756 servis
3329 4716 3481 4772 prae-

176 4788 327 4845 bona
359 4788 643 4845 moralitas
671 4787 997 4856 continetur;
1030 4795 1084 4843 et
1111 4787 1175 4843 in
1217 4787 1465 4860 hymnis,
1509 4787 1565 4841 in
1587 4788 1784 4859 quibus
1888 4813 1910 4838 «ι
1944 4797 2111 4857 state,
2172 4789 2408 4845 scientes
2465 4787 2721 4860 quoniam
2775 4796 2831 4843 et
2886 4804 2985 4844 vos
3040 4788 3323 4844 Dominum
3376 4789 3482 4845 ha-

170 4877 301 4933 laus
352 4876 475 4943 Dei,
525 4876 613 4933 vel
660 4885 975 4933 sanctorum
1024 4876 1093 4932 ad
1120 4876 1356 4950 gloriam
1385 4876 1486 4933 Dei
1512 4876 1781 4945 refertur;
1887 4901 1911 4927 ιι
1948 4878 2088 4934 betis
2116 4876 2172 4932 in
2204 4878 2373 4935 coelo.
2413 4876 2662 4934 Orationi
2682 4876 2877 4933 instate
2897 4875 3224 4950 [instantes],
3249 4876 3482 4952 vigilan-

172 4971 233 5023 et
250 4970 318 5023 in
350 4966 597 5023 canticis
650 4965 1065 5039 spiritualibus,
1114 4964 1170 5020 id
1216 4972 1299 5020 est
1329 4964 1398 5021 de
1429 4964 1785 5037 spiritualium
1889 4986 1909 5020 ι
1949 4974 2029 5022 tes
2048 4966 2106 5021 in
2126 4982 2190 5023 ea
2210 4966 2267 5022 in
2285 4966 2584 5039 gratiarum
2604 4965 2840 5036 octione,
2864 4973 3085 5023 orantes
3131 4965 3293 5023 simul
3309 4974 3363 5023 et
3379 4980 3479 5038 pro

170 5054 450 5112 bonorum
478 5054 683 5129 gaudio
726 5054 1038 5131 agentibus.
1068 5054 1184 5109 Nec
1213 5052 1390 5109 solum
1420 5054 1684 5111 docentes
1729 5059 1788 5112 et
1887 5076 1912 5107 ι
1946 5054 2184 5113 287
2203 5054 2383 5123 nobis,
2407 5063 2468 5110 ut
2487 5055 2636 5112 Deus
2656 5055 2865 5126 aperiat
2879 5055 3038 5111 nobis
3056 5054 3256 5111 ostium
3278 5071 3483 5113 sermo-

168 5148 617 5211 commonentes,
641 5142 740 5200 sed
762 5142 921 5198 etiam
941 5146 1246 5200 cantantes
1265 5144 1395 5213 Deo,
1412 5142 1466 5197 id
1483 5150 1567 5198 est
1581 5143 1649 5199 ad
1671 5143 1785 5215 glo-
1890 5165 1913 5195 ι
1946 5143 2053 5213 nis,
2094 5144 2166 5199 ad
2220 5143 2554 5216 loquendum
2611 5144 2931 5215 mysterium
2984 5143 3186 5200 Christi
3238 5145 3484 5217 (propter

170 5235 313 5290 riam
344 5233 462 5301 Dei,
492 5249 599 5291 non
630 5231 811 5289 solum
841 5230 895 5286 in
924 5230 1103 5297 labiis,
1128 5230 1228 5286 sed
1256 5230 1417 5286 etiam
1446 5233 1510 5289 in
1530 5232 1786 5289 cordibus
1892 5253 1915 5284 «
1952 5232 2100 5305 quod
2128 5232 2292 5288 etiam
2324 5233 2540 5289 vinctus
2570 5232 2735 5305 sum),
2770 5240 2828 5289 ut
2856 5231 3199 5289 manifestam
3226 5233 3381 5305 illud,
3403 5233 3483 5290 ita

171 5324 404 5380 vestris.
448 5323 765 5379 Cantantes
783 5319 907 5376 dico
927 5321 992 5376 in
1029 5319 1301 5393 gratia,id
1330 5327 1413 5376 est
1441 5319 1498 5375 in
1526 5321 1784 5378 conside-
1891 5343 1914 5373 ι
1948 5329 2007 5377 ut
2060 5329 2281 5393 oportet
2357 5338 2446 5377 me
2500 5321 2670 5393 loqui.
2748 5322 2811 5376 In
2892 5321 3155 5393 sapientia
3210 5321 3484 5380 ambulate

171 5413 390 5469 ratione
422 5412 612 5486 gratiae
633 5410 759 5477 Dei,
790 5424 897 5481 qua
917 5414 1141 5479 peccata
1161 5408 1482 5464 condonans
1503 5424 1601 5465 vos
1612 5409 1781 5478 justi-
1886 5435 1908 5459 ιι
1944 5411 2168 5483 (Ephes.
2228 5424 2285 5477 v,
2343 5412 2434 5480 15)
2490 5410 2563 5465 ad
2608 5425 2705 5465 eos
2761 5410 2856 5483 qui
2913 5409 3043 5465 foris
3088 5419 3233 5479 sunt,
3267 5419 3484 5484 tempus

172 5502 377 5559 ﬁcavit.
437 5501 505 5559 Ut
553 5500 753 5574 paucis
793 5497 1074 5554 absolvam
1114 5497 1246 5569 quid
1287 5497 1442 5552 vobis
1473 5495 1784 5554 faciendum
1889 5520 1911 5550 α
1947 5498 2301 5555 redimentes.
2362 5499 2554 5554 Sermo
2610 5506 2794 5554 vester
2822 5514 3040 5571 semper
3068 5498 3125 5554 in
3170 5501 3341 5573 gratia
3369 5500 3482 5559 sale

170 5592 278 5647 sit:
313 5594 484 5650 Omne
504 5590 883 5666 quodcunque
904 5587 1105 5658 facitis
1122 5587 1185 5640 in
1198 5584 1499 5652 verbo,aut
1514 5587 1577 5641 in
1598 5601 1781 5658 apere,
1890 5608 1913 5640 α
1948 5587 2017 5642 sit
2046 5587 2315 5656 conditus,
2348 5595 2407 5643 ut
2435 5588 2620 5645 sciatis
2651 5588 2926 5659 quomodo
2954 5596 3201 5659 op0rteat
3246 5605 3343 5646 vos
3362 5589 3484 5644 uni-

165 5682 285 5740 hac
314 5690 366 5740 et
396 5683 595 5740 omnia
627 5694 735 5735 seu
768 5676 828 5730 in
856 5674 1064 5743 habitu,
1098 5690 1197 5730 seu
1225 5673 1281 5728 in
1314 5673 1667 5747 cogitatione,
1691 5680 1787 5747 [a-
1891 5700 1914 5724 υ
1951 5675 2145 5748 cuique
2175 5675 2529 5747 respondere.
2564 5675 2700 5745 Quae
2727 5676 2876 5733 circa
2907 5692 2995 5731 me
3023 5685 3146 5732 sunt
3173 5678 3353 5734 omnia
3381 5693 3485 5734 vo-

155 5775 269 5833 cite
282 5776 345 5833 in
365 5773 624 5837 nomine,
646 5766 710 5822 id
722 5771 813 5821 est
825 5763 898 5819 ad
915 5764 1198 5830 honorem,
1219 5763 1447 5820 Domini
1466 5762 1639 5821 nostri
1659 5764 1792 5825 Iesu
1894 5787 1919 5819 ι
1952 5764 2037 5821 bis
2064 5771 2195 5821 nota
2216 5763 2379 5821 faciet
2405 5764 2676 5837 Tychicus
2695 5807 2709 5833 ,
2760 5763 3112 5821 charissimus
3138 5754 3308 5822 frater
3334 5772 3389 5822 et
3415 5762 3486 5818 ﬁ-

359 5875 616 5933 ΡΑτιιοι.
663 5860 860 5923 CLIII.

3204 5866 3269 5917 13
