3932 6468
498 381 603 438 395

1051 373 1107 431 S.
1148 370 1505 431 BRUNONIS
1543 360 2192 426 CARTHUSIANORUM
2229 357 2712 416 lNSTITUTORIS
2750 358 2903 414 OPP.
2944 355 3141 412 PARS.
3185 356 3251 410 Il.

3696 355 3807 409 396

508 526 530 556 α
565 504 706 560 delis
760 502 1028 562 minister.
1091 508 1143 555 et
1198 514 1494 555 conservus
1549 496 1604 550 in
1650 493 1905 558 Domino,
1939 505 2101 563 quem
2123 488 2177 548 Α
2204 482 2369 550 tiam,‘
2385 491 2436 538 ut
2463 483 2539 538 sic
2568 483 2635 537 ad
2666 482 2718 535 id
2749 481 2893 553 quod
2937 479 3163 546 vellent,
3198 477 3410 535 facilius
3456 476 3801 532 inducerent.

501 614 524 644 ι
558 593 681 648 misi
709 592 777 646 ad
806 606 903 647 vos
934 590 1004 644 ad
1032 590 1137 644 hoc
1166 587 1345 659 ipsum
1374 594 1434 642 ut
1475 590 1773 658 cognoscat
1799 597 1919 654 quae
1948 580 2101 634 circa

501 704 523 729 α
560 697 658 736 vos
704 687 848 746 sunt,
897 686 949 733 et
990 676 1298 732 consoletur
1345 675 1513 730 corda
1564 681 1761 738 vestra,
1793 685 1917 725 cum
1946 667 2098 722 One-

501 793 522 817 ιι
562 769 699 824 simo
730 767 1080 835 charissimo,
1114 774 1167 820 et
1194 763 1553 828 fidelifratre,
1588 761 1677 833 qui
1705 768 1788 815 est
1816 775 1881 814 ex
1911 756 2092 812 vobis.

501 879 524 905 α
560 856 754 913 Omnia
805 872 925 928 qua:
975 853 1065 909 hic
1118 860 1361 926 aguntur
1389 858 1517 906 nota
1539 849 1701 906 faciet
1729 846 1911 903 vobis.
1951 843 2106 899 Salu-

501 967 523 993 ιι
560 953 637 1000 tat
662 960 763 1000 vos
789 943 1141 999 Aristarchus
1198 939 1553 1011 concaptivus
1592 952 1775 1002 meus,
1809 944 1859 990 et
1889 934 2104 988 Marcus

501 1051 523 1075 κ
558 1027 928 1084 consobrinus
958 1025 1240 1090 Barnabae,
1273 1024 1340 1079 de
1372 1038 1479 1094 quo
1508 1019 1798 1091 accepistis
1818 1017 2095 1072 mandata.

503 1140 525 1164 ιι
562 1117 621 1173 Si
682 1115 901 1172 venerit
932 1114 1002 1169 ad
1050 1129 1169 1179 vos,
1201 1111 1432 1182 excipite
1480 1110 1651 1165 illum.
1683 1109 1753 1162 Et
1801 1107 1980 1171 Jesus,
2011 1103 2104 1176 qui

500 1226 524 1257 ι
562 1205 765 1261 dicitur
794 1204 979 1257 Justus
1001 1244 1013 1267 ,
1074 1201 1164 1272 qui
1196 1207 1319 1255 sunt
1348 1215 1414 1253 ex
1444 1196 1874 1254 circumcisione.
1907 1193 1974 1249 Hi
2002 1192 2106 1247 soli

501 1315 525 1346 ι
560 1300 687 1349 sunt
723 1292 999 1361 adjutores
1028 1289 1134 1344 mei
1163 1288 1218 1343 in
1250 1302 1422 1360 regno
1452 1286 1572 1355 De‘i,
1603 1285 1694 1357 qui
1724 1283 1855 1337 mihi
1886 1282 2107 1336 fuerunt

499 1405 521 1431 τι
565 1381 779 1438 solatio.
845 1379 1057 1435 Salutat
1094 1393 1192 1433 vos
1232 1376 1541 1446 Epaphras,
1595 1373 1686 1444 qui
1716 1388 1789 1427 ex
1815 1370 1969 1427 vobis
2000 1376 2102 1434 est,

506 1493 528 1518 «
564 1485 756 1525 servus
810 1470 939 1523 Jesu
998 1465 1229 1533 Christi,
1290 1480 1508 1533 semper
1538 1460 1801 1517 sollicitus
1822 1474 1922 1530 pro
1951 1457 2106 1513 vobis

502 1581 524 1607 α
560 1559 617 1613 in
655 1556 1015 1621 orationibus,
1049 1562 1106 1608 ut
1162 1553 1316 1608 stetis
1343 1550 1570 1622 perfecti
1620 1564 1673 1604 et
1702 1548 1846 1619 pleni
1875 1548 1930 1601 in
1960 1544 2106 1601 omni

514 1667 538 1698 ι
575 1646 855 1701 voluntate
903 1644 1024 1699 Dei.
1069 1641 1462 1697 Testimonium
1512 1640 1654 1694 enim
1703 1637 1781 1691 illi
1824 1635 2104 1706 perhibeo,

509 1758 531 1786 ι
564 1734 711 1807 quod
745 1733 917 1787 habet
946 1731 1177 1785 multum
1207 1730 1450 1784 laborem
1481 1743 1581 1798 pro
1613 1725 1787 1790 vobis,
1820 1733 1872 1779 et
1893 1739 1993 1794 pro
2023 1724 2108 1776 his

504 1845 526 1870 «
560 1821 652 1894 qui
706 1829 829 1875 sunt
887 1819 1172 1883 Laodicize,
1234 1826 1287 1872 et
1327 1816 1419 1888 qui
1454 1813 1739 1886 Hierapoli.
1774 1812 1979 1869 Salutat
2009 1826 2107 1865 vos
2127 1836 2180 1895 Β

508 1932 529 1958 α
564 1910 738 1966 Lucas
784 1909 860 1979 (II
912 1909 1049 1963 Tim.
1107 1922 1181 1972 iv,
1236 1906 1347 1974 11),
1376 1904 1621 1958 medicus
1653 1901 2024 1967 charissimus,
2057 1906 2111 1954 et

508 2021 529 2045 α
566 1999 788 2052 Demas.
852 1995 1093 2051 Salutate
1152 1992 1355 2048 fratres
1416 1991 1511 2063 qui
1568 1999 1692 2045 sunt
1746 1988 2013 2044 Laodicia:
2058 1994 2112 2042 et

510 2110 533 2135 ιι
566 2085 896 2157 Nympham,
965 2090 1018 2139 et
1061 2098 1184 2153 qum
1214 2082 1268 2135 in
1316 2080 1482 2136 domo
1529 2080 1647 2147 ejus
1677 2086 1759 2133 est
1787 2076 2100 2132 ecclesiam.

510 2198 531 2222 «ι
567 2175 636 2229 Ει
664 2188 786 2230 cum
817 2172 960 2227 lecta
1003 2170 1160 2225 fuerit
1189 2169 1331 2240 apud
1364 2184 1461 2223 vos
1507 2166 1752 2238 Epistola
1783 2167 1917 2230 haec,
1950 2163 2110 2219 facite

514 2284 536 2310 α
571 2269 630 2317 ut
655 2269 709 2316 et
735 2261 792 2315 in
847 2257 1273 2315 Laodicensium
1311 2256 1559 2312 Ecclesia
1590 2255 1824 2327 legatur.
1856 2253 1924 2307 Et
1950 2252 2110 2307 dicite

512 2371 535 2401 ι
570 2348 845 2420 Archippo
897 2363 909 2401 :
971 2347 1109 2402 Vide
1165 2344 1530 2401 ministerium
1588 2342 1736 2414 quod
1766 2340 2023 2411 accepisti
2053 2339 2108 2393 in

506 2460 528 2486 α
560 2437 815 2502 Domino,
870 2442 927 2490 ut
975 2435 1108 2489 illud
1165 2433 1411 2504 impleas.
1478 2431 1738 2487 Salutatio
1779 2445 1900 2485 mea
1942 2443 2107 2483 manu

506 2548 528 2573 «ι
565 2525 738 2581 Pauli.
789 2524 1057 2579 Memores
1098 2529 1270 2577 estote
1293 2520 1633 2576 vinculorum
1663 2534 1933 2573 meorum.
1967 2517 2109 2571 Gra-

506 2637 527 2662 -
571 2614 646 2669 tia
675 2612 890 2669 Domini
918 2610 1090 2667 nostri
1118 2612 1247 2665 Jesu
1280 2609 1479 2664 Christi
1523 2608 1827 2665 vobiscum.
1861 2609 2054 2661 Arnen.
2080 2628 2103 2653 υ

1130 2813 1444 2855 EXPOSITIO.

578 2948 754 3012 Servi,
787 2947 1002 3005 obedite
1032 2946 1287 3013 dominis,
1322 2953 1375 3001 et
1404 2960 1533 3009 vos,
1570 2944 1806 3011 domini,
1838 2946 2107 3016 praestate

503 3040 681 3094 servis
714 3036 857 3109 quod
881 3038 1108 3108 justum
1146 3038 1247 3099 est,
1281 3041 1336 3088 et
1382 3033 1680 3089 secundum
1712 3032 1857 3103 quod
1886 3047 2106 3086 meren-

502 3132 612 3193 tur,
645 3129 701 3180 et
738 3123 883 3195 quod
912 3130 997 3178 est
1026 3138 1273 3195 aequum,
1291 3121 1345 3176 id
1375 3128 1459 3176 est
1487 3128 1546 3175 ut
1574 3120 1818 3192 pensetis
1834 3135 1931 3175 eos
1951 3134 2105 3190 aeque

2204 575 2272 630 Ut
2302 573 2357 627 in
2385 572 2643 642 sapientia
2675 569 2984 635 ambuletis,
3036 584 3219 623 sermo
3250 571 3431 622 vester
3461 582 3681 637 semper
3722 568 3804 621 sit

2201 664 2261 717 in
2290 661 2498 732 gratia,
2525 659 2579 713 id
2601 668 2685 713 est
2704 658 2981 729 gratiosus
3002 655 3362 721 auditoribus,
3382 663 3434 709 et
3456 670 3521 709 ex
3544 669 3629 722 eo,
3654 653 3805 725 quod

2201 749 2269 804 sit
2299 749 2558 805 conditus
2584 748 2721 815 sale,
2756 746 2810 800 id
2841 753 2922 799 est
2967 750 3402 814 contemperatus
3434 742 3659 813 sapienti
3680 742 3806 795 dis-

2200 838 2461 893 cretione.
2508 835 2604 890 Vel
2651 835 2762 889 ita:
2818 835 3008 889 Sermo
3038 836 3223 888 vester
3254 834 3330 886 sit
3361 831 3621 886 conditus
3657 831 3805 897 sale,

2202 924 2277 980 ita
2309 924 2455 996 quod
2486 938 2705 993 semper
2734 921 2803 976 sit
2829 924 2892 977 in
2916 922 3127 991 gratia,
3152 920 3207 974 id
3239 927 3323 974 est
3354 920 3407 972 in
3438 919 3804 974 commenda-

2200 1014 2348 1068 tione
2381 1011 2574 1083 gratiaa
2605 1009 2723 1078 Dei,
2758 1018 2811 1065 et
2842 1024 3123 1080 nunquam
3168 1008 3224 1062 in
3253 1007 3397 1080 lege.
3435 1009 3512 1062 Ita
3540 1007 3811 1062 conditus

2202 1102 2341 1166 sale,
2358 1104 2422 1156 ut
2442 1100 2638 1155 sciatis
2650 1097 2916 1170 quomodo
2939 1100 3193 1169 oporteat
3208 1113 3298 1151 vos
3318 1095 3651 1167 respondere
3670 1096 3809 1150 uni-

2204 1189 2404 1261 cuique
2445 1186 2823 1257 interroganti,
2858 1201 2955 1255 pro
2998 1183 3341 1255 simplicitate
3387 1185 3504 1253 ejus
3550 1183 3635 1239 vel
3660 1199 3806 1254 pru-

2205 1277 2410 1332 dentia.
2444 1276 2534 1331 Sic
2581 1290 2679 1330 vos
2708 1274 2777 1329 de
2806 1273 3107 1345 praemissis
3135 1273 3347 1327 instruo
3372 1290 3387 1339 ;
3412 1271 3593 1328 omnia
3622 1280 3809 1327 autem

2204 1382 2328 1436 qua:
2356 1365 2510 1419 circa
2537 1379 2626 1418 me
2655 1366 2811 1423 sunt.
2836 1370 2889 1417 et
2912 1360 3124 1416 vincula
3153 1368 3204 1415 et
3232 1368 3446 1425 caetera,
3466 1365 3605 1415 nota
3625 1362 3807 1431 faciet

2204 1454 2353 1510 vobis
2372 1454 2409 1508 T
2409 1453 2657 1524 ychicus,
2672 1451 3043 1506 charissimus
3053 1452 3241 1520 frater
3251 1453 3306 1504 et
3314 1450 3497 1518 ﬁdelis
3508 1450 3801 1504 minister.

2206 1541 2426 1596 Credite
2482 1539 2559 1593 illi
2618 1538 2745 1610 quia
2774 1538 2911 1592 nihil
2943 1546 3144 1609 praeter
3175 1536 3336 1591 fidem
3367 1535 3713 1601 ministrabit,
3748 1540 3805 1591 et

2206 1644 2505 1686 conservus
2518 1628 2580 1681 in
2594 1629 2846 1693 Domino,
2866 1627 3012 1698 quia,
3028 1626 3167 1681 sicut
3183 1641 3309 1697 ego,
3325 1625 3404 1680 sic
3419 1623 3661 1681 288
3684 1641 3805 1679 ser-

2207 1718 2283 1771 vit
2324 1715 2557 1772 Domino
2601 1715 2656 1768 in
2696 1714 3013 1785 Evangelio,
3069 1723 3121 1769 et
3149 1713 3350 1784 patitur
3369 1728 3468 1784 pro
3497 1729 3583 1779 eo,
3629 1714 3805 1782 Quem

2207 1804 2504 1876 Tychicum
2524 1803 2659 1857 misi
2689 1802 2759 1856 ad
2781 1818 2898 1868 vos,
2923 1803 2993 1857 ad
3016 1803 3116 1857 hoc
3154 1801 3628 1870 manifestandum,
3656 1809 3711 1855 et
3731 1801 3805 1855 ad

2207 1895 2416 1965 ipsum,
2444 1896 2510 1947 ut
2541 1894 2836 1962 cognoscat
2865 1907 2986 1961 qua:
3015 1892 3169 1945 circa
3212 1906 3300 1945 vos
3321 1893 3476 1954 sunt,
3499 1896 3552 1943 et
3581 1905 3685 1961 ego
3703 1905 3807 1959 per

2208 1997 2351 2047 eum,
2386 1985 2443 2035 et
2474 1981 2799 2034 consoletur
2829 1978 2996 2034 corda
3037 1982 3245 2043 vestra,
3278 1977 3520 2032 desolata
3547 1992 3643 2047 pro
3671 1977 3803 2033 vin-

2208 2069 2343 2125 culis
2373 2068 2537 2123 meis.
2577 2067 2715 2121 Nota
2744 2065 2905 2122 faciet
2924 2066 3213 2137 Tychicus,
3243 2082 3372 2121 cum
3396 2066 3652 2121 Onesimo
3668 2067 3804 2122 cha-

2207 2158 2429 2213 rissima
2454 2160 2509 2211 et
2539 2156 2697 2224 ﬁdeli
2716 2157 2902 2225 fratre
2927 2174 2944 2222 ;
2978 2153 3158 2209 audite
3188 2170 3332 2219 eum,
3374 2155 3508 2227 quia
3536 2160 3697 2209 natus
3718 2158 3804 2209 est

2209 2262 2283 2301 ex
2312 2244 2478 2300 vobis.
2516 2243 2583 2297 Hi
2614 2242 2721 2297 duo
2762 2243 2982 2313 facient
3006 2242 3151 2297 vobis
3187 2245 3326 2298 nota
3356 2242 3548 2298 omnia
3572 2258 3693 2314 qua
3714 2242 3806 2297 hic

2208 2336 2481 2402 aguntur.
2515 2331 2644 2386 Ideo
2674 2329 3073 2385 commendavit
3123 2346 3238 2396 eos,
3272 2337 3331 2384 ut
3359 2330 3645 2385 crederent
3673 2329 3802 2398 illis,

2207 2421 2346 2476 sicut
2376 2427 2430 2475 et
2471 2418 2595 2474 sibi.
2638 2419 2867 2474 Salutat
2912 2434 3004 2474 vos
3051 2418 3413 2474 Aristarchus
3439 2418 3806 2490 concaptivus

2205 2525 2386 2574 meus,
2447 2506 2559 2579 qui,
2619 2506 2756 2562 sicut
2784 2521 2911 2578 ego,
2970 2521 3071 2576 pro
3128 2505 3433 2578 Evangelio
3488 2505 3543 2559 in
3571 2504 3811 2561 vinculis

2206 2596 2533 2667 captivatur.
2596 2594 2802 2649 Salutat
2830 2609 2930 2649 vos
2958 2594 3121 2648 etiam
3156 2595 3392 2663 Marcus,
3439 2593 3814 2652 consobrinus

2206 2684 2497 2741 Barnabae.
2532 2684 2606 2739 De
2633 2698 2737 2756 quo
2767 2690 2999 2753 utroque
3031 2698 3142 2738 non
3174 2682 3486 2753 recipiendo
3506 2683 3812 2754 accepistis

2208 2773 2485 2829 mandata
2506 2787 2537 2826 a
2566 2787 2674 2826 me.
2709 2770 2816 2825 Sed
2838 2772 2888 2827 si
2915 2779 3140 2843 uterque
3160 2771 3325 2826 modo
3356 2772 3573 2827 venerit
3594 2770 3668 2826 ad
3688 2787 3806 2837 vos,

2205 2862 2454 2932 excipite
2502 2861 2690 2926 illum,
2751 2867 3039 2931 utrumque
3098 2859 3481 2916 reconciliatos
3509 2858 3668 2914 mihi.
3706 2858 3813 2915 Hic

2204 2951 2421 3004 Marcus
2452 2946 2647 3003 nolens
2704 2947 2931 3002 obedire
2960 2946 3131 3002 Paulo
3159 2947 3214 3002 in
3265 2948 3502 3019 quadam
3530 2946 3813 3020 legatione

2204 3036 2415 3092 divisus
2446 3043 2529 3092 est
2551 3036 2621 3091 ab
2672 3035 2767 3091 illo
2791 3053 2805 3101 ;
2838 3035 3118 3090 Barnabas
3146 3043 3351 3103 autem,
3379 3050 3569 3092 amore
3599 3035 3816 3092 carnali

2205 3124 2433 3180 nimium
2462 3124 2674 3190 ductus,
2705 3122 2837 3178 abiit
2866 3139 2990 3179 cum
3015 3126 3193 3179 Marco
3223 3124 3369 3196 (Act.
3402 3139 3499 3191 xv,
3535 3126 3648 3195 39).
3674 3124 3817 3180 Pau-

506 3212 759 3268 homines
805 3227 929 3266 esse
973 3210 1112 3265 sicut
1166 3225 1284 3279 vos,
1318 3211 1561 3265 scientes
1591 3208 1844 3279 quoniam
1879 3207 2025 3262 servi
2053 3210 2110 3263 et
2130 3185 2176 3247 Ο
2207 3214 2295 3269 lus
2324 3228 2453 3269 vero
2481 3228 2550 3267 ne
2574 3211 2703 3283 quid
2732 3220 2883 3267 extra
2910 3210 3077 3267 fidem
3125 3211 3491 3284 praedicarent
3526 3212 3817 3286 segregati

502 3316 597 3357 vos
627 3299 833 3356 domini
856 3298 1073 3355 habetis
1103 3298 1354 3352 eumdem
1389 3298 1693 3354 Dominum
1716 3297 1778 3351 in
1808 3297 1964 3353 calo.
1997 3295 2110 3350 Ad-

506 3388 728 3444 monitis
786 3387 872 3442 his
901 3387 1174 3458 personis,
1237 3386 1432 3440 iterum
1462 3385 1533 3441 ad
1562 3384 1837 3456 publicam
1866 3384 2108 3440 instruc-

500 3476 705 3533 tionem
723 3475 987 3532 Ecclesiie
1008 3474 1317 3541 revertitur,
1334 3474 1520 3530 dicens
1546 3491 1559 3528 :
1585 3474 1716 3541 Vos,
1751 3473 1897 3529 servi
1926 3481 1979 3528 et
2008 3473 2107 3528 do-

505 3565 659 3631 mini,
696 3564 777 3621 sic
808 3563 1047 3621 vicissim
1076 3563 1222 3635 agite
1249 3577 1262 3616 :
1313 3562 1582 3618 Universa
1634 3569 1816 3617 autem
1847 3561 2101 3628 ecclesia,

505 3656 723 3710 instate
745 3652 994 3709 orationi
1017 3652 1340 3722 vigilantes,
1370 3650 1455 3706 vel
1476 3650 1756 3706 nocturnis
1774 3650 1995 3722 vigiliis,
2018 3649 2105 3705 vel

502 3741 732 3796 studiosi
746 3742 811 3795 in
832 3757 900 3795 ea
911 3739 1202 3810 vigilantes
1220 3754 1441 3808 semper
1455 3738 1510 3792 in
1522 3739 1744 3794 actione
1756 3739 2101 3809 gratiarum,

503 3832 761 3894 orantes,
786 3829 960 3883 simul
990 3829 1165 3882 etiam
1190 3843 1291 3899 pro
1336 3827 1515 3894 nobis,
1561 3825 1778 3897 quando
1809 3818 1973 3881 oratis
2001 3841 2104 3897 pro

500 3915 676 3971 vobis.
710 3915 809 3971 Vel
858 3916 1053 3987 simul,
1108 3914 1162 3969 id
1193 3925 1276 3969 est
1305 3922 1413 3969 tota
1444 3913 1678 3969 ecclesia
1704 3929 1803 3985 pro
1831 3930 1918 3969 me
1948 3930 2104 3969 com-

504 4020 727 4059 munem
782 4002 1079 4058 orationem
1126 4001 1307 4066 faciat,
1359 4007 1425 4056 ut
1471 4003 1617 4057 Deus
1674 4005 1894 4074 aperiat
1941 4002 2103 4059 nobis

501 4093 710 4149 ostium
738 4091 1036 4157 sermonis,
1060 4090 1114 4144 id
1146 4099 1229 4145 est
1258 4089 1399 4144 labia
1427 4105 1525 4161 per
1541 4106 1661 4161 quae
1682 4091 1965 4160 egreditur
1987 4107 2103 4146 ser-

501 4195 614 4236 mo.
647 4180 877 4252 Aperiat
907 4178 1030 4235 dico
1052 4179 1124 4234 ad
1147 4178 1483 4252 loquendum
1503 4180 1841 4250 mysterium
1864 4178 2098 4246 Christi,

499 4268 556 4323 id
583 4276 667 4323 est
697 4267 929 4322 salutem
960 4266 1224 4338 gentium,
1256 4282 1386 4330 quae
1412 4282 1585 4338 usque
1606 4266 1673 4321 ad
1704 4266 1975 4322 Christum
1997 4267 2100 4321 sub

497 4355 761 4429 mysterio
819 4354 991 4410 latuit.
1050 4354 1300 4425 Aperiret
1356 4355 1504 4409 Deus
1560 4354 1663 4409 sibi
1714 4371 1797 4420 os,
1831 4355 1878 4409 si
1919 4370 2100 4410 sermo

498 4445 617 4514 ejus
690 4443 1030 4499 auditoribus
1104 4442 1269 4498 fuerit
1324 4443 1620 4515 gratiosus.
1681 4442 1819 4511 Quia
1876 4451 2101 4515 propter

2208 3301 2277 3356 ab
2308 3300 2422 3367 illo,
2454 3300 2672 3371 scripsit
2701 3300 2964 3356 Ecclesiis
2993 3316 3062 3355 ne
3092 3300 3338 3355 audirent
3369 3316 3466 3356 eos
3500 3300 3593 3372 qui
3636 3301 3817 3357 modo

2207 3388 2465 3454 correcti,
2492 3396 2787 3444 erantcum
2807 3388 3007 3455 Paulo;
3038 3395 3092 3444 et
3120 3388 3244 3444 ideo
3266 3389 3335 3444 de
3360 3388 3439 3443 eis
3469 3388 3818 3459 excipiendis

2206 3476 2405 3532 iterum
2430 3476 2668 3547 scripsit.
2701 3476 2909 3531 Salutat
2938 3491 3036 3532 vos
3067 3476 3227 3532 etiam
3256 3479 3435 3545 Jesus,
3467 3477 3564 3549 qui
3591 3477 3821 3535 dicitur

2204 3567 2421 3632 Justus,
2464 3564 2833 3620 testimonium
2884 3564 3106 3635 justitiaa
3162 3564 3372 3621 habens
3423 3565 3492 3619 ab
3516 3565 3812 3621 omnibus.

2209 3654 2315 3721 Qui
2334 3656 2574 3720 Marcus,
2593 3653 2890 3719 Barnabas,
2906 3653 3084 3721 Jesus,
3107 3658 3246 3710 sunt
3265 3670 3339 3710 ex
3349 3655 3821 3722 circumcisione,

2206 3749 2260 3797 et
2290 3743 2348 3797 hi
2378 3743 2487 3798 soli
2515 3758 2581 3797 ex
2612 3741 3025 3797 circumcisione
3080 3746 3218 3798 sunt
3259 3742 3545 3813 adiutores
3582 3744 3725 3809 mei,
3750 3744 3825 3800 in

2204 3831 2553 3902 praedicando
2569 3847 2740 3901 regno
2758 3831 2878 3887 Dei.
2905 3831 3008 3898 Qui
3020 3830 3434 3902 etiam'fuerunt
3446 3831 3589 3886 mihi
3598 3832 3728 3889 sola
3736 3834 3823 3889 tio

2204 3920 2259 3973 in
2290 3919 2541 3976 vinculis.
2575 3920 2806 3976 Salutat
2829 3936 2919 3977 vos
2952 3918 3259 3992 Epaphras,
3304 3922 3401 3990 qui
3429 3924 3513 3976 est
3542 3926 3702 3975 natus
3736 3938 3824 3978 ea:

2207 4008 2373 4065 vobis.
2407 4007 2505 4063 Ille
2534 4007 2658 4063 dico
2684 4024 2876 4064 servus
2908 4006 3121 4063 Christi
3139 4010 3286 4074 Jesu,
3321 4016 3374 4065 et
3403 4009 3689 4066 sollicitus
3704 4027 3822 4083 pro

2208 4098 2358 4153 vobis
2388 4098 2454 4151 in
2475 4096 2846 4162 orationibus,
2879 4112 3100 4168 semper
3126 4095 3346 4152 habitis.
3388 4098 3497 4154 Pro
3522 4098 3695 4167 vobis,
3718 4100 3822 4155 in-

2204 4204 2391 4260 quam,
2423 4192 2489 4244 ut
2502 4190 2666 4243 stetis
2693 4188 2940 4259 perfecit
2970 4187 3023 4241 in
3055 4203 3121 4243 eo
3178 4186 3324 4259 quod
3351 4186 3665 4259 accepistis,
3699 4205 3828 4245 non

2202 4284 2261 4331 ut
2290 4275 2437 4332 aliud
2485 4275 2782 4346 accipiatis.
2831 4277 2897 4330 Et
2935 4283 2995 4330 ut
3039 4274 3191 4331 stetis
3234 4277 3397 4348 pleni
3438 4276 3503 4331 in
3530 4279 3690 4332 omni
3722 4295 3827 4336 vo-

2205 4366 2451 4431 luntate,
2475 4363 2530 4418 id
2560 4372 2644 4419 est
2672 4362 2912 4434 plenarie
2941 4371 3341 4436 cognoscentes
3369 4379 3586 4420 omnem
3617 4365 3829 4422 volun-

2202 4460 2368 4509 tatem
2401 4453 2520 4508 Dei.
2552 4452 2696 4508 Vere
2726 4454 3005 4508 sollicitus
3031 4468 3134 4525 pro
3165 4452 3350 4520 vobis;
3381 4469 3505 4507 nam
3536 4468 3644 4525 ego
3666 4471 3821 4526 per-

499 4532 921 4603 compositiones
968 4531 1282 4598 verborum,
1333 4539 1557 4601 prepter
1604 4531 1929 4586 subtilitates
1966 4547 2091 4587 sen-

2204 4541 2356 4597 hibeo
2376 4541 2468 4596 illi
2488 4540 2898 4609 testimonium,
2922 4540 3065 4613 quod
3081 4539 3245 4596 habet
3262 4542 3510 4597 multum
3533 4541 3818 4613 laborem,

498 4620 805 4687 tentiarum,
864 4634 1135 4691 nunquam
1185 4635 1249 4676 os
1278 4619 1377 4674 erit
1404 4627 1675 4690 apertum,
1723 4619 1828 4675 nisi
1860 4619 2093 4691 Spiritus

498 4716 756 4781 operetur
783 4709 839 4763 in
893 4708 1147 4764 cordibus
1204 4708 1538 4774 auditorum,
1568 4712 1801 4779 prapter
1843 4709 2005 4780 quod,
2037 4708 2094 4762 id

499 4806 583 4853 est
611 4796 758 4868 quia,
816 4795 1010 4867 loquor
1037 4796 1351 4867 mysterium
1382 4795 1594 4861 Christi,
1629 4802 1753 4866 post
1780 4796 1980 4850 multas
2008 4794 2093 4850 af-

500 4884 768 4940 ﬂictiones
787 4923 801 4951 ,
862 4885 1037 4939 etiam
1068 4899 1213 4939 nunc
1241 4884 1468 4938 vinctus
1514 4900 1643 4938 sum
1668 4883 1736 4937 ad
1765 4882 2094 4955 loquendum

500 4973 587 5028 ita
624 4977 690 5027 ut
737 4985 841 5042 ego
889 4973 1255 5043 manifestem
1284 4972 1430 5027 illud
1458 4970 1798 5042 mysterium,
1831 4972 1919 5026 ita
1945 4972 2094 5027 sicut

502 5062 719 5131 oportet
746 5075 835 5114 me
868 5060 1016 5131 loqui
1045 5075 1146 5129 pro
1163 5058 1305 5124 loco,
1328 5066 1574 5130 tempore
1595 5074 1660 5114 ac
1680 5059 1976 5130 capacitate
1994 5075 2095 5114 au-

503 5146 759 5202 ditorum.
817 5145 886 5201 Et
944 5146 1080 5202 sicut
1111 5162 1217 5219 ego
1247 5146 1442 5217 loquor
1490 5147 1720 5202 verbum
1768 5146 1987 5213 Christi,
2021 5147 2096 5202 ita

505 5242 559 5290 et
600 5250 698 5289 vos
717 5233 1027 5306 praedicata.
1049 5234 1347 5291 Ambulate
1368 5234 1439 5290 ad
1460 5251 1548 5290 eos
1569 5237 1667 5308 qui
1689 5236 1829 5306 foris
1865 5240 2021 5303 sunt,
2040 5235 2096 5291 id

503 5330 587 5378 est
615 5322 687 5377 ad
743 5320 1010 5378 infideles.
1045 5322 1343 5378 Ambulate
1362 5323 1484 5378 dico
1513 5324 1577 5379 in
1599 5325 1791 5396 sap-ien
1806 5322 1985 5390 tia,‘id
2014 5331 2097 5378 est

502 5410 558 5465 in
577 5410 725 5466 omni
758 5410 1087 5467 discretione
1124 5411 1489 5481 praedicando.
1531 5412 1642 5467 Vos
1671 5412 1794 5468 dico
1823 5412 2099 5469 redimen-

505 5503 589 5556 tes
623 5502 863 5572 tempus,
891 5498 947 5555 id
969 5506 1051 5555 est
1070 5507 1449 5571 comparantes
1469 5500 1624 5556 vobis
1643 5502 2097 5572 opportunitatem

501 5588 815 5644 ambulandi
842 5587 900 5643 in
920 5588 1206 5661 sapientia.
1241 5589 1357 5646 Hoc
1386 5597 1532 5646 esset
1562 5590 1832 5646 redimere
1861 5598 2093 5661 tempus,

476 5675 551 5733 -si
580 5684 841 5735 vocarent
869 5676 937 5734 ad
997 5693 1229 5748 crvnam,
1265 5686 1315 5735 et
1345 5686 1628 5752 captarent
1658 5678 1733 5734 ibi
1760 5678 2098 5735 benevolen-

2205 4628 2502 4701 vigilando,
2526 4628 2733 4685 orando
2762 4644 2862 4700 pro
2882 4628 3057 4696 vobis,
3081 4632 3139 4685 et
3164 4645 3266 4701 pro
3289 4628 3374 4686 his
3397 4631 3495 4702 qui
3512 4635 3652 4687 sunt
3671 4632 3820 4690 Lao-

2205 4716 2387 4783 diciw,
2419 4722 2476 4772 et
2505 4719 2599 4789 qui
2618 4721 2754 4773 sunt
2778 4718 3079 4790 Hierapoli.
3126 4716 3328 4773 Vicina:
3357 4718 3621 4775 Ecclesiae
3647 4729 3819 4777 erant

2205 4804 2644 4860 Colossensibus.
2675 4805 2903 4860 Salutat
2932 4822 3027 4862 vos
3076 4807 3272 4872 Lucas,
3294 4806 3546 4863 medicus
3576 4806 3819 4865 charis-

2202 4895 2403 4948 simus.
2427 4892 2528 4948 Hic
2556 4891 2655 4947 fuit
2689 4893 3042 4965 evangelista.
3074 4895 3145 4950 Et
3212 4895 3413 4951 Demas
3442 4910 3540 4951 vos
3568 4896 3812 4954 salutat.

2202 4980 2464 5036 Salutate
2492 4982 2705 5051 fratres
2728 4981 2824 5053 qui
2851 4986 2988 5037 sunt
3016 4982 3316 5039 Laodicia.
3356 4983 3595 5039 Salutate
3626 4986 3823 5042 etiam

2202 5066 2518 5141 Nympham
2546 5068 2696 5124 illam
2717 5076 3038 5137 matronam,
3073 5075 3130 5127 et
3159 5071 3459 5129 ecclesiam
3490 5088 3612 5144 quae
3632 5077 3725 5129 est
3748 5076 3822 5132 in

2201 5155 2360 5212 domo
2390 5158 2531 5228 ejus.
2592 5158 2720 5213 Hinc
2751 5157 2910 5212 solita
2942 5166 3061 5214 erat
3088 5158 3394 5215 ministrare
3422 5159 3824 5231 praedicatori-

2200 5238 2323 5305 bus,
2356 5247 2411 5296 et
2465 5241 2688 5296 timebat
2736 5242 2935 5297 Paulus
2965 5258 3035 5297 ne
3065 5243 3287 5299 seducta
3334 5243 3671 5299 ministraret
3698 5246 3824 5303 illis

2200 5327 2430 5397 pseudo.
2464 5331 2534 5385 Et
2552 5346 2682 5401 cum
2704 5332 2887 5400 fuerit
2912 5332 3058 5387 lecta
3087 5330 3240 5403 apud
3264 5348 3357 5388 vos
3388 5333 3504 5388 haec
3523 5333 3820 5404 Epistola,

2198 5418 2373 5487 facite
2401 5422 2465 5472 ut
2483 5420 2659 5474 etiam
2682 5419 2904 5490 legatur
2919 5419 2983 5474 in
3002 5421 3255 5476 Ecclesia
3267 5421 3731 5490 Laodicensium,
3760 5430 3827 5482 et

2198 5511 2258 5559 ut
2287 5520 2377 5561 vos
2401 5506 2604 5576 legatis
2632 5522 2760 5562 eam
2787 5523 2908 5579 qua:
2929 5512 3013 5564 est
3042 5508 3487 5566 Laodicensium.
3534 5511 3605 5563 Et
3634 5510 3829 5571 dicite

2196 5593 2496 5666 Archippo,
2530 5593 2790 5665 episcopo
2821 5602 3024 5661 vestro,
3057 5595 3171 5669 qui,
3205 5596 3334 5668 quia
3359 5604 3710 5670 contemptus
3732 5612 3829 5659 est

2197 5695 2228 5734 a
2256 5679 2431 5750 vobis,
2464 5681 2533 5737 ab
2563 5680 2740 5739 ofﬁcio
2796 5682 3049 5754 cessavit,
3082 5683 3246 5741 dicite
3274 5683 3350 5739 illi
3386 5700 3398 5739 :
3430 5686 3574 5753 Vide,
3636 5686 3697 5743 id
3733 5700 3828 5748 est
