3932 6412
22 380 122 433 39Ἶ
659 371 1038 432 EXPOSITIO
1075 374 1147 429 IN
1185 370 1565 428 EPISTOLAS
1605 370 1828 428 PAULI.
1862 403 1931 412 —
1960 372 2034 428 ΙΝ
2070 369 2290 428 EPIST.
2321 374 2344 428 Ι
2379 373 2475 429 AD
2513 370 2751 430 THESS.
3259 375 3364 429 398

34 501 282 573 provide,
317 517 435 573 age
454 502 855 558 ministerium
873 500 1014 572 quod
1036 499 1308 570 accepisti
1322 499 1385 553 in
1406 499 1661 564 Domino,
1693 509 1747 566 Α
1771 498 2054 554 Salutatio
2085 498 2289 568 scripta
2316 515 2441 554 mea
2471 516 2684 566 manu;
2714 515 2839 555 mea
2861 498 2983 554 dico
3012 513 3123 552 non
3153 497 3368 563 notarii,

33 597 96 646 ut
124 591 375 662 impleas
411 591 592 655 illud,
629 589 756 660 quia
795 589 959 644 modo
1008 587 1240 642 correcti
1272 587 1452 660 parati
1484 602 1671 640 sumus
1774 586 1870 640 sed
1931 603 2053 641 mea
2111 589 2297 642 Pauli.
2361 587 2638 642 Praemittit
2731 587 2986 658 quiddam
3041 585 3370 641 salutationi.

38 679 263 734 obedire
295 679 426 732 tibi.
465 679 716 750 Dignum
748 687 829 734 est
865 677 1009 733 enim
1039 685 1096 731 ut
1125 691 1289 748 quem
1331 684 1673 746 contemptus

39 778 218 823 vester
274 767 570 838 deposuit,
624 767 936 822 obedientia
1000 773 1182 820 vestra
1229 765 1493 820 restituat.
1575 763 1674 819 Hic

41 857 371 927 Archippus,
431 857 609 910 iratus
675 857 802 927 quia
855 855 1140 910 audierant
1195 862 1382 909 contra
1440 870 1500 908 se
1550 852 1674 907 illos

40 946 270 1018 pseudo,
309 944 544 1000 dixerat
574 961 636 1000 se
663 961 772 1000 non
812 943 1050 1015 amplius
1105 942 1544 1012 episcopaturum
1594 942 1673 996 eis

1772 677 1966 730 Estote
1990 692 2264 732 memores
2292 677 2648 732 vinculorum
2694 692 2968 742 meorum,
3009 683 3066 730 ut
3096 675 3180 730 vel
3243 673 3375 728 mihi

1776 764 2095 819 ministretis
2126 764 2181 818 in
2240 764 2489 820 vinculis.
2544 764 2662 830 Vel,
2697 772 2752 819 ut
2796 764 3045 835 exemplo
3102 780 3227 818 meo
3272 780 3374 834 pro

1775 853 1992 907 Christo
2031 853 2330 923 patiamini.
2369 853 2633 908 Salutatio
2695 854 2813 908 hazc
2861 861 2944 908 est
2977 871 2990 906 :
3031 853 3226 929 Gratia
3262 853 3374 907 Do-

1773 943 1921 997 mini
1950 943 2132 998 nostri
2160 943 2292 999 Jesu
2323 941 2534 998 Christi
2564 943 2860 998 vobiscum.
2903 943 3102 998 Amen.

589 1226 1088 1284 ARGUMENTUM
1130 1227 1200 1280 IN
1242 1224 1635 1280 EPISTOLAM
1676 1223 1945 1280 PRIMAM
1983 1225 2078 1280 AD
2116 1225 2851 1284 THESSALONICENSES.

110 1375 659 1433 Thessalonicenses
686 1384 810 1431 sunt
838 1376 1186 1432 Macedones.
1229 1374 1295 1429 Hi
1326 1374 1381 1429 in
1413 1374 1628 1429 Christo
1659 1374 1789 1430 Jesu
1819 1383 2048 1448 accepto
2078 1376 2247 1431 verbo
2298 1377 2538 1432 veritatis
2581 1377 2928 1448 perstiterunt
2956 1377 3010 1432 in
3042 1377 3148 1434 fide
3168 1419 3182 1447 ,
3215 1377 3379 1434 etiam
3463 1383 3467 1386 ’

46 1449 95 1503 in
127 1448 529 1520 persecutione
569 1448 769 1520 civium
799 1463 1018 1502 suorum
1031 1489 1053 1520 ,ί
1081 1449 1352 1520 Praeterea
1381 1461 1484 1501 nec
1514 1454 1842 1520 receperunt
1872 1445 2041 1520 falsos
2068 1448 2366 1520 apostolos,
2400 1465 2501 1504 nec
2532 1445 2599 1503 ea
2619 1466 2742 1520 quae
2775 1465 2809 1504 a
2839 1448 2990 1503 falsis
3020 1445 3280 1519 apostolis
3297 1450 3380 1504 di-

45 1517 328 1574 cebantur.
366 1520 491 1574 Hos
526 1519 804 1575 collaudat
833 1519 1156 1589 Apostolus,
1207 1517 1454 1572 scribens
1486 1517 1567 1572 eis
1599 1517 1666 1571 ab
1698 1517 1926 1572 Athenis
1955 1534 2052 1588 per
2081 1517 2376 1589 Tychicum
2416 1517 2700 1576 diacone'm
2721 1563 2736 1588 ,
2779 1528 2830 1575 et
2880 1517 3200 1577 Onesimum
3256 1535 3382 1578 aco-

48 1591 272 1662 lythum.

933 1875 1377 1939 PROLOGUS
1421 1877 1498 1938 B.
1545 1875 1966 1938 BRUNONIS
2011 1875 2095 1937 IN
2137 1877 2508 1938 EAMDEM.

115 2038 670 2096 Thessalonicenses
723 2043 846 2091 sunt
902 2036 959 2090 in
1017 2033 1358 2092 Macedonia.
1418 2033 1507 2099 Hi,
1576 2039 1752 2100 au-B
1781 2035 2062 2104 aberraus,
2116 2035 2312 2090 Paulus
2370 2035 2438 2091 ab
2493 2035 2721 2092 Athenis
2775 2037 3115 2093 Timotheum
3171 2039 3240 2093 ad
3289 2053 3386 2095 eos

51 2128 161 2184 dito
218 2127 400 2184 verbo
477 2125 615 2181 fidei
678 2139 712 2179 a
761 2124 945 2190 Paulo,
1032 2123 1397 2186 crediderunt,
1453 2131 1677 2193 accepta

51 2217 212 2272 multa
261 2216 459 2288 gratia
525 2214 584 2268 in
650 2213 771 2284 ipso
849 2212 1070 2268 exordio
1126 2210 1271 2267 fidei.
1342 2211 1450 2266 Sed
1511 2211 1676 2266 Paulo

48 2320 269 2360 reverso
320 2305 392 2358 ab
468 2309 578 2370 eis,
641 2301 863 2373 quidam
895 2301 1056 2371 (sicut
1103 2301 1174 2355 ab
1219 2315 1285 2354 eo
1329 2301 1678 2370 acceperant)

48 2392 351 2449 imitatores
402 2391 572 2446 Pauli
653 2389 1012 2460 perstiterunt
1105 2388 1160 2442 in
1231 2387 1418 2453 bono;
1457 2387 1680 2459 quidam

49 2490 223 2536 autem
292 2496 499 2536 eorum
554 2477 820 2549 paulatim
876 2476 1115 2547 corrupti
1162 2484 1304 2540 sunt,
1349 2475 1594 2532 labentes
1624 2475 1680 2530 in

54 2569 293 2627 289
328 2569 570 2624 foveam
605 2565 994 2621 fornicationis.
1045 2566 1338 2636 C(eperunt
1365 2565 1527 2619 etiam
1558 2581 1681 2620 esse

53 2659 225 2724 otiosi,
261 2659 541 2713 laborare
565 2653 839 2721 nolentes,
875 2662 929 2710 et
957 2653 1178 2719 curiosi,
1224 2668 1472 2708 rumores
1529 2653 1681 2708 urbis

54 2747 211 2802 multo
243 2746 435 2802 studio
464 2743 879 2816 perquirentes.
907 2743 1167 2797 Errantes
1189 2741 1352 2796 etiam
1381 2741 1681 2797 dubitando

55 2835 115 2890 de
145 2834 573 2890 resurrectione
607 2839 967 2887 mortuorum.
1003 2830 1186 2900 Quare
1219 2829 1378 2885 etiam
1409 2845 1467 2885 se
1515 2847 1682 2902 supra

56 2924 269 2979 modum
317 2922 663 2995 affligebant
720 2919 775 2974 in
817 2929 992 2975 morte
1048 2920 1367 2986 amicorum,
1426 2926 1682 2989 putantes

57 3029 145 3068 eos
200 3029 314 3068 non
359 3011 618 3082 amplius
676 3017 1098 3065 resurrecturos.
1158 3009 1291 3064 Cum
1338 3017 1518 3064 autem
1557 3009 1681 3066 duae

56 3108 236 3171 partes
293 3116 499 3156 eorum
565 3105 773 3166 essent,
805 3097 968 3153 altera
1016 3097 1222 3154 directo
1276 3098 1471 3155 itinere
1530 3097 1681 3153 Pauli

55 3189 350 3257 incedens;
388 3188 606 3253 altera,
664 3186 802 3243 sicut
839 3186 1044 3242 dictum
1096 3195 1198 3256 est,
1237 3203 1268 3242 a
1297 3188 1383 3244 via
1435 3186 1681 3243 veritatis

1785 2123 2002 2178 direxit.
2037 2122 2414 2191 Quoreverso,
2448 2125 2541 2180 ubi
2581 2126 2774 2181 Paulus
2810 2127 3174 2198 quorumdam
3200 2126 3384 2196 fidem,

1788 2212 2022 2267 aliorum
2050 2229 2287 2268 errorem
2347 2230 2444 2284 per
2487 2214 2828 2270 Timotheum
2871 2225 3052 2272 certus
3105 2217 3384 2289 cognovit,

1787 2301 1972 2355 scribit
1993 2301 2101 2355 illis
2133 2303 2271 2357 hanc
2321 2302 2640 2373 Epistolam,
2691 2303 2746 2358 in
2777 2320 2881 2376 qua
2927 2313 3214 2376 utramque
3257 2321 3388 2376 par-

1791 2397 1899 2443 tem
1921 2405 2133 2455 eorum,
2165 2390 2436 2460 perfectos
2467 2391 2672 2447 scilicet
2703 2400 2755 2447 et
2784 2401 3050 2460 errantes,
3085 2393 3249 2447 habet
3267 2409 3390 2448 ma-

1793 2477 1989 2532 teriam
2025 2492 2037 2531 :
2073 2477 2248 2534 bonos
2286 2479 2354 2534 de
2384 2479 2720 2550 perfectione
2765 2479 2891 2535 ﬁdei
2921 2481 3304 2549 collaudando,
3337 2489 3390 2538 et

1789 2566 1857 2620 ad
1903 2567 2297 2622 incrementum
2356 2567 2646 2636 bonorum,
2701 2585 2822 2641 qua:
2861 2577 3140 2640 coeperunt
3186 2569 3389 2625 adhor-

1791 2655 1996 2719 tando;
2052 2664 2294 2711 errantes
2324 2671 2357 2710 a
2404 2657 2733 2726 curiositate,
2769 2657 2898 2725 otio,
2932 2657 3308 2726 fornicatione,
3338 2667 3393 2714 et

1790 2759 1821 2796 a
1859 2743 2198 2798 dubitatione
2247 2743 2429 2799 habita
2467 2745 2535 2800 de
2582 2745 2762 2801 futura
2805 2747 3202 2802 resurrectione
3260 2761 3391 2802 con-

1791 2831 1939 2902 gruis
1969 2831 2268 2886 rationibus
2326 2833 2672 2889 retrahendo.
2706 2835 2764 2888 In
2795 2851 2898 2907 qua
2929 2851 2985 2890 re
3027 2843 3215 2906 aperta
3260 2834 3391 2890 satis

1792 2928 1872 2976 est
1901 2920 2019 2989 ejus
2046 2919 2292 2988 intentio,
2328 2921 2532 2977 scilicet
2580 2930 2638 2976 ut
2684 2923 2812 2978 boni
2842 2923 2912 2978 de
2941 2923 3275 2978 incremento
3305 2923 3392 2979 la-

1789 3007 1982 3063 borent
2013 3027 2028 3075 ;
2059 3007 2173 3075 alii,
2223 3007 2451 3064 dimisso
2509 3026 2718 3081 errore,
2759 3011 3028 3068 bonorum
3066 3010 3392 3084 perfectioni

1788 3094 1895 3152 fide
1927 3104 1979 3153 et
1997 3113 2162 3169 opere
2197 3113 2258 3154 se
2287 3097 2646 3155 conformant.

63 3349 3378 3376 Μ

651 3499 1300 3586 EPISTOLAI
1385 3501 1531 3586 AD
1634 3501 2790 3591 THESSALONICENSES.

605 3685 835 3742 CAPUT
863 3686 1156 3742 PRIMUM.

129 3804 148 3827 ι
184 3779 417 3846 Paulus,
481 3785 541 3834 et
587 3775 840 3832 Silvanus
885 3785 938 3832 et
1007 3776 1360 3844 Timotheus,
1419 3775 1682 3834 Ecclesiae

61 3892 79 3914 α
113 3864 732 3930 Thessalonicensium,
792 3865 848 3920 in
906 3866 1022 3921 Deo
1056 3866 1210 3921 Patre
1255 3873 1444 3922 nostro
1474 3874 1527 3921 et
1574 3867 1682 3922 Do-

65 3979 85 4007 ι
126 3959 273 4013 mino
301 3958 440 4014 Jesu
475 3955 731 4012 Christo.
765 3953 945 4010 Gratia
992 3954 1150 4010 vobis
1191 3962 1244 4010 et
1273 3970 1400 4027 pax.
1461 3954 1682 4010 Gratias

65 4067 86 4095 ι
118 4047 332 4119 agimus
365 4047 491 4102 Deo
516 4059 750 4114 semper
803 4058 901 4114 pro
961 4043 1212 4098 omnibus
1268 4043 1446 4110 vobis,
1474 4060 1683 4099 memo-

69 4159 89 4183 ι
127 4136 258 4190 riam
293 4135 470 4192 vestri
517 4131 794 4188 facientes
837 4132 894 4186 in
943 4131 1277 4188 orationibus
1307 4132 1509 4188 nostris
1563 4132 1681 4188 sine

70 4223 539 4280 «intermissione
569 4263 582 4288 ,
640 4236 912 4276 memores
965 4221 1147 4292 operis
1197 4219 1323 4276 fidei
1365 4229 1580 4287 vestrae,
1630 4229 1684 4276 et

69 4333 89 4362 ι
130 4312 351 4380 laboris,
385 4321 443 4369 et
500 4309 794 4368 charitatis
825 4317 878 4365 et
923 4310 1260 4366 sustinentia
1293 4309 1409 4381 spei
1465 4309 1682 4366 Domini

71 4424 88 4446 -
124 4402 291 4457 nostri
339 4403 479 4458 Jesu
532 4398 766 4463 Christi,
815 4406 941 4454 ante
987 4399 1163 4454 Deum
1217 4406 1270 4454 et
1318 4400 1530 4454 Patrem
1575 4414 1681 4455 no-

68 4511 89 4537 ε
127 4499 315 4560 strum,
339 4490 617 4554 scientes,
667 4486 860 4542 fratres
907 4487 1140 4544 dilectia
1169 4487 1306 4554 Deo,
1359 4486 1682 4544 electionem

70 4598 90 4627 ι
124 4588 380 4646 vestram,
417 4578 557 4650 quia
614 4575 977 4646 Evangelium
1010 4584 1256 4631 nostrum
1293 4591 1402 4632 non
1459 4576 1557 4631 fuit
1611 4577 1680 4632 ad

75 4687 95 4718 ι
125 4684 218 4724 vos
249 4669 305 4724 in
337 4682 614 4724 sermone
649 4671 879 4728 tantum,
931 4664 1029 4720 sed
1058 4672 1110 4719 et
1139 4664 1193 4719 in
1249 4664 1467 4731 virtute,
1528 4672 1580 4720 et
1626 4665 1682 4720 in

78 4777 96 4804 ι
131 4757 323 4827 Spiritu
349 4765 576 4820 sancto,
616 4761 668 4809 et
699 4753 755 4807 in
776 4752 1111 4824 plenitudine
1140 4752 1326 4819 multa,
1382 4753 1520 4810 sicut
1567 4753 1680 4809 sci-

78 4865 96 4893 ι
130 4845 190 4900 tis
218 4846 408 4919 quales
429 4844 710 4900 fuerimus
739 4841 793 4896 in
838 4843 990 4897 vobis
1038 4850 1260 4913 prOpter
1289 4857 1408 4898 vos.
1471 4843 1538 4897 Et
1585 4857 1682 4897 vos

80 4954 99 4982 ι
131 4934 429 4990 imitatores
458 4931 650 4989 nostri
680 4929 808 4987 facti
853 4931 1003 4994 estis,
1039 4939 1091 4986 et
1122 4930 1357 4997 Domini,
1408 4930 1684 5002 excipien-

81 5041 98 5070 ι
129 5031 206 5078 tes
245 5024 483 5080 verbum
548 5021 611 5076 in
669 5019 1012 5076 tribulatione
1070 5019 1235 5074 multa
1289 5035 1414 5075 cum
1477 5019 1677 5092 gaudio

79 5135 96 5154 -
132 5111 352 5182 Spiritus
383 5110 591 5187 sancti,
643 5108 718 5162 ita
761 5116 818 5162 ut
849 5107 974 5165 facti
1031 5109 1146 5164 sitis
1199 5108 1378 5164 forma
1425 5109 1679 5164 omnibus

82 5220 101 5247 ι
141 5202 484 5258 credentibus
517 5201 578 5254 in
610 5196 928 5253 Macedonia
972 5198 1112 5253 etin
1154 5198 1375 5254 Achaia.
1430 5199 1475 5253 A
1523 5197 1679 5254 vobis

85 5311 103 5336 ι
144 5290 278 5344 enim
329 5290 659 5345 diﬂ’amatus
702 5293 784 5342 est
830 5303 1006 5342 sermo
1048 5286 1286 5353 Domini,
1338 5302 1447 5342 non
1503 5286 1680 5342 solum

73 5398 94 5420 ι
133 5377 182 5431 in
211 5378 531 5436 Macedonia
573 5384 633 5432 et
689 5374 745 5428 in
798 5375 1031 5442 Achaia,
1101 5376 1197 5432 sed
1248 5375 1305 5430 in
1361 5375 1508 5431 omni
1558 5375 1679 5432 loco

80 5485 99 5516 ι
133 5465 260 5522 fides
289 5477 496 5533 vestra,
533 5479 668 5537 quae
697 5471 780 5518 est
809 5464 876 5518 ad
922 5466 1116 5530 Deum,
1151 5463 1392 5536 profecta
1450 5471 1551 5530 est,
1609 5464 1679 5518 ita

74 5575 98 5601 ι
141 5563 194 5609 ut
221 5573 327 5612 non
358 5557 430 5612 sit
471 5553 644 5610 nobis
694 5567 921 5609 necesse
978 5553 1277 5625 quidquam
1337 5552 1508 5624 loqui.
1567 5552 1678 5623 Ipsi

84 5667 102 5690 ι
135 5645 272 5700 enim
296 5646 365 5701 de
393 5645 560 5701 nobis
623 5640 945 5696 annuntiant
974 5641 1189 5714 qualem
1243 5641 1519 5697 introitum
1578 5641 1676 5696 ha-

81 5751 100 5778 ι
137 5734 407 5790 buerimus
437 5733 514 5790 ad
574 5745 702 5798 vos,
736 5735 793 5785 et
837 5731 1107 5803 quomodo
1146 5730 1400 5789 conversi
1429 5729 1560 5787 estis
1603 5730 1676 5787 ad

1708 5073 1762 5134 D

1705 3711 1752 3772 ο
1786 3709 1810 3737 α
1848 3689 2024 3743 Deum
2045 3704 2076 3743 a
2105 3688 2411 3764 simulacris
2467 3689 2678 3746 servire
2731 3692 2848 3748 Deo
2878 3690 3002 3748 vivo
3037 3699 3090 3747 et
3119 3707 3267 3759 vero,
3335 3698 3392 3748 et

1787 3798 1810 3829 ι
1845 3785 2169 3849 exspectare
2201 3776 2394 3834 Filium
2430 3779 2548 3849 ejus
2579 3780 2649 3836 de
2687 3780 2840 3836 caelis
2871 3780 3058 3853 (quem
3114 3781 3390 3837 suscitavit

1785 3885 1809 3917 ι
1843 3882 1908 3922 ex
1939 3866 2186 3938 mortuis)
2220 3867 2428 3938 Jesum,
2481 3867 2573 3940 qui
2623 3869 2819 3941 eripuit
2875 3885 2978 3926 nos
3027 3869 3096 3925 ab
3128 3869 3212 3926 ira
3249 3885 3389 3927 ven-

1786 3977 1808 4006 α
1843 3963 1989 4011 tura.
2035 3975 2056 4010 ι

2414 4042 2712 4084 ΒΧΡΟΒῘΤῙΟ
2721 4069 2734 4085 ο

1848 4133 2084 4199 Paulus,
2119 4139 2223 4188 etc.
2276 4133 2427 4190 Sicut
2454 4134 2626 4190 moris
2655 4136 2772 4204 ejus
2828 4142 2945 4202 est,
3006 4136 3387 4193 salutationem

1779 4221 2073 4292 praemittit,
2088 4221 2276 4278 dicens
2296 4239 2308 4276 :
2325 4224 2557 4292 Paulus,
2578 4228 2637 4278 et
2654 4224 2937 4290 Silvanus,
2954 4228 3010 4280 et
3029 4227 3389 4294 Timotheus;

1782 4309 2080 4380 Sylvanum
2099 4325 2283 4366 secum
2318 4310 2375 4364 in
2405 4311 2727 4367 salutatione
2774 4313 2945 4383 ponit,
2979 4313 3102 4384 quia
3133 4313 3189 4367 in
3246 4329 3386 4370 con-

1779 4398 2031 4454 versione
2080 4415 2267 4454 eorum
2323 4415 2509 4456 secum
2578 4399 2954 4468 collaboravit,
3012 4401 3390 4458 auctoritatem

1781 4486 1989 4543 habens
2017 4487 2160 4559 apud
2192 4488 2366 4559 ipsos.
2435 4487 2776 4544 Timotheum
2810 4489 2952 4556 ideo,
3001 4490 3125 4561 quia
3154 4507 3219 4546 ex
3249 4505 3388 4546 con-

1729 4627 1740 4638 ,
1782 4575 1904 4631 silio
1933 4576 2202 4632 Timothei
2234 4576 2324 4649 qui
2356 4576 2426 4631 ab
2457 4576 2536 4632 eis
2573 4593 2834 4632 reversus
2883 4577 3076 4644 fuerat,
3137 4579 3278 4634 hanc
3308 4579 3388 4635 eis

1781 4664 1979 4720 Paulus
2024 4665 2212 4721 scribit
2267 4665 2585 4738 Epistolam.
2633 4665 2762 4722 Ideo
2818 4665 2982 4722 etiam
3045 4667 3386 4723 Timotheum

1778 4753 1948 4824 ponit,
1981 4762 2039 4808 ut
2069 4753 2317 4810 noverint
2360 4754 2496 4810 nihil
2522 4770 2709 4811 eorum
2739 4771 2860 4827 quae
2907 4753 3036 4810 fiunt
3093 4756 3239 4826 apud
3289 4772 3386 4812 eos

1779 4841 1950 4898 latere
1993 4842 2240 4899 Paulum.
2311 4843 2508 4898 Paulus
2557 4851 2609 4899 et
2669 4843 2920 4900 Silvanus
2967 4852 3022 4899 et
3067 4844 3382 4901 Timotheus

1781 4931 2026 4987 scribunt
2054 4932 2318 4988 Ecclesia:
2356 4931 2955 4990 Thessalonicensium.
2976 4933 3240 4990 Ecclesia
3257 4933 3383 4990 dico

1784 5019 2036 5076 existenti
2072 5021 2134 5076 in
2177 5021 2286 5077 Deo
2323 5023 2512 5087 Patre,
2567 5026 2622 5077 et
2655 5023 2891 5079 Domino
2945 5024 3078 5079 Jesu
3139 5023 3380 5092 Christo,

1783 5107 1838 5162 id
1868 5117 1950 5163 est
1980 5110 2086 5165 hoc
2115 5109 2261 5182 quod
2299 5117 2384 5164 est
2419 5109 2687 5176 Ecclesia,
2739 5111 2905 5166 habet
2933 5127 2964 5165 a
2994 5112 3110 5168 Deo
3148 5112 3304 5168 Patre
3333 5120 3386 5168 et

1779 5197 1908 5253 Jesu
1929 5197 2166 5254 Christo.
2204 5199 2530 5254 Perseveret
2558 5198 2740 5270 itaque
2771 5199 2826 5254 in
2855 5199 2961 5254 fide
2993 5200 3184 5271 ipsius,
3218 5216 3251 5256 a
3273 5217 3383 5273 quo

1774 5286 1886 5354 jam
1919 5302 2120 5342 nomen
2175 5286 2385 5357 accepit
2441 5287 2743 5342 electionis.
2777 5289 2911 5356 Hoc,
2953 5289 3194 5361 inquam,
3245 5290 3382 5346 scri-

1779 5375 1930 5443 bunt,
1963 5377 2153 5446 gratia
2183 5376 2328 5430 vobis
2367 5380 2424 5431 et
2439 5393 2580 5449 pax.
2624 5377 2684 5430 In
2729 5376 2921 5448 primis
2950 5386 3160 5448 partem
3192 5394 3384 5434 eorum

1781 5481 1903 5536 quae
1930 5462 2056 5519 fidei
2085 5463 2456 5535 integritatem
2477 5473 2812 5535 servaverat,
2843 5465 3139 5538 alloquitur
3171 5486 3185 5533 ;
3217 5465 3383 5524 fidem

1781 5567 1966 5608 eorum
1996 5549 2376 5624 magniﬁcans,
2409 5561 2462 5608 et
2497 5552 2707 5626 gratias
2736 5553 2842 5608 illis
2871 5553 2923 5608 in
2957 5555 3226 5626 principio
3255 5553 3382 5611 ﬁdei

1779 5655 2092 5706 concessas,
2135 5648 2192 5694 ut
2219 5656 2318 5711 per
2367 5641 2584 5698 laudem
2635 5641 2899 5712 Apostoli,
2960 5641 3272 5698 animentur
3325 5643 3382 5697 in

1778 5728 1995 5798 melius,
2055 5727 2246 5785 dicens
2279 5746 2293 5784 :
2323 5729 2620 5788 Audientes
2682 5728 2915 5787 fructum
2974 5728 3101 5788 fidei
3163 5737 3378 5796 vestrm,
