3932 6448
546 350 651 429 3‘99

1080 376 1138 430 S.
1177 374 1531 431 BRUNONIS
1577 370 2219 451 CARTHUSIANORUM
2260 356 2743 427 INSTlTU’l‘ORIS
2782 370 2935 427 OPP.
2993 369 3168 427 PARS
3222 370 3292 425 II.

3733 370 3832 425 400

551 497 774 564 agimus
802 499 1020 568 gratias
1038 498 1166 563 Deo,
1191 514 1292 554 nec
1322 514 1452 553 raro
1484 498 1580 553 sed
1593 514 1829 569 semper,
1845 506 1897 551 et
1909 513 2011 568 pro
2023 512 2139 550 om-
2164 497 2220 556 Α
2241 494 2366 548 illis.
2398 495 2512 550 Nec
2543 495 2719 549 solum
2751 510 2933 549 sermo
2962 494 3201 559 Domini,
3252 494 3349 548 sed
3379 494 3541 565 etiam
3580 494 3719 564 ﬁdes
3740 512 3834 549 ve-

552 585 718 639 nibus
753 585 966 650 vestris,
1002 586 1093 656 qui
1123 586 1177 640 in
1199 603 1265 641 eo
1296 587 1442 658 quod
1471 587 1616 641 vobis
1639 585 1859 650 tradidi,
1891 599 2146 655 perseve-

552 672 701 726 ratis.
734 673 964 744 Agimus
993 675 1216 745 gratias,
1265 677 1543 746 facientes
1580 676 1931 738 memoriam,
1973 672 2028 726 id
2064 678 2147 725 est

551 760 726 814 Deum
741 776 1036 817 memorem
1062 765 1234 819 vestri
1254 765 1313 818 in
1329 763 1679 820 orationibus
1702 764 1934 826 nostris,
1950 759 2146 814 habilis

551 848 673 902 sine
720 850 1162 917 intermissione,
1215 852 1344 923 quia
1383 860 1436 906 et
1470 852 1619 922 jugis
1667 859 1747 905 est
1775 850 1968 917 oratio,
2011 856 2063 904 et
2091 848 2148 901 in

550 935 697 990 nullo
760 952 857 990 vos
884 940 1257 1007 praetermitto.
1293 939 1449 995 Unde
1482 937 1725 994 290
1759 937 1966 1010 gratias
1996 943 2143 1006 agat,

551 1024 731 1078 subdit
762 1045 776 1081 :
800 1028 1019 1084 Gratias
1037 1029 1248 1099 agimus
1276 1043 1547 1083 memores
1566 1027 1747 1097 operis
1765 1027 1899 1095 ﬁdei
1927 1029 2143 1089 vestra,

553 1113 687 1168 Cum
718 1119 888 1175 multa
919 1118 1025 1172 sint
1054 1132 1220 1187 opera
1251 1116 1397 1181 fidei,
1433 1116 1537 1170 hoc
1566 1114 1895 1184 praecipuum
1916 1111 2147 1184 [princi-

548 1208 721 1281 pium]
751 1208 885 1263 fides
914 1206 1076 1260 habet
1104 1204 1348 1260 conﬁteri
1377 1203 1519 1275 quod
1540 1202 1735 1257 credit.
1776 1202 1841 1255 Hi
1870 1210 2048 1255 autem
2091 1199 2147 1253 in

552 1305 847 1368 conspectu
877 1302 1291 1366 persecutorum
1335 1308 1444 1346 non
1489 1290 1853 1345 formidabant
1880 1288 2147 1343 Christum

552 1385 825 1443 conﬁteri.
882 1385 1152 1438 Memores
1194 1381 1357 1436 etiam
1406 1381 1609 1435 labori:
1657 1378 1845 1433 vestri.
1879 1376 1942 1431 Hi
2002 1377 2147 1431 enim

549 1473 828 1544 pauperati
859 1472 927 1525 ab
957 1470 1286 1533 inﬁdelibus,
1325 1468 1645 1522 laborabant
1689 1466 1832 1520 unde
1880 1465 2143 1519 viverent.

548 1564 819 1618 Memores
848 1560 1011 1615 etiam
1042 1558 1345 1614 charitatis
1366 1565 1584 1611 vestrae.
1617 1555 1769 1610 Adeo
1805 1554 1946 1609 enim
1961 1552 2146 1623 proxi-

549 1666 669 1704 mos
696 1649 997 1721 diligebant
1028 1655 1085 1701 ut
1106 1647 1211 1699 illis
1250 1645 1439 1699 otiosis
1469 1644 1704 1699 fructum
1733 1643 1982 1697 laborum
2013 1656 2146 1695 suo-

552 1755 667 1792 rum
696 1735 1181 1793 communicarent.
1243 1735 1512 1787 Memores
1577 1731 1739 1785 etiam
1786 1731 2149 1785 sustinentia?

549 1833 763 1881 vestrm.
797 1823 964 1877 Multa
992 1823 1136 1877 enim
1150 1821 1495 1891 patiebantur
1524 1820 1592 1873 ab
1615 1818 1944 1873 inﬁdelibus.
1976 1816 2149 1871 Susti-

551 1912 747 1967 nentia:
762 1912 888 1967 dico
918 1912 1055 1982 spei,
1087 1910 1137 1963 id
1163 1918 1246 1964 est
1278 1916 1507 1979 sperata:
1529 1908 1625 1961 rei.
1661 1908 1769 1961 Res
1812 1906 1956 1960 enim
1987 1920 2146 1975 quam

551 2000 805 2072 speratis,
837 2007 1034 2053 tantam
1063 1997 1370 2069 patientiam
1419 2003 1681 2066 operatur
1709 1995 1761 2048 in
1792 1994 1973 2048 vobis.
2022 1992 2147 2062 Spei

550 2089 675 2144 dico
702 2089 930 2144 Domini
951 2087 1133 2142 nostri
1164 2088 1295 2142 Jesu
1330 2084 1558 2139 Christi.
1582 2083 1665 2137 Ad
1699 2082 1969 2137 Christum
2004 2080 2146 2136 enim

546 2176 783 2248 pertinet
811 2175 1052 2246 impletio
1080 2174 1237 2242 hujus
1283 2172 1420 2243 spei,
1470 2172 1664 2225 babitze
1693 2175 1827 2226 ante
1874 2170 2048 2224 Deum
2092 2172 2150 2223 et

548 2267 779 2320 Patrem
807 2268 1088 2318 nostrum.
1113 2262 1200 2317 Sic
1223 2261 1366 2315 enim
1397 2258 1734 2315 confidenter
1755 2257 2062 2329 sperabant,
2082 2271 2148 2311 ac

546 2352 591 2406 si
616 2353 728 2422 jam
760 2353 931 2406 Deum
962 2366 1073 2421 prae
1116 2349 1290 2404 oculis
1326 2349 1612 2403 haberent.

617 2439 1006 2495 Commendata
1038 2437 1144 2492 ﬁde
1170 2446 1221 2492 et
1251 2436 1513 2491 charitate
1554 2450 1763 2500 eorum,
1795 2433 1927 2489 dicit
1971 2433 2147 2505 magis

545 2528 711 2583 miras
740 2527 947 2600 gratias
990 2527 1166 2581 Deum
1212 2524 1506 2581 contulisse
1553 2522 1662 2577 illis
1716 2523 1769 2577 in
1818 2521 1970 2575 initio
2022 2520 2148 2575 fidei

546 2599 708 2688 quam
731 2599 852 2670 aliis
882 2614 1163 2671 Ecclesiis.
1212 2614 1277 2668 Et
1309 2616 1425 2669 haec
1480 2611 1610 2667 dicit
1653 2610 1722 2666 ad
1779 2609 2146 2665 incitationem

545 2719 767 2770 eorum,
800 2703 1063 2758 facientes
1113 2701 1427 2757 memoriam
1486 2698 1653 2754 vestri
1706 2697 1762 2752 in
1808 2696 2148 2754 orationibus

543 2792 763 2859 nostris,
796 2794 1063 2857 scientes,
1112 2794 1328 2861 fratres
1357 2786 1553 2845 dilecti
1584 2805 1619 2843 a
1649 2787 1778 2852 Deo,
1812 2787 2149 2842 electionem

545 2884 810 2946 vestram,
843 2879 898 2934 id
926 2886 1012 2933 est
1042 2894 1178 2950 quos
1210 2878 1335 2948 quia
1364 2876 1568 2943 dilexit,
1621 2874 1803 2947 elegit.
1835 2874 1903 2929 Et
1946 2874 2144 2928 iterum

544 2975 668 3039 post
696 2967 1018 3023 electionem
1058 2965 1293 3036 amplius
1334 2963 1539 3030 dilexit,
1573 2963 1697 3018 ideo
1758 2960 1942 3017 dilecti
1994 2977 2144 3033 prae-

544 3055 726 3127 posuit
772 3053 1023 3110 electioni
1057 3096 1069 3119 ,
1121 3061 1178 3107 ut
1235 3051 1546 3107 ostenderet
1591 3052 1735 3106 bona
1792 3066 1978 3105 eorum
2022 3065 2148 3104 esse

546 3160 613 3199 ex
639 3142 928 3197 dilectione
947 3141 1071 3196 Dei.
1098 3142 1347 3197 Scientes
1368 3141 1491 3195 dico
1512 3140 1844 3195 electionem
1866 3141 2143 3204 vestram;

546 3232 706 3297 hanc,
741 3230 968 3295 scilicet,
1000 3221 1142 3301 quod
1172 3230 1542 3300 Evangelium
1569 3232 1830 3283 nostrum
1868 3243 1984 3283 non
2024 3225 2141 3296 fuit

549 3319 622 3375 ad
642 3334 733 3375 vos
751 3318 1140 3373 tantummodo
1155 3318 1219 3371 in
1234 3332 1506 3381 sermone,
1527 3323 1585 3369 ut
1601 3315 1810 3371 scilicet
1839 3314 1953 3369 sola
1970 3313 2140 3369 verba

553 3405 743 3461 ﬁerent
770 3406 826 3459 in
866 3413 1047 3460 vestra
1093 3405 1489 3470 conversione;
1525 3403 1620 3459 sed
1661 3402 1759 3458 fuit
1815 3404 1878 3457 in
1932 3402 2143 3456 virtute

552 3493 957 3556 miraculorum,
989 3497 1047 3548 et
1087 3493 1151 3547 in
1197 3493 1419 3564 Spiritu
1470 3496 1694 3547 sancto.
1734 3492 1794 3545 In
1824 3490 1945 3561 ipsa
1998 3488 2144 3545 enim

552 3582 868 3652 acceptione
895 3579 1022 3635 ﬁdei
1060 3579 1254 3635 multas
1292 3579 1499 3652 gratias
1559 3579 1823 3633 habuistis
1855 3596 1869 3643 ;
1902 3586 1953 3632 ct
1984 3577 2059 3632 ita
2087 3576 2143 3630 in

554 3670 753 3725 virtute
782 3677 834 3724 et
855 3668 910 3722 in
942 3668 1164 3738 Spiritu,
1196 3675 1254 3721 ut
1282 3670 1345 3722 in
1364 3669 1549 3723 multa
1565 3666 1926 3740 plenitudine
1956 3672 2009 3720 et
2036 3664 2144 3719 mi-

553 3757 865 3813 raculorum
895 3764 947 3811 et
974 3756 1273 3829 gratiarum
1303 3742 1679 3826 spiritualium.
1713 3754 1805 3809 Sic
1832 3754 1953 3818 ista,
1995 3751 2144 3808 scili-

557 3852 643 3901 cet
672 3854 725 3900 et
753 3845 979 3899 virtutes
1009 3843 1395 3899 miraculorum
1426 3851 1478 3898 et
1507 3842 1710 3914 gratias
1741 3840 1974 3911 Spiritus
2015 3856 2146 3895 san-

561 3932 632 3988 cti
662 3931 829 3986 fuisse
858 3930 913 3986 in
944 3931 1100 3987 vobis
1131 3932 1355 3999 scimus,
1387 3931 1538 3986 sicut
1567 3946 1657 3987 vos
1700 3930 1859 3985 scitis
1878 3930 1983 3984 hoc
2011 3927 2146 3984 visi-

560 4018 669 4074 bile
696 4019 765 4073 de
793 4018 952 4073 nobis
980 4019 1193 4091 quales,
1217 4018 1272 4073 id
1302 4026 1385 4072 est
1413 4033 1577 4088 quam
1606 4018 1960 4072 vehementer
1988 4016 2152 4070 tribu-

560 4107 657 4162 lati
684 4108 964 4178 fuerimus
992 4107 1055 4161 in
1084 4107 1265 4173 vobis;
1295 4113 1348 4160 et
1377 4106 1482 4160 hoc
1508 4109 1740 4178 propter
1767 4105 2005 4177 vosipsos
2058 4103 2147 4159 lu-

560 4196 813 4262 crandos,
863 4210 972 4251 non
1020 4202 1240 4265 prepter
1279 4193 1426 4248 aliud
1484 4193 1852 4249 commodum.
1907 4193 1998 4248 Sic
2053 4191 2151 4247 fuit

559 4283 628 4338 ad
656 4299 756 4339 vos
782 4282 1143 4355 Evangelium
1172 4289 1438 4346 nostrum,
1463 4286 1520 4338 et
1542 4298 1631 4338 vos
1648 4282 1829 4336 statim
1850 4282 1994 4353 [acti
2012 4281 2148 4337 estis

559 4373 746 4428 nostri
764 4373 1101 4437 imitatores,
1121 4373 1179 4425 et
1199 4370 1327 4441 quia
1347 4371 1548 4433 nostri,
1568 4369 1692 4425 ideo
1712 4370 2009 4426 imitatores
2029 4370 2146 4436 Dei,

560 4475 722 4530 quem
744 4458 1045 4532 gloriosum
1066 4466 1148 4513 est
1168 4457 1389 4514 imitari.
1407 4458 1724 4514 Imitatores
1741 4457 1864 4513 dico
1880 4460 1944 4513 in
1965 4459 2151 4513 multa

2245 587 2367 637 stra
2392 582 2679 653 plurimum
2710 582 2954 654 profecta
2982 592 3084 650 est,
3116 599 3239 655 qua:
3269 581 3406 637 ﬁdes
3437 587 3521 638 est
3548 583 3619 637 ad
3639 585 3835 651 Deum,

2245 670 2301 724 id
2330 679 2412 725 est
2443 671 2618 743 gloria
2636 672 2823 726 mundi
2852 679 3053 742 spreta,
3086 673 3259 726 Deum
3308 671 3487 725 solum
3531 671 3829 726 desiderat.

2246 759 2324 813 Ita
2344 764 2431 814 est
2448 762 2705 831 profecta
2723 764 2787 815 ut
2817 777 2932 814 non
2964 761 3041 828 sit
3068 761 3226 816 nobis
3258 776 3481 815 necesse
3497 760 3645 830 loqui
3670 760 3837 831 quid-

2245 863 2413 919 quam
2447 848 2513 902 de
2542 848 2787 903 introitu
2814 852 3008 903 nostra
3028 849 3100 903 ad
3132 864 3241 915 vos,
3275 847 3364 903 vel
3390 847 3459 902 de
3482 848 3839 903 conversione

2245 943 2445 991 vestra.
2482 936 2609 990 ideo
2630 952 2738 991 non
2784 944 2868 990 est
2896 952 3126 991 necesse
3164 936 3460 1007 quidquam
3505 935 3673 1008 loqui,
3707 937 3842 1008 quia

2246 1023 2358 1095 ipsi
2378 1023 2555 1077 eidem
2575 1024 2939 1078 annuntiant
2964 1023 3030 1079 de
3050 1025 3215 1091 vobis,
3241 1024 3295 1079 id
3307 1033 3389 1079 est
3404 1024 3473 1079 ad
3494 1023 3723 1096 gloriam
3747 1041 3844 1080 ve-

2246 1119 2374 1166 strm
2395 1108 2539 1178 ﬁdei,
2566 1114 2805 1183 qualem,
2829 1111 2884 1166 id
2903 1119 2983 1166 est
3013 1127 3177 1183 quam
3208 1110 3501 1177 difﬁcilem,
3536 1113 3843 1168 introitum

2247 1198 2607 1255 habuerimus
2626 1200 2699 1254 ad
2730 1217 2841 1255 vos.
2875 1200 3039 1254 Multa
3069 1200 3214 1255 enim
3250 1200 3401 1270 passi
3440 1215 3625 1254 sumus
3654 1200 3709 1254 in
3740 1217 3846 1256 ve-

2246 1287 2448 1342 niendo
2467 1296 2519 1341 et
2551 1286 2695 1357 apud
2725 1302 2842 1351 vos,
2904 1296 3130 1358 prOpter
3184 1304 3306 1359 quas
3335 1296 3510 1342 tamen
3542 1304 3652 1343 non
3682 1305 3847 1359 spre-

2246 1375 2400 1429 vistis
2428 1376 2657 1429 verbum
2688 1391 2758 1431 ex
2789 1392 2898 1430 me.
2958 1378 3323 1432 Annuntiant
3363 1377 3524 1431 etiam
3573 1378 3641 1433 de
3670 1378 3841 1445 vobis,

2245 1462 2299 1517 id
2322 1471 2404 1517 est
2433 1478 2593 1535 quam
2611 1462 2852 1534 perfecte
2873 1466 3125 1521 conversi
3141 1466 3278 1520 estis
3297 1465 3372 1520 ad
3391 1464 3571 1521 Deum
3599 1483 3633 1520 a
3655 1466 3844 1521 simu-

2249 1552 2439 1607 lacris.
2473 1552 2531 1605 In
2562 1552 2779 1621 quibus,
2832 1551 3101 1607 simulatio
3160 1561 3387 1620 tantum,
3418 1553 3563 1607 nulla
3619 1553 3837 1608 veritas.

2249 1638 2356 1694 Con
2367 1640 2511 1694 versi
2540 1640 2663 1694 dico
2694 1655 2802 1693 non
2829 1648 3035 1694 tantum
3057 1641 3301 1707 credere,
3326 1642 3421 1695 sed
3443 1642 3602 1695 etiam
3630 1644 3842 1697 servire

2245 1729 2353 1782 Deo
2396 1729 2529 1790 vivo,
2566 1727 2620 1780 id
2653 1736 2953 1782 estmterno
2992 1728 3082 1799 qui
3123 1728 3289 1784 vitam
3336 1729 3652 1784 aeternitatis
3681 1730 3846 1783 datu-

2167 1845 2217 1903 B
2246 1831 2340 1868 rus
2371 1822 2455 1869 est
2485 1815 2659 1873 vobis.
2683 1816 2799 1870 Deo
2827 1816 2953 1871 vivo
2981 1820 3038 1872 et
3058 1833 3202 1883 vero,
3227 1816 3284 1871 id
3315 1817 3467 1871 estin
3490 1832 3596 1889 quo
3617 1817 3845 1884 veritas,

2248 1902 2385 1957 sicut
2414 1902 2468 1956 in
2503 1902 2650 1957 idolo
2700 1903 2990 1958 simulatio.
3034 1904 3150 1959 Nec
3189 1905 3568 1977 quoquomodo
3607 1908 3846 1972 servire,

2248 1991 2343 2045 sed
2367 1990 2527 2045 etiam
2551 1993 2805 2046 conversi
2817 1994 2954 2046 estis
2973 1997 3305 2063 exspectare
3324 1995 3534 2049 Filium
3549 1996 3688 2065 ejus,
3711 2010 3850 2049 ven-

2247 2087 2423 2133 turum
2453 2079 2519 2134 de
2548 2080 2701 2134 cretis
2728 2079 2795 2133 ad
2810 2079 3093 2148 judicium.
3119 2081 3272 2135 Adeo
3291 2080 3436 2136 enim
3465 2081 3603 2136 bene
3624 2081 3847 2154 agendo

2248 2166 2424 2221 securi
2456 2174 2597 2231 sunt,
2632 2177 2688 2220 ut
2725 2166 3004 2239 gaudeant
3032 2183 3317 2224 occurrere
3340 2169 3529 2238 judici,
3561 2185 3672 2223 non
3722 2168 3845 2224 for-

2246 2254 2515 2309 midantes
2544 2270 2784 2325 poenam,
2818 2255 2915 2310 sed
2946 2256 3013 2310 de
3041 2257 3269 2327 praemio
3297 2257 3503 2313 securi.
3560 2259 3733 2325 Quem
3764 2257 3852 2312 Fi-

2246 2342 2377 2397 lium
2403 2343 2548 2397 Deus
2561 2345 2861 2399 suscitavit
2880 2360 2955 2399 ex
2972 2347 3215 2401 mortuis
3236 2344 3437 2401 factum
3459 2346 3617 2401 nobis
3627 2347 3847 2412 Iesum,

2247 2430 2301 2485 id
2335 2438 2418 2485 est
2452 2430 2805 2497 Salvatorem,
2840 2430 3072 2489 291
3111 2434 3264 2502 cujus
3294 2433 3570 2490 suscitatio
3598 2442 3853 2489 nostram

2247 2526 2507 2589 operatur
2536 2519 3032 2578 resurrectionem:
3065 2523 3160 2592 qui
3179 2521 3345 2575 Filius
3373 2522 3583 2592 eripuit
3612 2537 3718 2578 nos
3777 2522 3851 2577 ab

2246 2607 2355 2671 ira,
2388 2605 2440 2660 id
2472 2614 2553 2660 est
2582 2606 2651 2661 ab
2682 2605 2906 2672 ultione,
2931 2612 3173 2663 ventura
3198 2608 3401 2680 impiis.
3424 2608 3635 2680 Eripuit
3654 2608 3852 2682 utique

2246 2694 2303 2749 in
2331 2694 2598 2765 baptismo
2629 2694 2905 2751 dimittens
2919 2705 3164 2767 peccata.

2883 2889 3107 2947 CAPUT
3154 2892 3225 2945 ll.

2321 3073 2343 3103 ι
2376 3052 2513 3107 Nam
2543 3051 2647 3123 ipsi
2678 3053 2845 3122 scitis,
2903 3052 3117 3119 fratres,
3168 3053 3446 3111 introitum
3492 3063 3745 3112 nostrum
3776 3056 3854 3112 ad

2251 3161 2272 3189 ι
2309 3155 2429 3205 vos,
2464 3142 2589 3211 quia
2618 3157 2728 3196 non
2760 3140 2938 3196 inanis
2969 3141 3086 3213 fuit,
3110 3142 3208 3197 sed
3234 3151 3359 3199 ante
3382 3143 3532 3213 passi
3566 3143 3757 3212 multa,
3794 3152 3856 3201 et

2249 3249 2271 3278 ι
2306 3227 2655 3283 contumeliis
2685 3227 2863 3285 affecti
2893 3229 3050 3297 (sicut
3084 3230 3257 3301 scitis)
3285 3231 3340 3285 in
3387 3231 3668 3302 Philippis,
3704 3231 3860 3288 ﬁdu-

2247 3338 2270 3363 ι
2307 3315 2449 3371 ciam
2478 3316 2767 3371 habuimus
2787 3317 2842 3370 in
2873 3318 2988 3372 Deo
3008 3326 3213 3385 nostro,
3245 3318 3393 3389 loqui
3415 3319 3486 3373 ad
3514 3334 3614 3374 vos
3652 3320 3857 3376 Evan-

2248 3423 2272 3454 α
2306 3403 2508 3476 gelium
2532 3404 2629 3458 Dei
2651 3404 2705 3458 in
2727 3404 2894 3459 multa
2923 3405 3303 3461 sollicitudine.
3336 3406 3654 3462 Exhortatio
3698 3408 3858 3464 enim

2249 3512 2272 3541 ι
2306 3499 2494 3546 nostra
2523 3507 2633 3546 non
2661 3493 2730 3547 de
2759 3508 2963 3561 errore,
3016 3508 3195 3564 neque
3224 3494 3294 3549 de
3323 3494 3683 3561 immunditia,
3748 3512 3859 3553 ne-

2250 3600 2273 3629 ε
2306 3596 2411 3651 que
2438 3580 2491 3634 in
2521 3580 2668 3645 dolo,
2715 3581 2814 3635 sed
2870 3580 3009 3635 sicut
3051 3582 3264 3652 probati
3308 3598 3497 3638 sumus
3527 3598 3561 3638 a
3613 3584 3757 3651 Deo,
3797 3594 3865 3642 ut

2250 3690 2273 3715 α
2308 3668 2627 3723 crederetur
2665 3668 2823 3723 nobis
2852 3669 3211 3742 Evangelium
3245 3688 3259 3736 ;
3291 3670 3363 3725 ita
3407 3670 3697 3742 loquimur,
3732 3689 3863 3729 non

2250 3776 2274 3806 ι
2309 3755 2467 3827 quasi
2524 3755 2835 3811 hominibus
2876 3757 3172 3827 placentes,
3222 3757 3321 3813 sed
3350 3758 3487 3828 Deo,
3508 3758 3601 3831 qui
3647 3761 3866 3830 probat

2252 3864 2274 3894 ι
2309 3843 2477 3899 corda
2504 3851 2714 3899 nostra.
2772 3845 2965 3916 Neque
3010 3846 3155 3900 enim
3209 3845 3503 3918 aliquando
3541 3845 3744 3902 fuimus
3801 3850 3864 3906 in

2252 3952 2275 3982 ι
2310 3946 2559 3986 sermone
2587 3931 2930 3999 adulationis,
2991 3934 3131 3989 sicut
3158 3933 3346 4000 scitis;
3371 3948 3548 4006 neque
3574 3934 3630 3989 in
3678 3951 3866 3992 occa-

2252 4042 2274 4067 u
2311 4018 2463 4074 sione
2485 4018 2742 4086 avaritiae,
2773 4020 2921 4075 Deus
2949 4021 3103 4076 testis
3133 4030 3215 4076 est
3248 4041 3263 4089 ;
3294 4037 3399 4078 nec
3444 4030 3764 4094 quaerentes
3786 4026 3865 4080 ab

2253 4128 2276 4157 ι
2311 4106 2622 4162 hominibus
2650 4108 2906 4180 gloriam,
2930 4124 3107 4181 neque
3138 4125 3172 4164 a
3199 4109 3373 4176 vobis,
3392 4125 3569 4182 neque
3598 4111 3669 4166 ab
3699 4111 3862 4180 aliis,

2253 4215 2277 4246 ι
2311 4209 2435 4249 cum
2463 4209 2751 4264 possemus
2780 4196 2936 4251 vobis
2982 4197 3133 4252 oneri
3180 4213 3321 4263 esse,
3367 4205 3424 4252 ut
3454 4197 3649 4253 Christi
3706 4213 3866 4272 apo-

2252 4304 2274 4329 α
2311 4281 2454 4337 stoli.
2486 4282 2593 4337 Sed
2622 4282 2750 4338 facti
2806 4300 2992 4339 sumus
3021 4285 3304 4355 parvuliin
3345 4285 3527 4341 medio
3573 4294 3861 4357 vestrum,

2256 4390 2277 4418 ι
2311 4376 2562 4441 tanquam
2595 4370 2640 4425 si
2669 4371 2848 4426 nutrix
2888 4370 3071 4428 foveat
3124 4371 3265 4429 ﬁlios
3293 4387 3444 4429 suos.
3492 4374 3573 4429 Ita
3613 4373 3864 4433 deside-

2254 4480 2276 4504 κ
2311 4465 2494 4513 rantes
2516 4473 2615 4513 vos
2652 4459 2868 4529 cupide,
2928 4460 3243 4516 volebamus
3281 4461 3496 4518 tradere
3542 4461 3698 4518 vobis
3735 4479 3868 4521 non

562 4547 930 4604 tribulatione
958 4546 1202 4611 tolerata,
1226 4548 1596 4618 excipientes,
1617 4546 1671 4600 id
1693 4554 1774 4601 est
1795 4546 1849 4599 in
1871 4544 2149 4615 excipien-
2179 4541 2231 4600 D
2255 4565 2277 4591 ιι
2313 4544 2491 4599 solum
2518 4546 2876 4619 Evangelium
2906 4547 3026 4614 Dei,
3057 4549 3157 4604 sed
3187 4549 3347 4604 etiam
3364 4549 3573 4606 animas
3601 4558 3838 4608 nostras
3852 4593 3872 4622 ,

557 4634 649 4699 do,
675 4635 913 4700 verbun;
934 4641 989 4688 ut
1010 4634 1243 4704 primum
1264 4634 1408 4689 enim
1426 4634 1714 4704 accepistis
1752 4633 1980 4688 verbum
2000 4632 2146 4701 ﬁdei,

559 4722 738 4777 statim
766 4738 890 4778 cum
936 4720 1043 4778 ﬁde
1090 4722 1387 4793 incoepistis
1422 4722 1550 4793 pati.
1600 4722 1980 4778 Tribulatione
2026 4721 2149 4776 dico

557 4818 781 4881 accepta
812 4826 921 4866 non
949 4810 1134 4877 invita,
1167 4811 1265 4865 sed
1280 4827 1407 4866 cum
1428 4810 1631 4882 gaudio
1659 4810 1906 4880 Spiritus
1933 4810 2145 4878 sancti,

556 4898 678 4970 quia
708 4896 979 4953 afﬂuentia
1009 4897 1338 4969 gratiarum.
1371 4914 1493 4969 quae
1524 4904 1642 4952 erat
1670 4896 1723 4950 in
1754 4895 1943 4963 vobis,
1975 4896 2147 4951 facie-

557 4986 646 5041 bat
702 5002 803 5043 vos
851 4987 1094 5057 gaudere
1141 4987 1195 5040 in
1254 4985 1702 5040 tribulationibus.
1755 4984 1950 5039 Fuistis
1977 4985 2148 5041 nostri

556 5073 869 5141 imitatores,
895 5077 982 5130 ita
1020 5079 1085 5130 ut
1104 5075 1250 5144 facti
1276 5076 1403 5129 sitis
1436 5076 1620 5145 forma
1644 5074 1946 5144 patientiae
1966 5075 2146 5129 omni-

558 5163 656 5219 bus
676 5164 1032 5219 credentibus
1055 5165 1116 5218 in
1138 5162 1455 5218 Macedonia
1478 5165 1533 5216 et
1547 5162 1608 5215 in
1630 5161 1859 5226 Ach~ia,
1880 5161 1973 5232 qui
1993 5160 2146 5231 prius

554 5250 711 5307 vobis
735 5251 1098 5306 crediderunt.
1127 5249 1384 5304 Videntes
1404 5249 1547 5302 enim
1569 5263 1666 5302 vos
1685 5248 1997 5319 praecedere
2024 5248 2145 5304 illos

553 5339 624 5393 ad
672 5353 965 5404 coronam,
1024 5337 1315 5391 laudabant
1360 5335 1485 5391 ﬁdei
1528 5344 1724 5393 vestrae
1779 5336 2142 5405 velocitatem,

555 5427 865 5483 accusando
913 5440 1068 5479 suam
1116 5424 1443 5478 tarditatem.
1492 5423 1604 5477 lllis
1642 5424 1829 5494 utique
1861 5423 1985 5481 facti
2015 5426 2145 5480 estis

553 5514 728 5569 forma
742 5532 757 5580 ;
770 5528 952 5569 sermo
974 5512 1128 5567 enim
1148 5512 1374 5568 Domini
1394 5510 1722 5582 diffamatus
1740 5516 1826 5568 est
1845 5529 1880 5567 a
1896 5513 2063 5577 vobis,
2088 5513 2144 5568 id

555 5609 639 5656 est
667 5599 969 5655 notificatus
999 5599 1248 5668 exemplo
1276 5606 1476 5665 vestro,
1509 5617 1627 5655 non
1660 5602 1845 5657 solum
1877 5602 1941 5657 in
1972 5602 2146 5657 Mace-

553 5686 726 5745 donia
745 5690 801 5744 et
850 5687 1079 5752 Achaia,
1111 5687 1207 5742 sed
1237 5688 1413 5741 etiam
1432 5688 1494 5743 in
1530 5691 1687 5745 omni
1718 5690 1834 5746 loco
1863 5690 2145 5758 adjacente

2254 4653 2277 4683 ι
2311 4633 2568 4703 quoniam
2621 4635 2930 4690 charissimi
2989 4636 3146 4691 nobis
3200 4636 3327 4693 facti
3370 4637 3521 4694 estis.
3571 4639 3868 4696 Memores

2253 4742 2274 4766 ε
2309 4720 2456 4774 enim
2485 4722 2636 4790 estis,
2672 4722 2890 4790 fratres,
2938 4723 3143 4780 laboris
3171 4725 3345 4781 nostri
3375 4734 3430 4780 et
3459 4725 3808 4800 fatigationis
3847 4748 3864 4785 :

2253 4828 2275 4854 ιι
2309 4816 2469 4864 nocte
2498 4817 2551 4864 et
2578 4810 2666 4866 die
2694 4819 3007 4882 operantes,
3038 4829 3107 4867 ne
3137 4829 3298 4885 quem
3329 4821 3566 4870 vestrum
3595 4830 3874 4886 gravare-

2250 4916 2272 4942 α
2308 4911 2452 4964 mus,
2487 4898 2906 4967 prmdicavimus
2956 4901 3114 4956 vobis
3166 4902 3528 4974 Evangelium
3554 4902 3676 4957 Dei.
3738 4905 3872 4962 Vos

2250 5002 2273 5033 ι
2305 4990 2472 5038 testes
2495 4985 2628 5041 estis
2658 4995 2713 5042 et
2743 4988 2890 5043 Deus
2914 5005 3078 5060 quam
3133 4998 3322 5046 sancte
3378 4998 3431 5045 et
3453 4991 3595 5060 juste
3624 4997 3679 5046 et
3725 4992 3870 5051 sine

2249 5092 2271 5118 ιι
2308 5073 2526 5143 querela
2556 5075 2712 5130 vobis
2733 5076 2826 5147 qui
2852 5077 3180 5145 credidistis,
3213 5076 3484 5147 afi‘uimus,
3533 5079 3674 5135 sicut
3731 5083 3870 5139 sci-

2251 5180 2272 5207 α
2307 5158 2396 5225 tis,
2444 5162 2673 5232 qualiter
2719 5181 3161 5237 unumquemque
3189 5174 3430 5222 vestrum
3450 5167 3739 5239 (tanquam
3762 5188 3876 5242 pa-

2249 5266 2274 5297 ι
2304 5253 2388 5302 ter
2413 5247 2554 5305 ﬁlios
2602 5253 2753 5325 suos)
2791 5253 3149 5324 deprecantes
3191 5271 3290 5310 vos
3314 5297 3328 5321 ,
3379 5264 3433 5310 et
3472 5255 3867 5330 consolantes,

2253 5354 2276 5385 ι
2314 5336 2582 5395 testiﬁcati
2619 5356 2825 5410 sumus,
2858 5350 2915 5396 ut
2958 5342 3311 5398 ambularetis
3363 5343 3531 5416 digne
3563 5344 3701 5410 Deo,
3761 5352 3875 5420 qui

2251 5448 2273 5482 ι
2305 5428 2515 5484 vocavit
2546 5444 2644 5484 vos
2680 5430 2735 5483 in
2780 5446 2938 5486 suum
2979 5447 3208 5504 regnum
3239 5440 3293 5486 et
3347 5432 3600 5504 gloriam.
3630 5432 3772 5490 Ideo
3810 5448 3875 5495 et

2249 5541 2270 5565 α
2306 5533 2409 5572 nos
2438 5516 2642 5588 gratias
2671 5517 2885 5589 agimus
2924 5520 3040 5575 Deo
3080 5519 3198 5575 sine
3235 5519 3657 5587 intermissione,
3705 5540 3875 5594 quo-

2248 5627 2270 5653 u
2309 5605 2477 5671 niam,
2528 5620 2654 5661 cum
2703 5607 3055 5677 accepissetis
3085 5621 3118 5663 a
3147 5607 3306 5663 nobis
3347 5608 3578 5664 verbum
3623 5610 3873 5672 auditus

2249 5714 2271 5744 ι
2307 5692 2429 5763 Dei,
2462 5692 2751 5765 accepistis
2792 5694 2947 5765 illud,
2996 5711 3107 5752 non
3148 5704 3206 5752 ut
3260 5696 3491 5753 verbum
3534 5696 3871 5774 hominum,
