3932 6426
110 297 203 353 ιοί
508 310 527 325 ’⁵
751 313 1130 375 EXPOSITIO
1168 318 1244 374 IN
1279 320 1662 379 EPISTOLAS
1700 322 1923 383 PAULI.
1956 360 2027 372 —
2056 331 2131 388 IN
2164 330 2460 393 EPIST.'I
2496 338 2592 395 AD
2631 339 2876 400 THESS.
3362 348 3467 405 ‘02

111 440 135 471 ι
331 426 494 531 sicut
530 442 815 543 estjvere,
861 440 1082 543 verbum
1103 442 1354 543 'Dei,.qui
1410 453 1670 543 operatur
1699 448 1756 503 in
1784 451 1833 510 A
1922 454 2063 511 Vere
2090 472 2200 514 non
2228 460 2384 532 quasi
2414 460 2696 531 placentes
2725 466 3066 536 hominibus,
3102 484 3282 543 neque
3309 473 3466 529 enim

112 531 134 555 '
156 512 478 628 ξοὶξξειρυὶ
514 524 846 628 credidistis
877 527 1133 628 [al..add.
1160 530 1216 585 in
1236 531 1456 606 ipsum].
1479 535 1588 589 Vos
1618 536 1765 591 enim
1861 542 2165 615 aliquando
2186 512 2498 618 fujimusrin
2520 568 2778 610 sermone
2794 512 3342 628 adulatidnisﬁicut
3364 577 3462 617 vos

127 612 530 708 c‘tmttatores.
576 612 715 717 facti
766 617 914 714 estis,
974 616 1187 687 fratres,
1233 622 1604 678 Ecclesiarum
1638 625 1758 691 Dei,
1859 612 2039 698 scitis,
2064 642 2117 688 et
2148 612 2245 690 vos
2275 637 2327 690 in
2361 647 2527 694 testes
2558 642 2795 712 appello.
2820 645 3001 717 Neque
3034 612 3233 704 fuimus
3260 648 3317 703 in
3346 666 3464 705 ser-

127 707 150 738 ι
188 705 489 796 quae-sunt-
515 699 575 753 in
606 703 820 771 Judtra,
851 704 905 760 in
945 705 1161 762 Christo
1194 710 1358 775 .Jesu,
1393 711 1520 781 quia
1568 713 1761 769 eadem
1859 735 2021 775 mone
2064 725 2358 793 avaritiae;
2400 744 2502 784 nec
2552 699 2711 784 etiam
2742 736 2805 787 in
2862 699 3153 791 occasione
3181 744 3237 790 ut
3266 737 3460 794 saltem

125 800 147 823 ι
183 795 343 879 pas-sx
377 794 527 885 estis
561 797 619 885 et
650 807 751 846 vos
780 808 810 846 a
836 794 1233 852 contribulibus
1280 799 1504 865 vestris,
1539 802 1679 856 sicut
1708 809 1761 856 et
1860 810 2129 879 suspicari
2157 823 2341 883 posset
2380 816 2449 871 de
2491 817 2688 885 nobis;
2722 828 2774 875 et
2805 821 2950 878 Deus
2996 822 3123 878 inde
3154 826 3315 881 testis
3346 831 3453 883 est.

133 888 154 912 «ι
192 868 302 986 ipsi
333 887 370 925 a
398 874 644 986 JBdaBiS,
679 879 772 951 qui
802 889 855 936 et
884 882 1174 939 Dominum
1230 887 1546 942 occiderunt
1572 889 1758 944 Jesum
1856 896 1924 949 Et
1945 913 2061 953 non
2084 868 2280 955 fuimus
2301 909 2616 975 quaerentes
2636 868 2953 978 gloriamab
2974 911 3457 986 hominibus,quia

142 1069 163 1092 ι
198 1046 424 1157 placent
444 1094 459 1121 ,
495 1060 551 1108 et
581 1056 836 1157 omnibus
864 1059 1175 1157 hominibus
1203 1063 1589 1157 advers-antur,
1620 1082 1756 1157 pro-
1857 1072 2010 1129 sione
2042 1077 2301 1144 avaritiae,
2334 1046 2487 1147 cum,
2520 1082 2576 1137 id
2598 1090 2681 1138 est
2705 1086 2971 1155 quamvis,
2997 1088 3279 1157 possimus
3306 1092 3454 1147 vobis

146 1158 169 1182 ο
216 1136 484 1250 h'ibentes
515 1158 634 1250 nos.
651 1145 909 1215 gentibus
937 1146 1087 1220 loqui
1115 1158 1173 1204 ut
1194 1150 1341 1250 salvi
1379 1151 1530 1250 fiant,
1561 1154 1755 1250 utim-
1855 1176 1973 1217 esse
1989 1166 2168 1230 oneri,
2193 1136 2520 1240 accipiendo
2545 1136 3454 1250 temporalia

143 1243 167 1274 ι
201 1224 395 1339 pisant
441 1240 674 1339 pecgata
731 1249 831 1290 sua
884 1251 1125 1339 semper.
1194 1239 1445 1295 Pervenit
1498 1242 1643 1297 enim
1673 1242 1753 1297 ira
1857 1249 2088 1307 Christi.
2107 1254 2229 1309 Non
2248 1224 3308 1335 qu‘terentesglorriam,sedfactisumgs
3327 1284 3453 1339 par:

143 1333 166 1358 ε
205 1313 313 1412 Dei
346 1319 673 1412 super-illos
704 1337 877 1412 usque
906 1324 962 1412 in
1014 1322 1198 1381 ﬁnem.
1256 1329 1370 1383 Nos
1400 1337 1603 1396 autem,
1634 1329 1752 1386 fra-
1852 1340 1971 1394 vuli
1993 1341 2055 1395 in
2070 1313 2333 1408 medio:id
2351 1352 2430 1399 est
2448 1313 2681 1401 humiles
2702 1348 2757 1402 in
2781 1313 3447 1412 corrm'unitatevestritmi

140 1423 165 1448 ε
205 1409 348 1469 tres,
382 1404 665 1500 desolatia
694 1410 849 1500 vobis
897 1411 967 1466 ad
1021 1421 1237 1486 tempus
1293 1416 1468 1481 horae,
1503 1426 1748 1490 aspectu,
1850 1425 2045 1482 Nullus
2081 1429 2223 1484 enim
2260 1404 2361 1486 iuit
2391 1433 2479 1488 cui
2529 1450 2637 1490 non
2672 1404 3449 1500 condescenderi—t‘n:

136 1510 170 1547 ι
207 1506 324 1546 non
356 1496 560 1600 corde,
611 1497 975 1555 abundantius
1005 1500 1381 1559 festinavimus
1436 1505 1628 1561 faciem
1656 1523 1750 1564 ve-
1853 1514 1995 1581 dico,
2032 1521 2303 1590 tanquam
2360 1524 2568 1578 nutrix
2621 1526 3071 1583 condescendens
3099 1531 3359 1600 parvulo,
3396 1539 3449 1589 et

137 1608 162 1632 ι
201 1593 389 1690 stram
418 1584 609 1683 videre
638 1602 761 1690 cum
792 1588 961 1690 multo
1009 1590 1305 1657 desiderio,
1360 1594 1618 1665 quoniam
1646 1611 1749 1651 νο·-
1850 1602 2018 1657 multa
2047 1584 2323 1662 sustinens
2351 1609 2420 1663 ab
2442 1610 2555 1666 illo.
2588 1611 2703 1667 Nec
2727 1614 2905 1669 nutrix
2949 1584 3219 1673 conducta
3244 1584 3444 1690 pretio,

135 1694 162 1725 ι
201 1672 414 1773 luimus
441 1673 632 1773 venire
660 1674 731 1729 ad
759 1690 877 1773 vos.
911 1676 1278 1773 Ego-quidem
1318 1682 1537 1773 Paulus
1573 1691 1627 1738 et
1655 1699 1748 1739 se-
1850 1691 1949 1745 sed
1989 1693 2039 1747 si
2069 1697 2258 1765 foveat
2286 1698 2537 1767 pr0prios
2589 1700 2755 1769 ﬁlios,
2818 1703 3012 1773 quibus
3058 1672 3447 1766 exdilectione

135 1782 161 1811 ι
202 1760 326 1860 mel
355 1768 410 1815 et
439 1761 654 1865 iterum,
679 1763 776 1818 sed
797 1763 1081 1865 impedivit
1102 1783 1203 1823 nos
1224 1769 1477 1825 Satanas.
1503 1769 1637 1839 Qum
1660 1780 1749 1865 est
1768 1804 1820 1865 Β
1850 1780 1968 1835 sola
2016 1760 2244 1851 parvula
2287 1760 2402 1850 sit;-
2438 1786 2571 1840 nihil
2589 1760 2685 1842 'ibi
2734 1760 2988 1859 quaerens
3051 1760 3257 1864 praeter

132 1872 159 1896 ι
199 1849 359 1951 enim
382 1857 573 1951 ‘nostra
603 1865 731 1921 spes
770 1860 861 1906 aut
916 1854 1198 1951 gaudium,
1249 1865 1341 1912 aut
1392 1873 1595 1914 corona
1621 1860 1747 1931 glo-
1775 1849 1820 1865 υ
1849 1849 2129 1942 Tanquam
2158 1872 2340 1927 nutrix
2371 1873 2510 1929 filios
2540 1875 2610 1929 ita
2658 1849 3035 1934 desiderantes
3051 1849 3192 1951 ‘vos,
3219 1898 3326 1938 non
3355 1900 3446 1939 res

132 1958 159 1987 ι
200 1937 352 2031 Ei???
381 1938 575 1993 Νοωιθ
618 1955 722 2031 ῖοξ
760 1947 884 2031 δηίξὲ
934 1943 1225 2023 Dominum
1274 1954 1516 2001 nostrum
1563 1947 1747 2003 Jesum
1850 1960 2296 2031 vestrascupide,
2334 1964 2652 2020 volebamus
2684 1967 2909 2023 tradere
2950 1968 3099 2024 vobis
3128 1937 3243 2026 non
3264 1973 3445 2028 solum

130 2048 157 2071 "
200 2025 489 2127 (ἷξπίξίιιηι
528 2026 660 2081 estis
698 2027 753 2081 ίη
800 2028 1036 2127 “lieni”
1092 2031 1258 2101 elUS?
1292 2034 1402 2089 νοῦ
1440 2034 1584 2091 enim
1615 2036 1749 2092 estis
1846 2047 2221 2117 Evangelium
2242 2049 2359 2115 Dei,
2386 2052 2479 2105 sed
2500 2053 2690 2120 etiam,
2716 2054 2761 2108 si
2796 2064 3093 2127 oporteret,
3112 2060 3338 2116 animas
3356 2077 3446 2117 ve-

131 2133 161 2165 ι
202 2113 393 2189 gloria
421 2121 607 2171 nostra
637 2124 690 2170 et
724 2116 1008 2189 gaudium.
1045 2139 1066 2170 ι

734 2282 1051 2325 EXPOSI'I'IO.

203 2400 464 2457 Dicendo
494 2400 745 2472 superius
766 2403 990 2475 qualem
1019 2405 1326 2462 introitum
1356 2413 1409 2462 et
1431 2406 1621 2479 quales
1642 2405 1747 2462 fra-

1846 2139 2019 2190 stras.
2054 2134 2185 2190 Ideo
2233 2138 2503 2209 quonizm
2531 2143 2676 2211 facti
2714 2145 2849 2198 estis
2879 2144 3039 2200 nobis
3093 2145 3439 2216 charissimi,

1847 2222 1969 2278 facti
1994 2239 2181 2278 sumus
2202 2225 2389 2298 utique
2408 2228 2624 2297 parvuli
2646 2238 2904 2302 tanquam
2922 2232 3122 2288 nutrix.
3149 2235 3258 2290 Vos
3274 2236 3441 2302 enim,

1852 2314 2369 2382 fratres,memores
2388 2318 2521 2371 estis
2540 2317 2748 2373 laboris
2766 2322 2948 2376 nostri
2963 2325 3019 2376 et
3039 2323 3400 2395 fatigationis
3422 2342 3442 2382 :

1844 2408 2031 2471 posset
2062 2401 2206 2456 enim
2240 2402 2496 2459 laborare
2546 2421 2654 2461 non
2713 2422 2888 2478 usque
2940 2409 3011 2463 ad
3044 2408 3438 2483 fatigationem,

121 2497 279 2556 tres,
311 2488 397 2543 bis
428 2487 836 2562 signiﬁcaverat
882 2492 1037 2547 vobis
1093 2492 1466 2551 difﬁcultatem
1496 2495 1745 2553 introitus
1844 2488 1942 2543 sed
1972 2488 2295 2562 plerumque
2326 2507 2357 2544 ει
2406 2493 2523 2547 Deo
2553 2493 2837 2550 laborabat
2865 2503 2925 2550 ut
2971 2498 3152 2570 magis
3189 2497 3439 2556 defessus

120 2577 217 2631 sui
246 2595 265 2644 ;
301 2592 486 2649 quam,
522 2578 651 2647 quia
698 2587 988 2636 exsecutus
1022 2597 1132 2635 non
1178 2580 1369 2648 fuerat,
1409 2582 1573 2639 modo
1611 2584 1744 2639 satis
1844 2578 2134 2633 desisteret
2156 2593 2318 2649 quam
2339 2580 2698 2637 voluntarius.
2725 2584 2869 2638 Bene
2890 2584 3012 2640 dico
3028 2585 3233 2642 laboris
3256 2592 3311 2643 et
3340 2590 3437 2659 fa-

120 2665 341 2722 callide
375 2666 585 2733 inserit,
616 2666 808 2722 dicens
842 2685 855 2721 :
884 2670 1007 2724 Non
1029 2678 1244 2741 oportet
1282 2687 1370 2726 me
1404 2671 1585 2727 dicere
1608 2688 1734 2744 qua-

1845 2667 2181 2737 tigationis;
2211 2681 2313 2722 nos
2343 2668 2489 2723 enim
2516 2672 2952 2741 praedicavimus
2980 2674 3043 2728 in
3072 2674 3220 2730 vobis
3248 2677 3437 2732 Evan-

120 2755 247 2810 lem
284 2754 565 2810 introitum
595 2755 886 2812 habuimus
910 2757 976 2812 ad
1006 2775 1105 2813 vos
1132 2777 1146 2826 ;
1177 2777 1333 2827 nam,
1367 2774 1465 2815 vos
1495 2762 1603 2833 ipsi
1621 2764 1741 2832 fra-

124 2849 283 2911 tres,
316 2844 454 2898 satis
482 2844 645 2900 scitis
666 2844 970 2901 introitum
997 2852 1259 2903 nostrum
1280 2849 1352 2903 ad
1380 2865 1490 2912 vos,
1525 2852 1655 2920 quia
1685 2848 1739 2904 id

120 2940 216 2988 est
249 2932 424 3004 quod,
459 2949 574 2988 non
595 2933 713 3004 fuit
744 2934 957 3000 inanis,
992 2934 1046 2989 id
1077 2943 1158 2990 est
1186 2936 1408 2991 inutilis.
1432 2937 1616 2993 Inanis
1645 2953 1739 2992 es-

117 3031 211 3077 set
249 3021 299 3075 si
321 3036 424 3093 pro
453 3021 619 3076 rebus
640 3022 826 3076 mundi
859 3031 1155 3094 pateretur,
1184 3023 1270 3080 vel
1291 3024 1337 3079 si
1351 3026 1461 3096 pati
1480 3042 1739 3097 resurge-

112 3119 230 3179 ret,
261 3109 376 3175 vel,
408 3109 454 3164 si
484 3110 539 3165 in
568 3110 646 3165 eis
677 3109 913 3166 fructum
942 3110 1068 3167 fidei
1098 3129 1205 3169 non
1237 3112 1457 3170 faceret.
1490 3114 1612 3170 Non
1641 3113 1738 3169 fuit

112 3198 336 3264 inanis,
372 3197 471 3254 sed
492 3202 647 3264 ante,
680 3198 735 3252 id
765 3207 844 3253 est
875 3199 927 3253 in
958 3200 1248 3263 veniendo.
1270 3204 1426 3275 passi
1458 3218 1648 3257 sumus
1673 3203 1736 3259 in

114 3288 424 3360 Philippis
452 3287 801 3343 acerbitatem
832 3287 1232 3354 tribulationis,
1264 3298 1316 3344 et
1346 3290 1510 3345 etiam
1541 3291 1737 3363 aﬁ‘ecti

113 3375 526 3441 contumeliis,
562 3372 614 3429 id
635 3383 717 3430 est
739 3373 917 3431 atllicti
937 3377 1307 3448 Opprobriosis
1337 3378 1538 3433 verbis.
1575 3379 1736 3434 Passi

114 3469 177 3519 et
213 3465 424 3536 affecti
444 3464 568 3518 dico
597 3465 747 3520 sicut
777 3479 875 3520 vos
898 3466 1006 3537 ipsi
1037 3466 1215 3522 scitis.
1240 3466 1374 3530 Nos,
1399 3465 1642 3538 inquam,
1661 3467 1736 3522 ita

112 3552 281 3624 passi
304 3560 366 3607 et
399 3549 580 3608 aﬁ‘ecti
601 3550 802 3607 fuimus
833 3553 977 3623 apud
1000 3569 1099 3609 vos
1131 3556 1194 3610 in
1225 3557 1411 3610 multa
1449 3556 1735 3611 sollicitu-

110 3642 282 3711 dine,
320 3640 380 3695 id
410 3649 493 3696 est
511 3640 710 3696 curiosi
738 3640 809 3696 de
843 3641 1161 3698 domesticis
1216 3643 1400 3698 rebus.
1446 3644 1506 3697 In
1564 3642 1736 3698 multa

109 3729 275 3785 enim
309 3729 548 3801 penuria
586 3744 825 3795 eramus,
860 3738 914 3785 et
967 3731 1164 3786 curiosi
1211 3747 1281 3787 ne
1336 3748 1457 3798 vos,
1487 3730 1736 3787 videntes

107 3825 507 3889 contemptum
554 3826 824 3886 nostrum,
858 3820 1277 3874 contemneretis
1306 3820 1360 3874 in
1407 3819 1567 3875 nobis
1614 3835 1735 3875 ver-

111 3908 257 3962 bum
286 3906 417 3961 Dei.
450 3906 518 3960 Et
548 3906 675 3962 licet
703 3905 757 3961 in
785 3914 930 3961 tanta
959 3907 1323 3964 sollicitudine
1354 3925 1622 3974 essemus,
1645 3916 1733 3964 ta-

112 4011 253 4051 men
287 3994 598 4050 habuimus
624 3995 895 4063 ﬁduciam
937 3996 1087 4069 loqui
1124 3995 1197 4051 ad
1236 4013 1328 4052 vos
1361 3997 1734 4068 Evangelium

112 4084 247 4139 Dei.
279 4083 595 4138 Habuimus
618 4082 742 4138 dico
769 4083 834 4137 in
877 4083 1112 4140 Domino
1141 4088 1378 4151 nostro;
1410 4100 1524 4154 prae
1570 4084 1734 4138 nimia

114 4171 275 4227 enim
308 4169 629 4226 difficultate
660 4170 745 4225 vis
773 4170 1077 4225 humanain
1108 4171 1266 4227 nobis
1296 4170 1559 4228 deﬁciens
1576 4187 1733 4228 com-

114 4259 375 4333 pellebat
405 4275 505 4314 nos
535 4260 707 4314 Deum
749 4258 1057 4314 consulere.
1082 4259 1212 4315 Ideo
1250 4259 1505 4315 ﬁduciam
1536 4259 1733 4315 habui-

113 4365 246 4403 mus
278 4350 417 4421 quia
446 4346 771 4403 exhortatio
801 4352 996 4404 nostra
1024 4350 1182 4419 facta
1212 4348 1284 4403 ad
1325 4364 1416 4404 vos
1458 4364 1576 4405 non
1621 4356 1734 4403 erat

119 4436 377 4494 292
391 4437 460 4492 de
481 4452 690 4501 errore,
710 4436 763 4489 id
782 4443 864 4490 est
882 4435 952 4491 de
972 4436 1226 4492 suasione
1247 4437 1470 4501 erroris,
1486 4444 1544 4491 ut
1559 4437 1731 4492 doce-

1839 2754 2051 2824 gelium
2080 2755 2199 2823 Dei,
2239 2761 2540 2826 aperantes
2566 2763 2730 2814 nocte
2784 2776 2851 2815 ac
2876 2754 2991 2826 die,
3040 2770 3296 2833 quantum
3326 2763 3435 2819 diei

1840 2841 2120 2898 residuum
2164 2851 2284 2897 erat
2322 2859 2353 2898 a
2383 2846 2773 2915 praedicatione
2819 2856 2869 2902 et
2898 2849 3162 2905 oratione.
3196 2851 3326 2907 Ideo
3355 2852 3435 2910 sic

1839 2938 2153 3001 operantes,
2178 2947 2250 2988 ne
2267 2948 2429 3004 quem
2442 2938 2690 2990 vestrum
2709 2953 3073 3008 gravaremus
3085 2959 3103 3005 ;
3122 2947 3173 2994 et
3190 2940 3336 3012 quod
3359 2940 3435 2997 ita

1837 3018 2083 3086 fecerim,
2107 3036 2199 3077 vos
2218 3022 2355 3075 estis
2386 3025 2556 3077 testes
2584 3027 2641 3079 et
2672 3026 3001 3097 Deusquam
3031 3032 3227 3082 sancte
3247 3027 3301 3081 in
3323 3044 3431 3096 me,

1837 3111 1895 3162 et
1928 3122 2093 3179 quam
2112 3109 2271 3179 juste
2301 3109 2370 3163 ad
2402 3110 2727 3181 proximum,
2755 3117 2813 3170 et
2831 3116 2959 3169 sine
2989 3116 3236 3186 querela,
3270 3115 3325 3171 id
3356 3124 3439 3171 est

1837 3195 2175 3262 innocenter,
2211 3196 2328 3253 sine
2356 3198 2507 3253 omni
2536 3200 2701 3270 malo,
2726 3204 2947 3273 fuimus
2971 3202 3117 3258 vobis
3136 3204 3231 3276 qui
3251 3206 3435 3261 credi-

1835 3284 2018 3339 distis.
2043 3283 2182 3353 Quia
2209 3291 2403 3341 sancte
2435 3282 2661 3357 etjuste
2689 3290 2910 3361 fuimus
2938 3291 3114 3356 vobis,
3146 3291 3225 3347 sic
3247 3300 3434 3348 notum

1835 3372 2049 3427 habetis
2083 3378 2233 3429 sicut
2254 3375 2415 3430 scitis
2445 3374 2567 3440 hac,
2628 3378 2877 3448 qualiter
2918 3380 3208 3448 testiﬁcati
3237 3397 3434 3438 sumus

1835 3477 2295 3534 unumquemque
2330 3466 2598 3530 vestrum,
2632 3465 2998 3536 deprecantes
3028 3484 3118 3524 vos
3158 3471 3214 3522 et
3233 3485 3433 3525 conso-

1838 3551 2023 3605 lantes
2060 3549 2348 3606 tribulatos
2378 3556 2648 3626 tanquam
2674 3558 2845 3625 pater
2890 3552 3267 3612 consolaretur
3283 3558 3433 3626 ﬁlios

1834 3655 1980 3695 θυοδ.

1905 3725 2194 3782 Testiﬁcati
2226 3743 2414 3782 sumus
2444 3733 2509 3784 ut
2537 3730 2908 3786 ambularetis
2935 3733 3238 3804 digneDeo,
3272 3732 3327 3788 id
3348 3741 3433 3789 est

1836 3822 1895 3870 ut
1924 3815 2118 3871 essetis
2165 3816 2318 3889 digni
2348 3816 2547 3872 habere
2601 3819 2795 3874 Deum.
2856 3819 2989 3885 Vel,
3024 3827 3081 3875 ut
3109 3820 3335 3892 dignum
3365 3823 3433 3879 sit

1834 3904 2009 3959 Deum
2036 3904 2286 3960 habitare
2318 3905 2373 3959 in
2431 3898 2588 3961 vobis
2621 3924 2635 3961 :
2667 3908 2762 3979 qui
2788 3908 2936 3963 Deus
2985 3912 3202 3966 vocavit
3248 3927 3339 3967 vos
3367 3913 3433 3968 in

1831 4007 2032 4048 csuum
2061 4009 2321 4064 regnum,
2353 3993 2409 4048 id
2449 4002 2533 4049 est
2574 3995 2643 4051 ad
2682 3996 2788 4075 hoc
2816 4004 2874 4051 ut
2902 3997 3066 4053 modo
3094 4007 3348 4071 regnaret
3379 3999 3435 4056 in

1832 4080 2006 4146 vobis,
2034 4080 2125 4152 qui
2147 4081 2298 4151 prius
2329 4082 2493 4137 eratis
2522 4099 2753 4155 regnum
2783 4083 3004 4152 diaboli,
3037 4089 3093 4141 et
3131 4086 3187 4139 in
3220 4086 3443 4142 haben-‘

1831 4169 1960 4224 dam
1980 4170 2223 4239 gloriam
2252 4169 2309 4223 in
2337 4168 2538 4226 futuro.
2562 4170 2632 4225 Et
2664 4172 2788 4242 quia
2808 4172 2863 4226 in
2910 4189 3140 4245 regnum
3187 4174 3287 4230 Dei
3328 4190 3434 4231 vo-

1831 4257 1938 4312 cati
1960 4257 2111 4323 estis,
2134 4258 2256 4313 ideo
2272 4273 2374 4313 nos
2393 4260 2613 4330 gratias
2630 4261 2850 4331 agimus
2870 4262 2981 4316 Deo
2996 4262 3122 4317 sine
3136 4264 3199 4317 in
3208 4264 3433 4318 termis-

1830 4346 2008 4411 sione,
2027 4345 2313 4417 quoniam,
2332 4360 2464 4401 cum
2484 4363 2518 4401 a
2534 4347 2691 4403 nobis
2706 4349 3067 4421 aceepissetis
3086 4350 3316 4406 verbum
3334 4367 3433 4406 au-

1833 4433 2014 4498 ditus,
2038 4432 2095 4487 id
2124 4440 2207 4487 est
2233 4448 2301 4489 ex
2330 4434 2448 4489 solo
2477 4434 2664 4489 auditu
2704 4435 3027 4505 exciperetis
3056 4436 3286 4492 verbum
3308 4439 3428 4504 Dei,

120 4542 246 4582 rem
278 4542 379 4580 vos
410 4540 597 4581 errare
626 4524 683 4579 in
706 4522 831 4589 ﬁde,
866 4541 1043 4597 neque
1073 4525 1141 4581 de
1168 4524 1560 4594 immunditia,
1594 4524 1731 4580 sicut
1752 4515 1803 4575 D
1833 4522 2133 4593 accepistis
2152 4521 2318 4589 illud,
2342 4538 2455 4577 non
2485 4526 2551 4577 ut
2574 4523 2800 4578 verbum
2822 4522 3137 4590 hominum,
3162 4526 3261 4580 sed
3281 4526 3434 4582 sicut

125 4616 203 4671 illi
249 4614 539 4671 Nicolaittn
577 4613 673 4685 qui
722 4612 951 4668 suadent
997 4613 1258 4669 mulieres
1304 4615 1558 4669 omnibus
1607 4629 1731 4669 esse

127 4719 465 4760 communes.
490 4704 679 4775 Neque
708 4701 1008 4757 exhortatio
1047 4709 1235 4757 nostra
1280 4711 1364 4757 est
1399 4704 1462 4757 in
1492 4702 1638 4766 dolo,
1676 4702 1731 4757 id

129 4802 210 4849 est
245 4794 298 4848 in
318 4792 670 4864 deceptione.
698 4791 889 4845 Posset
912 4791 1053 4845 enim
1076 4806 1201 4845 esse
1235 4807 1413 4864 neque
1430 4790 1496 4846 de
1518 4807 1727 4858 errore,

132 4895 300 4953 neque
318 4880 385 4937 de
402 4874 809 4940 immunditia.
842 4883 893 4930 et
914 4882 1096 4931 tamen
1115 4877 1179 4931 in
1200 4876 1343 4941 dolo,
1360 4876 1406 4930 si
1423 4874 1733 4930 intenderet

128 4971 363 5042 accipere
391 4969 466 5025 ab
495 4967 604 5023 eis.
638 4964 764 5020 Non
794 4962 891 5018 fuit
918 4963 972 5018 in
1005 4963 1162 5029 dolo,
1196 4964 1291 5020 sed
1320 4965 1468 5020 sicut
1488 4964 1728 5035 probati,

126 5058 175 5114 id
194 5068 272 5116 est
288 5054 672 5133 probabiliter
710 5067 900 5107 sumus
949 5052 1181 5124 inspecti
1209 5069 1244 5107 a
1274 5053 1401 5118 Deo,
1445 5056 1510 5107 ut
1541 5051 1611 5106 ab
1637 5051 1732 5107 illo

121 5151 440 5207 crederetur
465 5144 639 5202 nobis
658 5140 1050 5211 Evangelium.
1083 5140 1233 5197 Sicut
1270 5140 1489 5212 probati
1520 5156 1729 5209 sumus,

116 5241 194 5297 ita
222 5240 537 5314 loquimur,
560 5231 621 5288 id
653 5237 742 5286 est
763 5244 871 5284 non
892 5229 1072 5284 minus
1100 5229 1157 5285 in
1180 5229 1335 5284 nobis
1394 5230 1539 5285 Deus
1580 5228 1735 5284 inve-

111 5332 181 5388 nit
206 5345 360 5405 quatn
402 5342 471 5384 se
513 5324 884 5379 inventurum
939 5317 1210 5389 praevidit.
1253 5320 1558 5390 Loquimur
1585 5317 1729 5384 dico,

110 5440 213 5481 non
242 5420 422 5477 solum
453 5428 578 5472 non
611 5409 940 5483 placentes,
973 5407 1071 5461 sed
1103 5423 1203 5462 nec
1224 5407 1386 5463 etiam
1415 5405 1544 5462 facti
1573 5407 1735 5479 quasi

104 5515 369 5589 placentes
432 5497 807 5563 hominibus,
849 5495 944 5551 sed
992 5503 1302 5566 quaerentes
1348 5496 1570 5566 placere
1601 5496 1730 5557 Deo,

102 5583 190 5682 qui
210 5600 415 5678 probat
447 5590 643 5651 corda
678 5587 905 5653 nostra,
928 5583 984 5641 id
1014 5592 1099 5639 est
1128 5584 1216 5640 cui
1238 5584 1403 5641 etiam
1435 5590 1623 5655 aperta
1653 5591 1738 5639 est

100 5703 266 5755 nostra
291 5688 596 5749 voluntas.

1834 4610 2062 4666 verbum
2091 4610 2191 4665 Dei
2216 4610 2386 4681 (quod
2430 4626 2625 4666 verum
2655 4610 2785 4681 est),
2840 4613 2937 4684 qui
2980 4611 3128 4667 Deus
3157 4616 3430 4683 operatur

1832 4700 1896 4754 in
1926 4698 2071 4753 vobis
2110 4698 2349 4770 quotidie
2378 4700 2474 4770 qui
2510 4698 2846 4754 credidistis.
2880 4700 2949 4753 Et
2993 4715 3123 4755 vere
3171 4708 3432 4771 cperatur

1832 4787 1889 4841 in
1907 4786 2083 4842 vobis.
2107 4787 2250 4841 Nam
2272 4802 2382 4851 vos,
2408 4788 2641 4857 fratres,
2665 4789 2811 4858 facti
2832 4789 2969 4843 estis
2985 4788 3307 4845 imitatores
3322 4790 3430 4846 Ec-

1833 4875 2141 4930 clesiarum
2170 4875 2289 4943 Dei,
2313 4891 2437 4947 quae
2462 4880 2601 4930 sunt
2632 4878 2696 4931 in
2738 4876 2966 4944 Judtea;
2995 4892 3117 4948 quae
3147 4885 3272 4932 sunt
3304 4877 3431 4934 dico

1833 4964 1898 5018 in
1932 4962 2153 5018 Christo
2182 4964 2334 5019 Jesu.
2380 4962 2692 5019 lmitatores
2714 4963 2769 5018 in
2798 4964 2923 5028 hoc,
2957 4966 3089 5037 quia
3113 4968 3269 5038 passi
3297 4968 3435 5023 estis

1834 5051 2029 5107 eadem
2060 5057 2117 5106 et
2147 5067 2240 5106 vos
2269 5068 2303 5106 a
2332 5053 2741 5108 contribulibus
2778 5054 2980 5109 vestris
3000 5093 3014 5121 ,
3064 5055 3216 5110 sicut
3244 5059 3300 5112 et
3324 5056 3433 5128 ipsi

1834 5139 1982 5211 passi
2012 5147 2137 5193 sunt
2166 5155 2201 5195 a
2229 5140 2461 5196 Iudaeis.
2486 5139 2593 5209 Qui
2621 5141 2793 5196 Judaei
2814 5156 2923 5196 non
2954 5141 3149 5197 mirum
3172 5143 3217 5197 si
3239 5159 3436 5214 perse-

1836 5244 1982 5300 quun
1991 5236 2077 5283 tur
2090 5242 2207 5294 eos,
2228 5230 2359 5300 quia
2380 5228 2709 5285 occiderunt
2723 5231 3025 5287 Dominum
3036 5231 3227 5287 Iesum
3248 5236 3306 5287 et
3315 5247 3440 5305 pro-

1832 5317 2057 5388 phetas.
2084 5317 2191 5372 Nos
2207 5317 2386 5371 etiam
2414 5318 2706 5388 persecuti
2728 5322 2885 5381 sunt,
2909 5318 2964 5371 in
2986 5334 3094 5390 quo
3108 5319 3297 5391 utique
3317 5336 3434 5377 non

1833 5406 2067 5475 placent
2097 5405 2225 5471 Deo,
2258 5404 2387 5461 licet
2415 5405 2800 5477 persequendo
2816 5420 2936 5474 nos,
2969 5406 3299 5463 arbitrentur
3330 5409 3437 5464 ob-

1836 5492 2081 5564 sequium
2114 5508 2174 5547 se
2202 5501 2465 5563 praestare
2496 5494 2630 5548 Deo.
2683 5492 2787 5563 Qui
2815 5494 2976 5549 etiam
3032 5496 3204 5551 Judaei
3237 5497 3437 5553 adver-

1835 5584 2046 5637 santur
2094 5581 2356 5637 omnibus
2384 5582 2723 5647 hominibus,
2755 5582 2811 5636 id
2841 5591 2925 5637 est
2957 5583 3170 5639 utilitati
3191 5584 3435 5639 omnium

1836 5668 2136 5736 hominum,
2166 5671 2526 5746 prohibentes
2546 5687 2649 5728 nos
2681 5672 2832 5745 loqui
2860 5671 3146 5744 gentibus,
3172 5675 3237 5727 ut
3266 5674 3437 5733 salva
