3932 6408
519 365 623 419 ιο3

1064 367 1120 422 S.
1161 363 1517 422 BRUNONIS
1556 362 2204 422 CARTHUSIANORUM
2241 361 2724 418 lNSTITUTORIS
2763 360 2914 417 OPP.
2974 362 3147 418 PARS
3192 361 3264 417 II.

3715 359 3822 416 404

525 492 692 562 ﬁant.
727 490 1084 546 Prohibentes
1113 490 1236 546 ideo
1270 495 1573 563 utsemper
1588 492 1867 563 impleant
1889 494 2119 562 peccata
2142 493 2196 550 Α
2229 511 2250 533 υ
2289 504 2410 540 mus
2441 496 2666 558 propter
2695 503 2794 542 vos
2821 497 2945 544 ante
3001 487 3293 543 Dominum
3340 487 3514 542 Deum
3554 492 3824 549 nostrum,

528 596 663 644 sua,
717 578 890 634 donec
942 579 1086 648 juste
1168 587 1222 634 et
1279 579 1607 634 sufﬁcienter
1663 579 1879 649 probati
1913 579 2036 644 sint,
2072 585 2126 631 et

532 666 948 737 293'impii
971 667 1039 721 ad
1062 667 1336 722 cumulum
1359 667 1721 722 damnationis
1742 667 1980 721 veniunt.
1998 666 2124 720 Ideo

533 754 612 810 sic
643 755 938 824 prohibent
967 756 1099 828 quia
1130 757 1240 821 ira,
1273 755 1326 809 id
1357 764 1440 810 est
1498 755 1808 820 exczecatio,
1844 755 1941 809 Dei
1971 755 2126 808 venit

527 858 696 914 super
755 843 885 899 illos
928 859 1102 914 usque
1134 845 1196 898 in
1253 845 1444 912 ﬁnem,
1479 844 1698 914 quando
1746 843 1891 897 Deus
1923 843 2129 898 auferet

530 930 780 986 velamen
806 931 874 985 de
907 931 1166 986 cordibus
1197 947 1386 986 eorum
1407 975 1419 996 ,
1454 939 1504 986 et
1537 939 1661 986 tunc
1694 930 1935 1001 reliquiae
1961 930 2127 984 salvae

527 1016 656 1073 ﬁent
688 1019 868 1089 (Rom.
903 1035 976 1085 lx,
1010 1020 1113 1075 27:
1147 1035 1225 1084 χι,
1261 1023 1338 1089 5).
1375 1019 1490 1087 Vel,
1525 1036 1695 1092 usque
1745 1020 1809 1073 in
1846 1019 2038 1087 ﬁnem,
2074 1017 2128 1072 id

533 1106 712 1162 estad
769 1115 1021 1175 mortem,
1075 1107 1289 1178 quando
1344 1108 1630 1162 tradentur
1670 1115 1935 1178 perpetuo
1991 1107 2125 1177 igni.

533 1195 602 1250 Et
629 1194 758 1266 quia
787 1210 885 1250 vos
918 1194 1111 1251 eadem
1142 1195 1290 1265 passi
1323 1196 1474 1260 estis,
1499 1195 1642 1259 ideo,
1667 1197 1902 1266 fratres,
1923 1211 2023 1250 nos
2037 1194 2132 1248 de-

537 1283 712 1339 solati
739 1300 774 1337 a
813 1282 978 1350 vobis,
1013 1297 1177 1338 causa
1208 1283 1351 1338 enim
1398 1282 1753 1338 desolationis
1799 1289 2000 1337 nostrae
2033 1299 2130 1337 ve-

539 1370 721 1426 niebat
750 1385 784 1425 a
813 1370 990 1439 nobis,
1027 1387 1137 1426 non
1181 1371 1303 1443 quia
1363 1371 1747 1442 plangeremus
1795 1385 2004 1436 casum,
2030 1370 2129 1425 sed

542 1458 667 1530 quia
681 1458 1008 1513 timebamus
1041 1477 1053 1513 :
1087 1458 1325 1514 desolati
1352 1458 1476 1514 dico
1499 1459 1571 1514 ad
1603 1463 1842 1532 tempus,
1874 1457 1929 1512 id
1961 1467 2044 1513 est
2067 1475 2132 1513 ex

543 1561 653 1618 quo
674 1546 1016 1603 Timotheum
1051 1546 1119 1601 ad
1157 1562 1254 1601 vos
1276 1546 1543 1612 misimus,
1568 1545 1744 1602 donec
1764 1562 1864 1616 per
1883 1547 2133 1603 eumdem

541 1634 902 1690 constantiam
931 1643 1171 1691 vestram
1192 1634 1535 1699 audivimus;
1569 1634 1662 1688 ubi
1683 1634 1757 1688 ait
1777 1635 1844 1688 ad
1885 1639 2130 1707 tempus,

539 1721 711 1777 innuit
741 1737 835 1778 eos
865 1738 976 1777 non
1008 1737 1270 1794 peccasse
1303 1738 1314 1776 :
1350 1723 1588 1779 desolati
1620 1722 1744 1778 dico
1774 1731 1983 1778 remoto
2014 1738 2131 1788 ore,

2231 599 2251 621 «
2290 583 2450 630 nocte
2480 591 2545 631 ac
2589 575 2678 630 die
2727 576 3084 630 abundantius
3134 583 3383 640 orantes,
3435 583 3492 629 ut
3541 574 3831 629 videamus

2231 688 2251 709 α
2291 662 2482 718 faciem
2534 673 2802 729 vestram,
2853 673 2905 720 et
2956 663 3326 735 compleamus
3366 678 3431 718 ea
3477 679 3595 734 qute
3626 663 3831 717 desunt

2230 775 2250 798 α
2293 751 2417 806 ﬁdei
2444 759 2638 807 vestra:
2659 753 2686 806 τ
2719 753 2842 822 Ipse
2873 762 3052 807 autem
3085 753 3232 807 Deus
3263 761 3314 806 et
3344 752 3502 806 Pater
3531 759 3738 814 noster,
3775 757 3831 803 et

2233 862 2253 885 α
2289 840 2554 894 Dominus
2581 842 2742 895 Jesus
2763 841 3009 896 Christus
3031 840 3130 912 [αι.
3156 839 3309 895 deest
3331 838 3598 910 Christus]
3622 838 3830 908 dirigat

2233 951 2253 974 «ι
2293 928 2433 982 viam
2462 937 2706 983 nostram
2737 929 2805 982 ad
2833 945 2950 984 vos.
3015 930 3124 984 Vos
3164 936 3342 983 autem
3375 927 3635 982 Dominus
3677 925 3830 980 mul-

2235 1040 2255 1062 u
2291 1017 2516 1087 tiplicet,
2551 1025 2604 1072 et
2635 1017 2916 1072 abundare
2947 1015 3109 1072 faciat
3157 1014 3475 1072 charitatem
3501 1021 3743 1070 vestram
3774 1014 3832 1068 in

2236 1128 2256 1150 α
2296 1105 2548 1174 invicem,
2584 1105 2721 1160 etin
2767 1121 2976 1170 omnes,
3037 1103 3492 1176 quemadmodum
3522 1111 3575 1157 et
3629 1117 3734 1156 nos
3771 1102 3831 1155 in

2237 1216 2257 1238 α
2293 1192 2446 1247 vobis
2477 1192 2543 1246 ad
2576 1192 2952 1248 confirmanda
2991 1193 3159 1248 corda
3189 1200 3374 1247 vestra
3419 1190 3536 1245 sine
3581 1189 3828 1261 querela,

2235 1304 2255 1326 «
2293 1280 2347 1334 in
2392 1281 2675 1336 sanctitate
2704 1288 2829 1336 ante
2878 1282 3052 1336 Deum
3103 1289 3154 1335 et
3215 1281 3432 1334 Patrem
3479 1285 3741 1347 nostrum,
3774 1278 3834 1330 in

2239 1391 2259 1413 ‹‹
2296 1368 2532 1423 adventu
2563 1369 2779 1424 Domini
2817 1369 2992 1424 nostri
3020 1369 3149 1424 Jesu
3182 1367 3380 1424 Christi
3423 1381 3547 1423 cum
3576 1366 3834 1422 omnibus

2240 1479 2260 1502 «
2297 1457 2498 1512 sanctis
2527 1457 2668 1526 ejus.
2708 1459 2901 1514 Amen.
2939 1480 2960 1507 υ

2868 1619 3176 1661 ΕΧΡΟΒΠἸΟ.

2304 1739 2530 1808 Pr0pter
2555 1738 2701 1810 quod
2733 1738 2864 1810 quia
2894 1738 3087 1794 eadem
3112 1737 3270 1808 passi
3299 1737 3454 1803 estis,
3488 1743 3541 1792 et
3568 1736 3698 1810 quia
3728 1753 3833 1792 nos

542 1810 599 1865 id
629 1818 711 1865 est
742 1825 993 1866 sermone
1031 1819 1218 1866 nostro
1267 1826 1299 1863 a
1338 1810 1512 1877 vobis,
1547 1819 1599 1865 et
1625 1815 1857 1882 aspectu
1877 1819 2085 1866 remoto
2119 1827 2130 1866 :

2250 1827 2481 1883 tesolati
2515 1842 2702 1881 sumus
2733 1843 2767 1882 a
2798 1826 2964 1893 vobis,
2998 1833 3052 1881 et
3077 1825 3205 1898 quia
3235 1841 3325 1882 vos
3371 1827 3505 1881 estis
3535 1825 3831 1897 gaudium,

542 1912 661 1953 non
685 1905 863 1953 tamen
893 1906 1104 1953 remoto
1163 1898 1328 1953 corde
1357 1898 1764 1964 abundantius,
1797 1914 1958 1970 quam
1985 1898 2136 1970 prius

543 1984 942 2052 festinavimus
962 1985 1146 2040 videre
1167 1985 1376 2055 faciem
1409 1990 1653 2040 vestram
1685 2002 1815 2040 cum
1835 1987 2016 2042 multo
2039 1987 2138 2041 de-

543 2073 770 2128 siderio.
799 2071 944 2128 Bene
966 2072 1089 2128 dico
1111 2089 1240 2128 cum
1260 2072 1550 2139 desiderio,
1575 2077 1841 2146 quoniam
1863 2076 2142 2130 voluimus

540 2161 738 2215 venire
784 2158 856 2216 ad
885 2176 998 2236 v05,
1038 2168 1088 2216 et
1118 2160 1172 2214 in
1228 2160 1347 2230 ipso
1380 2161 1572 2216 itinere
1598 2162 1712 2230 jam
1769 2177 2009 2217 eramus.
2033 2163 2142 2234 Ego

549 2247 775 2320 quidem
797 2249 1032 2315 Paulus,
1066 2247 1329 2321 quidquid
1359 2248 1452 2303 alii
1481 2249 1860 2319 formidarent,
1894 2255 1950 2306 et
1969 2253 2144 2307 semel

549 2339 608 2392 et
635 2336 848 2392 iterum
878 2336 1067 2392 venire
1098 2336 1280 2404 volui;
1315 2337 1410 2393 sed
1433 2339 1677 2394 Satanas
1707 2340 2000 2410 impedivit
2020 2355 2140 2394 nos.

548 2423 774 2479 Satanas
805 2422 951 2490 ideo,
983 2432 1069 2489 ut,
1105 2433 1316 2480 remota
1360 2426 1733 2482 consolatione
1763 2427 2028 2498 magistri,
2061 2427 2145 2482 fa-

549 2511 707 2568 cilius
727 2526 825 2567 vos
854 2521 1171 2583 pervertere
1198 2522 1401 2584 posset.
1435 2515 1582 2570 Deus
1623 2514 1748 2570 ideo
1782 2516 1886 2572 hoc
1915 2531 2148 2572 consen-

550 2598 638 2666 sit,
676 2606 734 2654 ut
765 2615 862 2655 vos
894 2600 962 2656 de
992 2601 1287 2656 tentatione
1319 2610 1576 2672 superata
1595 2603 1952 2676 gloriosiores
1973 2605 2144 2659 habe-

549 2694 672 2754 ret;
706 2687 830 2743 ideo
890 2688 1116 2743 Satanas
1164 2689 1465 2760 impedivit,
1518 2691 1641 2762 quia
1696 2707 1795 2748 vos
1850 2692 1980 2748 estis
2017 2709 2144 2764 spes

549 2783 758 2844 nostra,
793 2783 897 2832 etc.
924 2776 1022 2832 Vel
1044 2776 1115 2831 ita
1146 2791 1158 2830 :
1192 2777 1322 2833 Ideo
1362 2778 1550 2834 venire
1569 2779 1852 2849 voluimus,
1879 2780 2005 2853 quia
2027 2798 2148 2854 qua:

553 2869 638 2920 est
672 2868 870 2920 nostra
915 2881 1038 2937 spes
1069 2864 1324 2920 habenda
1379 2865 1436 2920 in
1479 2865 1682 2934 futuro,
1715 2871 1818 2924 aut
1879 2869 2024 2940 quod
2069 2878 2150 2925 est

553 2951 826 3024 gaudium
856 2960 984 3008 tunc
1012 2953 1207 3008 iterum
1237 2953 1369 3008 mihi
1390 2963 1658 3024 paratum,
1684 2960 1787 3012 aut
1810 2972 2016 3012 corona
2034 2958 2150 3030 glo-

553 3041 675 3107 rite,
707 3039 763 3094 id
807 3047 890 3095 est
943 3040 1200 3112 gaudium
1250 3040 1384 3096 illud
1411 3057 1521 3097 non
1579 3043 1683 3098 erit
1717 3045 2012 3112 mediocre,
2051 3046 2149 3101 sed

557 3141 764 3184 corona
794 3129 1010 3197 gloriae,
1072 3128 1127 3182 id
1155 3136 1259 3194 est,
1302 3143 1505 3186 corona
1534 3131 1776 3203 gloriosa
1807 3152 1825 3188 :
1851 3133 1975 3190 dico
2005 3135 2149 3206 quod

559 3222 645 3270 est
671 3216 942 3286 gaudium
973 3223 1026 3271 et
1082 3232 1290 3274 corona
1317 3233 1443 3274 mea
1465 3219 1492 3274 ‘I
1525 3218 1633 3274 Sed
1661 3237 1852 3277 nonne
1878 3239 1970 3278 vos
2012 3226 2148 3280 estis

557 3318 659 3374 per
686 3303 976 3374 puritatem
1005 3305 1130 3360 vita
1149 3305 1311 3376 positi
1341 3321 1484 3363 nunc
1511 3317 1637 3364 ante
1693 3310 1984 3365 Dominum
2015 3327 2148 3368 nos-

560 3397 701 3446 trum
725 3391 912 3447 Jesum
931 3393 960 3448 ?
990 3395 1141 3450 Estis
1171 3393 1295 3450 dico
1353 3411 1560 3453 corona
1587 3407 1896 3468 praeparata
1925 3399 2060 3455 mihi
2087 3401 2150 3456 in

560 3480 809 3537 adventu
838 3483 978 3553 ejus.
1005 3482 1147 3539 Vere
1183 3491 1309 3540 tunc
1337 3483 1488 3540 eritis
1516 3486 1778 3558 gaudium
1805 3487 1937 3543 mihi
1969 3497 2021 3544 et
2051 3504 2150 3544 co-

559 3583 712 3638 rona,
747 3569 873 3641 quia
906 3570 1066 3626 etiam
1091 3572 1219 3640 jam,
1253 3573 1346 3628 ubi
1377 3589 1540 3629 carne
1586 3591 1828 3646 pressus,
1861 3577 2041 3633 minus
2069 3578 2152 3633 in-

555 3656 764 3732 telligo,
812 3659 946 3715 estis
976 3676 1068 3716 vos
1098 3662 1279 3732 gloria
1299 3666 1496 3718 nostra
1525 3666 1580 3719 et
1611 3665 1898 3734 gaudium.

1237 3809 1460 3868 CAPUT
1489 3812 1581 3867 ΙΠ.

639 3963 662 3993 ι
696 3943 924 4012 Propter
953 3942 1101 4013 quod
1128 3957 1239 3998 non
1268 3944 1598 4001 sustinentes
1645 3947 1896 4018 ainplius,
1957 3949 2155 4020 placuit

569 4053 592 4078 ‹‹
625 4029 783 4085 nobis
813 4045 1102 4085 remanere
1131 4030 1378 4099 Athenis,
1411 4034 1543 4089 solis
1575 4034 1697 4106 [al.,
1733 4036 1936 4109 solos];
1970 4047 2023 4093 et
2053 4039 2154 4094 mi-

567 4140 590 4170 ι
627 4119 797 4173 simus
825 4117 1163 4174 Timotheum
1192 4119 1413 4175 fratrem
1472 4130 1740 4188 nostrum,
1771 4132 1823 4179 et
1851 4126 2154 4182 ministrum

567 4229 589 4254 ιι
626 4205 726 4261 Dei
756 4205 810 4259 in
838 4207 1193 4278 Evangelium
1229 4208 1448 4279 Christi,
1508 4210 1577 4265 ad
1626 4211 2026 4270 confirmandos
2055 4232 2154 4271 vos

565 4315 588 4346 ι
625 4302 678 4350 et
707 4293 1070 4350 exhortandos
1099 4311 1197 4365 pro
1229 4295 1334 4352 fide
1364 4306 1568 4365 vestra,
1602 4307 1662 4354 ut
1691 4317 1850 4356 nemo
1871 4311 2156 4359 moveatur

567 4404 588 4428 α
624 4381 680 4436 in
709 4381 1146 4438 tribulationibus
1205 4384 1344 4438 istis.
1377 4386 1486 4456 Ipsi
1531 4387 1675 4442 enim
1731 4390 1878 4444 scitis
1925 4392 2071 4462 quod
2099 4392 2154 4446 in

566 4490 588 4521 ι
623 4471 729 4525 hoc
757 4469 920 4540 positi
950 4486 1156 4527 sumus.
1191 4473 1333 4528 Nam
1355 4482 1408 4528 et
1435 4490 1559 4530 cum
1588 4477 1733 4546 apud
1763 4492 1861 4533 vos
1883 4494 2150 4548 essemus,

2241 1919 2297 1970 et
2326 1930 2532 1970 corona
2548 1922 2754 1979 nostra,
2786 1917 3020 1986 prapter
3053 1914 3157 1969 hoc
3186 1930 3302 1970 non
3329 1915 3679 1970 sustinentes
3710 1930 3835 1968 am-

2240 2003 2416 2074 plius,
2451 2002 2779 2057 sustinentes
2809 2003 2934 2057 ideo
2973 2001 3050 2057 ait
3088 2002 3232 2073 quia,
3267 2002 3444 2059 donec
3495 2017 3594 2072 per
3644 2001 3836 2056 Timo-

2242 2091 2427 2145 theum
2460 2090 2704 2147 294
2735 2089 3046 2146 consolatus
3086 2106 3182 2146 eos
3218 2097 3321 2156 est,
3355 2098 3409 2144 et
3447 2105 3547 2162 per
3583 2089 3838 2145 eumdem

2244 2179 2518 2251 quomodo
2549 2178 2603 2232 in
2632 2177 2738 2234 fide
2759 2186 2963 2234 starent
2983 2178 3210 2250 accepit,
3239 2177 3395 2250 quasi
3424 2192 3591 2248 grave
3619 2178 3836 2249 pondus

2243 2266 2438 2321 timens
2470 2282 2659 2322 casum
2688 2281 2875 2322 eorum
2900 2266 3168 2321 sustinuit.
3209 2267 3332 2322 Non
3363 2265 3692 2322 sustinentes
3721 2282 3837 2319 am-

2244 2355 2406 2426 plius,
2436 2356 2659 2426 placuit
2716 2355 2874 2411 nobis
2901 2397 2914 2421 ,
2953 2355 3084 2410 mihi
3133 2361 3189 2410 et
3239 2354 3459 2426 Silvano
3487 2397 3500 2421 ,
3549 2370 3851 2411 remanere

2246 2443 2502 2508 Athenis,
2523 2444 2678 2507 solis,
2711 2442 2766 2496 id
2786 2451 2869 2498 est
2892 2442 2966 2497 ita
2986 2450 3043 2497 ut
3065 2441 3169 2498 soli
3212 2458 3460 2498 essemus
3479 2459 3508 2496 a
3530 2442 3723 2498 solatio
3744 2442 3843 2497 Ti-

2247 2531 2454 2586 mothei
2485 2531 2576 2602 qui
2608 2531 2958 2586 necessarius
2987 2539 3106 2586 erat
3133 2531 3312 2586 nobis.
3346 2531 3446 2587 Hic
3475 2529 3745 2604 significat
3773 2531 3846 2586 ab

2247 2619 2472 2675 Athenis
2522 2620 2661 2675 hanc
2699 2635 2758 2674 se
2798 2618 3060 2675 direxisse
3093 2618 3416 2690 Epistolam.
3461 2619 3845 2675 Remansimus

2247 2708 2495 2774 Athenis,
2519 2712 2573 2764 et
2599 2709 2858 2765 misimus
2899 2709 3249 2766 Timotheum
3281 2711 3524 2779 fratrem
3553 2712 3841 2774 nostrum,

2249 2799 2648 2854 etministrum
2672 2798 2770 2853 Dei
2792 2799 2855 2852 in
2875 2797 3236 2870 Evangelium
3253 2796 3482 2854 Christi.
3503 2797 3842 2853 Commendo

2249 2900 2372 2940 eum
2410 2885 2584 2950 vobis,
2623 2885 2803 2956 ipsum
2833 2885 3034 2941 audite.
3057 2886 3328 2952 Misimus,
3351 2884 3592 2956 inquam,
3617 2886 3689 2940 ad
3709 2902 3846 2941 con-

2248 2973 2558 3043 ﬁrmandos
2572 2989 2683 3041 vos,
2714 2981 2772 3028 ut
2799 2973 2856 3028 in
2894 2973 3085 3029 melius
3106 2972 3466 3044 proficeretis.
3497 2971 3845 3029 Conﬁrman-

2249 3062 2350 3117 dos
2381 3066 2437 3118 et
2467 3062 2853 3119 exhortandos
2875 3061 2997 3118 dico
3017 3079 3120 3135 pro
3133 3062 3242 3132 ﬁde
3260 3067 3444 3118 vestra
3460 3062 3844 3132 custodienda,

2252 3167 2321 3205 ne
2353 3158 2492 3206 erret
2511 3151 2597 3206 vel
2613 3149 2847 3206 deficiat.
2874 3150 3295 3219 Conﬁrmandos
3315 3150 3439 3207 dico
3460 3155 3526 3206 ut
3545 3167 3708 3207 nemo
3731 3167 3849 3207 ves-

2253 3243 2408 3294 trum
2436 3242 2729 3295 moveatur
2767 3239 2829 3292 in
2871 3239 3328 3295 tribulationibus
3349 3239 3490 3304 istis,
3517 3253 3655 3309 quas
3671 3247 3724 3293 et
3747 3255 3847 3294 vos

2250 3326 2496 3398 patimini
2515 3335 2567 3382 et
2592 3341 2692 3382 nos
2711 3325 2967 3398 patimur.
2992 3327 3095 3384 Ubi
3112 3327 3212 3382 ait:
3235 3329 3402 3384 Nemo
3427 3331 3735 3393 moveatur,
3756 3327 3847 3382 in-

2251 3415 2365 3470 nuit
2409 3431 2504 3471 eos
2533 3416 2774 3470 nondum
2825 3423 3019 3482 motos,
3053 3423 3106 3470 et
3147 3432 3206 3471 se
3237 3416 3380 3471 nolle
3411 3415 3602 3471 saltem
3623 3432 3797 3470 unum
3818 3433 3849 3470 a

2252 3502 2358 3558 fide
2375 3503 2604 3558 moveri.
2626 3503 2742 3560 Nec
2765 3503 2974 3559 debetis
2987 3503 3202 3560 moveri
3229 3522 3242 3570 ;
3266 3505 3377 3576 ipsi
3395 3507 3548 3560 enim
3574 3504 3712 3560 bene
3731 3506 3852 3562 sci-

2255 3595 2329 3648 tis
2361 3592 2504 3664 quod
2535 3607 2635 3648 nos
2658 3601 2710 3647 et
2740 3607 2838 3648 vos
2862 3593 3036 3665 positi
3067 3608 3263 3648 sumus
3293 3595 3358 3649 in
3381 3593 3480 3650 hoc
3509 3601 3567 3648 ut
3610 3593 3855 3650 adversa.

2254 3680 2544 3752 patiamur.
2571 3680 2731 3736 Scitis
2761 3680 2966 3752 utique.
2991 3681 3132 3737 Nam
3145 3697 3274 3737 cum
3293 3681 3443 3753 apud
3463 3699 3552 3739 vos
3573 3698 3849 3749 essemus,

2252 3769 2697 3840 prazdicabamus
2719 3770 2864 3825 vobis
2882 3785 2982 3825 nos
3002 3785 3120 3824 esse
3140 3785 3399 3841 passuros
3424 3770 3762 3826 tribulatio'n
3771 3788 3849 3837 es,

2255 3857 2404 3912 sicut
2427 3857 2614 3928 utique
2643 3873 2744 3927 pro
2774 3857 2918 3912 dicto
2938 3872 3062 3912 meo
3091 3859 3309 3928 factum
3341 3861 3445 3923 est,
3477 3863 3533 3914 et
3576 3872 3676 3913 v05
3706 3857 3855 3914 bene

2256 3945 2414 4001 scitis
2471 3961 2594 4000 esse
2633 3943 2856 4001 factum.
2899 3947 3233 4018 Propterea,
3266 3945 3321 4000 id
3352 3953 3434 4000 est
3473 3945 3617 4017 quia,
3649 3961 3853 4016 passus

2257 4049 2375 4087 sum
2406 4033 2797 4097 tribulationes,
2832 4049 2900 4088 ne
2931 4033 3204 4088 tribulatio
3233 4033 3477 4105 magistri
3508 4048 3671 4089 causa
3700 4044 3853 4090 esset

2256 4120 2501 4176 defectus
2530 4121 2716 4188 vestri,
2739 4137 2831 4193 ego
2862 4139 2976 4178 non
2997 4123 3242 4195 amplius
3272 4124 3579 4180 sustinens.
3612 4124 3729 4178 nisi
3781 4125 3853 4179 ad

2255 4211 2698 4281 cognoscendum
2720 4211 2888 4279 ﬁdem
2917 4215 3180 4278 vestram,
3211 4219 3269 4266 ut
3289 4227 3386 4282 per
3414 4211 3652 4282 legatum
3685 4210 3856 4267 fidem

2257 4306 2494 4353 vestram
2517 4313 2927 4370 cognoscerem.
2950 4299 3066 4354 Nisi
3087 4299 3232 4365 ideo,
3255 4316 3326 4356 ne
3354 4302 3503 4370 forte
3535 4303 3855 4356 tentaverit

2255 4403 2347 4443 vos
2369 4387 2416 4440 is
2445 4388 2541 4458 qui
2573 4391 2777 4453 tentat,
2811 4387 2867 4442 id
2896 4395 2997 4453 est,
3017 4388 3172 4456 cujus
3205 4387 3442 4443 ofﬁcium
3475 4396 3556 4443 cst
3596 4396 3811 4443 tentare
3837 4405 3848 4443 :

2258 4479 2404 4529 etne
2435 4475 2512 4529 sic
2547 4475 2702 4530 labor
2730 4481 2924 4532 noster
2950 4477 3053 4544 ﬁat
3075 4478 3270 4532 inanis
3294 4476 3469 4544 vobis,
3497 4477 3855 4532 succumben-

566 4581 587 4605 α
623 4558 1053 4629 ριιωάὶοθδωῃυε
1092 4560 1250 4615 vobis
1305 4577 1564 4632 passuros
1604 4580 1704 4620 nos
1752 4565 2150 4636 tribulationes,
2177 4549 2228 4608 D
2259 4563 2401 4616 tibus
2422 4563 2721 4618 tentationi.
2744 4563 2888 4620 Olim
2915 4565 3039 4619 misi
3072 4583 3085 4619 :
3117 4582 3272 4621 nunc
3295 4570 3489 4620 autem
3516 4565 3852 4622 Timotheoa

565 4666 586 4692 ι
623 4645 762 4702 sicut
789 4654 842 4701 et
887 4647 1088 4702 factum
1131 4655 1214 4704 est
1253 4656 1306 4703 et
1365 4651 1535 4706 scitis.
1597 4652 1888 4723 Propterea
1943 4663 1996 4709 et
2051 4671 2158 4726 ego

569 4733 856 4804 «amplius
893 4750 1003 4789 non
1063 4737 1364 4803 sustinens,
1416 4738 1539 4793 misi
1589 4741 1658 4794 ad
1718 4745 2158 4814 cognoscendam

569 4843 591 4869 ι
628 4819 792 4877 fidem
829 4830 1099 4892 vestram,
1163 4840 1232 4879 ne
1299 4824 1438 4882 forte
1493 4829 1781 4884 tentaverit
1827 4846 1924 4886 vos
1970 4831 2020 4886 is
2065 4833 2158 4904 qui

570 4929 593 4960 ι
629 4915 820 4975 tentat,
852 4917 907 4964 et
962 4908 1142 4965 inanis
1200 4911 1288 4966 ﬁat
1342 4913 1502 4970 labor
1546 4925 1749 4972 noster.
1781 4919 1938 4974 Nunc
1977 4929 2158 4976 autem

573 5018 594 5042 ε
633 4996 885 5051 veniente
914 4997 1198 5054 Timotheo
1223 4999 1292 5056 ad
1321 5017 1421 5057 nos
1451 5017 1484 5057 a
1513 5004 1688 5070 vobis,
1723 5013 1777 5060 et
1805 5010 2160 5065 annuntiante

573 5103 596 5133 ι
629 5083 788 5138 nobis
818 5083 978 5140 fidem
1009 5093 1060 5141 et
1104 5087 1424 5145 charitatem
1481 5100 1746 5160 vestram,
1781 5103 1834 5149 et
1883 5095 2008 5166 quia
2036 5113 2158 5153 me-

571 5193 593 5217 α
631 5170 859 5226 moriam
915 5174 1087 5228 nostri
1145 5176 1358 5231 habetis
1397 5179 1598 5234 bonam
1655 5197 1892 5252 semper,
1933 5185 2157 5241 deside-

571 5279 594 5308 α
633 5265 817 5314 rantes
863 5275 966 5316 nos
1024 5261 1242 5329 videre,
1285 5265 1426 5321 sicut
1463 5282 1563 5321 nos
1623 5284 1837 5340 quoque
1867 5287 2000 5338 vos;
2035 5273 2159 5330 ideo

577 5367 601 5395 ι
636 5347 897 5402 consolati
929 5365 1137 5417 sumus,
1174 5351 1392 5418 fratres,
1424 5354 1480 5407 in
1514 5355 1668 5409 vobis
1693 5356 1748 5410 in
1774 5359 1921 5413 omni
1959 5376 2158 5417 neces-

573 5457 593 5482 u
632 5433 790 5490 sitate
820 5443 871 5490 et
901 5437 1241 5494 tribulatione
1285 5450 1471 5496 nostra
1526 5459 1628 5512 per
1673 5444 1835 5500 tidem
1895 5457 2154 5516 vestram,

573 5544 595 5567 ιι
632 5522 886 5592 quoniam
915 5541 1057 5581 nunc
1114 5527 1362 5593 vivimus,
1399 5531 1445 5583 si
1485 5545 1584 5585 vos
1639 5532 1792 5588 statis
1818 5533 1873 5588 in
1903 5537 2155 5593 Domino.

573 5631 594 5656 «
631 5608 808 5678 Quam
864 5612 1009 5667 enim
1067 5616 1367 5685 gratiarum
1398 5617 1664 5674 actionem
1712 5623 1987 5691 possimus
2043 5627 2159 5681 Deo

573 5721 592 5744 α
631 5699 932 5757 retribuere
970 5717 1069 5773 pro
1120 5703 1276 5759 vobis
1311 5703 1368 5760 in
1395 5706 1542 5762 omni
1571 5708 1774 5780 gaudio
1809 5728 1916 5784 quo
1945 5714 2158 5787 gaude-

2257 4651 2408 4706 vobis
2426 4654 2682 4707 veniente
2715 4653 2786 4708 ad
2815 4668 2936 4719 nos,
2985 4656 3040 4708 et
3081 4668 3146 4708 eo
3176 4655 3572 4709 annuntiante
3603 4653 3763 4710 nobis
3786 4655 3851 4723 ﬁ—

2259 4739 2386 4794 dem
2416 4755 2579 4811 quam
2610 4740 2836 4796 ﬁrmiter
2859 4741 3074 4805 tenetis,
3107 4745 3163 4796 et
3194 4743 3541 4798 charitatem
3580 4747 3847 4807 vestram,

2260 4844 2362 4899 qua
2383 4844 2576 4884 omnes
2611 4845 2712 4884 nos
2735 4829 2966 4902 diligere
2994 4829 3238 4900 probatis
3261 4846 3274 4885 :
3295 4831 3649 4886 annuntiante
3689 4831 3854 4886 etiam

2258 4917 2410 4988 quia,
2441 4916 2496 4971 id
2515 4925 2597 4972 est
2627 4917 2793 4988 quod,
2819 4919 3032 4974 habetis
3061 4918 3396 4974 memoriam
3418 4920 3599 4974 nostri
3621 4919 3850 4985 bonam,

2259 5004 2398 5059 sicut
2425 5005 2632 5060 debetis
2667 5023 2681 5061 :
2708 5006 3094 5062 desiderantes
3114 5023 3332 5077 semper
3351 5008 3533 5062 videre
3550 5023 3672 5072 nos,
3697 5011 3852 5064 sicut

2256 5109 2358 5149 nos
2377 5110 2608 5165 quoque,
2636 5094 3014 5150 desideramus
3036 5095 3219 5151 videre
3241 5112 3330 5152 vos
3354 5115 3372 5150 :
3393 5095 3486 5150 illo
3514 5097 3616 5151 hoc
3638 5111 3853 5152 annun-

2259 5181 2442 5247 tiante,
2475 5183 2755 5239 consolati
2797 5199 3012 5249 sumus,
3046 5186 3278 5255 fratres,
3305 5185 3366 5238 in
3398 5185 3573 5240 vobis.
3616 5185 3764 5251 Ideo,
3796 5185 3849 5238 id

2258 5281 2340 5326 est
2369 5287 2466 5342 pro
2523 5288 2588 5326 eo
2646 5273 2789 5342 quod
2843 5271 2922 5327 sic
2970 5272 3322 5327 annuntiante
3353 5273 3420 5327 de
3451 5272 3624 5339 vobis,
3659 5282 3712 5326 et
3745 5290 3851 5328 non

2259 5369 2479 5431 propter
2508 5360 2690 5425 aliud;
2727 5368 2913 5431 posset
2943 5359 3082 5414 enim
3141 5361 3245 5415 hoc
3300 5359 3404 5431 ipsi
3434 5361 3767 5427 annuntiari,
3803 5369 3852 5415 et

2259 5465 2358 5518 pro
2406 5449 2514 5504 alio
2556 5448 2876 5505 consolari:
2912 5448 3177 5503 consolati
3229 5465 3418 5502 sumus
3463 5449 3516 5502 in
3567 5449 3723 5503 vobis
3755 5466 3851 5522 per

2259 5537 2446 5606 ﬁdem,
2481 5537 2536 5591 id
2568 5546 2648 5591 est
2689 5544 2914 5607 propter
2960 5536 3121 5591 fidem
3155 5542 3400 5592 vestram
3437 5536 3666 5592 ﬁrmiter
3697 5548 3850 5592 stan-

2259 5633 2389 5681 tem.
2425 5625 2552 5693 Vel,
2586 5641 2683 5696 per
2730 5624 2891 5680 ﬁdem
2945 5633 3183 5679 vestram
3219 5627 3346 5694 juro
3393 5641 3481 5680 me
3512 5626 3850 5680 consolatum

2259 5730 2401 5781 esse,
2436 5728 2598 5786 quam
2628 5713 2863 5786 diligens
2909 5729 3019 5770 non
3064 5714 3388 5784 pejerarem.
3423 5714 3702 5771 Consolati
3734 5715 3850 5771 dico
