3932 6434
198 313 311 369 405

821 318 1196 376 EXPOSITIO
1235 321 1308 376 IN
1344 319 1727 378 EPISTOLAS
1765 321 1991 379 PAULI.
2023 352 2092 362 —
2159 322 2229 377 IN
2259 321 2476 378 EPIST.
2521 325 2542 378 Ι
2580 324 2675 380 AD
2709 324 2952 380 THESS.

3457 324 3560 379 ιοε

208 439 275 493 In
309 442 475 496 omni
527 446 901 513 necessitate,
951 445 1007 500 id
1055 454 1135 500 est
1181 445 1407 516 penuria
1443 461 1454 498 :
1491 453 1544 500 et
1591 445 1647 500 in
1696 446 1919 508 omniA
1954 471 1974 493 ιι
2017 445 2235 516 placere
2265 447 2400 513 Deo,
2427 447 2505 504 sic
2533 455 2585 503 et
2617 448 2906 504 ambuletis
2955 455 3012 502 ut
3042 447 3328 504 abundetis
3357 446 3558 519 magis.

216 531 606 588 tribulatione
630 538 854 597 nostra,
888 549 1046 606 quam
1085 550 1115 588 a
1146 534 1590 604 persecutoribus
1621 536 1801 606 patior
1834 554 1848 590 :

217 618 347 689 quia
366 635 470 675 nec
501 620 677 675 etiam
709 621 925 678 afﬂictio
970 639 1088 677 mea
1120 631 1296 693 potest
1349 623 1608 695 gaudium
1640 633 1851 694 pertur-

226 708 362 763 bare
393 710 541 780 quod
575 710 761 766 habeo
792 711 860 766 de
886 719 1069 767 vestra
1115 710 1387 767 firmitate.
1438 712 1565 767 Ideo
1596 713 1720 768 dico
1749 730 1850 768 nos

229 798 546 853 consolatos
581 816 593 852 :
629 801 900 871 quoniam
919 816 1075 855 nunc
1108 800 1269 854 etiam
1299 801 1353 854 in
1401 800 1744 856 tribulatione
1798 811 1850 858 et

228 886 458 957 penuria
491 889 752 956 vivimus,
783 889 836 942 id
867 896 948 943 est
979 888 1032 942 in
1064 889 1265 959 gaudio
1295 905 1395 943 nos
1445 889 1630 944 vivere
1661 890 1847 944 credi-

229 991 358 1030 mus
390 990 402 1028 :
433 977 482 1031 si
516 993 605 1031 vos
635 978 808 1031 statis
838 978 898 1031 in
929 978 1162 1032 Domino
1185 1020 1197 1042 ,
1233 976 1380 1048 quod
1425 977 1610 1048 utique
1660 994 1846 1034 verum

227 1073 337 1129 est,
369 1064 494 1136 quia
524 1065 700 1120 statis.
735 1065 872 1120 Illud
903 1067 949 1120 si
980 1066 1394 1136 approbativum
1427 1074 1526 1120 est.

310 1152 500 1206 Merito
524 1153 648 1208 ideo
669 1152 901 1208 vivimus
934 1169 946 1207 :
981 1155 1104 1225 quia
1126 1172 1293 1227 quam
1315 1156 1599 1210 actionem
1621 1157 1845 1224 gratia-

230 1258 369 1296 rum
407 1258 704 1312 possumus
737 1243 1048 1298 retribuere
1079 1245 1187 1298 Deo
1214 1260 1316 1314 pro
1356 1245 1500 1300 vobis
1531 1245 1626 1300 :in
1657 1244 1761 1302 fide
1793 1257 1845 1302 et

228 1329 500 1384 charitate
569 1331 934 1386 manentibus.
999 1333 1300 1387 Possumus
1347 1332 1468 1388 dico
1533 1349 1633 1388 nos
1681 1336 1844 1405 positi

229 1419 297 1471 in
322 1419 477 1472 omni
494 1419 717 1489 gaudio,
733 1419 1155 1490 quagaudemus
1173 1425 1405 1492 propter
1421 1438 1531 1488 vos,
1549 1423 1842 1479 existentes

230 1511 379 1561 ante
411 1507 590 1562 Deum
637 1512 918 1562 nostrum.
967 1509 1079 1574 Vel,
1130 1509 1434 1580 gaudemus
1482 1519 1606 1566 ante
1667 1513 1841 1568 Deum

227 1602 482 1648 nostrum
549 1603 775 1666 prOpter
822 1611 963 1651 vos:
1017 1597 1193 1667 placet
1251 1597 1394 1652 enim
1442 1598 1496 1652 in
1545 1609 1840 1671 conspectu

223 1683 371 1748 Dei,
415 1684 561 1754 quod
610 1685 812 1739 oblitus
875 1701 1010 1740 meae
1068 1685 1449 1753 tribulationis,
1520 1691 1840 1760 congaudeo

1957 557 1977 583 α
2014 534 2173 590 Scitis
2206 535 2348 590 enim
2389 553 2510 608 qua:
2538 546 2812 608 praacepta
2862 537 3109 593 dederim
3141 537 3297 592 vobis
3326 553 3424 608 per
3451 537 3562 591 Do-

1954 646 1974 669 α
2014 623 2217 677 minum
2248 624 2455 678 Jesum.
2499 627 2627 680 Haec
2658 634 2739 680 est
2792 625 2934 680 enim
2983 625 3231 679 voluntas
3277 625 3376 680 Dei
3425 639 3559 678 san-

1953 735 1973 757 «
2012 710 2268 767 ctiticatio
2301 722 2487 768 vestra
2519 715 2701 780 (Rom.
2744 729 2842 779 xu,
2874 718 2947 780 2;
2997 715 3195 786 Ephes.
3243 729 3320 778 vt,
3357 716 3466 782 1⁸7),
3500 719 3558 767 ut

1955 823 1974 845 «
2012 799 2332 855 abstineatis
2363 816 2460 856 vos
2491 817 2523 855 a
2555 800 2932 869 fornicatione,
2956 810 3008 856 ut
3036 800 3560 873 sciatunusquisque

1953 908 1974 937 ι
2011 895 2254 943 vestrum
2285 904 2384 944 vas
2415 905 2573 943 suum
2621 889 2908 960 possidere
2939 889 2993 944 in
3044 888 3471 945 sanctificatione
3503 896 3558 945 et

1951 1000 1973 1022 α
2011 977 2236 1044 honore,
2271 993 2380 1032 non
2410 977 2464 1031 in
2493 977 2747 1049 passione
2779 978 3058 1043 desiderii,
3111 979 3250 1034 sicut
3280 986 3333 1032 et
3361 986 3556 1050 gentes

1951 1085 1973 1114 ι
2009 1081 2130 1136 qua:
2161 1065 2416 1137 ignorant
2459 1066 2653 1120 Deum.
2688 1067 2757 1121 Et
2804 1083 2872 1122 ne
2914 1067 3035 1138 quis
3083 1066 3551 1139 supergrediatur,

1948 1176 1968 1199 «ι
2007 1169 2184 1224 neque
2232 1153 2624 1209 circumveniat
2689 1155 2744 1210 in
2796 1155 3018 1227 negotio
3089 1154 3314 1210 fratrem
3373 1171 3552 1221 suum,

1949 1263 1970 1286 α
2009 1241 2264 1311 quoniam
2323 1243 2517 1297 vindex
2577 1251 2659 1297 est
2716 1243 2979 1298 Dominus
3010 1243 3078 1298 de
3127 1243 3212 1297 his
3279 1243 3552 1308 omnibus,

1947 1350 1969 1379 α
2007 1329 2142 1384 sicut
2174 1329 2529 1400 praediximus
2560 1330 2736 1397 vobis,
2771 1339 2825 1385 et
2872 1330 3139 1386 testificati
3187 1347 3394 1385 sumus.
3429 1331 3551 1386 Non

1947 1438 1969 1468 ι
2005 1418 2146 1472 enim
2181 1419 2395 1474 vocavit
2438 1435 2539 1473 nos
2596 1421 2743 1474 Deus
2802 1420 2856 1474 in
2905 1419 3318 1484 immunditiam,
3373 1419 3470 1474 sed
3500 1419 3554 1474 in

1946 1529 1967 1552 σι
2005 1505 2510 1562 sanctificationem.
2596 1509 2780 1580 Itaque
2859 1509 2950 1579 qui
3005 1510 3123 1564 haec
3161 1507 3388 1580 spernit,
3442 1522 3554 1564 non

1946 1616 1966 1644 ι
1999 1595 2276 1650 hominem
2308 1596 2534 1666 spernit,
2571 1595 2668 1651 sed
2702 1598 2897 1660 Deum,
2932 1596 3022 1668 qui
3052 1596 3212 1651 etiam
3246 1596 3398 1651 dedit
3429 1595 3550 1666 Spi-

1944 1706 1965 1729 ιι
2001 1683 2160 1737 ritum
2193 1700 2347 1738 suum
2401 1692 2644 1740 sanctum
2690 1685 2744 1738 in
2789 1685 2969 1740 nobis.
3017 1686 3099 1741 De
3141 1685 3398 1740 charitate
3447 1699 3550 1739 au-

223 1770 390 1825 bonis
423 1772 639 1827 vestris.
673 1771 996 1829 Retribuere
1035 1774 1158 1829 ideo
1201 1774 1350 1840 dicit,
1387 1776 1512 1846 quia
1543 1777 1685 1832 bona
1718 1795 1838 1849 qua
1858 1804 1911 1864 Β
1945 1795 1966 1819 κ
2003 1779 2112 1826 tem
2144 1771 2494 1827 fraternitatis
2542 1789 2651 1826 non
2702 1789 2932 1829 necesse
2979 1773 3266 1828 habuimus
3309 1773 3551 1829 scribere

223 1860 380 1914 Deus
404 1861 590 1916 tribuit
617 1862 883 1918 Ecclesiis
917 1863 1086 1928 Pauli,
1133 1864 1332 1919 Paulus
1363 1875 1687 1922 annumerat
1719 1868 1838 1923 col—

222 1948 338 2002 lata
370 1966 494 2004 esse
527 1951 649 2004 sibi.
687 1950 1002 2005 Gaudemus
1033 1967 1142 2006 non
1185 1953 1359 2007 solum
1403 1956 1608 2026 gratias
1651 1972 1838 2029 agen-

225 2045 316 2090 tes
347 2054 364 2092 :
399 2039 497 2092 sed
531 2039 698 2093 etiam
728 2044 958 2095 orantes
996 2045 1160 2096 nocte
1189 2046 1246 2096 et
1292 2043 1381 2098 die
1429 2045 1834 2115 abundantius,

221 2141 399 2196 quam
464 2127 619 2198 prius
680 2128 918 2182 nondum
987 2129 1172 2184 audita
1233 2131 1564 2200 perfectione
1614 2141 1838 2188 vestra:

218 2223 452 2271 orantes
483 2217 606 2283 hoc,
645 2221 712 2272 ut
747 2216 1034 2272 videamus
1059 2221 1267 2288 faciem
1289 2225 1535 2276 vestram
1566 2241 1584 2277 :
1605 2225 1661 2277 et
1690 2239 1838 2292 prte-

217 2312 416 2358 sentes
445 2319 511 2358 ea
541 2307 922 2377 eompleamus
950 2305 1004 2360 in
1033 2307 1189 2361 vobis
1247 2325 1368 2380 qua:
1405 2311 1587 2366 adhuc
1635 2311 1840 2367 desunt

215 2391 362 2458 ﬁdei
398 2399 617 2448 vestrae.
647 2392 848 2447 Paulus
868 2410 990 2448 cum
1012 2395 1248 2465 primum
1271 2397 1486 2451 tradidit
1515 2398 1620 2452 illis
1652 2397 1836 2466 fidem,

217 2480 355 2550 quia
387 2481 566 2536 adhuc
598 2481 875 2552 simplices
923 2491 1096 2550 erant,
1131 2500 1238 2539 non
1287 2484 1615 2541 sufﬁcientes
1645 2502 1839 2558 capere

215 2569 487 2640 mysteria
534 2569 653 2634 Dei,
709 2571 1010 2626 secundum
1067 2587 1132 2627 ea
1181 2589 1302 2644 quae
1350 2573 1476 2629 fidei
1523 2578 1838 2631 necessaria

211 2665 405 2725 erant,
439 2674 534 2712 eos
578 2658 820 2713 initiavit
852 2676 864 2712 :
900 2659 997 2714 sed
1047 2660 1170 2732 quia
1218 2663 1381 2717 modo
1430 2663 1658 2733 perfecti
1687 2673 1833 2732 sunt,

214 2747 270 2800 si
317 2747 487 2802 modo
547 2755 691 2801 esset
744 2749 889 2818 apud
943 2765 1058 2814 eos,
1119 2750 1356 2820 aperiret
1431 2752 1737 2824 Scripturas
1786 2763 1839 2808 et

212 2835 488 2906 mysteria
532 2835 677 2891 Dei:
732 2852 852 2906 qua:
903 2836 1040 2892 sicut
1096 2837 1250 2908 prius
1320 2839 1597 2910 superflua
1654 2849 1838 2896 essent

213 2941 418 2980 eorum
448 2923 798 2994 simplicitati,
847 2925 924 2979 sic
982 2926 1146 2981 modo
1188 2927 1414 2982 deerant
1460 2944 1648 2983 eorum
1705 2948 1835 3002 per-

215 3012 473 3068 fectioni.
507 3011 740 3067 Oramus
778 3012 962 3068 videre
1012 3013 1206 3069 faciem
1247 3023 1484 3070 vestram
1520 3033 1532 3072 :
1565 3018 1683 3090 ipse
1733 3036 1835 3075 au-

213 3106 340 3158 tem
365 3102 508 3156 Deus
532 3105 586 3157 et
609 3105 780 3173 pater
795 3107 1004 3169 noster,
1036 3108 1094 3158 et
1121 3105 1390 3159 Dominus
1416 3106 1672 3161 Christus
1695 3107 1835 3163 diri-

1945 1883 1967 1911 «
2003 1861 2178 1915 vobis.
2220 1861 2327 1931 Ipsi
2371 1861 2516 1915 enim
2562 1877 2660 1916 vos
2691 1863 2858 1916 aDeo
2896 1861 3163 1916 didicistis
3196 1870 3253 1916 ut
3310 1861 3551 1931 diligatis

1945 1970 1966 1997 ι
2004 1948 2238 2004 invicem
2272 1950 2455 2017 (Joan.
2507 1965 2630 2015 xm,
2680 1952 2791 2019 34).
2843 1950 3060 2005 Etenim
3112 1950 3244 2005 illud
3286 1949 3463 2004 facitis
3495 1949 3551 2004 in

1945 2059 1967 2089 ι
2003 2053 2197 2092 omnes
2230 2036 2444 2106 fratres,
2500 2037 2553 2091 in
2585 2038 2841 2093 universa
2889 2038 3227 2093 Macedonia.
3274 2039 3550 2110 Rogamus

1943 2149 1966 2174 α
2002 2133 2180 2181 autem
2212 2141 2327 2190 vos,
2386 2125 2596 2191 fratres,
2648 2135 2703 2181 ut
2747 2127 3036 2181 abundetis
3080 2126 3276 2199 magis,
3313 2135 3362 2180 et
3409 2141 3549 2196 ope-

1945 2236 1966 2266 ι
2002 2231 2118 2268 ram
2168 2214 2307 2269 detis
2355 2222 2411 2268 ut
2459 2214 2626 2288 quieti
2689 2215 2824 2280 sitis,
2877 2223 2930 2270 et
2977 2223 3220 2270 vestrum
3269 2213 3547 2287 negotium

1944 2326 1964 2350 α
2002 2302 2218 2373 agatis;
2253 2310 2304 2357 et
2331 2302 2635 2372 operemini
2683 2303 2937 2366 manibus
2967 2304 3184 2368 vestris,
3237 2303 3377 2358 sicut
3405 2318 3548 2373 prse-

1945 2412 1967 2442 ‹
2011 2391 2249 2462 cepimus
2282 2390 2457 2458 vobis,
2492 2400 2542 2446 et
2572 2399 2628 2445 ut
2660 2392 2886 2447 honeste
2915 2391 3204 2446 ambuletis
3233 2391 3299 2445 ad
3331 2406 3427 2446 eos
3455 2389 3549 2462 qui

1942 2505 1963 2527 α
1999 2479 2132 2535 foris
2156 2487 2300 2544 sunt,
2334 2487 2386 2534 et
2417 2479 2617 2534 nullius
2649 2479 2854 2550 aliquid
2906 2480 3246 2534 desideratis.
3279 2479 3546 2533 Nolumus

1943 2589 1966 2618 ι
2001 2575 2180 2622 autem
2211 2583 2309 2622 vos
2339 2567 2614 2638 ignorare,
2670 2566 2882 2633 fratres,
2917 2568 2985 2622 de
3031 2567 3448 2636 dormientibus,
3491 2575 3548 2621 ut

1944 2677 1965 2707 ι
2000 2671 2108 2710 non
2139 2655 2557 2721 contristemini,
2589 2656 2728 2710 sicut
2769 2664 2820 2712 et
2851 2657 3034 2711 caeteri
3082 2655 3174 2727 qui
3224 2671 3379 2726 spem
3436 2671 3545 2710 nou

1943 2766 1964 2796 ι
2001 2745 2223 2799 habent.
2259 2744 2313 2798 Si
2346 2743 2491 2798 enim
2521 2744 2796 2799 credimus
2825 2745 2968 2816 quod
2997 2745 3156 2799 Jesus
3186 2751 3433 2798 mortuus
3463 2750 3547 2798 est

1944 2855 1964 2882 ι
2000 2842 2052 2888 et
2077 2833 2394 2900 resurrexit,
2433 2833 2507 2887 ita
2538 2840 2590 2887 et
2637 2833 2784 2888 Deus
2837 2848 2932 2888 eos
2962 2832 3054 2904 qui
3081 2831 3422 2887 dormierunt
3449 2847 3548 2902 per

1941 2945 1962 2969 α
1996 2922 2178 2976 Jesum
2213 2920 2448 2975 adducet
2478 2937 2597 2976 cum
2653 2936 2740 2976 eo.
2772 2921 2887 2976 Hoc
2917 2921 3062 2976 enim
3109 2920 3264 2976 vobis
3311 2919 3545 2974 dicimus

1941 3031 1962 3060 ι
1999 3009 2054 3063 in
2086 3009 2255 3064 verbo
2286 3009 2524 3078 Domini,
2549 3008 2676 3080 quia
2693 3024 2794 3063 nos
2816 3009 2906 3080 qui
2937 2995 3187 3075 vivimus,
3220 3008 3312 3079 qui
3343 3006 3544 3062 residui

1941 3119 1963 3148 ι
1998 3113 2202 3164 sumus,
2236 3097 2290 3151 in
2322 3098 2558 3152 adventu
2602 3097 2822 3152 Domini
2870 3113 2976 3152 non
3025 3097 3420 3168 prazveniemus
3448 3111 3544 3150 eos

211 3196 319 3260 gat
347 3191 493 3246 viam
516 3194 794 3255 nostram,
822 3189 876 3245 id
895 3199 975 3245 est
1001 3189 1158 3247 faciat
1173 3192 1441 3248 directum
1465 3194 1568 3248 iter
1589 3205 1831 3250 nostrum
1857 3159 1904 3220 Ο
1939 3207 1962 3237 α
2001 3187 2092 3258 qui
2127 3186 2491 3241 dormierunt
2529 3185 2797 3254 Quoniam
2828 3186 2945 3256 ipse
2995 3185 3259 3241 Dominus
3306 3185 3358 3238 ίη
3384 3185 3543 3254 jussu

215 3279 294 3333 ad
322 3294 440 3333 vos.
466 3277 589 3333 Sive
614 3287 793 3332 autem
807 3279 1040 3348 veniam,
1055 3279 1170 3333 sive
1192 3297 1297 3334 non
1313 3281 1546 3350 veniam,
1562 3285 1834 3340 Dominus

212 3368 803 3439 sempermuttiplicet
819 3384 907 3423 vos
937 3369 1235 3423 secundum
1269 3379 1624 3441 augmentum
1653 3389 1830 3428 mem-

207 3457 444 3510 brorum
461 3473 473 3508 :
489 3459 544 3509 et
558 3457 740 3526 faciat
752 3455 1042 3512 abundare
1057 3457 1399 3514 charitatem
1414 3464 1661 3516 vestram
1675 3462 1736 3515 in
1750 3463 1833 3516 in-

209 3547 400 3600 vicem
413 3563 431 3598 :
446 3544 592 3614 quod
607 3559 799 3598 omnes
811 3545 1047 3599 vicissim
1059 3546 1295 3618 diligatis
1309 3563 1406 3602 vos
1419 3549 1473 3601 in
1486 3549 1729 3604 Ecclesia
1746 3569 1758 3604 :
1775 3555 1831 3605 et

209 3633 280 3686 in
306 3647 524 3697 omnes,
554 3631 607 3685 id
630 3641 712 3686 est
743 3633 905 3687 etiam
935 3634 1003 3688 ad
1032 3633 1301 3701 infideles,
1333 3644 1572 3691 transeat
1593 3638 1831 3694 charitas

209 3729 426 3775 vestra.
444 3719 682 3776 295
715 3721 899 3776 Faciat
927 3723 1208 3778 abundare
1228 3766 1242 3789 ,
1268 3725 1737 3796 quemadmodum
1775 3733 1832 3784 et

206 3824 325 3863 nos
345 3807 686 3862 abundamus
711 3809 971 3865 charitate
991 3812 1053 3864 in
1080 3812 1248 3866 vobis.
1269 3813 1567 3869 Abundare
1579 3814 1724 3880 dico,
1759 3817 1831 3872 ad

207 3897 613 3964 conﬁrmanda
641 3898 811 3952 corda
835 3902 1018 3954 vestra
1041 3907 1098 3953 ut
1121 3899 1372 3954 voluntas
1388 3909 1572 3957 vestra
1598 3902 1652 3956 in
1682 3904 1831 3958 omni

213 3985 371 4039 bono
389 3984 458 4038 sit
479 3983 814 4040 confirmata.
845 3986 1241 4055 Conﬁrmanda
1262 3989 1403 4054 dico,
1437 3991 1560 4046 sine
1579 3994 1826 4061 querela,

208 4081 272 4127 ut
292 4072 444 4126 nulla
466 4073 536 4126 sit
553 4073 626 4126 ibi
647 4073 925 4142 injustitia,
945 4084 998 4130 et
1019 4075 1391 4132 confirmanda
1409 4081 1471 4133 in
1492 4081 1825 4145 sanctitate,

210 4171 273 4215 ut
306 4161 359 4215 in
395 4161 552 4215 bonis
609 4162 800 4217 sanciti
859 4163 975 4218 sitis
1029 4171 1082 4219 et
1143 4164 1470 4221 confirmati.
1507 4168 1828 4224 Sanctitate

209 4250 363 4318 dico,
399 4249 573 4304 habita
591 4255 726 4305 ante
751 4251 927 4307 Deum
946 4257 1002 4307 et
1028 4255 1258 4309 Patrem
1280 4259 1562 4323 nostrum,
1595 4257 1650 4310 id
1673 4265 1754 4311 est
1774 4257 1827 4312 in

209 4338 556 4409 beneplacito
585 4339 684 4394 Dei
738 4340 927 4394 Patris.
966 4340 1144 4396 Corda
1195 4342 1318 4397 dico
1349 4343 1428 4398 sic
1459 4343 1829 4399 confirmanda

208 4430 275 4483 in
303 4428 571 4495 adventu,
605 4427 658 4481 id
676 4435 759 4481 est
779 4427 831 4482 in
861 4431 1294 4485 consideratione
1315 4433 1582 4486 adventus
1601 4434 1829 4489 Domini

1936 3298 1957 3321 «
1996 3284 2047 3330 et
2077 3275 2134 3328 in
2164 3290 2298 3330 voce
2326 3275 2666 3348 archangeli,
2702 3283 2754 3329 et
2776 3275 2831 3329 in
2861 3275 2984 3329 tuba
3019 3273 3115 3329 Dei
3146 3273 3444 3329 descendet
3473 3273 3544 3327 de

1936 3387 1958 3411 α
1996 3363 2158 3430 cmlo,
2193 3371 2246 3418 et
2277 3363 2476 3418 mortui
2538 3363 2630 3434 qui
2687 3364 2742 3418 in
2799 3364 3011 3418 Christo
3055 3371 3199 3429 sunt,
3253 3372 3543 3432 resurgent

1936 3475 1958 3500 «
1995 3452 2176 3523 primi.
2208 3451 2416 3506 Deinde
2445 3466 2544 3506 nos
2576 3452 2668 3524 qui
2715 3451 2966 3518 vivimus,
3019 3451 3110 3523 qui
3161 3449 3540 3522 relinquimur,

1935 3539 2150 3595 «simul
2215 3540 2493 3610 rapiemur
2543 3555 2668 3595 cum
2734 3539 2842 3594 illis
2901 3541 2954 3594 in
3031 3540 3268 3593 nubibus
3323 3537 3541 3592 obviam

1935 3653 1957 3676 ι
1992 3628 2206 3682 Christo
2238 3626 2360 3699 [al.,
2394 3627 2648 3700 Domino]
2679 3629 2734 3683 in
2780 3644 2924 3694 acra,
2958 3636 3011 3683 et
3043 3628 3122 3683 sic
3166 3642 3386 3696 semper
3415 3640 3540 3680 cum

1936 3739 1957 3763 ιι
1995 3716 2227 3771 Domino
2275 3716 2495 3772 erimus.
2566 3718 2752 3789 Itaque
2792 3715 3153 3774 consolamini
3202 3713 3437 3770 invicem
3483 3712 3540 3768 in

1937 3804 2170 3861 «verbis
2210 3805 2348 3860 istis.
2388 3829 2410 3851 ι’

2554 3966 2874 4006 EXPOSITIO.

2002 4091 2297 4163 IIucusque
2347 4099 2558 4161 partem
2600 4090 2963 4161 perfectorum
2998 4091 3344 4162 collaudavit,
3390 4104 3443 4151 et
3470 4099 3540 4152 ad

1929 4179 2322 4234 incrementum
2352 4179 2702 4250 perfectionis
2748 4181 3069 4236 adhortatus
3099 4191 3200 4238 est.
3250 4185 3407 4240 Nunc
3456 4185 3540 4240 in-

1930 4267 2060 4338 cipit
2109 4268 2376 4322 instruere
2426 4275 2637 4338 partem
2693 4267 2860 4334 illam,
2913 4285 3033 4339 quas
3081 4269 3364 4325 videbatur
3410 4288 3538 4329 cor-

1930 4356 2108 4426 rumpi
2146 4355 2530 4425 fornicatione,
2581 4355 2909 4423 curiositate,
2961 4357 3091 4422 otio,
3145 4367 3197 4414 et
3244 4361 3313 4414 de
3344 4377 3537 4416 resur-

1930 4445 2170 4499 rectione
2201 4444 2520 4509 dubitando,
2553 4444 2743 4500 dicens
2779 4463 2792 4499 :
2832 4446 2936 4500 Vos
2958 4445 3226 4515 perfectos
3248 4449 3327 4504 sic
3349 4449 3536 4518 laudo,

212 4518 403 4571 nostri
427 4518 560 4571 Jesu
595 4515 825 4571 Christi.
861 4517 965 4586 Qui
995 4519 1139 4573 enim
1181 4519 1319 4574 bene
1370 4537 1587 4591 semper
1618 4516 1900 4578 memorD
1931 4541 1982 4587 et
2013 4533 2082 4587 ad
2115 4533 2506 4588 incrementum
2537 4532 2722 4586 invito.
2759 4534 2834 4588 De
2865 4539 3069 4589 caetero
3117 4551 3262 4607 ergo,
3296 4515 3532 4607 fratres,

213 4606 315 4660 erit
345 4605 617 4660 adventus
648 4604 848 4659 Christi
882 4607 951 4661 ad
975 4607 1263 4675 judicium,
1310 4609 1522 4663 timebit
1552 4611 1830 4680 peccando

213 4710 509 4766 provocare
532 4710 677 4749 eum.
707 4694 803 4748 Vel
824 4695 898 4748 ita
935 4710 946 4748 :
971 4695 1372 4765 Conﬁrmanda
1395 4699 1456 4753 in
1478 4699 1749 4765 adventu,
1775 4700 1828 4754 id

212 4792 291 4839 est
319 4799 494 4855 usque
526 4782 581 4836 in
627 4781 921 4837 adventum
956 4784 1177 4838 Domini
1225 4785 1399 4840 nostri
1446 4788 1576 4841 Iesu
1606 4788 1825 4843 Christi.

214 4873 421 4930 Christi
449 4873 578 4928 dico
608 4871 821 4926 venturi
865 4889 996 4928 cum
1027 4875 1283 4929 omnibus
1313 4877 1530 4931 sanctis
1559 4877 1698 4944 suis,
1737 4879 1828 4948 qui

208 4981 320 5019 cum
342 4980 410 5019 eo
434 4961 740 5032 judicaturi
771 4969 895 5014 sunt
926 4962 1211 5016 mundum.
1269 4964 1384 5031 Vel,
1437 4966 1828 5034 confirmanda

201 5072 318 5111 cum
348 5050 627 5111 omnibus
673 5051 888 5104 sanctis
928 5053 1069 5122 ejus,
1104 5058 1160 5104 ut
1205 5051 1284 5106 sic
1332 5052 1613 5108 confirmet
1645 5062 1697 5108 et
1727 5070 1826 5110 vos

199 5140 679 5220 quemadmodum
755 5137 1091 5193 confirmavit
1137 5147 1355 5195 sanctos
1413 5157 1562 5196 suos.
1624 5143 1823 5210 Amen,

199 5236 248 5293 id
276 5243 360 5293 est
390 5234 468 5289 ita
501 5229 624 5294 fiat,
660 5233 718 5282 ut
747 5242 841 5282 vos
873 5226 953 5283 sic
984 5226 1396 5285 contirmemini.

872 5368 1098 5424 CAPUT
1127 5369 1217 5424 IV.

237 5533 254 5555 α
295 5509 378 5563 De
413 5505 650 5558 cetero
683 5507 838 5564 ergo,
871 5492 1086 5557 fratres,
1122 5510 1383 5567 rogamus
1434 5514 1531 5552 vos
1560 5505 1615 5552 et
1659 5498 1826 5554 obse-

188 5625 207 5653 ,
237 5606 482 5656 oramus
521 5586 586 5639 in
621 5581 859 5636 Domino
887 5581 1038 5648 Jesu,
1072 5590 1127 5636 ut
1173 5585 1636 5654 quemadmodum
1663 5603 1826 5644 acce-

173 5716 191 5745 ι
225 5685 388 5764 pistis
425 5695 467 5736 a
503 5670 690 5732 nobis
738 5670 1011 5743 quomodo
1053 5681 1302 5742 oporteat
1331 5689 1429 5730 vos
1461 5675 1746 5732 ambulare
1776 5686 1828 5734 et

1929 4622 1983 4676 id
2014 4629 2096 4676 est
2125 4620 2193 4675 ad
2223 4620 2444 4675 alteram
2473 4629 2680 4691 partem
2723 4637 2914 4692 agens,
2945 4638 3202 4694 rogamus
3253 4642 3342 4680 vos
3373 4627 3532 4697 quasi

1929 4726 2046 4764 rem
2076 4709 2334 4774 debitam,
2369 4713 2423 4766 et
2461 4711 2815 4765 obsecramus
2869 4709 3053 4764 mitius
3104 4721 3349 4783 agentes,
3404 4713 3532 4770 dum

1927 4814 2218 4870 precamur
2280 4799 2424 4869 quod
2473 4798 2740 4868 imperare
2790 4799 2960 4854 licet:
3000 4800 3373 4867 obsecramus,
3444 4803 3534 4858 in-

1929 4903 2114 4959 quam,
2148 4889 2209 4942 in
2237 4887 2473 4942 Domino
2508 4889 2660 4952 Iesu,
2709 4886 2753 4941 si
2805 4888 2872 4942 de
2921 4887 3015 4943 illo
3062 4889 3304 4961 gaudere
3348 4890 3531 4959 vultis,

1928 4980 1994 5030 ut
2023 4975 2491 5047 quemadmodum
2521 4978 2820 5048 accepistis
2841 4993 2874 5031 a
2894 4978 3053 5032 nobis
3074 4979 3341 5050 quomodo
3373 4995 3535 5052 opor-

1931 5068 2050 5119 teat
2076 5080 2167 5120 vos
2188 5065 2480 5119 ambulare
2505 5068 2562 5119 et
2582 5065 2805 5136 placere
2833 5067 2974 5132 Deo;
2997 5067 3289 5124 ambulare
3310 5067 3530 5135 dicitur,

1928 5151 1983 5205 in
2014 5152 2096 5204 his
2128 5169 2249 5223 qua:
2282 5168 2347 5206 ex
2377 5152 2669 5208 dilectione
2720 5153 2837 5208 sine
2887 5154 3086 5226 quibus
3143 5155 3306 5211 homo
3349 5158 3537 5228 nequit

1929 5240 2124 5294 salvari
2153 5259 2167 5307 ;
2214 5242 2444 5313 placere
2474 5241 2528 5295 in
2559 5241 2642 5295 his
2673 5259 2794 5314 quae
2824 5259 2888 5296 ex
2921 5243 3212 5299 dilectione
3242 5246 3405 5300 homo
3436 5263 3533 5300 su-

1928 5328 2200 5399 peraddit,
2223 5337 2280 5383 ut
2303 5345 2517 5384 servare
2550 5329 2792 5386 296
2813 5331 3199 5403 virginitatem,
3226 5333 3358 5388 nihil
3397 5349 3533 5404 pos-

1929 5416 2108 5472 sidere
2140 5418 2194 5470 in
2225 5418 2428 5472 mundo
2455 5437 2468 5483 ;
2504 5435 2624 5488 quze
2655 5418 2698 5472 si
2731 5434 2840 5473 non
2869 5418 3096 5484 faceret,
3129 5429 3316 5491 posset
3347 5430 3531 5478 tamen

1927 5505 2131 5558 salvari
2167 5522 2180 5559 :
2212 5513 2463 5576 oporteat
2491 5506 2787 5573 ambulare,
2821 5507 2959 5564 sicut
3008 5509 3196 5575 credo,
3232 5510 3377 5580 quod
3408 5525 3533 5564 am-

1928 5592 2146 5662 hulatis,
2178 5593 2302 5648 licet
2333 5594 2411 5649 sic
2434 5611 2532 5649 vos
2561 5595 2886 5650 admoneam
2917 5612 2929 5651 :
2976 5612 3234 5669 rogamus
3265 5606 3316 5652 et
3364 5598 3534 5652 obse-

1928 5697 2164 5751 cramus,
2196 5687 2260 5738 ut
2281 5683 2582 5740 abundetis
2604 5685 2802 5756 magis,
2824 5684 3154 5741 ambulando
3187 5693 3239 5743 et
3265 5685 3534 5756 placendo
