3932 6416
452 289 559 345 ιοτ

989 285 1051 342 S.
1114 283 1469 342 BRUNONIS
1525 265 2172 339 CARTHUSIANOBUM
2227 263 2712 324 INSTITUTOBIS
2743 263 2895 323 OPP.
2925 267 3103 329 PARS
3132 265 3202 321 II.

3649 269 3776 323 408

459 410 724 468 admoniti
750 426 781 465 a
807 426 915 476 me,
948 426 1111 481 quam
1139 409 1311 480 prius.
1361 409 1432 463 Et
1478 407 1691 461 debetis
1735 406 2015 461 abundare
2039 423 2053 470 ;
2075 404 2131 468 A
2162 406 2347 475 (Joan.
2381 420 2474 471 xv,
2501 407 2611 473 12),
2650 425 2671 453 ι
2706 410 2809 459 etc.
2843 402 2972 455 Ideo
3001 400 3197 455 iterum
3243 414 3352 453 non
3398 404 3483 453 est
3526 412 3780 452 necesse

457 500 619 556 scitis
648 502 802 555 enim
817 516 956 571 quae,
980 498 1034 551 id
1064 506 1146 551 est
1175 512 1337 569 quam
1365 496 1552 567 digna,
1586 494 2049 567 prwceptadede-

457 591 572 643 rim
592 588 737 643 vobis
755 602 857 657 per
868 587 1167 641 Dominum
1188 587 1398 652 Jesum,
1417 584 1494 638 sic
1515 583 1881 637 instituentem
1895 581 2046 636 mihi.

455 676 635 745 Digna
660 675 843 744 utique
871 681 1141 743 praecepta
1175 673 1301 727 dedi
1328 672 1496 726 vobis.
1528 672 1667 726 ham
1696 670 1812 726 haec
1846 674 1929 725 est
1954 686 2049 724 vo-

456 764 652 819 luntas
670 763 771 817 Dei
792 766 975 817 vestra
995 762 1394 829 sanctiﬁcatio,
1426 760 1480 813 id
1512 767 1594 813 est
1624 767 1680 812 ut
1710 774 1807 813 vos
1841 757 2047 813 sancti-

453 849 599 906 ﬁcati
646 849 782 917 sitis,
834 857 1045 904 remoto
1094 848 1242 903 omni
1302 847 1432 903 vitio
1462 863 1493 902 a
1536 847 1712 901 vobis.
1772 847 1901 901 Haec
1944 854 2045 911 est,

453 938 692 1009 inquam,
725 946 902 993 vestra
923 935 1295 1002 sanctiﬁcatio,
1316 940 1380 991 ut
1402 952 1492 991 vos
1513 936 1844 991 abstineatis
1865 952 1899 989 a
1924 937 2048 1004 for-

452 1027 762 1090 nicatione,
796 1041 866 1079 ne
907 1024 1271 1095 corrumpatis
1316 1038 1539 1079 uxorem
1586 1022 1836 1094 proximi.
1882 1023 1952 1076 Et
1984 1025 2048 1077 ut

454 1115 599 1170 sciat
610 1116 992 1186 unusquisque
1010 1116 1263 1168 vestrum
1276 1129 1371 1168 vas
1383 1128 1552 1167 suum
1570 1111 1875 1182 possidere,
1900 1110 1955 1164 id
1968 1116 2051 1163 est

453 1218 608 1256 suum
639 1217 859 1272 corpus.
894 1201 1042 1256 Sicut
1073 1201 1217 1255 enim
1262 1200 1416 1255 miles
1446 1200 1501 1253 in
1546 1198 1918 1263 tabernaculo,
1969 1197 2051 1254 sic

452 1288 673 1359 spiritus
720 1290 776 1343 in
825 1304 1054 1359 corpore
1096 1288 1327 1342 militare
1375 1287 1538 1343 debet
1579 1288 1695 1342 Deo
1730 1301 1742 1340 :
1775 1285 2045 1350 manibus,

450 1377 811 1432 ministrando
871 1376 1236 1446 pauperibus;
1286 1375 1534 1445 pedibus,
1584 1374 1851 1429 visitando
1890 1371 2049 1427 infir-

449 1481 590 1531 mos,
624 1473 677 1520 et
706 1464 919 1531 similia,
950 1464 1005 1518 in
1034 1463 1246 1520 caeteris
1275 1462 1555 1517 membris.
1611 1462 1896 1517 Possidere
1926 1461 2048 1516 ideo

450 1553 600 1618 dicit,
633 1554 765 1625 quia
787 1568 989 1622 corpus
1019 1552 1094 1606 ita
1122 1552 1284 1606 debet
1313 1551 1525 1605 domari
1556 1565 1589 1605 a
1620 1550 1809 1620 spiritu
1839 1557 1896 1603 ut
1920 1565 2053 1620 pos-

450 1642 691 1696 sideatur
717 1640 870 1713 quasi
898 1656 1088 1694 servus
1121 1639 1364 1703 rationis,
1419 1646 1641 1709 portans
1685 1638 2049 1709 quodcunque

2161 492 2402 548 scribere
2452 491 2624 553 vobis,
2677 491 2802 562 quia
2851 505 2949 544 vos
3003 490 3201 559 facitis
3243 486 3388 542 illud
3417 492 3776 557 praeceptum

2159 580 2464 635 dilectionis
2494 581 2555 635 in
2584 596 2778 633 omnes
2813 580 3028 649 fratres
3060 575 3355 630 existentes
3386 576 3449 629 in
3488 575 3778 628 universa

2156 669 2495 724 Macedonia.
2531 668 2636 722 Sed
2666 667 2793 722 licet
2821 681 2930 720 non
2959 664 3026 719 sit
3072 679 3297 718 necesse
3340 662 3465 717 ideo
3513 661 3775 717 scribere

2158 758 2330 822 vobis,
2368 765 2548 811 tamen
2578 771 2840 827 rogamus
2872 771 2960 811 vos
2980 768 3190 819 omnes,
3220 755 3449 819 fratres,
3474 754 3540 806 ut
3570 751 3773 819 magis

2157 846 2316 900 solito
2329 845 2623 900 abundetis
2649 843 2703 897 in
2723 842 3006 907 charitate,
3032 845 3086 896 et
3130 841 3275 895 detis
3295 856 3522 911 operam
3543 838 3773 893 utsitis

2156 934 2351 1006 quieti,
2377 949 2486 988 non
2516 932 2590 987 ita
2617 948 2717 1002 per
2754 931 2944 985 urbem
2994 929 3195 984 curiosi
3223 928 3533 982 rumoribus
3571 926 3772 997 inqui-

2154 1021 2368 1087 rendis;
2393 1026 2449 1076 et
2467 1024 2530 1077 ut
2550 1019 2665 1073 sitis
2682 1019 2868 1091 quieti,
2881 1018 3063 1090 agatis
3078 1021 3323 1072 vestrum
3334 1017 3640 1087 negotium,
3658 1029 3767 1081 ne,

2154 1108 2478 1179 contemptis
2521 1107 2773 1178 propriis,
2811 1107 2986 1161 aliena
3031 1104 3252 1177 negotia
3294 1103 3512 1159 curetis.
3557 1103 3616 1156 In
3668 1101 3770 1157 his

2153 1197 2334 1251 verbis
2410 1196 2597 1250 vitium
2650 1192 2975 1251 curiositatis
3025 1192 3318 1247 interdicit.
3380 1191 3451 1246 Et
3508 1195 3575 1246 ut
3631 1190 3770 1244 sitis

2154 1284 2339 1357 quieti,
2375 1285 2685 1357 Operemini
2728 1283 2987 1339 manibus
3018 1282 3241 1347 vestris,
3285 1279 3431 1335 unde
3459 1278 3615 1334 vobis
3646 1279 3767 1332 ha-

2151 1372 2345 1438 beatis,
2390 1389 2458 1427 ne
2515 1372 2674 1427 otiosi
2757 1371 2964 1426 alienos
3017 1370 3235 1424 labores
3300 1367 3485 1423 illicite
3550 1382 3769 1422 consu-

2151 1461 2329 1515 matis.
2368 1460 2465 1515 Hic
2494 1460 2819 1514 otiositatem
2875 1458 3171 1529 prohibuit.
3231 1456 3553 1529 Operemini
3598 1455 3757 1520 dico,

2153 1547 2388 1604 29'?
2407 1550 2554 1603 sicut
2568 1556 2820 1618 parentes
2834 1548 3199 1619 precepimus
3222 1546 3383 1601 vobis.
3408 1541 3757 1614 Operemini,

2150 1636 2276 1707 quia
2287 1636 2647 1706 praecepimus
2660 1636 2833 1701 vobis,
2850 1639 2982 1690 etut
2996 1635 3222 1689 honeste
3235 1634 3535 1688 ambuletis
3547 1632 3618 1686 ad
3632 1647 3759 1695 eos,

450 1744 590 1785 onus
617 1728 913 1799 imponitur
940 1728 1071 1782 sibi.
1122 1728 1410 1783 Possidere
1455 1726 1577 1781 dico
1620 1728 1683 1781 in
1715 1726 2045 1794 sanctifica-
2065 1753 2118 1813 B
2149 1726 2243 1796 qui
2263 1726 2405 1795 foris
2421 1728 2575 1789 sunt,
2601 1724 2653 1777 id
2672 1732 2752 1778 est
2786 1723 2842 1777 in
2875 1730 3170 1792 conspectu
3198 1720 3515 1785 inﬁdelium,
3551 1736 3619 1774 ne
3641 1720 3762 1773 ha-

457 1818 630 1883 tione,
667 1824 727 1871 ut
772 1815 866 1871 ﬁat
914 1824 1162 1870 sanctum
1207 1815 1263 1868 in
1316 1814 1647 1870 habitatione
1690 1814 1965 1881 virtutum,
1990 1818 2047 1868 et

450 1903 739 1975 possidere
783 1904 840 1958 in
900 1905 1126 1969 honore,
1156 1910 1214 1956 ut
1254 1917 1365 1957 non
1410 1902 1700 1957 inclinetur
1761 1901 1829 1955 ad
1869 1909 2049 1956 actum

454 1990 824 2062 turpitudinis,
855 1998 909 2046 et
936 2006 1052 2045 non
1074 1991 1137 2044 in
1158 1990 1450 2056 desiderio,
1482 1997 1541 2043 ut
1585 1990 1778 2043 saltem
1824 1988 2047 2044 deside-

453 2086 538 2135 ret
566 2086 778 2149 turpem
807 2085 1004 2143 actum,
1036 2078 1236 2132 nedum
1267 2085 1542 2148 cperetur.
1593 2076 1880 2132 Desiderio
1925 2076 2047 2133 dico

455 2166 601 2238 quod
631 2174 714 2222 est
742 2182 865 2222 esse
894 2166 952 2221 in
980 2166 1257 2236 passione.
1303 2164 1500 2220 Gravis
1542 2164 1683 2219 enim
1734 2164 1917 2236 passio
1965 2172 2048 2219 est

449 2254 617 2310 animi
645 2254 830 2309 vivere
858 2254 914 2308 in
942 2254 1217 2310 desiderio
1247 2253 1449 2309 carnis.
1480 2253 1679 2309 Vivere
1710 2252 1766 2307 in
1795 2252 2046 2323 passione

450 2342 729 2409 desiderii,
768 2344 917 2399 sicut
945 2341 1070 2397 falsi
1102 2340 1412 2406 Christiani,
1435 2345 1493 2398 et
1512 2345 1708 2413 gentes
1737 2358 1858 2413 qua:
1889 2343 2045 2412 igno-

449 2435 589 2487 rant
610 2433 812 2496 Deum,
842 2430 1067 2486 faciunt.
1099 2430 1381 2486 Abstinete
1411 2444 1445 2485 a
1488 2428 1859 2499 fornicatione,
1893 2437 1947 2485 et
1975 2429 2044 2483 ab

451 2518 737 2576 adulterio.
762 2517 922 2587 Quod
954 2520 1035 2574 sic
1062 2518 1170 2573 ait:
1193 2520 1269 2574 Ne
1290 2519 1412 2591 quis
1432 2518 1899 2589 supergrediatur
1916 2520 2043 2587 fra-

451 2612 598 2664 trem
618 2622 786 2663 suum
805 2608 870 2662 in
897 2606 1009 2663 ullo
1036 2606 1252 2677 privato
1294 2608 1519 2677 negotio
1552 2621 1677 2661 cum
1719 2621 1887 2661 uxore
1926 2605 2044 2674 ejus

446 2695 651 2765 habito,
685 2711 863 2767 neque
885 2695 1300 2751 circumveniat
1341 2694 1399 2748 in
1445 2695 1660 2749 eodem.
1709 2693 2043 2765 Supergredi

446 2791 614 2853 esset,
663 2784 710 2838 si
755 2783 1022 2839 violenter
1078 2791 1295 2853 raperet
1340 2782 1563 2838 alterius
1626 2798 1873 2838 uxorem.
1928 2781 2042 2837 Cir-

444 2872 779 2937 cumvenire,
812 2872 858 2926 si
888 2872 1204 2927 seductione
1249 2871 1409 2942 pretii
1455 2871 1543 2926 vel
1587 2871 1767 2941 precis
1809 2871 2040 2926 subver-

442 2968 584 3017 teret
635 2955 884 3016 uxorem'
908 2959 1138 3029 proximi
1184 2958 1495 3015 consentire
1541 2958 1666 3013 sibi.
1712 2960 1865 3015 Hanc
1907 2974 2039 3013 sen-

444 3048 670 3103 tentiam
712 3062 824 3102 non
863 3047 994 3101 satis
1041 3054 1231 3117 aperte
1276 3046 1505 3101 innuunt
1541 3045 1707 3101 verba
1751 3046 1893 3112 libri,
1942 3046 2039 3101 sed

2150 1812 2313 1867 beant
2334 1811 2387 1866 in
2402 1828 2508 1883 quo
2525 1811 2733 1882 possint
2749 1811 3035 1866 detrahere
3048 1810 3222 1865 vobis.
3237 1809 3366 1863 Ideo
3378 1808 3537 1863 etiam
3554 1823 3760 1877 Opere-

2147 1900 2299 1965 mini,
2334 1904 2399 1954 ut
2419 1901 2640 1955 nullius
2658 1899 2876 1972 aliquid
2905 1898 3250 1962 desideretis,
3269 1897 3322 1950 id
3347 1904 3428 1952 est
3452 1904 3509 1950 ut
3529 1896 3757 1950 haben-

2148 1995 2231 2042 tes
2260 1988 2329 2042 de
2360 1988 2584 2058 proprio
2615 1988 2804 2051 labore
2835 2003 2925 2042 res
2946 1985 3168 2041 alterius
3196 2000 3306 2040 non
3326 1983 3753 2054 concupiscatis,

2148 2076 2297 2147 quod
2326 2078 2547 2147 e’gestas
2577 2076 2804 2131 veniens
2849 2090 2915 2130 ex
2944 2074 3055 2129 otio
3102 2074 3417 2129 desiderare
3444 2071 3750 2143 compellit.

2217 2165 2376 2219 Nunc
2439 2163 2764 2218 dubietatem
2806 2179 2964 2235 quam
3009 2163 3078 2217 de
3131 2162 3525 2217 resurrectione
3567 2159 3752 2216 babe-

2145 2252 2296 2317 bant,
2336 2251 2596 2324 congruis
2626 2251 2927 2306 rationibus
2955 2250 3205 2317 absolvit,
3239 2250 3427 2306 dicens
3457 2266 3470 2302 :
3506 2250 3586 2317 De
3615 2249 3755 2304 cha-

2146 2340 2301 2395 ritate
2347 2356 2456 2394 non
2500 2347 2583 2395 est
2626 2355 2851 2395 necesse
2883 2339 3121 2395 scribere
3151 2339 3346 2403 vobis;
3379 2336 3474 2393 sed
3506 2338 3571 2393 de
3608 2338 3750 2392 dor-

2145 2429 2451 2483 mientibus
2466 2429 2731 2485 nolumus
2744 2444 2835 2484 vos
2846 2429 3130 2498 ignorare,
3143 2429 3374 2499 fratres.
3395 2425 3751 2481 Dormientes

2144 2524 2304 2572 vocat
2334 2524 2599 2581 mortuos,
2630 2523 2688 2570 ut
2716 2517 2961 2572 ostendat
3006 2523 3115 2570 tam
3161 2514 3318 2570 facile
3347 2515 3522 2570 Deum
3550 2530 3750 2569 resus-

2145 2605 2315 2660 citare
2344 2612 2585 2659 mortuos
2631 2621 2791 2677 quam
2838 2604 2996 2660 facile
3038 2612 3121 2658 est
3166 2603 3526 2658 dormientem
3571 2602 3751 2658 susci-

2144 2693 2246 2747 tari
2278 2700 2329 2748 et
2360 2708 2569 2748 somno.
2604 2693 2731 2747 ideo
2777 2693 3029 2747 nolumus
3059 2708 3157 2747 vos
3205 2692 3460 2764 ignorare
3504 2691 3574 2745 de
3603 2690 3748 2745 dor-

2141 2782 2458 2850 mientibus,
2487 2786 2552 2837 ut
2573 2798 2687 2837 non
2717 2782 3142 2837 contristemini
3180 2780 3535 2835 immoderate
3573 2796 3749 2849 super

2141 2877 2347 2924 mortes
2379 2870 2829 2941 propinquorum,
2867 2871 3016 2925 sicut
3052 2870 3293 2941 gentiles
3321 2876 3373 2923 et
3409 2869 3572 2923 etiam
3618 2867 3747 2924 falsi

2142 2957 2451 3025 Christiani,
2486 2958 2581 3030 qui
2608 2974 2723 3012 non
2746 2959 2952 3013 habent
2981 2973 3136 3030 spem
3157 2956 3574 3012 resurrectionis
3596 2955 3741 3011 futu-

2142 3062 2237 3100 rae.
2272 3047 2340 3100 Et
2370 3046 2437 3101 de
2469 3046 2863 3101 resurrectione
2913 3046 3267 3116 desperantes
3298 3045 3377 3100 sic
3425 3044 3744 3101 contristari

443 3135 629 3207 priora
674 3142 727 3189 et
770 3133 1055 3205 sequentia
1076 3107 1093 3117 ’
1115 3135 1259 3190 hanc
1296 3132 1436 3189 velle
1478 3132 1744 3189 videntur.
1808 3107 1907 3190 Vel
1949 3133 2045 3188 illa
2064 3107 2110 3168 Ο
2137 3150 2245 3189 non
2267 3134 2493 3199 debetis,
2510 3107 3187 3207 quia,sicredimus.quod
3203 3136 3363 3190 Iesus
3384 3135 3734 3199 resurrexit,

442 3222 626 3294 priora
652 3228 943 3276 mutantur.
975 3221 1256 3277 Abstinete
1288 3237 1319 3275 a
1364 3220 1720 3277 fornicatione
1766 3237 1890 3277 cum
1919 3237 2041 3277 me-

444 3309 752 3377 retricibus,
785 3317 843 3365 ut
872 3310 1007 3365 sciat
1054 3310 1425 3381 unusquisque
1469 3317 1711 3365 vestrum
1756 3309 2042 3380 possidere

432 3414 606 3455 suum
633 3414 751 3465 vas,
786 3397 841 3453 id
870 3406 955 3454 est
984 3413 1142 3453 suam
1170 3413 1396 3454 uxorem
1426 3414 1547 3471 quae
1591 3413 1792 3469 corpus
1830 3406 1913 3454 est
1940 3398 2043 3455 viri

442 3485 501 3542 in
533 3485 977 3553 sanctificatione,
1009 3487 1065 3542 id
1096 3494 1199 3553 est,
1231 3486 1286 3541 in
1335 3486 1602 3542 munditia
1630 3493 1683 3543 et
1709 3486 1767 3541 in
1810 3487 2035 3543 honore.

440 3576 567 3632 Non
594 3575 650 3630 in
679 3575 1032 3646 turpitudine,
1065 3585 1119 3630 et
1147 3592 1263 3632 non
1294 3577 1356 3630 in
1383 3576 1645 3646 passione
1676 3574 1960 3641 desiderii,
1984 3575 2040 3630 id

441 3672 527 3720 est
571 3680 643 3719 ne
690 3663 852 3718 nimis
914 3663 1202 3719 carnaliter
1256 3662 1520 3717 adiciatur
1578 3663 1723 3719 circa
1789 3679 2034 3730 uxorem,

441 3753 592 3809 sicut
609 3755 804 3823 gentes
821 3750 1024 3806 faciunt
1052 3768 1174 3823 qua:
1194 3752 1371 3806 Deum
1400 3753 1690 3821 ignorant.
1725 3750 1861 3805 Illud
1892 3751 2039 3822 quod

443 3838 692 3909 sequitur
720 3854 829 3893 non
859 3845 1114 3902 mutatur,
1145 3838 1270 3893 ideo
1298 3853 1459 3893 nemo
1487 3839 1897 3894 circumveniat
1917 3842 2039 3909 fra-

445 3931 613 3993 trem,
633 3933 760 3994 etc.,
781 3928 1048 3997 quoniam
1064 3927 1336 3981 Dominus
1348 3926 1558 3982 vindex
1570 3931 1654 3981 est
1665 3928 1731 3982 de
1745 3926 1830 3982 his
1850 3930 2037 3983 omni-

440 4016 561 4084 bus,
594 4021 701 4068 tam
731 4014 801 4068 de
831 4013 1203 4080 fornicatione,
1238 4029 1402 4085 quam
1442 4014 1510 4069 de
1549 4014 1833 4083 adulterio,
1886 4018 2041 4072 sicut

437 4102 812 4175 praediximus
834 4103 979 4158 vobis
998 4116 1123 4157 cum
1152 4118 1398 4157 essemus
1429 4102 1573 4173 apud
1602 4119 1718 4171 vos,
1753 4107 1809 4158 et
1841 4104 2041 4172 testiﬁ-

438 4193 556 4248 cati
575 4206 771 4247 sumus
801 4190 1123 4246 testimoniis
1153 4190 1579 4261 Scripturarum.

510 4281 654 4336 Vere
684 4280 951 4334 Dominus
981 4278 1178 4334 vindex
1208 4288 1290 4333 est
1318 4280 1385 4333 de
1418 4279 1502 4333 his
1528 4298 1542 4346 ;
1588 4296 1726 4335 nam
1746 4280 1895 4336 Deus
1921 4297 2037 4336 non

435 4369 655 4426 vocavit
668 4384 768 4424 nos
790 4370 854 4423 in
871 4368 1300 4423 immunditiam
1322 4367 1672 4438 operandam,
1692 4370 1788 4424 sed
1810 4370 1873 4424 in
1893 4385 2032 4424 san-

2143 3230 2195 3277 et
2224 3230 2282 3276 ut
2313 3238 2496 3277 veram
2522 3221 2640 3292 ejus
2670 3223 3126 3278 resurrectionem
3170 3222 3383 3294 probet,
3413 3221 3691 3292 praemittit
3725 3238 3740 3276 :

2140 3312 2299 3367 Jesus
2316 3326 2445 3366 vere
2464 3315 2726 3367 mortuus
2737 3314 2823 3365 est
2842 3315 2897 3366 et
2919 3312 3266 3379 resurrexit,-
3289 3310 3334 3364 si
3353 3311 3475 3376 hoc,
3492 3309 3738 3381 inquam,

2141 3398 2433 3465 credimus,
2466 3401 2550 3454 ita
2582 3403 2637 3454 et
2663 3399 2887 3454 credere
2918 3399 3182 3454 debemus
3212 3399 3358 3469 quod
3388 3415 3476 3454 eos
3508 3398 3622 3470 qui,
3646 3398 3738 3453 vi-

2140 3488 2318 3543 vendo
2345 3504 2447 3559 per
2474 3489 2682 3553 Jesum,
2707 3488 3063 3543 dormierunt
3078 3504 3183 3559 per
3203 3489 3412 3552 Iesum,
3435 3486 3491 3540 id
3520 3494 3601 3540 est
3627 3486 3742 3542 vita

2141 3590 2370 3647 quorum
2400 3583 2450 3629 et
2481 3591 2630 3630 mors
2662 3575 2715 3628 in
2744 3577 2874 3630 Jesu
2902 3574 3017 3641 fuit,
3050 3592 3161 3643 eos,
3213 3575 3453 3647 inquam,
3497 3574 3738 3630 adducet

2140 3665 2285 3719 Deus
2314 3680 2442 3719 cum
2472 3680 2551 3728 eo,
2576 3663 2631 3717 id
2660 3671 2742 3717 est
2771 3679 2895 3719 cum
2930 3664 3060 3717 Jesu
3100 3663 3482 3733 impassibiles,
3515 3663 3739 3717 immor-

2141 3751 2278 3806 tales
2304 3751 2357 3805 in
2389 3751 2586 3823 gloria.
2613 3752 2824 3806 Falsam
2859 3751 3217 3822 quorumdam
3259 3750 3589 3821 opinionem,
3641 3751 3737 3821 qui

2139 3839 2388 3894 dicebant
2434 3855 2665 3911 corpora
2703 3840 2756 3893 in
2812 3840 2899 3895 die
2947 3840 3039 3894 illo
3086 3840 3266 3895 adhuc
3312 3840 3528 3911 integra
3572 3855 3736 3909 posse

2138 3944 2451 4001 resurgere,
2482 3944 2545 3983 ea
2575 3944 2705 3983 vero
2734 3945 2856 3999 qua:
2895 3936 3079 3983 essent
3120 3928 3387 3983 dissoluta
3415 3929 3471 3981 in
3498 3928 3732 3994 cineres,

2137 4032 2413 4087 nunquam
2446 4032 2757 4087 resurgere,
2790 4016 3039 4081 destruit,
3057 4016 3282 4073 dicens:
3316 4017 3459 4071 Vere
3477 4016 3566 4088 qui
3597 4016 3734 4070 dor-

2137 4105 2374 4160 mierunt
2420 4105 2756 4159 adducentur
2803 4120 2928 4161 cum
2974 4105 3140 4169 Jesu;
3174 4121 3311 4159 nam
3346 4105 3443 4160 hoc
3493 4104 3733 4160 dicimus

2138 4194 2283 4248 vobis
2313 4196 2375 4249 in
2409 4195 2563 4249 verba
2587 4194 2831 4248 Domini.
2867 4194 3015 4247 Deus
3045 4193 3189 4248 enim
3207 4193 3311 4247 hoc
3339 4192 3497 4247 nobis
3529 4192 3738 4247 revela-

2139 4282 2230 4348 vit,
2266 4283 2416 4353 quia,
2451 4281 2506 4335 id
2537 4289 2619 4336 est
2650 4283 2817 4352 quod,
2851 4297 2954 4337 nos
2980 4283 3076 4354 qui
3117 4282 3356 4337 vivimus
3385 4283 3448 4336 in
3486 4282 3734 4337 adventu

2140 4370 2381 4434 Domini,
2417 4373 2475 4425 et
2516 4371 2618 4442 qui
2654 4369 2871 4425 residui
2909 4386 3104 4425 sumus
3134 4377 3211 4423 tot
3255 4369 3433 4424 malis.
3481 4369 3635 4424 Ponit
3673 4385 3732 4425 se

434 4457 839 4525 ctiﬁcationem
877 4456 1208 4524 habendam,
1243 4463 1296 4511 et
1344 4457 1472 4528 quia
1515 4472 1624 4511 non
1654 4456 1709 4511 in
1740 4457 2110 4521 immundi-D
2138 4458 2296 4529 quasi
2328 4457 2566 4513 futurum
2598 4458 2651 4511 in
2690 4458 2779 4512 die
2826 4457 3036 4524 ultimo,
3084 4458 3208 4512 ideo
3248 4457 3377 4528 quia
3422 4457 3733 4527 persecutio

434 4544 585 4611 tiam,
655 4544 753 4601 sed
817 4544 1031 4600 vocavit
1070 4560 1173 4600 nos
1219 4545 1368 4599 Deus
1413 4545 1469 4598 in
1531 4544 2031 4601 sanctificationem.

433 4634 630 4706 Itaque
646 4636 741 4705 qui
769 4635 992 4705 spernit
1023 4632 1123 4688 hoc
1152 4647 1365 4698 cavere,
1390 4632 1599 4689 scilicet
1629 4649 1659 4687 a
1681 4632 2037 4689 fornicatione

434 4728 490 4777 et
516 4720 798 4787 adulterio,
836 4737 952 4777 non
984 4725 1203 4792 spernit
1234 4720 1538 4788 hominem,
1590 4723 1683 4777 sed
1713 4723 1907 4788 Deum,
1944 4722 2037 4793 qui

429 4816 588 4864 vocat
617 4808 672 4862 in
717 4807 1201 4864 sanctificationem
1236 4827 1247 4861 :
1302 4810 1509 4879 spernit
1552 4809 1715 4863 etiam
1761 4811 2035 4881 hospitem

428 4912 587 4952 suum
615 4895 877 4966 Spiritum
937 4904 1206 4951 sanctum.
1253 4896 1411 4965 Quod
1458 4898 1535 4954 sic
1584 4898 1700 4952 ait:
1741 4899 1842 4967 Qui
1886 4899 2035 4953 Deus

427 4983 582 5040 dedit
618 4984 896 5055 Spiritum
943 4999 1109 5040 suum
1147 4990 1411 5041 sanctum
1457 4987 1520 5042 in
1559 4986 1735 5054 nobis,
1787 5002 1947 5057 quem
1988 4986 2035 5041 si

425 5072 601 5127 Deum
634 5071 906 5142 spernitis,
941 5088 1062 5126 cum
1093 5072 1209 5128 Deo
1242 5082 1480 5144 spretum
1528 5074 1771 5144 perditis.
1805 5075 1884 5129 De
1914 5073 2032 5129 for-

424 5159 699 5215 nicatione
730 5167 782 5214 et
829 5159 1089 5215 adulterio
1136 5161 1215 5217 sic
1264 5177 1361 5216 vos
1420 5161 1769 5228 instruimus;
1805 5163 1900 5217 sed
1964 5163 2032 5218 de

427 5246 712 5302 charitate
726 5250 1123 5318 fraternitatis
1139 5266 1255 5304 non
1268 5250 1535 5305 habemus
1553 5266 1776 5305 necesse
1788 5249 2031 5306 scribere

423 5334 593 5400 vobis,
625 5336 756 5406 quia
778 5336 984 5407 vosipsi
1006 5338 1293 5393 didicistis
1326 5354 1360 5392 a
1378 5339 1487 5392 Deo
1511 5337 1597 5392 vel
1624 5337 1847 5392 interius
1871 5338 2032 5408 inspi-

422 5429 601 5489 rante,
632 5424 716 5479 vel
773 5423 830 5478 in
858 5425 1163 5495 Evangelio
1207 5426 1311 5479 hoc
1359 5424 1609 5490 docente,
1659 5430 1727 5480 ut
1774 5427 2030 5496 diligatis

420 5511 684 5578 invicem,
743 5512 836 5569 ubi
901 5511 1021 5569 ait:
1060 5535 1109 5569 α.
1146 5512 1261 5567 Hoc
1318 5519 1401 5566 est
1463 5521 1793 5585 praeceptum
1848 5530 2029 5571 meum

2138 4546 2507 4617 apostolorum
2538 4554 2591 4601 et
2621 4545 2860 4600 ﬁdelium
2892 4547 2993 4599 sub
3029 4546 3363 4600 Antichristo
3412 4546 3729 4614 futurorum,

2136 4634 2297 4689 simili
2353 4633 2665 4689 difficultate
2710 4634 3138 4705 comparabitur.
3190 4635 3344 4690 Unde
3393 4634 3538 4689 idem
3582 4634 3729 4691 alibi.

2135 4724 2249 4777 Nos
2306 4739 2493 4777 sumus
2530 4745 2551 4772 ι
2605 4723 2659 4776 in
2718 4739 2854 4793 quos
2910 4722 3045 4777 ﬁnes
3129 4722 3317 4778 saeculi
3399 4723 3733 4778 devenerunt

2135 4812 2185 4882 (I
2211 4811 2331 4867 Cor.
2374 4826 2434 4877 x,
2487 4813 2595 4881 Η).
2638 4830 2656 4862 ι
2696 4813 2822 4878 Nos,
2856 4811 3098 4883 inquam,
3149 4814 3243 4884 qui
3293 4812 3510 4867 residui
3536 4828 3733 4868 sumus

2133 4901 2196 4954 in
2210 4900 2461 4955 adventu
2476 4901 2720 4966 Domini,
2736 4916 2851 4955 non
2867 4903 3272 4970 praveniemus
3284 4915 3373 4954 eos
3386 4902 3481 4972 qui
3492 4900 3731 4955 dormie-

2134 4992 2275 5043 runt
2303 4988 2357 5042 in
2389 4988 2786 5043 resurrectione
2818 4988 2910 5059 qui
2950 4996 3077 5042 ante
3122 5002 3224 5041 nos
3270 4987 3624 5054 dormierunt,
3674 4997 3732 5043 ut

2133 5076 2407 5130 Abraham
2440 5082 2491 5130 et
2522 5083 2772 5130 caeteros.
2810 5076 2869 5129 in
2901 5076 3004 5130 hoc
3039 5092 3200 5130 versu
3248 5084 3536 5145 utrumque
3578 5073 3723 5142 fecit,

2132 5172 2185 5218 et
2212 5164 2493 5218 veritatem
2542 5163 2958 5219 resurrectionis
3005 5164 3248 5218 omnium
3292 5162 3629 5234 approbavit,
3678 5174 3730 5219 et

2132 5252 2200 5305 de
2232 5252 2427 5322 quibus
2457 5251 2789 5319 dubitabant,
2843 5267 3031 5306 eorum
3079 5252 3536 5307 resurrectionem
3577 5250 3728 5322 prius

2130 5338 2365 5394 futuram
2396 5355 2519 5394 esse
2549 5340 2811 5395 ostendit.

2203 5428 2303 5483 Hic
2330 5436 2512 5483 tamen
2538 5428 2834 5482 notandum
2876 5428 3023 5498 quod
3067 5428 3338 5496 justorum
3366 5427 3728 5484 resurrectio-

2128 5531 2254 5570 nem
2309 5515 2649 5572 solummodo
2711 5515 2990 5587 approbat.
3040 5517 3179 5571 Vere
3226 5531 3327 5573 nos
3374 5515 3575 5570 residui
3623 5533 3729 5575 non
