3932 6436
177 327 272 382 L09

789 326 1166 384 EXPOSITIO
1207 326 1280 382 IN
1317 325 1698 384 EPISTOLAS
1738 323 1963 382 PAULI.
1994 355 2063 365 —-
2093 325 2166 380 IN
2202 324 2418 381 EPIST.
2461 324 2483 380 Ι
2520 324 2615 379 AD
2649 325 2887 382 THESS.

3393 325 3494 380 HO

188 453 592 529 praeveniemus
625 452 858 523 priores,
893 454 1160 525 quoniam
1180 454 1296 526 ipse
1340 454 1613 508 Dominus
1644 451 1797 506 Chri-
1817 453 1872 513 Α
1908 474 1928 497 α
1966 450 2160 506 Omnia
2191 458 2373 505 autem
2403 451 2649 522 probate,
2683 451 2829 524 quod
2850 452 3053 507 bonum
3083 459 3163 507 est
3193 459 3391 517 tenete,
3425 452 3495 507 ab

188 553 298 600 stus
318 540 632 598 descendet
656 541 721 596 de
750 542 883 596 cteIo
915 542 977 595 in
998 544 1159 610 jussu
1180 549 1231 594 et
1262 557 1386 597 cum
1425 540 1674 611 imperio,
1708 539 1800 611 qui

188 633 309 689 olim
341 629 633 686 descendit
665 629 719 682 in
750 629 1056 683 obedientia
1086 637 1137 684 et
1185 629 1522 696 humilitate;
1569 630 1797 683 descen—

192 721 277 777 det
295 721 459 776 etiam
490 721 554 774 in
585 735 713 774 voce
744 717 1088 788 archangeli.
1123 717 1248 773 Sive
1279 718 1365 773 hic
1384 761 1398 782 ,
1433 718 1797 790 archangelus

192 808 458 881 signiﬁcet
511 806 790 862 Christum
823 807 1041 876 propria
1072 822 1204 862 voce
1234 807 1638 870 insonaturum,
1683 806 1796 861 sive

195 898 357 952 alium
411 895 673 966 angelum
722 894 1173 961 determinatum,
1220 911 1328 949 non
1384 895 1648 949 habemus
1678 895 1798 966 quis

192 986 337 1041 illam
367 1000 562 1040 vocem
612 983 834 1037 daturus
863 983 931 1036 sit
960 984 1028 1037 ad
1060 1000 1220 1054 quam
1253 991 1543 1056 resurgent
1573 983 1792 1038 mortui.

195 1076 250 1129 In
282 1089 418 1130 voce
449 1070 772 1143 archangeli
795 1071 934 1126 etin
969 1073 1101 1128 tuba
1122 1073 1256 1139 Dei;
1286 1088 1389 1126 vox
1423 1072 1566 1126 enim
1588 1071 1680 1125 illa
1697 1072 1794 1126 erit

189 1162 342 1235 quasi
373 1161 534 1227 tuba,
577 1177 698 1231 quae
749 1175 876 1214 suos
925 1161 1157 1224 excitat,
1221 1160 1572 1216 adversarios
1605 1168 1791 1226 terret,

191 1251 266 1306 sic
294 1266 404 1306 vox
435 1249 529 1304 illa
560 1249 1051 1312 invitabit.sanctos
1081 1249 1148 1302 ad
1178 1248 1433 1319 palmam,
1467 1248 1662 1319 impios
1691 1249 1795 1304 de-

189 1339 418 1395 terrebit
472 1337 539 1391 ad
568 1354 804 1408 pcenam.
839 1338 960 1403 Sic,
995 1337 1216 1409 inquam
1240 1381 1254 1403 ,
1288 1339 1447 1392 Iesus
1477 1338 1791 1404 descendet,

190 1433 244 1484 et
264 1435 396 1483 tunc
419 1429 636 1481 mortui
657 1427 750 1500 qui
769 1427 882 1496 jam
913 1426 1005 1480 diu
1022 1431 1161 1482 sunt
1183 1430 1246 1482 in
1269 1427 1507 1494 Christo,
1539 1435 1595 1481 ut
1617 1427 1789 1481 Abra-

187 1519 312 1571 ham
347 1525 402 1570 et
433 1515 616 1570 caeteri
641 1556 653 1579 ,
709 1519 945 1585 surgent
971 1516 1162 1587 primi.
1198 1517 1266 1570 Et
1289 1516 1489 1571 deinde
1519 1523 1642 1586 post
1673 1515 1794 1571 illos

189 1622 288 1661 nos
308 1607 410 1678 qui
431 1606 689 1670 vivimus,
716 1603 771 1657 in
803 1612 1049 1674 tempore
1074 1604 1186 1672 illo,
1215 1612 1268 1658 et
1297 1606 1392 1676 qui
1413 1606 1794 1676 relinquimur

188 1702 262 1749 tot
291 1692 771 1764 persecutionibus
801 1692 1136 1758 Antichristi,
1161 1693 1333 1747 simul
1354 1693 1644 1765 rapiemur
1664 1709 1793 1748 cum

1900 563 1920 586 α
1958 539 2103 593 omni
2136 540 2319 610 specie
2369 540 2511 593 mala
2539 540 2805 595 abstinete
2836 557 2953 596 vos.
2987 543 3108 612 Ipse
3138 549 3316 597 autem
3347 542 3497 596 Deus

1902 651 1923 675 «
1958 627 2107 698 pacis
2140 626 2434 683 sanctiﬁcet
2464 645 2560 682 vos
2590 645 2691 698 per
2718 629 2918 694 omnia,
2945 638 3001 684 ut
3031 629 3246 702 integer
3275 629 3496 700 spiritus

1901 737 1923 766 ι
1960 725 2142 771 vester
2170 725 2222 771 et
2252 716 2434 770 anima
2464 726 2515 771 et
2545 733 2744 788 corpus
2777 717 2892 772 sine
2921 718 3141 790 querela
3170 718 3226 772 in
3255 719 3493 773 adventu

1900 824 1926 853 α
1958 805 2172 860 Domini
2207 805 2377 860 nostri
2405 806 2535 860 Jesu
2566 806 2762 860 Christi
2786 815 3052 862 servetur.
3079 807 3279 862 Fidelis
3302 815 3386 862 est
3405 807 3499 878 qui

1906 913 1926 946 ι
1957 894 2175 950 vocavit
2197 910 2296 949 vos
2321 936 2335 960 ,
2389 894 2480 965 qui
2512 894 2676 948 etiam
2707 893 2889 950 faciet.
2934 895 3152 950 Fratres
3171 936 3184 962 ,
3219 903 3364 950 orate
3395 912 3497 966 pro

1900 1005 1922 1030 α
1958 982 2136 1037 nobis.
2180 983 2420 1038 Salutate
2459 983 2654 1038 fratres
2693 999 2883 1038 omnes
2937 983 2991 1038 in
3029 983 3215 1039 osculo
3281 993 3492 1040 sancto.

1900 1094 1920 1116 α
1958 1071 2160 1141 Adjuro
2192 1087 2289 1127 vos
2319 1087 2418 1142 per
2445 1071 2756 1136 Dominum,
2790 1080 2845 1126 ut
2875 1072 3088 1143 legatur
3109 1073 3349 1144 Epistola
3380 1073 3496 1127 haec

1902 1183 1923 1208 α
1959 1160 2210 1214 omnibus
2267 1160 2467 1215 sanctis
2523 1160 2804 1214 fratribus.
2854 1160 3034 1218 Gratia
3063 1161 3280 1219 Domini
3325 1161 3496 1218 nostri

1899 1271 1920 1296 α
1955 1249 2083 1304 Jesu
2115 1248 2314 1308 Christi
2344 1249 2646 1308 vobiscum.
2702 1251 2896 1309 Amen.
2937 1271 2958 1302 ι

2534 1415 2853 1458 Βχροδιτιο.

1966 1534 2258 1605 Postquam
2289 1534 2748 1590 resurrectionem
2775 1550 3067 1606 corporum
3099 1534 3232 1589 satis
3260 1534 3494 1590 dilucide

1893 1622 2231 1693 approbavit,
2267 1622 2449 1677 subdit
2479 1623 2548 1678 de
2576 1622 2670 1677 illa
2699 1622 2885 1678 ultima
2915 1623 3023 1690 die,
3075 1640 3198 1695 qua:
3221 1624 3380 1693 justis
3423 1623 3494 1678 ad

1891 1711 2120 1784 gloriam
2146 1753 2159 1776 ,
2211 1711 2393 1782 impiis
2435 1711 2618 1765 futura
2666 1719 2748 1766 est
2777 1713 2843 1768 ad
2877 1728 3093 1782 poenam
3119 1753 3132 1777 ,
3191 1720 3246 1766 ut
3285 1721 3494 1768 terrore

188 1784 304 1838 illis
351 1781 633 1874 prioribus
679 1781 743 1874 in
787 1782 1044 1874 nubibus.
1097 1781 1285 1874 Nubes
1312 1781 1456 1836 enim
1497 1782 1864 1874 portabat-1‘3
1891 1781 2036 1854 illius
2085 1799 2196 1854 diei
2228 1781 2301 1853 hi7
2335 1799 2427 1870 qui
2458 1800 2511 1854 in
2541 1807 2770 1872 peccato
2800 1781 3173 1856 fornicationis
3196 1842 3211 1867 ,
3263 1799 3496 1855 curiosi-

188 1886 286 1926 nos
316 1869 535 1925 obviam
565 1871 803 1924 Domino
834 1870 896 1924 in
923 1885 1076 1935 aera,
1112 1869 1204 1922 ubi
1254 1869 1323 1923 de
1366 1869 1616 1923 omnibus
1640 1870 1792 1938 judi-

187 1959 347 2022 cabit,
375 1963 432 2014 et
482 1957 679 2012 exinde
729 1958 940 2012 erimus
970 1975 1100 2014 cum
1149 1959 1386 2014 Domino
1429 1975 1650 2034 semper
1691 1975 1791 2013 nos

189 2047 364 2103 electi.
402 2047 651 2110 Erimus,
698 2045 947 2117 inquam,
983 2045 1086 2114 sic,
1120 2045 1174 2100 id
1205 2054 1286 2100 est
1315 2062 1437 2102 cum
1467 2047 1791 2117 corporibus

188 2135 488 2206 resumptis
537 2135 593 2188 in
642 2134 1069 2205 incorruptione.
1125 2135 1193 2190 Et
1243 2134 1368 2206 quia
1399 2151 1464 2190 ex
1495 2135 1578 2190 his
1609 2136 1792 2192 verbis

183 2224 486 2296 approbata
516 2231 597 2278 est
649 2223 808 2278 vobis
842 2223 1040 2278 veritas
1087 2224 1543 2292 resurrectionis,
1600 2227 1790 2298 itaque

186 2313 566 2370 consolamini
595 2313 837 2368 invicem
866 2315 930 2368 in
953 2314 1131 2368 verbis
1157 2313 1307 2380 istis,
1340 2313 1394 2367 id
1425 2321 1507 2368 est
1538 2313 1677 2369 alter
1705 2315 1789 2370 al-

184 2409 376 2468 terum,
403 2401 651 2456 dicentes
677 2417 688 2455 :
717 2401 854 2455 Vere
884 2417 1238 2476 resurgemus
1261 2401 1646 2474 impassibiles,
1667 2419 1788 2460 cum

186 2491 416 2549 Domino
449 2490 676 2560 erimus,
710 2497 812 2547 etc.

828 2649 1054 2706 CAPUT
1083 2651 1150 2707 V.

255 2801 277 2830 ι
309 2778 390 2834 De
421 2775 764 2847 temporibus
793 2783 972 2831 autem
1002 2783 1054 2830 et
1075 2776 1367 2831 momentis
1387 2791 1496 2832 non
1528 2776 1783 2848 indigetis

188 2888 208 2917 ι
243 2875 300 2921 ut
341 2866 654 2922 scribamus
709 2864 883 2919 vobis.
946 2864 1058 2934 lpsi
1101 2865 1245 2919 enim
1277 2865 1570 2936 diligenter
1611 2866 1782 2931 scitis,

186 2979 205 3002 «
240 2955 363 3028 quia
419 2955 542 3009 dies
571 2953 790 3008 Domini
821 2953 958 3007 sicut
986 2952 1073 3007 fur
1123 2953 1180 3008 in
1235 2963 1428 3018 nocte,
1487 2954 1561 3008 ita
1606 2954 1784 3009 veniet

186 3066 207 3095 ι
240 3045 429 3116 (Apoc.
467 3043 560 3110 III,
593 3042 820 3112 3).Cum
845 3041 988 3096 enim
1018 3042 1252 3097 dixerint
1274 3042 1515 3098 29S
1544 3057 1557 3096 :
1589 3044 1698 3096 Pax
1732 3051 1785 3098 et

186 3152 208 3182 ι
236 3133 534 3197 securitas,
587 3139 716 3186 tunc
764 3130 1075 3201 repentinus
1105 3131 1186 3185 eis
1219 3131 1562 3202 superveniet
1591 3131 1782 3186 interi-

187 3242 208 3271 ι
241 3229 345 3288 tus,
378 3220 523 3275 sicut
553 3218 712 3273 dolor
731 3218 786 3272 in
813 3227 966 3273 utero
998 3219 1265 3283 habentis,
1287 3227 1338 3274 et
1361 3235 1468 3274 non
1500 3219 1781 3292 eﬂugient.

186 3331 204 3355 α
244 3309 353 3363 Vos
382 3317 589 3371 autem,
624 3307 848 3373 fratres,
901 3323 1010 3361 non
1043 3308 1174 3362 estis
1204 3309 1258 3362 in
1288 3308 1552 3373 tenebris,
1582 3316 1640 3362 ut
1688 3325 1785 3364 vos

186 3419 207 3447 ι
239 3398 353 3453 dies
411 3397 510 3451 illa
588 3405 848 3467 tanquam
916 3394 1004 3449 fur
1059 3396 1509 3466 comprehendat.
1580 3396 1785 3452 Omnes

186 3509 205 3533 ει
244 3486 389 3541 enim
439 3500 543 3540 vos
591 3483 684 3538 filii
717 3484 852 3539 lucis
884 3483 1031 3549 estis,
1065 3493 1115 3539 et
1145 3482 1241 3538 filii
1271 3485 1376 3539 diei
1411 3503 1424 3538 :
1458 3501 1567 3540 non
1598 3502 1785 3540 sumus

183 3595 204 3624 ι
237 3576 410 3630 noctis
442 3589 627 3645 neque
671 3573 1034 3627 tenebrarum.
1090 3573 1263 3643 Igitur
1308 3589 1417 3628 non
1447 3574 1786 3629 dormiamus

183 3663 374 3718 «sicut
423 3671 475 3717 et
507 3661 728 3729 caeteri,
783 3661 876 3716 sed
909 3662 1198 3732 vigilemus
1249 3670 1302 3716 et
1360 3662 1528 3717 sobrii
1589 3663 1780 3718 simus.

182 3773 204 3802 ‹
238 3751 339 3820 Qui
368 3752 518 3806 enim
551 3750 862 3816 dormiunt,
903 3759 1060 3805 nocte
1092 3751 1389 3817 dormiunt,
1426 3759 1478 3806 et
1523 3751 1615 3823 qui
1646 3751 1783 3805 ebrii

181 3864 200 3887 «
237 3849 388 3904 sunt,
422 3849 586 3895 nocte
617 3839 755 3894 ebrii
788 3847 930 3893 sunt.
957 3841 1070 3894 Nos
1101 3848 1284 3894 autem
1314 3840 1406 3911 qui
1435 3840 1543 3894 diei
1574 3857 1781 3906 sumus,

181 3953 198 3976 ιι
239 3929 402 3984 sobrii
431 3929 607 3983 simus
633 3970 646 3992 ,
697 3927 866 3982 induti
897 3927 1122 3982 loricam
1157 3927 1278 3983 fidei
1314 3936 1366 3983 et
1393 3928 1696 3997 charitatis,
1731 3936 1787 3984 et

184 4041 203 4063 ιι
236 4019 451 4087 galeam
474 4033 635 4087 spem
665 4016 853 4071 salutis
879 4017 1102 4086 (Ephes.
1130 4019 1336 4086 v1,17).
1379 4016 1646 4086 Quoniam
1676 4033 1785 4071 non

183 4129 202 4152 «ι
231 4107 406 4176 posuit
466 4121 573 4160 nos
630 4107 775 4159 Deus
815 4105 868 4158 in
909 4104 1096 4172 iram,
1122 4105 1218 4160 sed
1259 4106 1312 4159 in
1368 4105 1783 4177 acquisilionem

185 4214 204 4243 ι
237 4194 426 4248 salutis
469 4209 576 4264 per
613 4193 904 4247 Dominum
943 4202 1186 4248 nostrum
1244 4195 1430 4248 Jesum
1491 4193 1782 4261 Christum,

185 4305 204 4328 α
239 4283 325 4354 qui
357 4291 608 4338 mortuus
640 4291 721 4336 est
750 4297 851 4352 pro
882 4282 1059 4348 nobis,
1091 4289 1148 4336 ut
1177 4282 1292 4337 sive
1323 4282 1634 4353 vigilemus,
1671 4283 1785 4338 sive

187 4393 205 4415 α
240 4371 621 4437 dormiamus,
681 4371 841 4425 simul
893 4387 1015 4427 cum
1069 4371 1162 4425 illo
1219 4371 1467 4426 vivamus
1511 4386 1522 4424 :
1568 4379 1786 4442 propter

186 4482 204 4505 ι
240 4461 379 4532 quod
403 4459 772 4515 consolamini
802 4459 1052 4522 invicem,
1084 4467 1136 4514 et
1155 4458 1420 4514 aediﬁcate
1444 4459 1780 4528 alterutrum,

188 4569 208 4598 ι
241 4550 374 4604 sicut
414 4557 467 4604 et
507 4548 707 4603 facitis.
750 4548 1022 4618 Rogamus
1061 4557 1243 4603 autem
1283 4564 1413 4614 vos,
1457 4548 1683 4613 fratres,
1728 4537 1858 4603 utD

191 4637 484 4692 «noveritis
533 4652 634 4692 eos
691 4637 780 4708 qui
827 4637 1072 4691 laborant
1125 4637 1266 4691 inter
1293 4652 1422 4703 vos,
1463 4645 1516 4692 et
1544 4645 1784 4708 praasunt

188 4745 206 4773 ι
238 4726 386 4780 vobis
444 4727 500 4780 in
555 4725 790 4780 Domino
817 4769 830 4789 ,
892 4734 944 4780 et
1003 4733 1228 4780 monent
1265 4742 1396 4792 vos,
1441 4733 1497 4779 ut
1537 4726 1783 4781 habeatis

186 4837 205 4856 ε
239 4813 356 4868 illos
395 4814 771 4869 abundantius
809 4814 864 4868 in
904 4814 1168 4870 charitate
1191 4855 1205 4880 ,
1249 4822 1302 4869 et
1358 4822 1587 4885 propter
1643 4831 1783 4885 opus

189 4922 209 4951 ι
240 4902 448 4958 illorum
479 4919 678 4974 pacem
729 4903 924 4959 habete
970 4918 1094 4959 cum
1127 4903 1225 4958 eis.
1292 4903 1573 4974 Rogamus
1603 4913 1783 4959 autem

189 5011 208 5039 ι
242 5007 365 5056 vos,
399 4991 636 5056 fratres,
668 4991 925 5062 corripite
956 4991 1248 5063 inquietos,
1283 4991 1644 5047 consolamini
1677 5009 1782 5063 pu-

187 5099 206 5127 ι
237 5080 549 5145 sillanimes,
585 5079 848 5150 suscipite
880 5079 1146 5144 infirmos,
1184 5081 1448 5151 patientes
1503 5089 1675 5136 estote
1714 5082 1784 5134 ad

190 5190 208 5212 ς
242 5184 442 5225 omnes.
496 5170 696 5224 Videte
744 5185 811 5222 ne
860 5169 980 5240 quis
1030 5170 1235 5223 malum
1279 5185 1375 5239 pro
1423 5170 1566 5224 malo
1623 5169 1784 5224 alicui

194 5277 211 5300 ι
248 5258 462 5327 reddat,
506 5258 607 5312 sed
640 5273 856 5327 semper
888 5259 1030 5329 quod
1066 5259 1269 5312 bonum
1302 5265 1384 5312 est
1417 5257 1701 5313 sectamini
1728 5258 1784 5312 in

195 5353 225 5391 ι’
245 5345 466 5401 invicem
499 5357 550 5401 et
583 5347 640 5399 in
668 5362 878 5399 omnes.
916 5347 1145 5417 Semper
1173 5347 1430 5419 gaudete,
1466 5347 1583 5401 sine
1615 5347 1782 5401 inter-

196 5455 214 5482 ι
246 5434 492 5490 missione
539 5443 695 5489 orate
745 5435 937 5503 (Eccli.
989 5451 1150 5501 xvm,
1184 5440 1292 5500 ’22;
1328 5437 1458 5491 Luc.
1492 5451 1656 5500 xvm,
1706 5437 1778 5505 t),

194 5544 213 5568 ι
244 5522 292 5576 in
339 5525 592 5578 omnibus
642 5525 848 5594 gratias
879 5523 1038 5594 agite.
1079 5525 1208 5579 Hzec
1247 5531 1328 5578 est
1361 5525 1504 5578 enim
1536 5524 1781 5579 voluntas

195 5632 213 5660 ι
248 5611 339 5666 Dei
367 5612 418 5666 in
448 5613 670 5668 Christo
701 5611 858 5680 Jesu,
907 5611 960 5665 in
992 5613 1245 5666 omnibus
1294 5612 1470 5669 vobis.
1525 5611 1780 5682 Spiritum

193 5720 212 5748 ι
244 5701 397 5757 nolite
450 5702 803 5773 exstinguere
827 5743 842 5766 ,
891 5701 1203 5773 prophetias
1271 5701 1437 5757 nolite
1495 5717 1778 5773 spernere.

1894 1889 2016 1942 tatis
2054 1897 2106 1943 et
2145 1888 2240 1944 otii
2294 1897 2490 1955 erant,
2553 1889 2915 1960 resipiscant;
2976 1889 3248 1945 desiderio
3305 1889 3497 1944 futura:

1893 1976 2086 2049 gloria:
2115 1977 2482 2033 conformitati
2513 1978 2782 2033 honorum
2811 1994 2872 2034 se
2898 1977 3160 2032 inserant.
3191 1978 3388 2033 Littera
3418 1977 3498 2034 sic

1885 2066 2136 2138 jungitur
2162 2084 2174 2120 :
2199 2067 2280 2121 De
2311 2066 2713 2122 resurrectione
2743 2074 3081 2122 mortuorum
3110 2067 3239 2139 quia
3265 2067 3494 2139 ignora-

1891 2155 2051 2219 batis,
2085 2154 2402 2226 scripsimus
2436 2155 2631 2222 vobis;
2683 2155 2781 2210 sed
2828 2156 2896 2211 de
2938 2156 3275 2227 temporibus
3302 2154 3496 2210 futuris

1890 2260 2066 2314 usque
2107 2243 2178 2298 ad
2216 2245 2358 2300 diem
2393 2244 2585 2314 judieii
2611 2287 2624 2310 ,
2684 2244 2740 2299 id
2771 2252 2853 2298 est
2881 2251 3013 2316 quot
3060 2252 3341 2316 tempora,
3400 2260 3496 2300 seu

1891 2340 2108 2388 centum
2135 2374 2148 2399 ,
2201 2348 2299 2387 seu
2353 2332 2501 2387 mille
2550 2332 2680 2387 anni
2708 2331 2872 2387 futuri
2915 2333 3021 2388 sint
3051 2349 3222 2404 usque
3251 2333 3321 2388 ad
3349 2333 3496 2389 diem

1887 2421 2252 2491 judiciizvel,
2287 2421 2353 2477 de
2399 2421 2778 2493 temporibus,
2809 2421 2863 2475 id
2911 2429 3027 2487 est,
3077 2437 3147 2476 an
3193 2430 3376 2476 aestate
3422 2438 3494 2476 an

1887 2509 2089 2576 hieme,
2132 2525 2204 2564 an
2225 2509 2334 2578 die,
2381 2525 2452 2564 an
2485 2517 2646 2565 nocte
2684 2509 2921 2564 futurum
2961 2510 3028 2564 sit
3051 2509 3311 2578 judicium
3351 2515 3409 2566 et
3428 2512 3494 2568 de

1889 2599 2216 2666 momentis,
2251 2599 2306 2652 id
2327 2606 2410 2654 est
2433 2613 2541 2671 qua
2567 2599 2697 2653 hora
2719 2599 2826 2654 diei
2847 2598 2932 2653 vel
2953 2598 3127 2654 noctis
3145 2643 3161 2666 ,
3192 2599 3394 2653 aestatis
3424 2614 3495 2655 an

1889 2687 2104 2743 hiemis.
2130 2688 2210 2742 De
2232 2687 2316 2741 his
2353 2687 2557 2758 utique,
2594 2686 2804 2756 fratres,
2837 2704 2952 2742 non
2977 2688 3244 2759 indigetis
3264 2692 3331 2743 ut
3351 2689 3490 2743 scri-

1888 2777 2084 2832 bamus
2106 2776 2271 2831 vobis.
2297 2777 2426 2830 ldeo
2446 2791 2555 2830 non
2578 2775 2855 2848 indigetis,
2871 2778 3002 2848 quia
3019 2791 3111 2831 vos
3133 2777 3240 2848 ipsi
3259 2776 3495 2847 diligen-

1892 2869 1994 2932 ter,
2047 2865 2100 2918 id
2148 2872 2230 2920 est
2287 2864 2537 2936 diligenti
2593 2863 3008 2937 investigatione
3064 2864 3487 2935 Scripturarum,

1887 2956 2045 3008 scitis
2065 2955 2168 3008 hoc
2193 2953 2337 3024 quod
2368 2969 2468 3008 nos
2507 2953 2634 3009 inde
2657 2953 2878 3018 scimus,
2898 2953 2953 3008 id
2975 2952 3200 3016 scilicet.
3224 2955 3355 3023 quia
3374 2954 3493 3010 dies

1886 3043 2113 3098 Domini
2135 3045 2219 3098 ita
2236 3045 2423 3097 veniet
2439 3044 2589 3098 sicut
2609 3045 2708 3113 fur
2737 3042 2884 3097 venit
2913 3043 2975 3097 in
2996 3046 3181 3097 nocte.
3206 3042 3362 3096 Diem
3383 3057 3492 3097 non

1887 3129 2012 3184 ideo
2053 3131 2212 3199 dicit,
2248 3131 2395 3202 quod
2425 3130 2787 3186 determinate
2835 3130 2971 3185 sciat
3018 3130 3073 3184 in
3119 3130 3208 3184 die
3255 3129 3494 3185 futurum

1879 3219 2174 3288 judicium,
2219 3220 2316 3274 sed
2347 3219 2500 3285 ideo,
2551 3219 2677 3291 quia
2706 3228 2833 3274 tunc
2860 3219 2915 3273 in
2944 3219 3038 3274 illo
3078 3218 3282 3288 judicio
3312 3219 3496 3274 omnia

1885 3316 2044 3362 erunt
2075 3308 2232 3379 quasi
2266 3308 2320 3361 in
2351 3308 2441 3362 die
2464 3351 2476 3372 ,
2526 3308 2581 3362 id
2611 3316 2693 3362 est
2740 3307 2796 3362 in
2843 3315 3033 3378 aperta
3061 3307 3495 3364 manifestatione

1885 3412 2006 3468 qua:
2041 3396 2192 3467 prius
2215 3395 2438 3451 fuerant
2475 3396 2688 3452 occulta
2715 3439 2728 3462 ,
2782 3396 2989 3451 domini
3041 3397 3172 3451 dicit
3201 3397 3344 3451 hunc
3373 3413 3496 3451 esse

1886 3485 2032 3539 diem
2056 3526 2069 3551 ,
2129 3485 2257 3557 quia
2307 3495 2435 3541 tunc
2477 3485 2735 3555 incipient
2763 3485 2948 3540 omnia
2976 3483 3091 3539 ﬁeri
3122 3501 3188 3540 ex
3217 3485 3494 3540 voluntate

1886 3581 1938 3629 et
1977 3573 2206 3644 imperio
2254 3573 2512 3639 Domini,
2560 3573 2659 3628 sed
2700 3589 2844 3628 nunc
2883 3571 3017 3626 fiunt
3055 3573 3110 3627 in
3149 3573 3252 3628 hoc
3291 3573 3496 3629 mundo

1885 3677 1994 3717 non
2025 3679 2090 3717 ex
2121 3662 2397 3718 voluntate
2428 3662 2528 3717 Dei
2557 3662 2746 3726 multa,
2781 3662 2879 3716 sed
2913 3662 3044 3715 fiunt
3075 3678 3141 3716 ex
3169 3663 3493 3733 permissio-

1885 3768 1974 3806 ne.
2000 3753 2129 3806 Dies
2155 3796 2167 3814 ,
2219 3751 2439 3822 inquam
2459 3794 2472 3818 ,
2505 3753 2735 3807 Domini
2783 3753 2972 3806 veniet
3002 3751 3087 3806 ita
3111 3753 3260 3807 sicut
3287 3755 3404 3821 fur,
3437 3760 3496 3806 ut

1885 3841 2066 3912 magis
2096 3840 2345 3895 occultus
2376 3841 2444 3893 sit
2475 3841 2701 3895 veniens
2749 3840 2804 3894 in
2847 3848 3026 3894 nocte.
3059 3840 3168 3894 Fur
3197 3839 3417 3911 quidem
3447 3840 3494 3895 si

1885 3930 1940 3984 in
1970 3931 2058 3984 die
2089 3929 2304 3996 veniat,
2357 3929 2569 3984 facilius
2599 3929 2888 4000 providere
2917 3928 3074 3984 nobis
3103 3945 3395 4000 possumus
3424 3930 3494 3984 ab

1885 4035 1990 4084 eo;
2049 4018 2146 4072 sed
2178 4018 2223 4072 si
2255 4018 2310 4072 in
2362 4026 2522 4073 nocte
2543 4060 2555 4083 ,
2591 4033 2698 4072 nox
2727 4018 2847 4088 ipsa
2877 4019 3340 4088 opportunitatem
3394 4018 3496 4073 mi-

1884 4107 2118 4162 nistrans
2172 4106 2387 4174 adjuvat
2425 4105 2558 4160 furis
2619 4106 2987 4177 iniquitatem.
3048 4107 3177 4161 Ideo
3232 4107 3351 4162 dies
3404 4107 3494 4162 ille

1885 4196 2068 4251 venire
2096 4195 2293 4249 dicitur
2323 4195 2461 4250 sicut
2491 4194 2580 4248 fur
2617 4195 2673 4248 in
2710 4203 2900 4262 nocte,
2935 4196 3092 4266 quia,
3144 4195 3280 4250 sicut
3330 4195 3494 4266 quili-

1886 4285 1978 4339 bet
2007 4284 2180 4352 dives,
2240 4299 2363 4338 sero
2393 4283 2564 4337 multa
2595 4283 2960 4339 circumdatus
3006 4283 3306 4353 opulentia,
3337 4292 3496 4339 nocte

1885 4374 2213 4442 interceptus
2243 4387 2276 4427 a
2307 4371 2446 4440 fure,
2478 4372 2534 4426 in
2565 4371 2806 4426 crastina
2833 4389 2893 4426 se
2924 4373 3127 4426 nudum
3157 4373 3381 4436 invenit,
3416 4372 3496 4428 sic

1885 4463 1962 4517 illi
1992 4461 2084 4534 qui
2141 4462 2198 4514 in
2259 4462 2498 4531 peccatis
2529 4460 2817 4533 negligunt
2872 4477 2902 4514 a
2941 4461 3030 4515 die
3069 4461 3162 4515 illo
3202 4460 3496 4531 providere

1885 4550 2008 4617 sibi,
2049 4565 2177 4605 sero
2215 4549 2412 4603 divites
2443 4549 2497 4602 in
2526 4549 2854 4615 mundanis,
2908 4549 2962 4602 in
3005 4549 3246 4604 crastino
3294 4548 3493 4604 sublati

1884 4637 1953 4690 de
1983 4635 2187 4690 mundo
2226 4634 2572 4688 invenientur
2608 4633 2771 4701 nudi,
2812 4633 3040 4704 perditis
3083 4632 3490 4703 temporalibus,

1884 4733 1936 4779 et
1993 4723 2213 4779 aeternis
2263 4722 2555 4793 mancipati
2622 4721 2909 4778 incendiis.
2953 4722 3084 4777 Dies
3122 4721 3340 4776 Domini
3407 4721 3493 4777 hic

1884 4812 2120 4868 maxime
2169 4811 2490 4882 intelligitur
2516 4811 2636 4866 dies
2687 4811 2920 4880 judicii;
2962 4828 3082 4882 quae
3138 4819 3318 4865 tamen
3375 4809 3496 4867 dies

1885 4901 2101 4957 Domini
2129 4901 2183 4955 in
2213 4909 2387 4955 morte
2418 4899 2842 4971 uniuscujusque
2891 4899 3100 4970 incipit.

1959 4989 2202 5047 299
2261 4989 2574 5045 Notandum
2628 4989 2794 5045 etiam
2852 4989 2997 5060 quod
3046 4989 3164 5044 dies
3193 4987 3287 5044 illa
3317 4988 3498 5060 impiis

1885 5080 2125 5151 quidem,
2161 5079 2472 5134 nolentibus
2512 5078 2806 5149 providere
2848 5078 2972 5146 sibi,
2999 5078 3134 5133 sicut
3158 5077 3243 5132 fur
3264 5078 3317 5132 in
3339 5086 3499 5134 nocte

1884 5169 2105 5235 veniet;
2153 5167 2252 5223 sed
2279 5167 2440 5236 justis
2478 5183 2698 5238 semper
2736 5165 3123 5239 vigilantibus,
3177 5183 3499 5239 quacunque

1884 5257 2018 5312 hora
2048 5256 2254 5322 veniat,
2307 5273 2414 5311 non
2465 5255 2613 5310 venit
2661 5255 2796 5310 sicut
2829 5255 2947 5322 fur,
2997 5256 3119 5327 quia
3150 5256 3329 5326 potius
3369 5265 3495 5311 tunc

1884 5345 2230 5416 augebuntur
2292 5361 2453 5416 quam
2511 5345 2565 5398 in
2611 5343 2794 5415 aliquo
2827 5343 3219 5398 diminuantur.
3254 5345 3394 5399 Vere
3423 5344 3493 5398 ita

1885 5433 2065 5489 veniet
2097 5433 2236 5488 sicut
2267 5432 2371 5498 fur,
2397 5435 2528 5505 quia
2553 5449 2682 5487 cum
2700 5432 2778 5486 illi
2806 5439 3078 5486 amatores
3107 5432 3294 5486 mundi
3326 5433 3494 5488 dixe-

1885 5524 2008 5576 rint
2047 5541 2065 5577 :
2104 5525 2230 5576 Pax
2261 5530 2344 5575 est
2374 5522 2533 5576 nobis
2565 5521 2619 5575 in
2651 5519 3014 5591 praesentibus
3032 5525 3087 5574 et
3120 5521 3395 5575 securitas
3425 5520 3494 5574 de

1883 5610 2082 5675 futuro,
2112 5614 2249 5665 tunc
2267 5611 2627 5682 superveniet
2645 5610 2726 5665 eis
2748 5610 3085 5680 repentinus
3106 5609 3398 5674 interitus,
3439 5607 3493 5661 id

1883 5707 1965 5754 est
1991 5697 2292 5771 improvisa
2310 5697 2601 5753 damnatio.
2628 5697 2978 5769 Repentinus
2998 5695 3142 5763 dico,
3167 5697 3314 5750 sicut
3335 5695 3494 5750 dolor
