3932 6416
435 336 535 391 Hi

997 341 1053 395 S.
1093 340 1449 399 BRUNONIS
1486 341 2131 400 CARTHUSIANORUM
2168 341 2652 401 INSTITUTORIS
2688 343 2841 401 OPP.
2882 340 3059 401 PARS
3096 344 3163 401 II.

3622 342 3730 396 ΗΞ

438 463 671 520 habenti
700 465 763 520 in
794 468 953 521 utero
984 465 1298 537 repentinus
1328 467 1659 537 supervenit.
1692 467 1816 523 Non
1845 468 2028 522 deter-
2050 469 2105 528 A
2132 468 2305 524 simul
2334 484 2465 524 cum
2492 471 2591 527 illo
2623 470 2678 524 in
2706 476 2911 525 mterna
2940 468 3142 542 gloria.
3181 470 3305 523 Sive
3322 468 3635 540 vigilemus,
3667 467 3728 523 id

437 551 608 611 minat
638 551 767 623 quid
798 552 850 607 in
882 561 1033 609 utero
1063 554 1276 623 habeat,
1310 555 1405 609 sed
1435 557 1538 611 hoc
1577 572 1699 611 esse
1730 556 1934 613 dictum
1966 556 2034 611 de

435 649 751 712 prmgnante
787 642 1016 697 muliere
1073 643 1203 697 satis
1258 643 1599 717 intelligitur.
1682 645 1751 699 Et
1806 653 2037 716 propter

439 736 760 801 utrumque,
811 731 1150 803 praegnantis
1198 731 1375 787 dolori
1412 732 1767 804 comparavit,
1821 741 1873 787 et
1912 733 2037 803 quia

437 815 529 873 ille
577 817 732 873 dolor
778 818 988 873 subitus
1019 828 1134 886 est,
1177 836 1277 875 nec
1309 822 1410 877 scit
1457 838 1745 893 pregnans
1775 820 2037 876 determi-

437 921 572 961 nare
622 906 723 960 sibi
773 908 959 962 horam
990 916 1193 964 certam
1216 951 1229 975 ,
1271 909 1368 963 sed
1406 909 1710 981 ubicunque
1740 910 2040 980 intercepta

436 993 634 1065 fuerit,
684 995 857 1067 parit;
910 1003 964 1051 et
991 1004 1212 1067 propter
1239 997 1501 1066 majorem
1531 998 1841 1070 angustiam
1878 998 2039 1064 hujus

437 1082 675 1150 doloris,
712 1082 791 1138 sic
820 1084 874 1137 in
906 1083 1000 1139 illo
1030 1084 1117 1139 die
1148 1092 1200 1139 et
1230 1084 1559 1156 improvisus
1590 1086 1767 1141 veniet
1796 1085 2041 1140 interitus

437 1178 490 1226 et
517 1170 664 1226 omni
710 1171 907 1242 plenus
950 1172 1216 1243 angustia.
1250 1174 1332 1228 Ne
1363 1173 1639 1229 videretur
1681 1173 1766 1229 hic
1795 1173 2040 1229 interitus

438 1259 955 1331 esse'utransitorius,
980 1261 1117 1317 sicut
1146 1261 1304 1317 dolor
1334 1262 1685 1333 praegnantis,
1722 1261 2001 1334 subjungit
2025 1277 2037 1316 :

442 1348 801 1419 Superveniet
837 1349 1057 1421 quidem
1078 1350 1345 1416 interitus,
1370 1355 1426 1406 et
1449 1367 1563 1406 non
1590 1352 1858 1422 effugient
1891 1350 2039 1420 impii

445 1435 594 1491 illum
652 1437 929 1492 interitum
987 1454 1204 1508 semper
1252 1438 1309 1492 in
1360 1454 1426 1493 eo
1463 1439 1845 1510 perdurantes.
1905 1437 2043 1506 Quia

443 1525 608 1580 modo
657 1532 803 1581 tanta
851 1526 1148 1597 asperitate
1186 1526 1476 1581 verborum
1524 1542 1619 1581 eos
1663 1526 1952 1594 deterruit,
1988 1526 2044 1579 in

444 1614 797 1686 sequentibus
817 1614 1091 1670 demulcet
1120 1631 1215 1671 eos
1238 1615 1426 1671 dicens
1447 1631 1542 1671 eos
1563 1630 1670 1671 non
1701 1631 1824 1671 esse
1846 1614 2045 1687 quibus

447 1702 641 1757 debeat
669 1702 758 1758 hic
787 1701 1038 1757 interitus
1069 1704 1443 1774 supervenire.
1488 1705 1643 1775 Impii
1689 1704 1909 1775 quidem
1937 1719 2046 1759 non

444 1788 705 1861 cﬁ'ugient
734 1792 1077 1861 repentinum
1098 1790 1389 1857 interitum,
1413 1792 1508 1847 sed
1530 1809 1640 1858 vos,
1663 1795 1895 1863 fratres,
1929 1809 2043 1848 non
2065 1818 2118 1878 Β

448 1880 586 1934 estis
631 1880 694 1933 in
744 1879 1008 1945 tenebris,
1062 1880 1116 1933 id
1164 1888 1251 1935 est
1278 1880 1589 1951 ignorantia
1636 1889 1689 1936 et
1716 1880 2046 1937 obscuritate

445 1966 676 2038 peccati,
692 1971 757 2022 ut
781 1968 885 2022 illa
907 1967 1026 2023 dies
1046 1967 1482 2039 comprehendat
1502 1985 1608 2034 vos,
1632 1973 1904 2042 tanquam
1926 1973 2045 2040 fur.

450 2055 951 2126 Comprehenderet
983 2071 1078 2110 eos
1108 2056 1155 2110 si
1183 2056 1236 2111 in
1264 2056 1502 2127 peccatis
1530 2057 1930 2127 impmnitentes
1958 2058 2048 2112 in-

448 2143 679 2200 veniret.
716 2145 857 2200 Vere
886 2158 996 2199 non
1025 2143 1156 2199 estis
1186 2144 1241 2198 in
1273 2144 1529 2200 tenebris.
1562 2146 1703 2200 Nam
1720 2162 1831 2213 vos,
1858 2161 2051 2201 omnes

451 2234 587 2289 estis
609 2232 719 2301 ﬁlii
743 2232 903 2297 lucis,
935 2231 989 2287 id
1018 2240 1099 2287 est
1119 2232 1288 2303 geniti
1312 2232 1367 2287 in
1382 2232 1504 2288 luce
1526 2232 1673 2303 ﬁdei,
1707 2237 1762 2290 et
1794 2234 1923 2289 estis
1942 2234 2052 2303 ﬁlii

452 2320 585 2389 diei,
618 2320 674 2375 id
712 2328 795 2376 est
849 2320 903 2376 in
933 2320 1091 2375 bonis
1140 2320 1396 2392 operibus
1425 2320 1706 2392 generati,
1761 2322 1884 2394 quia
1916 2322 2053 2378 sicut

450 2409 541 2465 lux
570 2408 850 2480 praecedit,
874 2408 993 2465 dies
1016 2410 1293 2481 sequitur;
1325 2409 1405 2465 sic
1428 2409 1564 2465 ﬁdes
1586 2411 1734 2481 prior
1754 2418 1854 2475 est,
1888 2426 2054 2481 opera

453 2498 595 2554 bona
640 2505 962 2569 sequuntur.
1014 2498 1133 2553 Filii
1180 2498 1319 2554 lucis
1369 2506 1423 2553 et
1468 2516 1583 2555 non
1613 2499 1745 2554 estis
1767 2497 1859 2554 ﬁlii
1891 2504 2053 2556 tene-

454 2587 703 2651 brarum,
736 2586 792 2641 id
848 2594 930 2642 est
963 2586 1302 2660 ignorantiae,
1327 2594 1509 2643 etnon
1539 2585 1634 2642 ﬁlii
1662 2590 1864 2655 noctis,
1895 2587 1950 2642 id
1972 2596 2055 2643 est

453 2675 731 2731 densitatis
777 2682 1141 2747 peccatorum.
1188 2675 1338 2731 Sicut
1383 2675 1528 2731 enim
1561 2676 1800 2732 tenebrae
1838 2684 2055 2733 noctem

454 2763 808 2837 praecedunt,
850 2764 929 2819 sic
975 2764 1127 2835 prius
1165 2764 1468 2835 ignorantia
1520 2764 1766 2820 veritatis
1793 2807 1806 2832 ,
1848 2773 1901 2820 et
1957 2781 2057 2835 per

454 2852 814 2925 ignorantiam
844 2852 1059 2909 venitur
1086 2852 1141 2907 in
1170 2852 1497 2909 densitatem
1540 2852 1765 2924 peccati.
1815 2855 1885 2909 Et
1929 2853 2057 2925 quia

454 2941 552 2998 ﬁlii
582 2941 720 2997 lucis
745 2948 799 2997 et
830 2940 939 2996 diei
965 2957 1176 3010 sumus,
1213 2956 1323 2996 non
1352 2941 1530 2997 noctis
1577 2949 1631 2995 et
1686 2942 2052 3007 tenebrarum,

455 3032 637 3103 igitur
665 3046 782 3086 non
812 3030 1160 3087 dormiamus
1181 3072 1193 3095 ,
1236 3029 1291 3084 id
1330 3036 1414 3084 est
1443 3045 1553 3084 non
1582 3037 1859 3099 torpentes
1890 3028 2060 3083 simus

460 3119 600 3174 sicut
625 3118 874 3174 inﬁdeles
895 3162 908 3185 ,
952 3126 1006 3173 et
1034 3117 1195 3173 etiam
1227 3116 1344 3171 falsi
1374 3116 1598 3183 ﬁdeles;
1628 3117 1725 3173 sed
1746 3118 2055 3188 vigilemus,

461 3204 516 3259 id
545 3211 628 3259 est
656 3204 711 3258 in
742 3204 885 3259 bono
914 3202 1195 3274 Operando
1227 3201 1454 3256 studiosi
1484 3202 1653 3256 simus
1682 3206 1738 3257 et
1784 3202 1974 3268 sobrii,
2007 3202 2062 3255 id

460 3301 543 3348 est
572 3308 680 3347 non
709 3307 897 3347 amore
925 3290 1304 3362 temporalium
1334 3290 1583 3345 inebriati
1612 3291 1810 3345 simus.

534 3381 808 3437 Debemus
828 3380 1052 3452 vigilare
1073 3387 1127 3434 et
1144 3379 1309 3434 sobrii
1331 3395 1473 3444 esse,
1491 3379 1614 3450 quia
1636 3381 1731 3452 qui
1750 3380 2061 3444 dormiunt,

461 3470 513 3526 id
546 3479 630 3526 est
660 3476 993 3541 torpescunt,
1025 3468 1103 3523 illi
1119 3470 1414 3524 dormiunt
1435 3472 1619 3533 nocte,
1658 3466 1713 3522 id
1743 3474 1826 3521 est
1845 3474 2067 3537 propter

462 3567 712 3626 noctem,
767 3558 822 3614 id
868 3566 952 3614 est
1005 3557 1328 3614 densitatem
1367 3564 1716 3628 peccatorum
1772 3556 1827 3610 in
1871 3555 2065 3627 quibus

462 3655 605 3715 sunt,
638 3651 693 3705 et
712 3648 809 3721 qui
827 3651 965 3703 sunt
997 3647 1139 3702 ebrii
1164 3687 1178 3715 ,
1233 3658 1423 3700 amore
1453 3644 1860 3715 temporalium,
1912 3643 2065 3699 obliti

462 3736 786 3801 caelestium,
808 3736 864 3790 hi
885 3740 1023 3791 sunt
1041 3736 1180 3791 ebrii
1200 3738 1385 3799 nocte,
1409 3733 1464 3788 id
1485 3740 1573 3788 est
1590 3740 1811 3803 propter
1830 3741 2066 3802 noctem,

464 3826 521 3880 id
550 3833 635 3881 est
662 3824 825 3896 (sicut
854 3823 1055 3879 dictum
1087 3825 1191 3891 est)
1213 3822 1539 3877 densitatem
1567 3827 1938 3891 peccatorum.
1963 3820 2068 3888 Qui

466 3914 605 3971 ebrii
635 3921 783 3983 sunt,
812 3919 970 3968 nocte
1000 3919 1123 3966 sunt
1152 3910 1310 3978 ebrii,
1343 3910 1441 3964 sed
1470 3925 1573 3964 nos
1604 3910 1700 3981 qui
1728 3925 1925 3964 sumus
1958 3925 2068 3964 non

465 4002 642 4058 noctis
673 4001 771 4057 sed
799 4001 931 4066 diei,
956 4001 1136 4056 simus
1164 3999 1358 4068 sobrii,
1384 3998 1438 4053 id
1468 4005 1550 4054 est
1577 4013 1687 4053 non
1719 4013 1906 4053 amore
1933 4005 2070 4052 tem-

466 4089 735 4163 poralium
759 4089 1035 4145 excaecati.
1069 4089 1276 4155 Simus,
1296 4087 1537 4159 inquam,
1571 4087 1758 4155 sobrii,
1780 4087 1971 4142 induti
1993 4088 2069 4143 lo-

467 4182 651 4237 ricam
678 4179 831 4249 ﬁdei.
862 4179 931 4234 Et
960 4178 1099 4233 bene
1131 4175 1292 4231 ﬁdem
1318 4175 1503 4231 loricae
1532 4175 1899 4246 comparavit,
1942 4174 2071 4245 quia

469 4269 609 4325 sicut
637 4268 690 4323 in
721 4266 888 4323 lorica
917 4265 1070 4321 multi
1098 4265 1247 4321 hami
1276 4272 1402 4320 sunt
1430 4264 1767 4320 concatenati
1796 4263 1848 4318 in
1880 4279 2066 4330 unum,

471 4359 553 4413 sic
602 4356 658 4411 in
700 4355 805 4411 ﬁde
838 4355 1003 4410 multa
1071 4361 1195 4409 sunt
1236 4353 1305 4409 ad
1343 4353 1678 4409 credendum
1735 4350 2067 4415 necessaria,

471 4452 824 4502 concatenata
847 4452 1030 4499 tamen
1050 4442 1105 4498 in
1127 4443 1377 4498 eamdem
1406 4442 1684 4497 unitatem.
1708 4440 1883 4495 Induti
1906 4439 2071 4494 etiam

2136 564 2216 610 est
2247 557 2361 612 sive
2392 557 2500 615 vivi
2524 558 2578 611 in
2608 558 2845 613 adventu
2861 556 3058 612 Christi
3083 557 3286 612 inventi
3307 556 3588 623 fuerimus,
3612 558 3728 613 sive

2135 645 2505 716 dormiamus,
2539 646 2593 701 id
2625 654 2707 700 est
2736 646 2851 701 sive
2872 645 3073 700 mortui
3093 645 3460 701 inveniamur.
3492 648 3732 717 Propter

2137 733 2300 805 quod,
2335 733 2387 787 id
2441 743 2524 789 est
2570 737 2695 806 quia
2753 733 2939 799 ﬁdem,
2974 734 3293 789 cbaritatem
3322 741 3375 788 et
3404 750 3558 804 spem
3587 732 3740 788 dedit

2137 822 2295 875 nobis
2325 821 2381 875 in
2410 822 2824 895 acquisitionem
2857 822 3063 891 salutis,
3088 821 3210 877 ideo
3237 823 3611 878 consolamini
3640 824 3733 877 in-

2140 912 2317 967 vicem
2348 929 2437 967 eos
2484 911 2575 983 qui
2616 919 2885 966 noverunt
2913 911 3051 976 haec,
3084 914 3141 966 et
3202 911 3477 980 wdiﬁeate
3506 912 3734 966 alteru-

2142 1002 2298 1057 trum
2329 1016 2419 1055 eos
2450 999 2542 1071 qui
2571 999 2825 1072 ignorant
2856 1000 3004 1055 sicut
3031 998 3199 1055 credo
3255 998 3401 1070 quod
3430 1014 3527 1053 vos
3554 999 3736 1054 etiam

2139 1088 2351 1158 facitis.

2213 1176 2506 1246 Postquam
2534 1185 2743 1247 partem
2773 1176 3137 1249 perfectorum
3166 1176 3235 1233 de
3281 1174 3387 1230 ﬁde
3417 1182 3470 1230 et
3496 1174 3641 1229 bono
3662 1173 3739 1228 ﬁ-

2142 1263 2230 1318 dei
2262 1264 2391 1317 satis
2429 1264 2778 1329 collaudavit,
2812 1265 3037 1320 alteram
3086 1261 3215 1320 v'ero
3271 1272 3479 1335 partem
3510 1263 3578 1318 de
3607 1278 3734 1318 cor-

2144 1350 2384 1406 rectione
2406 1352 2705 1419 admonuit,
2730 1352 2969 1409 300
2998 1353 3243 1407 subditos
3272 1361 3325 1407 et
3352 1350 3610 1422 praelatos
3639 1350 3744 1406 ab-

2144 1439 2268 1495 hinc
2297 1440 2599 1495 alternatim
2641 1440 2871 1497 aediﬁcat
2900 1441 3171 1512 quomodo
3212 1456 3271 1495 se
3320 1447 3744 1510 contemporare

2144 1526 2376 1582 debeant
2409 1528 2608 1583 subditi
2655 1529 2920 1599 praelatis,
2982 1537 3035 1584 et
3091 1544 3122 1584 e
3177 1543 3466 1596 converso,
3500 1527 3689 1583 dicens
3727 1544 3745 1581 :

2146 1616 2325 1670 Bonos
2354 1616 2423 1671 de
2470 1616 2807 1672 incremento
2851 1618 3103 1672 laborare
3124 1660 3137 1682 ,
3170 1624 3416 1672 errantes
3444 1631 3478 1670 a
3506 1614 3749 1686 peccatis

2148 1703 2419 1759 declinare
2449 1705 2736 1761 admoneo.
2779 1708 2871 1762 Vos
2901 1710 3117 1772 autem,
3150 1708 3384 1777 fratres,
3419 1704 3509 1776 qui
3543 1703 3751 1758 subditi

2148 1793 2297 1861 estis,
2331 1810 2594 1863 rogamus
2624 1799 2687 1850 ut
2718 1795 2986 1852 noveritis
3018 1811 3107 1849 eos
3155 1795 3251 1866 qui
3296 1794 3553 1849 laborant
3585 1794 3750 1847 inter

2149 1898 2261 1946 vos,
2295 1881 2349 1935 id
2380 1889 2483 1948 est,
2516 1881 2792 1951 praelatos,
2843 1882 2933 1954 qui
2964 1881 3283 1951 jejunando,
3318 1880 3528 1935 orando
3556 1888 3609 1935 et
3636 1880 3748 1935 do-

2148 1969 2344 2035 cendo,
2368 1969 2435 2024 de
2467 1970 2640 2025 salute
2672 1978 2855 2025 vestra
2884 1970 3133 2025 laborant
3166 1987 3180 2023 :
3212 1970 3484 2025 noveritis
3514 1968 3661 2034 dicit,
3685 1974 3752 2021 ut

2149 2057 2204 2112 in
2225 2057 2308 2111 his
2342 2057 2536 2128 quibus
2557 2058 2821 2130 indigent,
2840 2058 3150 2113 ministrent
3175 2057 3285 2111 illis
3318 2072 3329 2110 :
3360 2058 3457 2130 qui
3487 2057 3755 2112 laborant

2149 2145 2293 2215 dico,
2327 2150 2385 2201 et
2408 2151 2667 2217 prcesunt
2696 2147 2841 2203 vobis
2870 2149 2932 2201 in
2959 2147 3193 2203 Domino
3226 2145 3305 2201 sic
3325 2144 3667 2215 disponente,
3691 2149 3757 2200 et

2151 2233 2244 2305 qui
2272 2238 2506 2290 monent
2533 2251 2625 2292 vos
2655 2235 2727 2289 ad
2755 2235 3011 2301 meliora;
3035 2250 3144 2290 non
3166 2234 3339 2289 solum
3361 2237 3425 2288 ut
3446 2233 3745 2298 noveritis,

2154 2323 2251 2377 sed
2282 2322 2445 2378 etiam
2474 2327 2537 2378 ut
2568 2323 2957 2378 abundantius
3007 2323 3258 2379 habeatis
3300 2322 3429 2377 illos
3470 2321 3532 2376 in
3561 2321 3760 2376 chari-

2157 2415 2275 2467 tate
2305 2426 2468 2482 quam
2502 2410 2647 2465 soliti
2676 2411 2818 2466 sitis.
2850 2411 2921 2465 Et
2954 2411 3148 2466 habete
3175 2427 3394 2483 pacem,
3426 2408 3481 2462 id
3501 2415 3584 2463 est
3610 2424 3756 2464 con-

2154 2500 2421 2566 cordiam,
2456 2516 2589 2555 cum
2618 2500 2717 2564 eis,
2745 2499 2791 2553 si
2818 2515 2917 2554 vos
2947 2498 3128 2553 acrius
3174 2496 3599 2568 reprehendunt,
3620 2514 3760 2569 pro-

2152 2592 2283 2661 pter
2303 2604 2439 2659 opus
2466 2588 2719 2656 illorum,
2743 2587 2798 2641 id
2821 2595 2903 2642 est
2925 2587 3158 2642 scientes
3182 2586 3305 2657 quia
3325 2586 3403 2641 sic
3424 2584 3593 2657 exigit
3612 2600 3760 2655 opus

2155 2675 2441 2730 ministerii
2469 2675 2682 2730 illorum
2704 2716 2718 2740 ,
2748 2683 2806 2729 ut
2834 2690 2932 2730 vos
2979 2675 3295 2729 aberrantes
3328 2674 3398 2728 ad
3427 2673 3569 2728 viam
3594 2673 3763 2742 justi-

2155 2763 2248 2819 tiae
2281 2764 2627 2834 compellant.
2673 2763 2932 2818 Subditos
2962 2762 3042 2818 sic
3084 2777 3377 2835 rogamus;
3414 2777 3503 2817 vos
3533 2765 3759 2829 autem,

2156 2856 2388 2924 fratres,
2415 2852 2505 2925 qui
2525 2851 2735 2922 praelati
2752 2852 2901 2919 estis,
2926 2866 3188 2921 rogamus
3216 2851 3339 2916 hoc,
3363 2850 3633 2922 corripite
3663 2864 3764 2904 as-

2156 2940 2362 3012 periori
2376 2940 2718 2996 correctione
2746 2938 3117 3011 inquietos,id
3151 2946 3233 2993 est
3262 2939 3510 2994 curiosos
3540 2953 3766 3009 vagan-

2159 3038 2242 3084 tes
2264 3046 2365 3100 per
2381 3029 2595 3097 urbem,
2626 3028 2999 3085 consolamini
3025 3028 3455 3099 pusillanimes,
3499 3026 3766 3097 pusillum

2161 3118 2401 3172 animum
2449 3117 2504 3171 in
2556 3116 2812 3187 passione
2871 3115 3274 3170 tribulationum
3328 3114 3618 3169 habentes.
3661 3114 3771 3169 Vel

2161 3207 2582 3279 pusillanimes,
2606 3204 2660 3259 id
2691 3213 2772 3259 est
2802 3203 3057 3275 pusillam
3088 3202 3469 3259 conﬁdentiam
3497 3203 3565 3257 de
3586 3202 3769 3259 mise-

2163 3293 2391 3349 ricordia
2423 3294 2526 3348 Dei
2556 3293 2831 3358 habendo,
2865 3307 2968 3362 pro
2990 3291 3320 3347 immanitate
3349 3292 3615 3347 scelerum
3657 3292 3773 3347 de-

2164 3389 2489 3453 sperantes;
2524 3382 2795 3453 suscipite
2824 3381 3102 3449 inﬁrmos,
3129 3379 3182 3433 id
3201 3387 3283 3434 est
3305 3394 3401 3435 eos
3419 3379 3513 3450 qui
3531 3376 3773 3436 inﬁrmae

2164 3477 2289 3525 sunt
2312 3468 2457 3535 ﬁdei,
2484 3469 2554 3523 de
2588 3468 2988 3523 resurrectione
3009 3467 3382 3537 desperantes,
3407 3465 3666 3537 suscipite
3697 3467 3774 3523 ad

2165 3557 2464 3613 sanandam
2496 3556 2865 3611 inﬁrmitatem
2903 3555 3057 3620 ﬁdei,
3090 3556 3229 3611 sicut
3266 3555 3511 3610 medicus
3539 3555 3776 3627 suscipit

2165 3653 2453 3718 aegrotum.
2477 3646 2543 3700 Et
2567 3649 2741 3701 estote
2766 3645 3049 3715 patientes
3067 3643 3138 3699 ad
3159 3659 3370 3709 omnes,
3386 3651 3439 3698 et
3460 3642 3527 3697 ad
3555 3641 3780 3713 inquie-

2165 3742 2271 3800 tos,
2292 3742 2344 3789 et
2365 3734 2434 3787 ad
2454 3732 2850 3803 pusillanimes,
2871 3740 2920 3786 et
2941 3731 3009 3785 ad
3047 3726 3310 3796 inﬁrmos,
3340 3747 3431 3798 ne,
3463 3730 3509 3785 si
3539 3738 3774 3786 contra-

2165 3822 2372 3887 dicunt,
2408 3820 2701 3877 conferatis
2731 3820 2855 3875 ideo
2879 3835 3070 3873 manus
3099 3819 3167 3873 ad
3214 3818 3468 3888 litigium.
3506 3818 3777 3874 Dicerent

2167 3910 2279 3964 illi:
2305 3910 2548 3964 Patimur
2568 3907 2785 3979 quidem
2818 3907 2961 3975 illos,
2995 3907 3090 3961 sed
3122 3922 3233 3962 non
3262 3906 3405 3961 ultra
3445 3905 3773 3962 docebimus

2169 4014 2284 4053 eos.
2305 3998 2388 4052 Ad
2410 3998 2525 4052 haec
2554 3996 2750 4050 Paulus
2773 4012 2787 4049 :
2807 3998 2999 4051 Estote
3018 3997 3322 4067 patientes,
3353 4001 3406 4049 et
3434 3993 3489 4049 in
3510 3994 3774 4065 patiendo

2168 4087 2350 4143 videte
2372 4102 2444 4141 ne
2473 4087 2595 4157 quis
2613 4085 2811 4140 reddat
2834 4084 3012 4139 alicui
3033 4084 3254 4138 malum
3282 4099 3383 4155 pro
3402 4084 3573 4148 malo,
3589 4082 3774 4137 subti-

2170 4182 2355 4229 centes
2387 4173 2611 4228 verbum
2643 4171 3039 4237 instructionis,
3071 4170 3195 4225 licet
3221 4170 3377 4242 prius
3422 4169 3777 4241 impatienter

2170 4263 2433 4327 auditum,
2458 4262 2552 4317 sed
2571 4276 2794 4332 semper
2812 4259 3113 4316 sectamini
3132 4258 3189 4315 id
3204 4259 3346 4331 quod
3366 4259 3571 4315 bonum
3588 4262 3695 4325 est,
3716 4258 3775 4313 id

2172 4358 2255 4405 est
2286 4350 2412 4405 utile
2434 4350 2500 4403 ad
2524 4349 2934 4405 instructionem
2954 4347 3238 4403 Ecclesiae.
3265 4345 3556 4403 Sectamini
3572 4346 3699 4402 dico
3722 4354 3778 4402 et

2171 4439 2435 4503 invicem,
2463 4438 2518 4492 id
2547 4445 2629 4492 est
2656 4437 2797 4491 inter
2826 4452 2924 4492 vos
2954 4437 3009 4490 in
3030 4434 3301 4501 Ecclesia,
3325 4439 3382 4490 et
3401 4434 3560 4489 etiam
3580 4441 3774 4488 trans-

467 4533 701 4591 loricam
723 4533 1025 4590 charitatis
1042 4548 1147 4604 qua
1167 4533 1342 4588 Deum
1357 4531 1649 4602 diligamus
1670 4537 1723 4585 et
1742 4528 2071 4600 proximum,
2101 4533 2153 4593 D
2174 4527 2354 4600 eundo
2384 4529 2446 4582 in
2470 4542 2683 4592 omnes,
2704 4525 2952 4580 docendo
2974 4524 3138 4579 etiam
3160 4522 3427 4578 inﬁdeles.
3448 4523 3515 4577 Et
3528 4538 3770 4594 semper,

472 4623 653 4678 securi
682 4623 853 4678 simus
888 4637 899 4675 :
936 4629 987 4676 et
1034 4621 1175 4676 bene
1223 4620 1451 4691 protecti
1481 4618 1589 4674 ﬁde
1619 4626 1671 4673 et
1712 4616 1975 4673 cbaritate
2004 4615 2074 4670 ad

473 4728 694 4769 omnem
743 4712 1007 4782 impetum
1057 4709 1309 4765 hostium.
1360 4709 1429 4763 Et
1458 4708 1629 4763 induti
1657 4708 1881 4777 galeam
1908 4707 2071 4771 hanc,

471 4802 682 4858 scilicet
709 4816 866 4873 spem
889 4799 1082 4856 futurae
1121 4799 1346 4864 salutis,
1374 4804 1433 4851 ut
1462 4796 1603 4852 sicut
1633 4794 1796 4867 galea
1841 4794 2080 4867 protegit

475 4897 659 4960 caput,
689 4888 768 4943 ita
801 4903 957 4943 mens
1001 4895 1191 4943 nostra
1238 4901 1337 4958 spe
1386 4883 1578 4939 futurae
1601 4882 1954 4938 beatitudinis
1983 4882 2081 4937 ob-

479 4978 755 5033 volvatur.
790 4977 1071 5033 Debemus
1101 4990 1323 5048 sperare
1354 4972 1606 5039 salutem,
1640 4971 1909 5044 quoniam
1936 4973 2083 5026 Deus

478 5084 595 5123 non
611 5066 799 5139 posuit
821 5082 922 5121 nos
943 5068 1007 5122 in
1028 5066 1196 5129 iram,
1220 5062 1276 5117 id
1294 5069 1377 5118 est
1397 5061 1453 5115 in
1472 5060 1855 5131 perditionem,
1877 5059 1974 5115 sed
1993 5074 2084 5130 po-

481 5155 587 5210 suit
615 5171 714 5210 nos
744 5155 801 5210 in
829 5153 1147 5225 praemissis,
1179 5150 1306 5219 ﬁde,
1340 5149 1605 5205 cbaritate
1634 5156 1688 5203 et
1717 5164 1815 5218 spe
1840 5191 1856 5214 ,
1891 5150 1955 5203 in
1983 5164 2083 5203 ac-

480 5245 845 5318 quisitionem
885 5242 1091 5297 salutis
1115 5281 1129 5309 ,
1180 5239 1236 5294 id
1281 5246 1364 5293 est
1392 5245 1452 5292 ut
1478 5254 1577 5308 per
1604 5238 1709 5293 hoc
1736 5236 2084 5309 acquiramus

483 5340 803 5405 perpetuam
847 5330 1094 5385 salutem.
1147 5326 1346 5382 Salutis
1375 5326 1497 5381 dico
1525 5325 1817 5395 habendae,
1846 5342 1948 5398 per
1978 5326 2083 5379 Do-

480 5423 705 5477 minum
752 5422 1008 5475 nostrum
1058 5418 1246 5472 Iesum
1298 5414 1602 5470 Christum.
1646 5413 1802 5468 Ponit
1831 5413 2086 5469 meritum

485 5507 706 5573 Christi,
741 5522 847 5577 quo
877 5504 1040 5559 istam
1068 5503 1301 5559 salutem
1330 5503 1490 5558 nobis
1510 5502 1828 5573 promeruit,
1852 5503 2044 5559 dicens
2071 5516 2082 5555 :

488 5597 593 5675 Qui
623 5593 869 5650 Christus
890 5597 1149 5649 mortuus
1178 5596 1261 5650 est
1280 5609 1378 5667 pro
1400 5592 1576 5659 nobis,
1609 5594 1675 5650 ut
1705 5607 1807 5650 nos
1838 5594 2089 5649 vivamus

2175 4616 2290 4670 sive
2321 4615 2431 4686 pati
2462 4621 2735 4685 Oporteat,
2769 4614 2885 4669 sive
2913 4628 3044 4678 non,
3076 4611 3334 4682 gaudete,
3367 4615 3425 4667 et
3461 4614 3620 4666 orate
3645 4611 3773 4665 sine

2176 4704 2601 4760 intermissione
2652 4701 3137 4758 determinatorum
3190 4700 3481 4765 horarum,
3526 4705 3585 4753 ut
3621 4706 3776 4755 certa

2181 4800 2431 4863 tempora
2460 4790 2719 4846 orationis
2766 4806 2876 4845 non
2930 4788 3245 4860 negligatis.
3279 4787 3417 4853 Vel,
3449 4791 3606 4843 orate
3648 4789 3777 4842 sine

2179 4881 2624 4944 intermissione,
2641 4886 2698 4933 ut
2727 4878 2843 4934 sive
2863 4877 3167 4944 dormiatis,
3202 4876 3317 4931 sive
3341 4874 3601 4948 vigiletis,
3621 4890 3775 4929 sem-

2181 4985 2279 5041 per
2307 4968 2494 5025 oretis.
2541 4968 2626 5037 Et,
2649 4967 2799 5037 juxta
2828 4967 2970 5022 hanc
3002 4964 3354 5032 sententiam,
3386 4963 3573 5019 dicunt
3600 4960 3777 5018 sancti

2182 5057 2333 5112 illum
2363 5071 2582 5127 semper
2625 5071 2747 5110 esse
2777 5054 2833 5108 in
2861 5054 3110 5108 oratione
3141 5052 3232 5124 qui
3261 5052 3319 5106 in
3347 5051 3497 5106 nullo
3526 5049 3773 5114 offendit,

2184 5145 2303 5211 sed,
2340 5144 2455 5200 sive
2483 5142 2691 5216 vigilet,
2728 5142 2843 5198 sive
2867 5140 3126 5207 dormiat,
3160 5155 3376 5210 semper
3404 5138 3475 5193 ad
3503 5138 3777 5194 Christum

2185 5232 2421 5288 anhelat.
2455 5234 2523 5287 Et
2555 5233 2617 5287 in
2640 5231 2896 5287 omnibus
2926 5244 3264 5300 quaecunque
3294 5227 3490 5292 facitis,
3523 5226 3610 5281 vel
3640 5225 3781 5280 dici-

2186 5322 2273 5388 tis,
2298 5322 2451 5393 agite
2480 5321 2696 5390 gratias
2714 5320 2842 5384 Deo,
2871 5318 2985 5372 sive
3016 5316 3326 5371 incumbant
3363 5315 3612 5381 adversa,
3665 5314 3779 5369 sive

2186 5410 2531 5465 demulceant
2556 5424 2653 5464 vos
2682 5421 2967 5479 praspera.
2992 5406 3157 5461 Orate
3175 5413 3229 5459 et
3248 5404 3393 5476 agite
3410 5403 3631 5477 gratias,
3654 5402 3783 5474 quia

2190 5499 2451 5554 voluntas
2478 5498 2580 5553 Dei
2622 5496 2737 5551 haec
2769 5499 2855 5549 est
2878 5496 2939 5550 in
2997 5494 3257 5549 omnibus
3288 5493 3436 5548 vobis
3459 5510 3477 5546 :
3508 5499 3565 5545 ut
3589 5507 3782 5546 omnes

2190 5586 2355 5645 oretis
2384 5593 2438 5641 et
2467 5584 2644 5656 agatis
2674 5582 2896 5656 gratias.
2920 5584 3019 5637 Est
3037 5581 3160 5639 dico
3190 5582 3254 5636 in
3298 5580 3519 5636 Christo
3540 5581 3694 5651 Iesu,
3727 5578 3783 5633 id
