3932 6420
238 382 341 436 H3

829 376 1207 434 EXPOSITIO
1245 377 1321 433 IN
1357 375 1737 434 EPISTOLAS
1776 376 2002 434 PAULI.
2030 408 2100 420 —
2129 379 2204 435 IN
2239 379 2460 436 EPIST.
2501 380 2550 434 II
2586 381 2680 435 AD
2719 380 2966 437 THESS.

3455 384 3558 438 414

240 511 324 559 est
351 505 404 558 in
436 503 779 560 institutione
815 502 1012 558 Christi
1039 503 1186 567 Jesu,
1221 517 1454 574 cumque
1485 502 1553 556 sit
1585 501 1848 556 institutio
1869 506 1921 564 Α
1953 503 2180 574 potestis
2217 523 2231 570 ;
2265 506 2382 576 ipse
2409 509 2602 561 autem
2650 507 2796 562 Deus
2837 507 2999 579 pacis
3038 505 3287 577 perficiat
3315 505 3369 561 iu
3401 506 3558 562 vobis

248 592 346 647 Dei
375 591 654 659 voluntas,
703 599 912 663 oportet
959 607 1137 658 orare,
1189 591 1400 664 gratias
1448 607 1634 661 agere.
1688 589 1847 658 Quod

249 681 322 735 ibi
350 681 425 735 ait
451 698 463 734 :
497 682 734 753 Semper
759 680 1014 752 gaudete,
1050 687 1178 745 etc.,
1213 680 1280 733 ad
1310 679 1564 750 praelatos
1595 686 1805 749 spectat
1831 697 1844 745 ;

250 777 301 824 et
330 769 398 822 ad
429 769 698 836 subditos,
733 784 921 824 omnes
949 767 1189 840 gaudete
1221 775 1272 822 et
1301 771 1479 823 orate.
1505 768 1616 822 Vos
1645 776 1845 833 autem,

251 858 478 930 praelati,
503 859 684 914 nolite
704 860 1066 927 exstinguere
1093 858 1392 928 Spiritum,
1416 864 1474 910 ut
1497 872 1558 911 ea
1581 873 1700 928 qua:
1723 855 1849 927 Spi-

252 947 387 1001 ritus
435 953 660 1002 sanctus
709 945 1098 1000 ministraverit
1129 945 1380 1009 subditis,
1415 945 1726 1001 occultetis.
1783 945 1852 998 Et

253 1052 371 1102 vos,
389 1035 595 1090 subditi
613 1037 790 1091 nolite
803 1050 1067 1105 spernere
1084 1033 1429 1106 prOphetias,
1453 1034 1507 1088 id
1533 1041 1616 1089 est
1635 1033 1852 1088 revela-

251 1124 428 1179 tiones
458 1123 881 1195 Scripturarum,
916 1126 1087 1178 factas
1117 1122 1271 1178 vobis
1294 1138 1326 1177 a
1346 1121 1604 1192 praelatis.
1629 1122 1696 1176 Et
1726 1121 1853 1177 licet

253 1213 431 1268 dicam
462 1213 640 1268 nolite
671 1228 957 1283 spernere,
991 1219 1175 1266 tamen
1205 1213 1397 1267 omnia
1415 1211 1667 1282 probate,
1692 1210 1747 1264 id
1771 1218 1854 1264 est

252 1300 616 1373 probabiliter
643 1300 796 1372 prius
844 1299 1210 1366 considerate,
1246 1315 1316 1354 ne
1346 1299 1673 1355 admistione
1705 1299 1856 1355 falsi-

255 1390 380 1444 tatis
409 1388 775 1460 decipiamini.
808 1389 874 1443 Et
905 1397 1192 1460 postquam
1223 1387 1610 1459 probaveritis,
1669 1393 1853 1445 tenete

1947 591 2162 663 illudjin
2195 609 2302 664 quo
2330 593 2582 660 delicitis,
2618 593 2823 650 scilicet
2855 596 3184 664 sanctiﬁcet
3201 612 3293 651 vos
3314 611 3417 667 per
3438 610 3557 651 om-

1948 680 2055 746 nia,
2090 688 2142 734 et
2171 681 2222 734 in
2259 681 2684 738 sanctificatione
2734 683 2800 736 ab
2849 699 2915 738 eo
2962 683 3092 737 data
3137 701 3236 739 vos
3266 693 3557 741 conservet

1949 779 2389 839 perseveranter.
2427 769 2584 839 Quod
2613 771 2682 825 ita
2713 771 2784 825 ait
2816 788 2828 825 :
2861 773 3195 842 Sanetiﬁcet
3215 778 3401 838 vos,et
3431 791 3555 830 ser-

1949 861 2116 913 vetur
2145 859 2387 930 integer,
2426 859 2481 913 id
2508 867 2589 914 est
2613 875 2720 915 non
2745 868 3038 931 corruptus
3059 861 3237 933 aliqua
3259 862 3384 918 tabe
3404 863 3552 929 mali,

1950 947 2186 1020 spiritus
2215 951 2418 1012 vester,
2452 947 2506 1001 id
2539 956 2621 1002 est
2653 949 2788 1003 ratio
2819 957 3028 1014 vestra,
3062 967 3131 1005 ne
3162 951 3290 1006 velit
3319 967 3557 1007 consen-

1952 1036 2056 1090 tire
2089 1036 2450 1101 sensualitati,
2502 1041 2557 1093 et
2607 1039 2825 1101 anima,
2878 1038 2934 1093 id
2985 1047 3068 1093 est
3111 1040 3454 1106 sensualitas,
3491 1058 3562 1098 ne

1951 1129 2090 1180 male
2121 1125 2346 1180 suadeat
2364 1125 2583 1192 rationi,
2608 1131 2665 1182 et
2687 1143 2887 1199 corpus
2910 1136 3156 1184 servetur
3171 1129 3293 1185 sine
3306 1131 3556 1202 querela,

1953 1229 2023 1268 ne
2053 1214 2323 1285 polluatur
2352 1231 2518 1285 opere
2569 1215 2857 1284 cujuslibet
2896 1216 3261 1288 turpitudinis.
3294 1219 3563 1274 Servetur

1954 1302 2078 1357 dico
2137 1305 2220 1369 in,
2247 1303 2300 1357 id
2331 1311 2414 1358 est
2472 1320 2664 1376 usque,
2695 1305 3022 1371 adventum,
3056 1306 3142 1360 vel
3185 1308 3248 1361 in
3290 1308 3558 1374 adventu,

1955 1391 2011 1445 id
2037 1391 2196 1446 estin
2218 1392 2658 1447 consideratione
2681 1393 2950 1449 adventus
2973 1395 3200 1450 Domini
3220 1397 3410 1453 nostri
3429 1398 3564 1453 Jesu

256 1478 393 1533 illud
423 1478 564 1550 quod
612 1479 837 1543 bonum,
888 1477 941 1532 id
977 1484 1061 1532 est
1088 1475 1218 1532 utile
1249 1480 1350 1542 est,
1376 1484 1426 1530 et
1455 1478 1734 1533 abstinete
1763 1493 1856 1534 vos
1960 1481 2189 1536 Christi.
2221 1480 2453 1536 301
2490 1482 2655 1538 Orate
2671 1489 2723 1536 et
2741 1490 2937 1538 caetera
2963 1499 3084 1555 qua:
3105 1492 3405 1555 sequuntur
3421 1484 3563 1541 faci-

253 1583 370 1622 non
398 1566 573 1621 solum
604 1567 675 1621 ab
706 1581 772 1621 eo
803 1565 946 1637 quod
960 1565 1158 1619 malum
1181 1572 1283 1630 est,
1312 1564 1408 1620 sed
1430 1564 1593 1619 etiam
1614 1566 1680 1622 ab
1701 1568 1857 1622 omni
1957 1577 2027 1636 te,
2062 1569 2189 1640 quia
2207 1569 2390 1637 ﬁdelis
2410 1574 2491 1625 est
2523 1571 2670 1626 Deus
2699 1571 2794 1642 qui
2824 1587 2914 1627 vos
2929 1589 3032 1644 per
3049 1574 3296 1644 gratiam
3327 1575 3563 1642 vocavit,

253 1658 441 1730 specie
471 1656 644 1722 mala,
695 1655 749 1708 id
779 1661 861 1709 est
911 1654 979 1708 ab
1009 1669 1075 1708 eo
1105 1654 1253 1726 quod
1290 1652 1530 1726 aliquam
1562 1653 1858 1727 imaginem
1957 1654 2053 1725 qui
2077 1654 2251 1708 etiam
2275 1654 2472 1724 faciet,
2497 1653 2552 1708 id
2583 1662 2665 1708 est
2693 1654 2748 1708 in
2777 1654 2934 1710 vobis
2962 1657 3379 1723 consummabit,
3413 1657 3468 1711 id
3496 1659 3566 1712 ad

251 1745 383 1800 mali
413 1744 624 1809 retinet,
657 1742 870 1798 etiarnsi
916 1742 1117 1797 malum
1169 1742 1256 1797 sit.
1291 1742 1422 1797 Ideo
1465 1743 1698 1798 maxime
1728 1743 1861 1798 dixit
1959 1742 2107 1812 quod
2137 1741 2312 1797 vocati
2345 1742 2497 1797 estis.
2547 1743 2662 1797 Nos
2706 1742 2779 1797 ita
2807 1743 3118 1799 laboramus
3147 1760 3249 1815 pro
3281 1745 3454 1811 vobis,
3490 1754 3563 1816 et,

257 1851 293 1888 a
321 1833 505 1905 specie
548 1833 725 1898 mala,
761 1831 889 1903 quia
916 1831 993 1884 illi
1041 1830 1285 1886 haeretici
1331 1831 1649 1886 mutuabant
1698 1847 1859 1888 voces
1880 1866 1932 1926 B
1960 1845 2078 1895 vos,
2111 1834 2344 1901 fratres,
2378 1835 2535 1887 orate
2550 1847 2655 1903 pro
2677 1832 2852 1896 nobis,
2879 1837 2936 1888 et
2956 1834 3208 1890 salutate
3234 1849 3428 1890 omnes
3447 1838 3569 1906 fra-

254 1919 406 1990 ﬁdei,
437 1929 495 1975 ut
523 1936 626 1991 per
651 1919 1085 1993 aaquipollentias
1114 1935 1332 1986 vocum,
1365 1919 1643 1990 simplices
1673 1921 1859 1976 trahe-
1880 1919 1928 1926 ’⁷
1966 1923 2082 1975 tres
2112 1935 2178 1974 ex
2204 1919 2495 1975 dilectione
2545 1928 2728 1976 nostra
2775 1923 2838 1976 in
2868 1923 3056 1978 osculo
3086 1926 3306 1989 sancto,
3346 1931 3402 1978 ut
3431 1923 3568 1979 alter

258 2017 385 2065 rent
413 2009 467 2064 in
498 2024 757 2066 errorem.
793 2009 923 2074 Vos,
957 2007 1167 2080 praelati
1198 2016 1251 2063 et
1281 2008 1502 2076 subditi,
1537 2008 1694 2064 facite
1716 2009 1861 2081 quod
1964 2009 2240 2065 osculetur
2269 2008 2520 2064 alterum.
2881 2025 2884 2027 λ

258 2161 3564 2195 m

719 2293 1214 2353 ARGUMENTUM
1251 2295 1326 2350 IN
1361 2291 1760 2352 EPISTOLAM
1799 2292 2184 2351 SECUNDAM
2222 2294 2316 2350 AD
2355 2293 3094 2352 THESSALONICENSES.
3139 2253 3144 2258 κ

329 2477 417 2532 Ad
447 2474 972 2531 Thessalonicenses
1002 2474 1299 2531 secundam
1320 2473 1521 2546 scribit
1550 2471 1851 2546 Epistolam
1873 2472 2182 2546 Apostolus,
2220 2481 2272 2529 et
2299 2481 2486 2530 notum
2519 2473 2644 2530 facit
2673 2473 2753 2530 eis
2782 2474 2850 2530 de
2869 2474 3205 2546 temporibus
3230 2475 3566 2544 novissimis,

261 2557 317 2675 el:
340 2549 413 2603 de
441 2546 749 2603 adversarii
781 2546 1104 2617 dejectione.
1152 2545 1352 2603 Scribit
1395 2546 1531 2603 hanc
1577 2545 1880 2618 Epistolam
1934 2545 2004 2600 ab
2034 2546 2262 2601 Athenis
2292 2562 2389 2618 per
2415 2547 2592 2602 Titum
2622 2545 2908 2604 diaconum
2939 2545 2999 2601 et
3021 2546 3338 2603 Onesimum
3376 2549 3568 2620 acoly-

261 2630 280 2675 ι
319 2636 441 2675 um.

260 2630 414 2676 thum
428 2659 441 2674 .

1125 2906 1571 2972 PROLOGUS
1612 2908 1688 2972 B.
1735 2906 2158 2971 BRUNONIS
2200 2905 2285 2968 IN
2327 2906 2704 2967 EAMDEM.

333 3101 492 3156 Hanc
513 3099 708 3154 iterum
731 3096 1033 3168 Epistolam
1054 3096 1239 3152 scribit
1257 3095 1866 3162 Thessalonicensibus;
1892 3101 1938 3162 ο
1970 3094 2096 3152 Ideo
2127 3094 2292 3150 etiam
2321 3094 2464 3151 hanc
2495 3094 2694 3150 iterum
2726 3094 2964 3166 scripsit,
3015 3094 3142 3167 quia
3174 3094 3250 3151 illi
3282 3095 3486 3153 curiosi
3518 3105 3572 3154 et

261 3189 385 3244 ideo
416 3189 548 3261 quia
565 3188 624 3242 in
652 3185 986 3258 praecedenti
1004 3185 1235 3256 epistola
1263 3201 1329 3240 ex
1356 3184 1537 3240 verbis
1568 3184 1742 3249 Pauli,
1781 3183 1873 3238 ubi
1976 3184 2136 3240 otiosi
2165 3201 2274 3240 non
2306 3185 2375 3239 ad
2406 3184 2694 3256 imperium
2725 3184 2876 3239 Pauli
2906 3184 3123 3240 fuerant
3152 3186 3408 3241 correcti.
3431 3186 3575 3243 Scri-

264 3279 480 3333 dixerat
515 3294 528 3331 :
559 3291 662 3332 nos
680 3277 778 3348 qui
807 3276 1045 3331 vivimus
1072 3277 1363 3347 rapiemur
1391 3274 1606 3331 obviam
1636 3275 1873 3330 Domino

263 3368 324 3422 in
346 3383 508 3433 aera,
542 3374 683 3431 etc.,
719 3372 1063 3436 sumpserant
1091 3365 1230 3420 hanc
1261 3363 1626 3435 suspicionem
1659 3370 1712 3418 et
1742 3363 1877 3434 ipsis

266 3457 580 3512 viventibus
619 3453 858 3509 futurum
908 3461 1162 3525 putarent
1190 3453 1580 3508 Antichristum
1620 3452 1876 3524 diemque

258 3545 473 3616 judicii.
515 3544 668 3600 Unde
698 3551 751 3598 et
782 3543 1072 3614 plurimum
1101 3549 1252 3597 erant
1279 3542 1572 3613 perterriti.
1608 3541 1715 3596 Sed
1747 3541 1875 3613 quia

262 3635 471 3690 malum
503 3640 620 3690 erat
639 3648 734 3688 eos
766 3632 834 3687 de
874 3630 1108 3689 falsitate
1140 3631 1357 3696 terreri,
1385 3630 1647 3701 judicavit
1677 3630 1876 3686 Paulus

267 3723 392 3779 ideo
422 3723 624 3778 iterum
673 3721 913 3777 scribere
957 3720 1057 3782 eis,
1087 3736 1157 3775 ne
1210 3721 1255 3775 si
1287 3735 1397 3775 non
1426 3719 1876 3775 determinaretur

267 3813 382 3869 haec
416 3810 774 3884 ambiguitas,
807 3811 938 3865 dum
963 3816 1087 3881 post
1115 3809 1234 3865 dies
1266 3808 1418 3864 Pauli
1440 3808 1745 3865 invenirent
1765 3824 1876 3864 non

264 3901 569 3975 contigisse
599 3899 746 3971 quod
779 3899 1006 3954 Paulum
1036 3898 1300 3970 putabant
1328 3898 1409 3954 sic
1438 3897 1760 3969 praedixisse
1778 3939 1792 3967 ,
1823 3905 1877 3953 et

266 3990 320 4044 in
351 3991 459 4046 hoc
493 3998 550 4045 et
581 3989 637 4043 in
665 3989 919 4044 omnibus
939 4003 1061 4060 quae
1091 3987 1370 4053 docuerat,
1405 3994 1702 4060 arguerent
1728 3988 1876 4042 Pau-

271 4079 381 4133 lum
413 4079 484 4135 de
515 4077 823 4142 mendacio,
859 4084 912 4132 et
960 4077 1039 4132 sic
1081 4093 1112 4130 a
1155 4075 1242 4132 via
1271 4076 1540 4143 veritatis,
1575 4091 1741 4147 quam
1771 4075 1877 4130 illis

269 4168 596 4232 tradiderat,
648 4166 982 4221 recederent.
1036 4167 1304 4221 Praeterea
1349 4165 1498 4220 aliud
1557 4164 1761 4220 malum
1812 4180 1878 4220 ex

273 4256 373 4313 hac
403 4256 689 4312 dubietate
720 4263 904 4325 posset
933 4255 1252 4328 contingere
1280 4261 1338 4308 ut
1397 4254 1442 4308 si
1495 4254 1740 4321 Satanas,
1799 4253 1879 4309 vi-

283 4346 418 4400 dens
465 4345 594 4401 illos
624 4343 910 4400 c‘redentes
949 4343 1003 4397 in
1051 4343 1303 4415 proximo
1333 4343 1567 4398 futurum
1591 4342 1875 4412 judicium,

275 4435 596 4490 ostenderet
636 4449 696 4488 se
725 4432 782 4488 in
812 4448 938 4488 aere
981 4433 1302 4507 insignitum
1349 4432 1674 4498 diademate,
1707 4448 1877 4504 seque

275 4523 548 4578 Christum
607 4522 916 4578 venientem
945 4523 1014 4577 ad
1056 4523 1317 4591 judicium
1347 4537 1632 4588 asserens,
1667 4520 1879 4577 falleret

276 4612 823 4675 Thessalonicenses,
856 4611 922 4666 de
953 4612 1149 4684 quibus
1178 4611 1550 4683 pervertendis
1580 4619 1728 4666 tanto
1758 4626 1878 4664 am-

277 4701 414 4771 plius
445 4700 740 4757 laborabat
770 4709 967 4771 quanto
998 4717 1092 4757 eos
1121 4700 1481 4773 perfectiores
1503 4715 1624 4755 esse
1646 4699 1876 4765 sciebat,

276 4789 381 4856 vel,
411 4790 468 4844 in
500 4789 739 4845 somniis
771 4791 1106 4860 apparando,
1141 4805 1236 4848 eos
1267 4791 1320 4846 in
1343 4790 1535 4846 eodem
1553 4787 1875 4846 ludificaret.

1972 3270 2082 3343 psit
2110 3270 2303 3325 iterum
2335 3269 2479 3336 ideo,
2535 3269 2662 3342 quia
2690 3271 3100 3342 persecutiones
3147 3271 3215 3326 ad
3263 3271 3576 3342 patientiam

1975 3375 2206 3432 quarum
2261 3374 2355 3415 eos
2411 3359 2467 3414 in
2512 3359 2680 3431 priori
2710 3367 3039 3427 armaverat,
3074 3360 3316 3415 nondum
3353 3359 3575 3417 defece-

1977 3458 2100 3504 rant
2132 3469 2145 3516 ;
2175 3449 2273 3505 sed
2304 3447 2555 3504 fortassis
2605 3457 2967 3522 augmentatae
3017 3448 3249 3504 fuerant.
3294 3450 3422 3506 Haec
3451 3451 3573 3519 tria,

1973 3539 2405 3611 persecutiones,
2464 3538 2608 3593 diem
2651 3539 2861 3608 judicii,
2924 3548 2976 3594 et
3028 3538 3152 3593 illos
3210 3539 3572 3608 incorrectos,

1974 3628 2260 3684 materiam
2290 3627 2492 3692 habuit,
2527 3629 2792 3683 armando
2824 3643 2919 3683 eos
2965 3627 3034 3682 ad
3063 3627 3321 3698 patienda
3369 3629 3574 3697 omnia,

1974 3717 2270 3774 ostendens
2293 3717 2453 3786 justis
2482 3715 2718 3790 gloriam
2748 3717 2840 3789 qui
2865 3717 3214 3783 tribulantur,
3247 3733 3452 3789 eosque
3477 3718 3576 3772 tri-

1975 3805 2286 3861 bulantibus
2310 3805 2543 3861 futuram
2565 3805 2990 3861 damnationem.
3015 3806 3393 3862 Determinans
3417 3807 3578 3862 etiam

1976 3895 2139 3952 certis
2173 3903 2226 3952 et
2254 3894 2597 3950 evidentibus
2625 3895 2798 3967 signis
2828 3895 3061 3950 futuram
3094 3895 3239 3950 diem
3263 3895 3474 3965 judicii.
3511 3897 3580 3951 Il-

1976 3985 2167 4057 losque
2197 3985 2534 4041 incorrectos
2565 3984 2887 4057 praecipiens
2917 4001 2948 4039 a
2978 3984 3361 4041 communione
3390 3985 3582 4042 Eccle-

1978 4075 2073 4130 sia:
2131 4074 2483 4146 sequestrari,
2541 4090 2652 4131 non
2704 4083 2881 4130 tamen
2908 4075 3020 4143 jam
3053 4075 3153 4140 eis,
3206 4075 3303 4130 sed
3334 4075 3580 4132 scribens

1976 4164 2240 4220 Ecclesia:
2270 4164 2339 4218 de
2397 4163 2524 4218 illis.
2587 4164 2664 4218 Ea
2707 4163 2891 4235 utique
2921 4163 3222 4220 intentione
3267 4163 3344 4219 sic
3384 4164 3496 4238 agit
3524 4172 3581 4220 ut

1978 4252 2071 4326 qui
2094 4253 2372 4325 patiuntur
2401 4268 2503 4323 pro
2534 4252 2752 4308 Christo
2801 4260 3219 4323 perseverantes
3269 4253 3370 4307 sint
3403 4253 3456 4307 in
3486 4270 3582 4325 pa-

1977 4341 2184 4411 tiendo,
2218 4349 2269 4396 et
2300 4341 2393 4413 qui
2425 4341 2597 4396 territi
2627 4348 2785 4396 erant
2824 4341 3288 4413 pr0pinquitatem
3331 4348 3583 4412 putantes

1906 4430 2183 4529 1)judicii,
2218 4446 2326 4486 non
2357 4436 2664 4485 terreantur
2694 4430 2762 4484 de
2788 4429 3022 4484 falsitate
3058 4447 3069 4485 :
3107 4437 3158 4484 et
3181 4430 3271 4502 qui
3300 4430 3478 4487 adhuc
3508 4431 3584 4486 iu-

1981 4519 2208 4576 correcti
2240 4518 2474 4588 fuerant,
2510 4517 2704 4574 saltem
2767 4518 3160 4588 erubescendo,
3194 4535 3253 4574 se
3287 4535 3317 4572 a
3346 4534 3585 4576 commu-

1980 4610 2143 4664 nione
2187 4609 2414 4664 aliorum
2457 4608 2733 4680 projectos
2782 4606 3126 4678 resipiscant.
3190 4607 3582 4666 Salutationem

1979 4697 2320 4770 pramittens
2351 4697 2426 4754 ait
2461 4716 2480 4778 ;Δ
2877 4713 2892 4720 ί

956 5108 1450 5194 EPISTOLA
1515 5109 1580 5193 Il
1647 5110 1773 5193 AD
1833 5041 2886 5195 THESSALONICENSES.

799 5299 1020 5358 CAPUT
1057 5303 1357 5358 PRIMUM.

358 5413 378 5442 ι
421 5390 620 5446 Paulus
669 5396 726 5444 et
783 5387 1028 5445 Silvanus
1082 5399 1136 5446 et
1193 5391 1545 5460 Timotheus,
1623 5391 1887 5448 Ecclesia!

291 5504 309 5525 ι
345 5476 920 5535 Thessalonicensium
949 5480 1004 5534 in
1034 5481 1149 5535 Deo
1179 5481 1335 5535 Patre
1357 5490 1546 5537 nostro
1569 5491 1622 5537 et
1653 5481 1886 5538 Domino

294 5590 314 5618 ι
349 5569 473 5624 Jesu
500 5569 746 5625 Christo.
783 5566 972 5623 Gratia
1002 5569 1157 5624 vobis
1188 5577 1241 5624 et
1262 5586 1368 5640 pax
1398 5586 1430 5625 a
1458 5572 1574 5626 Deo
1606 5572 1758 5627 Patre
1789 5586 1886 5626 no-

291 5678 310 5707 ι
345 5667 455 5713 stro
485 5667 536 5713 et
568 5655 811 5713 Domino
863 5659 989 5712 Jesu
1039 5659 1275 5714 Christo.
1337 5659 1553 5714 Gratias
1585 5675 1751 5732 agere
1783 5660 1886 5714 de-

293 5770 311 5792 ιι
348 5747 531 5804 bemus
567 5761 794 5818 semper
824 5744 935 5802 Deo
980 5764 1080 5820 pro
1110 5747 1286 5817 vobis,
1321 5747 1536 5816 fratres,
1593 5749 1666 5804 ita
1711 5757 1768 5804 ut
1797 5747 1884 5803 di-

1991 5325 2013 5356 (
2045 5319 2214 5375 gnum
2251 5310 2373 5370 ‘est,
2406 5301 2660 5375 quoniam
2706 5302 3067 5374 supercrescit
3117 5303 3254 5358 fides
3301 5312 3504 5370 vestra,
3539 5312 3590 5360 et

1992 5417 2013 5440 κ
2051 5393 2294 5447 abundat
2323 5392 2566 5447 charitas
2612 5391 3034 5463 uniuscujusque
3067 5401 3308 5447 vestrum
3354 5393 3408 5446 in
3439 5393 3584 5448 invi-

1992 5503 2013 5532 ι
2051 5497 2190 5550 cem,
2223 5481 2292 5535 ita
2323 5490 2381 5535 ut
2409 5489 2462 5536 et
2483 5496 2583 5535 nos
2614 5480 2718 5551 ipsi
2739 5481 2792 5534 in
2817 5481 2972 5536 vobis
2994 5480 3297 5553 gloriemur
3322 5482 3376 5536 in
3398 5482 3588 5537 Eccle-

1991 5593 2013 5618 ι
2051 5570 2147 5625 siis
2177 5570 2275 5625 Dei
2306 5586 2408 5640 pro
2437 5568 2695 5640 patientia
2735 5577 2920 5624 vestra
2949 5578 3001 5624 et
3031 5569 3156 5634 fide,
3182 5571 3304 5625 etin
3334 5571 3590 5625 omnibus

1993 5682 2014 5706 «
2049 5659 2517 5730 persecutionibus
2576 5658 2774 5712 vestris
2833 5666 2886 5712 et
2935 5658 3393 5722 tribulationibus,
3454 5672 3588 5728 quas

1997 5771 2017 5792 α
2056 5743 2338 5803 sustinetis
2388 5747 2442 5802 in
2479 5746 2790 5817 exemplum
2826 5745 2958 5814 justi
2980 5745 3170 5813 judicii
3202 5746 3320 5812 Dei,
3353 5752 3409 5798 ut
3436 5743 3590 5817 digni
