3932 6412
357 309 462 364 415

916 314 972 369 S.
1014 310 1367 369 BRUNONIS
1405 312 2050 373 CARTHUSIANORUM
2087 317 2570 380 INSTITUTORIS
2610 324 2762 382 OPP.
2804 329 2980 385 PARS
3016 331 3083 388 Il.

3544 338 3648 393 H6

362 458 384 483 α
422 435 732 490 habeamini
763 435 816 490 in
869 451 1043 507 regno
1088 435 1207 501 Dei.
1243 452 1343 507 pro
1374 452 1481 507 quo
1512 445 1565 491 et
1607 437 1870 508 patimini,
1904 437 2023 531 siA
2054 443 2351 499 secundum
2408 446 2738 505 intellectum
2785 460 2838 507 et
2866 453 3193 510 voluntatem
3225 465 3460 514 vestram
3490 464 3647 531 pati-

356 543 380 574 ι
416 530 594 578 tamen
608 524 811 593 justum
829 532 911 578 est
924 523 1064 593 apud
1081 524 1253 577 Deum
1271 524 1576 579 retribuere
1595 525 1847 581 302
1864 525 1953 579 tri-

359 634 380 658 α
419 611 748 667 bulationem
779 611 1234 684 [retributionem]
1263 613 1368 681 his,
1403 613 1494 683 qui
1545 629 1640 667 vos
1668 614 1948 683 tribulant,

355 720 378 747 α
416 707 469 755 et
497 699 651 754 vobis
681 699 770 769 qui
803 699 1137 753 tribulamini
1187 700 1431 771 requiem
1462 701 1744 756 nobiscum
1773 703 1825 755 in
1857 718 1949 757 re-

355 807 379 838 ι
415 787 680 842 velatione
710 787 923 842 Domini
954 788 1081 841 Jesu
1112 789 1179 842 de
1211 789 1349 843 coelo
1379 804 1503 844 cum
1533 790 1747 861 angelis
1777 790 1950 845 virtu-

358 896 381 922 ι
419 873 485 929 tis
516 876 652 944 ejus,
686 875 739 929 in
767 875 980 929 ﬂamma
1012 874 1155 947 ignis
1185 876 1365 930 dantis
1411 877 1705 932 vindictam
1737 878 1822 944 iis,
1859 878 1950 949 qui

357 984 381 1013 ι
415 978 523 1018 non
554 970 822 1017 noverunt
853 965 1047 1030 Deum,
1080 972 1131 1018 et
1162 964 1253 1035 qui
1298 980 1407 1019 nou
1458 966 1717 1020 obediunt
1761 967 1950 1021 Evan—

359 1067 382 1097 α
415 1046 560 1117 gelio
613 1047 830 1101 Domini
862 1048 1033 1103 nostri
1081 1048 1209 1102 Jesu
1239 1048 1460 1104 Christi.
1496 1049 1601 1118 Qui
1632 1066 1824 1120 pmnas
1854 1051 1951 1105 da-

357 1156 380 1186 ι
415 1135 548 1189 bunt
576 1134 631 1189 in
657 1135 876 1190 interitu
904 1143 1133 1191 internas
1163 1151 1195 1191 a
1224 1136 1363 1192 facie
1394 1137 1627 1203 Domini,
1680 1146 1732 1193 et
1763 1154 1795 1193 a
1825 1139 1949 1209 glo-

358 1245 380 1270 α
419 1223 500 1278 ria
535 1223 751 1279 virtutis
782 1225 917 1293 ejus,
944 1241 1066 1279 cum
1096 1226 1306 1280 venerit
1335 1224 1632 1296 gloriﬁcari
1662 1227 1717 1280 in
1749 1227 1950 1283 sanctis

360 1332 383 1362 α
419 1311 553 1381 suis,
586 1320 639 1367 et
670 1312 1013 1367 admirabilis
1042 1313 1158 1368 ﬁeri
1206 1314 1261 1367 in
1290 1314 1540 1368 omnibus
1570 1314 1659 1386 qui
1691 1316 1949 1371 credide-

358 1421 380 1447 ι
416 1406 560 1465 runt,
595 1400 723 1471 quia
751 1402 1015 1457 creditum
1047 1409 1128 1456 est
1177 1401 1543 1457 testimonium
1573 1410 1819 1457 nostrum
1850 1420 1948 1458 su-

359 1507 383 1539 ι
416 1503 519 1560 per
546 1504 644 1543 vos
673 1488 728 1543 in
766 1488 993 1545 dieillo.
1027 1491 1087 1544 In
1120 1505 1227 1563 quo
1259 1490 1423 1545 etiam
1473 1505 1690 1547 oramus
1732 1508 1950 1562 semper

358 1598 380 1622 α
414 1591 516 1646 pro
545 1577 718 1641 vobis,
752 1585 809 1631 ut
835 1578 1091 1648 dignetur
1118 1594 1214 1632 vos
1246 1580 1525 1633 vocatione
1556 1594 1653 1633 sua
1676 1580 1822 1633 Deus
1852 1596 1950 1635 no-

360 1685 382 1710 α
418 1672 547 1730 ster,
580 1672 631 1719 et
660 1664 883 1735 impleat
910 1681 1126 1720 omnem
1158 1666 1489 1722 voluntatem
1539 1667 1795 1721 bonitatis
1838 1684 1950 1723 sum

2052 532 2217 587 mini.
2252 532 2412 600 Quod
2438 536 2701 604 judicium
2750 540 2849 595 Dei
2889 542 3096 610 justum
3142 544 3231 609 sit,
3280 564 3388 618 quo
3412 548 3542 617 justi
3573 550 3643 605 ad

2052 620 2479 688 purificationem
2537 625 2868 699 afﬂiguntur,
2926 630 3075 702 impii
3104 634 3170 686 ad
3211 638 3642 693 consummatio-

2052 722 2176 761 nem
2207 709 2500 781 iniquitatis
2529 714 2616 770 hic
2637 727 3042 787 prosperantur,
3066 722 3259 790 probat
3280 724 3639 794 peraﬁectus,

2052 803 2104 848 et
2136 794 2295 850 ﬁnem
2328 800 2611 872 utriusque
2638 803 2765 870 justi
2816 813 2867 858 et
2916 805 3086 877 impii.
3145 809 3273 864 Ideo
3300 827 3399 880 per
3426 810 3593 868 finem
3626 832 3642 880 ;

2052 883 2179 953 quia
2210 902 2310 956 per
2338 887 2437 941 ista
2469 906 2591 960 quae
2622 890 2873 947 videntur
2901 910 3010 949 non
3033 905 3223 966 posset
3254 898 3384 953 dare
3413 899 3644 958 idoneas

2051 986 2249 1027 causas
2280 992 2445 1046 quare
2471 977 2648 1044 justus
2675 979 3018 1052 aﬁligeretur,
3053 983 3249 1054 impius
3281 1002 3641 1058 prosperare-

2052 1067 2189 1127 tur;
2233 1062 2388 1131 juxta
2441 1064 2570 1120 illud
2627 1069 2775 1138 quod
2830 1069 2905 1124 ait
2960 1072 3135 1127 David
3192 1072 3247 1127 in
3304 1091 3370 1130 eo
3425 1077 3641 1146 psalmo

2055 1148 2231 1216 Quam
2263 1152 2435 1208 bonus
2482 1154 2658 1224 (Psal.
2689 1171 2863 1222 Lxxu,
2895 1160 2985 1227 16)
3019 1177 3031 1213 :
3063 1160 3378 1217 Existimavi
3426 1172 3482 1219 ut
3540 1181 3641 1221 co-

2050 1254 2395 1309 gnoscerem,
2433 1258 2599 1313 quare
2628 1244 2717 1299 hic
2759 1262 2918 1315 pcnna
2957 1248 3125 1316 justo,
3175 1251 3508 1321 prosperitas
3546 1255 3643 1309 tri-

2050 1325 2249 1380 buatur
2274 1327 2441 1398 impio
2469 1347 2482 1394 ;
2517 1330 2613 1385 sed
2644 1332 2748 1388 hoc
2778 1349 3116 1407 cognoscere
3143 1336 3299 1393 labor
3318 1348 3417 1405 est,
3449 1340 3503 1394 id
3536 1347 3638 1406 est,

2049 1413 2094 1467 si
2152 1416 2371 1471 attendo
2428 1425 2633 1472 tantum
2694 1437 2760 1475 ea
2818 1440 2939 1493 qua:
2986 1432 3110 1478 sunt
3168 1433 3293 1482 ante
3338 1443 3445 1494 me,
3475 1427 3531 1483 id
3559 1438 3643 1483 est

2048 1504 2358 1573 praesentia,
2386 1506 2649 1574 judicium
2700 1509 2798 1564 Dei
2840 1511 3049 1579 justum
3095 1520 3195 1578 est,
3252 1531 3361 1587 quo
3407 1516 3537 1584 justi
3568 1515 3642 1574 ad

2048 1591 2447 1661 puriﬁcandum
2480 1595 2535 1648 in
2572 1598 2826 1666 prmsenti
2873 1598 3200 1671 afﬂiguntur,
3245 1602 3394 1674 impii
3424 1605 3493 1660 ad
3537 1622 3640 1661 au-

2046 1689 2325 1751 gmentum
2356 1681 2647 1753 impietatis
2676 1696 3084 1756 prosperantur.

362 1772 385 1802 ι
420 1750 556 1823 [non
589 1751 709 1808 hab.
744 1752 896 1825 suae],
931 1761 983 1808 et
1011 1770 1149 1824 Opus
1179 1752 1305 1809 fidei
1336 1754 1390 1808 in
1412 1755 1627 1819 virtute,
1663 1763 1719 1809 ut
1749 1754 1947 1810 clariﬁ-

2124 1769 2237 1824 Hac
2266 1778 2444 1825 tamen
2475 1773 2782 1829 conditione
2806 1776 3009 1844 justum
3045 1794 3166 1832 esse
3186 1778 3327 1845 dico,
3353 1781 3402 1835 si
3411 1782 3640 1851 justum

360 1860 383 1889 ι
418 1847 573 1894 cetur
600 1856 796 1896 nomen
824 1841 1042 1896 Domini
1070 1841 1241 1897 nostri
1284 1842 1412 1896 Jesu
1444 1842 1638 1897 Christi
1666 1844 1720 1897 in
1769 1844 1942 1911 vobis,

363 1949 387 1977 ι
422 1934 472 1982 et
528 1943 625 1983 vos
662 1928 717 1981 in
765 1929 877 1995 illo,
922 1930 1221 1985 secundum
1269 1931 1499 2003 gratiam
1552 1931 1651 1987 Dei
1692 1932 1868 1987 nostri
1897 1941 1949 1987 et

361 2038 384 2064 κ
420 2016 638 2072 Domini
665 2018 796 2072 Jesu
825 2017 1043 2072 Christi.
1083 2040 1105 2066 ι

986 2244 1279 2285 ειροειτιο
1292 2270 1307 2285 .

424 2401 639 2457 Paulus
666 2404 723 2457 et
748 2400 1032 2465 Silvanus,
1066 2402 1124 2455 et
1154 2398 1473 2455 Timotheus
1496 2398 1739 2454 scribunt
1760 2400 1951 2455 Eccle-

354 2491 453 2546 siz
470 2489 1049 2545 Thessalonicensium
1071 2488 1322 2543 existenti
1342 2489 1406 2543 in
1428 2489 1536 2544 Deo
1558 2490 1729 2543 Patre
1756 2492 1948 2544 nostro

353 2582 409 2635 et
438 2579 670 2634 Domino
701 2579 832 2634 Iesu
866 2576 1104 2633 Christo.
1146 2576 1293 2631 Sicut
1323 2584 1490 2631 totum
1526 2576 1581 2630 in
1611 2576 1779 2647 priori
1810 2577 1945 2647 Epi-

352 2667 493 2722 stola
521 2666 890 2737 exposuimus,
923 2666 978 2720 in
1007 2665 1199 2737 primis
1230 2665 1500 2721 collaudat
1530 2681 1625 2721 eos
1646 2667 1714 2720 de
1736 2665 1948 2735 passio-

350 2754 510 2810 nibus
539 2755 672 2823 suis,
705 2754 1062 2825 supponendo
1094 2754 1325 2826 gloriam
1356 2769 1545 2809 eorum
1588 2754 1679 2825 qui
1725 2753 1945 2823 patiun-

351 2851 457 2912 tur,
490 2850 545 2898 et
589 2859 807 2914 poenam
854 2858 1044 2897 eorum
1090 2842 1180 2913 qui
1231 2843 1514 2912 passiones
1561 2841 1821 2909 inferunt,
1868 2842 1947 2898 sic

353 2947 450 2987 eos
478 2931 736 2986 armando
765 2930 831 2984 ad
854 2930 1187 3001 patientiam,
1238 2928 1429 2985 dicens
1463 2947 1476 2983 :
1526 2930 1751 2985 Gratias
1784 2946 1947 3000 agere

353 3019 612 3076 debemus
636 3021 763 3084 Deo,
786 3018 841 3072 id
871 3027 953 3073 est
981 3033 1092 3072 non
1122 3017 1295 3071 solum
1329 3017 1536 3087 gratias
1563 3017 1798 3087 agimus,
1849 3017 1947 3072 sed

355 3122 575 3179 semper
618 3106 897 3161 debitores
929 3105 1229 3178 gratiarum
1276 3121 1463 3160 sumus
1492 3105 1607 3159 Deo
1633 3121 1734 3176 pro
1778 3106 1940 3170 vobis,

2052 1862 2137 1911 est
2158 1858 2309 1929 apud
2346 1862 2542 1916 Deum.
2577 1863 2734 1932 Apud
2766 1864 3013 1919 homines
3044 1866 3186 1921 enim
3219 1868 3310 1939 qui
3340 1870 3641 1926 secundum

2051 1944 2226 1999 visum
2255 1946 2513 2014 iudicant,
2548 1959 2765 2005 sanctos
2795 1951 2977 2025 aﬁligi,
3010 1954 3182 2010 malos
3211 1957 3521 2028 prosperari
3551 1959 3641 2014 in-

2045 2033 2249 2102 justum
2282 2044 2383 2090 est.
2417 2037 2497 2103 Si,
2528 2037 2773 2109 inquam,
2796 2042 3024 2112 justum
3051 2048 3137 2099 est
3169 2045 3320 2116 apud
3347 2046 3523 2102 Deum
3551 2065 3642 2104 re-

2053 2123 2302 2178 tribuere
2331 2124 2386 2177 in
2416 2124 2592 2181 futuro
2627 2129 3077 2198 tribulationem,
3113 2134 3209 2205 qui
3237 2150 3326 2188 vos
3347 2134 3512 2191 modo
3542 2139 3644 2193 tri-

2052 2211 2273 2280 bulant,
2326 2217 2381 2268 et
2440 2215 2589 2270 vobis
2628 2218 2725 2288 qui
2773 2218 2937 2273 modo
2972 2220 3333 2277 tribulamini
3376 2223 3431 2278 in
3460 2223 3641 2281 futuro

2050 2300 2356 2356 retribuere
2414 2304 2684 2375 requiem,
2744 2313 2870 2361 tunc
2926 2315 3009 2362 est
3050 2310 3255 2376 justum
3312 2326 3414 2366 vos
3463 2313 3641 2381 justos

2049 2387 2136 2443 hic
2194 2405 2295 2459 per
2349 2389 2728 2447 tribulationes
2798 2393 3091 2464 puriﬁcari,
3142 2406 3196 2452 et
3249 2398 3445 2470 impios
3501 2417 3639 2457 con-

2050 2477 2298 2531 cessione
2320 2479 2695 2549 prosperitatis
2727 2481 2796 2537 ad
2827 2481 3057 2539 futuram
3096 2485 3497 2544 tribulationem
3524 2505 3641 2560 prae

2048 2565 2223 2634 parari
2258 2584 2271 2619 :
2311 2567 2457 2621 Vobis
2485 2568 2668 2639 utique
2708 2571 3008 2628 retribuere
3055 2575 3305 2646 requiem
3349 2578 3642 2635 nobiseum

2054 2653 2306 2710 303
2328 2655 2716 2723 habendam,in
2739 2660 2928 2715 eadem
2948 2661 3091 2716 enim
3105 2662 3278 2734 gloria
3299 2665 3511 2720 eritisin
3531 2682 3641 2739 qua

2049 2749 2103 2797 et
2155 2758 2255 2797 nos
2304 2744 2557 2814 apostoli.
2600 2746 2757 2802 Nunc
2807 2749 3132 2804 determinat
3180 2752 3403 2807 modum
3448 2754 3641 2824 gloriae

2042 2831 2331 2898 justorum,
2367 2840 2419 2887 et
2466 2833 2845 2891 damnationes
2883 2837 3189 2908 impiorum,
3222 2849 3278 2894 ut
3299 2841 3473 2910 justos
3498 2843 3640 2898 lasti-

2048 2917 2193 2983 ﬁcet,
2224 2920 2421 2990 impios
2452 2921 2750 2990 deterreat,
2780 2924 2968 2980 dicens
3002 2927 3312 2984 :Retribuet
3342 2930 3523 3001 impiis
3551 2931 3642 2987 tri-

2048 3006 2400 3073 bulationem,
2434 3010 2593 3064 nobis
2624 3012 2888 3083 requiem,
2930 3017 2989 3069 in
3029 3018 3373 3073 reuelatione
3410 3021 3640 3076 Domini

2047 3096 2195 3162 Iesu,
2227 3097 2282 3151 id
2313 3106 2392 3151 est
2415 3100 2635 3169 quando
2667 3101 2929 3157 Dominus
2958 3103 3137 3170 Iesus,
3163 3106 3255 3177 qui
3283 3122 3429 3163 nunc
3452 3107 3642 3163 inﬁde-

356 3194 484 3267 quia
528 3197 741 3265 fratres
772 3194 923 3248 estis.
956 3195 1137 3265 Agere
1168 3193 1310 3261 dico,
1344 3194 1429 3248 ita
1464 3197 1530 3247 ut
1559 3192 1794 3263 dignum
1824 3196 1941 3248 est:
1976 3181 2022 3208 ν
2054 3183 2192 3238 libus
2224 3186 2466 3240 occultus
2522 3196 2622 3256 est,
2684 3191 2932 3245 omnibus
2960 3191 3016 3246 in
3039 3193 3244 3261 judicio
3276 3196 3628 3253 revelabitur.

353 3281 479 3353 quia
506 3297 707 3353 magna
737 3290 862 3336 sunt
891 3281 1037 3336 dona
1065 3280 1183 3348 Dei,
1220 3289 1273 3335 et
1304 3280 1493 3348 multa,
1526 3288 1740 3351 oportet
1763 3288 1815 3335 et
1840 3296 1947 3334 ma-

350 3386 491 3443 gnas
519 3381 572 3426 et
600 3370 924 3442 multiplices
952 3385 1120 3441 agere
1150 3368 1369 3440 gratias,
1398 3369 1523 3425 ideo
1573 3370 1839 3440 quoniam
1872 3370 1945 3439 ﬁ-

357 3458 451 3516 des
487 3464 673 3516 vestra
717 3461 1113 3533 supercrescit.
1166 3458 1261 3515 Vel
1294 3474 1459 3529 super
1486 3459 1593 3514 hoc
1621 3458 1766 3530 quod
1793 3458 1947 3529 prius

355 3555 470 3603 erat
497 3548 776 3617 majorata.
812 3548 909 3603 Vel
959 3564 1124 3618 super
1153 3546 1526 3602 tribulationes
1554 3546 1773 3615 crescit,
1808 3561 1946 3617 quas

358 3651 549 3692 omnes
566 3644 809 3707 superat,
830 3640 884 3692 et
907 3636 1033 3691 ideo
1053 3652 1220 3708 agere
1241 3634 1465 3708 gratias,
1494 3634 1748 3705 quoniam
1769 3635 1947 3689 abun-

352 3724 509 3781 davit
527 3725 799 3790 charitas,
818 3723 873 3779 id
894 3731 976 3779 est
997 3724 1215 3780 dilectio
1236 3724 1679 3794 uniuscuiusque
1702 3727 1947 3779 vestrum

354 3815 419 3869 in
445 3814 707 3869 invicem.
728 3813 845 3868 Hoc
875 3819 1078 3866 tantum
1109 3811 1175 3866 ad
1202 3810 1477 3882 perfectos
1506 3821 1754 3881 spectare
1782 3811 1945 3866 intel-
1982 3838 1989 3843 -

348 3900 631 3973 ligendum
659 3908 758 3955 est.
792 3901 868 3955 Ita
896 3900 1256 3970 supercrescit
1307 3899 1460 3964 fides,
1494 3899 1731 3955 abundat
1762 3900 1947 3955 chari-

355 3996 442 4044 tas
471 3993 537 4044 ut
557 3990 730 4045 etiam
749 4004 852 4046 nos
870 3988 977 4061 ipsi
1000 3988 1091 4059 qui
1111 4004 1217 4043 non
1239 3987 1598 4061 gloriaremur
1616 3988 1684 4043 de
1704 4003 1875 4060 parva
1888 4005 1948 4049 re

358 4078 425 4133 in
452 4077 718 4133 Ecclesiis
735 4078 853 4138 Dei.
884 4077 1195 4148 gloriemur
1222 4078 1284 4131 in
1314 4076 1482 4141 vobis,
1507 4075 1559 4131 id
1581 4077 1730 4131 estin
1762 4085 1945 4132 osten-

353 4165 509 4221 sione
536 4164 883 4236 perfectionis
914 4172 1130 4220 vestrae.
1166 4164 1385 4220 Glorior
1413 4164 1559 4234 apud
1588 4165 1720 4220 alias
1749 4165 1947 4220 Eccle-

358 4255 469 4309 sias
496 4270 597 4326 pro
621 4256 911 4326 patientia
946 4256 1147 4319 vestra,
1182 4269 1287 4325 qua
1323 4268 1423 4324 pro
1454 4252 1670 4309 Christo
1702 4252 1948 4325 patimini

357 4342 560 4408 omnia,
594 4345 649 4398 et
678 4358 779 4413 pro
806 4342 915 4410 ﬁde
948 4349 1127 4396 vestra
1147 4340 1202 4395 in
1231 4341 1561 4411 integritate,
1593 4349 1811 4397 servata
1840 4340 1947 4396 ﬁde

356 4439 409 4488 et
437 4430 715 4503 patientia.
747 4430 1083 4499 Dico_habita
1100 4431 1159 4485 in
1188 4432 1445 4486 omnibus
1460 4431 1947 4502 persecutionibus

354 4521 577 4585 vestris,
609 4519 827 4591 quando
879 4518 948 4573 de
997 4519 1117 4574 loco
1144 4518 1213 4573 ad
1259 4518 1439 4574 locum
1483 4517 1765 4591 fugamini,
1796 4523 1853 4575 et
1895 4518 1952 4573 in

360 4608 837 4675 tribulationibus,
863 4607 1082 4679 quando
1098 4607 1417 4662 verberibus
1433 4615 1487 4663 et
1516 4607 1826 4677 Opprobriis
1849 4606 1948 4661 tri-

359 4694 638 4761 bulamini,
691 4713 829 4768 quas
886 4696 1296 4766 persecutiones
1343 4702 1397 4749 et
1440 4695 1809 4750 tribulationes
1852 4709 1950 4750 vos

357 4784 656 4840 sustinetis
685 4784 745 4839 in
778 4785 1105 4854 exemplum
1124 4784 1274 4854 justi
1295 4783 1506 4854 judicii
1535 4783 1653 4851 Dei,
1687 4782 1741 4837 id
1773 4790 1855 4837 est
1884 4798 1949 4838 ex

349 4872 497 4941 justo
518 4872 724 4941 judicio
753 4872 874 4927 Dei.
903 4872 1115 4926 Justum
1146 4871 1291 4926 enim
1322 4878 1405 4925 est
1436 4878 1656 4926 sanctos
1687 4870 1947 4941 tribulari,

356 4968 416 5014 ut
442 4959 793 5031 puriﬁcentur
817 4978 831 5026 ;
860 4960 1060 5031 impios
1088 4966 1412 5031 potestatem
1440 4958 1644 5013 habere
1672 4959 1726 5013 in
1751 4959 1947 5028 justos,

354 5056 413 5104 ut
441 5048 693 5120 impietas
723 5064 911 5104 eorum
954 5054 1386 5104 consummetur.
1437 5046 1505 5100 Et
1552 5046 1624 5101 ita
1674 5046 1953 5103 sustinetis

357 5154 425 5193 ex
450 5138 597 5207 justo
628 5137 854 5207 judicio,
889 5145 948 5192 ut
977 5135 1095 5191 sitis
1143 5135 1199 5189 in
1229 5133 1538 5205 exemplum
1575 5135 1704 5203 justi
1726 5135 1942 5205 judicii.

357 5226 421 5281 In
453 5226 600 5282 vobis
646 5225 791 5281 enim
837 5222 1237 5295 exempliﬁcare
1285 5238 1577 5293 possumus
1623 5224 1744 5281 aliis
1789 5240 1951 5296 quam

348 5313 556 5384 justum
585 5314 654 5368 sit
675 5312 935 5383 judicium
967 5312 1086 5367 Dei.
1112 5313 1419 5368 Sustinetis
1442 5310 1565 5365 ideo
1588 5316 1652 5366 ut
1676 5313 1833 5384 digni
1852 5314 1951 5368 ha-

358 5402 605 5459 beamini
639 5403 699 5457 in
720 5416 891 5471 regno
912 5402 1028 5465 Dei,
1053 5400 1106 5453 id
1128 5407 1210 5454 est
1238 5398 1294 5454 in
1315 5399 1514 5471 quibus
1534 5400 1679 5455 Deus
1697 5402 1950 5472 regnetin

355 5489 633 5562 praesenti.
672 5489 768 5543 Vel
796 5488 949 5561 digni
981 5487 1098 5542 sitis
1131 5488 1299 5559 recipi
1326 5488 1384 5543 in
1412 5488 1591 5545 futuro
1621 5506 1792 5562 regno
1823 5491 1943 5546 Dei.

354 5578 487 5644 Vos,
521 5576 660 5633 sicut
692 5576 955 5649 intelligo,
1008 5577 1287 5633 sustinetis
1331 5586 1391 5632 ut
1435 5578 1588 5651 digni
1640 5579 1952 5634 habeamini

356 5681 458 5738 pro
487 5680 573 5736 eo,
605 5680 711 5739 quo
741 5665 934 5721 eodem
966 5673 1024 5722 ut
1054 5665 1206 5741 digni
1233 5665 1538 5723 habeamini
1565 5667 1621 5723 in
1643 5683 1762 5737 vos,
1787 5668 1951 5725 etiam

2050 3275 2182 3329 Iesu
2212 3273 2356 3344 dico,
2388 3277 2602 3331 venturi
2631 3278 2699 3333 ad
2727 3278 2991 3346 judicium
3049 3282 3115 3337 de
3146 3285 3300 3339 creto.
3334 3284 3436 3340 Ubi
3466 3285 3541 3339 ait
3570 3284 3639 3342 de

2050 3364 2203 3429 crrlo,
2237 3364 2536 3434 potentiam
2582 3366 2849 3422 venientis
2905 3369 3127 3425 indicat.
3169 3371 3390 3427 Venturi
3419 3372 3542 3429 dico
3571 3374 3638 3432 de

2049 3452 2183 3508 caelo
2213 3467 2346 3506 cum
2375 3454 2592 3524 angelis
2622 3458 2851 3511 virtutis
2880 3460 3018 3529 ejus.
3054 3459 3113 3512 In
3144 3458 3237 3515 illo
3267 3461 3501 3516 adventu
3532 3477 3635 3516 an-

2049 3539 2159 3611 geli
2190 3542 2423 3596 virtutis
2454 3557 2575 3596 esse
2606 3542 2878 3609 dicuntur,
2913 3546 3039 3617 quia
3069 3555 3195 3603 tunc
3224 3548 3408 3604 omnia
3437 3558 3637 3619 poten-

2048 3628 2268 3696 tialiter,
2299 3638 2351 3683 et
2383 3629 2558 3685 bonos
2602 3631 2656 3685 in
2688 3634 2950 3705 requiem,
2986 3643 3039 3690 et
3070 3637 3242 3691 malos
3272 3638 3552 3709 porrigent
3581 3639 3638 3693 in

2049 3715 2231 3787 ignem
2264 3736 2278 3784 ;
2312 3718 2410 3772 sed
2439 3718 2494 3772 in
2511 3721 2767 3789 praesenti
2789 3723 3114 3794 quandoque
3135 3740 3232 3779 eos
3253 3725 3417 3780 etiam
3439 3726 3635 3798 quibus

2047 3814 2287 3876 prmsunt
2319 3806 2387 3860 ab
2415 3806 2595 3877 impiis
2622 3808 2897 3879 patiuntur
2933 3810 3114 3882 afﬂigi,
3158 3821 3288 3870 tunc
3315 3823 3496 3869 autem
3527 3830 3638 3870 non

2047 3894 2147 3949 sic.
2183 3895 2241 3947 ln
2270 3894 2354 3949 his
2375 3896 2558 3950 verbis
2588 3912 2741 3969 seque
2770 3907 2819 3953 et
2842 3899 3075 3955 laetiﬁcat
3097 3902 3294 3970 justos,
3329 3903 3522 3974 quibus
3544 3920 3639 3960 ve-

2047 3983 2158 4037 niet
2187 3983 2256 4037 ad
2286 3984 2536 4053 salutem,
2568 3993 2621 4039 et
2650 3987 2892 4043 deterret
2921 3988 3113 4054 malos,
3148 3991 3343 4062 quibus
3364 3992 3543 4047 veniet
3568 3991 3638 4047 ad

2046 4086 2284 4141 poenam.
2317 4072 2476 4127 Modo
2507 4072 2687 4128 subdit
2716 4091 2834 4145 quae
2865 4084 3071 4131 tantum
3102 4086 3227 4132 sunt
3256 4078 3325 4133 ad
3355 4079 3638 4134 deterren-

2048 4159 2179 4214 dum
2207 4159 2400 4225 malos,
2426 4161 2614 4216 dicens
2642 4178 2654 4216 :
2680 4162 2872 4219 Veniet
2892 4166 3052 4220 Iesus
3071 4166 3140 4221 de
3160 4167 3301 4222 caelo
3320 4169 3381 4222 in
3405 4168 3639 4237 ﬂamma

2048 4249 2218 4319 ignis,
2250 4249 2305 4303 id
2336 4256 2418 4304 est
2448 4250 2503 4304 in
2549 4251 2720 4323 ignita
2761 4251 3000 4309 ﬂamma.
3051 4254 3151 4310 Illa
3195 4256 3414 4311 ﬂamma
3439 4257 3638 4328 praeci-

2047 4353 2155 4408 pue
2188 4337 2329 4410 ignis
2358 4354 2481 4393 esse
2510 4338 2727 4407 dicitur,
2762 4342 2889 4413 quia
2918 4342 3136 4398 ﬂamma
3180 4345 3464 4415 praesentis
3493 4345 3640 4418 ignis

2050 4434 2485 4497 contemperatur
2509 4428 2833 4484 admistione
2866 4445 3042 4501 aqua’,
3076 4440 3129 4487 et
3169 4439 3489 4488 caeterorum
3529 4432 3643 4489 ele-

1969 4502 2022 4562 D
2051 4523 2378 4581 mentorum,
2406 4516 2501 4570 sed
2529 4515 2706 4572 futura
2738 4517 2952 4573 ﬂamma
2984 4520 3119 4575 adeo
3140 4529 3353 4575 terrens
3374 4530 3427 4576 et
3450 4537 3641 4592 aspera

2051 4602 2150 4657 erit
2180 4604 2325 4675 quod
2355 4604 2553 4659 nullius
2582 4606 2837 4661 elementi
2868 4607 3192 4664 admistione
3223 4608 3489 4664 videbitur
3516 4625 3642 4665 con-

2051 4693 2363 4763 temperari.
2399 4696 2463 4748 In
2491 4695 2721 4762 ﬂamma
2753 4698 2900 4767 ignis
2929 4696 3176 4751 Christus
3205 4697 3401 4753 dicitur
3426 4696 3637 4764 venire,

2049 4796 2158 4837 non
2190 4782 2336 4853 quod
2367 4781 2583 4837 ﬂamma
2613 4784 2761 4839 circa
2792 4800 2915 4838 eum
2947 4785 3033 4853 sit,
3069 4786 3166 4839 sed
3194 4786 3323 4857 quia
3365 4802 3431 4841 eo
3475 4786 3643 4842 adve-

2050 4869 2231 4925 niente
2261 4881 2557 4944 consurget
2586 4871 2697 4937 illa,
2729 4872 2865 4928 sicut
2895 4873 3119 4944 quilibet
3150 4874 3403 4945 princeps
3444 4874 3643 4930 dicitur

2052 4958 2236 5014 venire
2266 4960 2321 5013 in
2351 4959 2479 5030 igne
2521 4969 2570 5015 et
2620 4961 2912 5030 occisione,
2948 4961 3071 5032 quia
3104 4978 3169 5017 eo
3211 4962 3535 5018 adveniente
3586 4971 3643 5019 et

2048 5048 2202 5102 multi
2231 5049 2571 5115 occiduntur,
2613 5058 2666 5104 et
2695 5049 2857 5104 multa
2890 5050 3305 5106 comburuntur.
3340 5052 3488 5124 Ignis
3515 5052 3641 5108 dico

2050 5135 2242 5192 dantis
2264 5138 2654 5204 vindictam,id
2676 5146 2756 5193 est
2767 5154 2981 5209 ptenam
3004 5140 3089 5194 his
3110 5140 3206 5212 qui
3224 5156 3340 5194 non
3361 5146 3638 5196 noverunt

2049 5225 2248 5291 Deum,
2282 5225 2336 5280 id
2367 5233 2447 5280 est
2479 5226 2570 5296 qui
2600 5225 2765 5283 ﬁdem
2812 5243 2920 5282 non
2959 5228 3287 5293 habuerunt,
3320 5244 3428 5283 non
3459 5236 3640 5284 tamen

2051 5313 2248 5381 solum,
2283 5315 2381 5369 sed
2413 5314 2573 5369 etiam
2604 5316 2691 5371 his
2740 5317 2830 5387 qui
2871 5316 2915 5369 si
2966 5314 3129 5370 ﬁdem
3167 5316 3494 5385 habuerunt,
3525 5332 3642 5372 non

2051 5410 2227 5458 tamen
2240 5404 2567 5459 obedierunt
2582 5404 2878 5475 Evangelia
2900 5405 3124 5460 Domini
3137 5405 3318 5459 nostri
3336 5407 3466 5461 Iesu
3481 5404 3646 5461 Chri-

2051 5492 2127 5545 sti
2145 5511 2162 5558 ;
2197 5492 2289 5562 qui
2317 5492 2551 5563 utrique,
2585 5500 2638 5545 et
2665 5509 2771 5548 non
2802 5501 3201 5563 cognoscentes
3231 5494 3425 5560 Deum,
3453 5501 3505 5547 et
3534 5509 3646 5548 non

2050 5579 2367 5635 obedientes
2381 5581 2684 5652 Evangelio
2705 5580 2920 5637 dabunt
2940 5590 3173 5636 internas
3182 5599 3373 5653 plenas
3394 5584 3455 5636 in
3472 5582 3649 5638 inter-

2050 5670 2218 5739 itum,
2253 5669 2307 5724 id
2335 5676 2418 5724 est
2447 5669 2501 5724 in
2532 5668 2712 5726 locum
2740 5685 3045 5743 poenarum,
3075 5669 3355 5741 projectia
3380 5670 3647 5744 facieDo-
