3932 6428
240 348 345 402 ΗἿ

814 345 1186 402 EXPOSITIO
1235 346 1307 401 IN
1345 344 1726 402 EPISTOLAS
1757 343 1978 400 PAULI.
2020 374 2089 384 —
2136 343 2208 399 IN
2260 343 2478 398 EPIST.
2523 344 2569 397 II
2608 344 2702 398 AD
2749 343 2989 399 THESS.

3451 346 3554 399 418

249 471 419 537 mini,
471 487 544 526 ne
595 471 732 525 ultra
777 471 992 525 videant
1038 487 1160 527 cum
1195 489 1207 525 :
1242 476 1294 526 et
1326 463 1554 542 projecti
1600 487 1633 526 (ι
1666 471 1849 542 gloria
1874 471 1921 531 A
1957 490 1978 518 ι
2019 468 2370 523 illustratione
2423 468 2692 522 adventus
2736 469 2818 522 sui
2868 485 3012 533 eum,
3063 469 3212 536 cujus
3245 475 3327 522 est
3355 467 3560 523 adven-

253 561 485 615 virtutis
515 563 660 631 ejus,
709 561 860 627 juxta
889 561 1018 614 illud
1053 575 1064 613 :
1105 584 1124 606 α
1162 560 1400 615 Tollatur
1444 559 1642 630 impius
1672 575 1738 613 ne
1772 559 1856 612 vi-

257 648 380 703 deat
406 649 640 719 gloriam
673 649 770 704 Dei
793 649 920 719 (Isa.
947 663 1103 714 xxvr,
1133 651 1239 718 10).
1279 670 1300 698 ν
1336 650 1559 704 Dabunt
1583 664 1647 702 ea
1669 647 1858 702 simili-

255 737 441 790 tudine
469 736 620 804 dicit,
670 737 793 807 quia
835 753 942 791 non
981 737 1204 804 majoris
1251 736 1454 791 donum
1493 736 1677 808 gaudii
1723 752 1857 807 pos-

257 833 381 879 sunt
410 825 547 880 dare
578 825 780 880 sanctis
823 841 959 897 quos
981 823 1286 880 afﬂixerunt
1317 842 1476 897 quam
1495 841 1690 896 poenas
1721 841 1858 896 quas

259 913 536 984 patientur
549 954 561 966 .

331 1002 389 1056 In
428 1002 513 1055 his
558 1000 743 1056 verbis
787 1000 982 1072 impios
1027 1001 1334 1072 perterruit.
1397 1002 1455 1056 In
1503 1002 1860 1074 sequentibus

256 1089 495 1145 ltetiticat
526 1091 736 1159 justos,
779 1090 967 1145 dicens
1001 1108 1014 1143 :
1047 1091 1200 1160 [mpii
1243 1091 1447 1145 dabunt
1491 1107 1682 1161 poenas
1729 1107 1860 1145 cum

261 1178 513 1233 Christus
542 1181 762 1234 venerit
792 1180 1119 1250 gloriﬁcari,
1163 1179 1215 1232 id
1247 1188 1325 1233 est
1357 1189 1414 1233 ut
1452 1179 1725 1250 gloriosus
1757 1196 1853 1250 ap-

257 1275 453 1338 pareat
484 1269 546 1322 in
575 1270 792 1323 sanctis
840 1269 958 1322 suis
1005 1268 1437 1335 remunerandis,
1491 1269 1616 1340 quia
1649 1277 1700 1322 et
1731 1268 1776 1322 si
1807 1269 1863 1322 in

259 1357 371 1410 boc
400 1355 603 1410 mundo
631 1372 734 1426 per
781 1355 1040 1411 miracula
1089 1365 1141 1410 et
1171 1357 1416 1428 quaedam
1450 1356 1558 1411 alia
1588 1357 1862 1429 gloriosus

259 1444 478 1499 videtur
505 1444 559 1498 in
591 1444 811 1508 sanctis,
853 1453 982 1500 tunc
1011 1445 1174 1516 longe
1206 1445 1440 1516 amplius
1471 1445 1864 1517 gloriﬁcabitur

258 1532 315 1586 in
347 1532 476 1597 illis,
519 1533 735 1603 quando
787 1533 909 1586 illos
939 1532 1008 1587 ab
1039 1534 1186 1588 omni
1218 1533 1588 1604 inquietudine
1620 1543 1858 1604 ereptos,

258 1621 442 1691 gloria
481 1619 810 1676 indeficienti
858 1621 1304 1677 circumvallabit.
1338 1622 1453 1676 Nec
1483 1622 1656 1677 solum
1688 1622 1861 1693 glori-

259 1708 436 1774 ficari,
463 1709 556 1764 sed
581 1711 758 1764 etiam
776 1710 943 1780 (quod
966 1711 1138 1779 majus
1153 1714 1256 1780 est)
1273 1711 1625 1766 admirabilis
1646 1712 1864 1766 venerit

1964 580 1984 607 σι
2022 565 2105 611 tus
2137 558 2436 612 secundum
2484 557 2854 628 operationem
2904 557 3136 621 Satanaa,
3191 557 3245 610 in
3274 556 3420 611 omni
3451 556 3559 611 vir-

1965 669 1985 690 σι
2023 653 2153 711 tute,
2185 655 2237 700 et
2268 645 2460 717 signis,
2496 655 2548 700 et
2570 646 2840 717 prodigiis
2859 645 3236 712 mendacibus,
3263 645 3389 700 etin
3411 645 3562 700 omni

1964 757 1984 784 α
2020 735 2335 790 seductione
2385 735 2684 805 iniquitatis
2737 736 2816 788 his
2864 733 2953 806 qui
3003 742 3248 805 pereunt,
3301 749 3366 790 eo
3413 734 3562 805 quod

1966 847 1987 871 ‹‹
2023 825 2345 880 charitatem
2379 823 2625 878 veritatis
2661 839 2771 878 non
2815 831 3164 893 receperunt,
3207 830 3265 877 ut
3294 823 3430 878 salvi
3459 821 3562 878 fie-

1966 936 1987 959 ‹‹
2024 922 2143 968 rent
2183 913 2311 967 Ideo
2343 913 2516 966 mittet
2548 912 2654 966 illis
2685 913 2828 966 Deus
2847 912 3226 982 Operationem
3249 911 3476 978 erroris,
3503 919 3563 967 ut

1965 1024 1986 1048 α
2026 1002 2252 1057 credant
2300 1000 2605 1066 mendacio,
2654 1008 2709 1054 ut
2751 999 3064 1068 judicentur
3111 1017 3303 1056 omnes
3333 1001 3426 1072 qui
3454 1007 3570 1055 non

1965 1113 1985 1136 «
2024 1090 2369 1145 credideiunt
2399 1090 2624 1155 veritati,
2676 1089 2772 1142 sed
2821 1097 3214 1144 consenserunt
3262 1088 3555 1161 iniquitati.

1965 1203 1986 1228 α
2023 1179 2139 1233 Nos
2169 1187 2350 1233 autem
2365 1178 2628 1232 debemus
2657 1178 2863 1250 gratias
2884 1193 3053 1250 agere
3077 1179 3191 1233 Deo
3215 1194 3434 1248 semper
3463 1193 3564 1248 pro

1967 1292 1988 1315 υ
2028 1267 2200 1329 vobis,
2237 1267 2426 1322 fratres
2447 1267 2630 1322 dilecti
2658 1283 2687 1320 a
2720 1267 2855 1332 Deo,
2877 1267 3021 1337 quod
3042 1266 3269 1339 elegerit
3291 1283 3390 1322 nos
3416 1268 3566 1322 Deus

1967 1380 1987 1405 α
2025 1356 2291 1426 primitias
2320 1355 2375 1409 in
2419 1356 2650 1410 salutem
2692 1355 2745 1408 in
2777 1353 3204 1411 sanctiﬁcatione
3237 1355 3478 1426 spiritus,
3513 1363 3568 1410 et

1968 1470 1989 1494 α
2027 1445 2079 1499 in
2111 1444 2216 1498 fide
2245 1444 2508 1510 veritatis,
2555 1444 2610 1498 in
2640 1461 2746 1516 qua
2777 1452 2828 1498 et
2870 1445 3081 1499 vocavit
3110 1460 3207 1499 vos
3237 1460 3338 1516 per
3383 1445 3566 1499 Evan-

1967 1558 1988 1581 ε
2024 1534 2227 1604 gelium
2259 1541 2523 1598 nostrum,
2579 1533 2635 1587 in
2663 1532 3077 1604 acquisitionem
3115 1533 3306 1603 gloriae
3346 1532 3570 1590 Domini

1970 1643 1990 1672 ε
2028 1623 2194 1676 nostri
2226 1622 2354 1675 Jesu
2385 1621 2601 1676 Christi.
2638 1622 2844 1691 Itaque,
2881 1620 3095 1690 fratres,
3131 1628 3288 1687 state,
3313 1628 3367 1676 et
3390 1628 3571 1676 tenete

1970 1705 2349 1760 «traditiones
2393 1720 2531 1776 quas
2584 1705 2872 1769 didicistis,
2928 1704 3040 1759 sive
3085 1721 3185 1774 per
3233 1720 3566 1770 sermonem,

257 1799 736 1868 ﬁeriinomnibus
753 1799 848 1870 qui
867 1799 1252 1864 crediderunt,
1279 1799 1332 1853 id
1355 1808 1437 1853 est
1456 1799 1549 1870 qui
1570 1816 1670 1869 per
1692 1799 1860 1853 solam
1893 1832 1944 1890 Β
1971 1816 1991 1845 α
2030 1795 2146 1848 sive
2177 1810 2277 1864 per
2307 1793 2606 1863 Epistolam
2640 1801 2906 1847 nostram.
2941 1793 3064 1862 Ipse
3094 1801 3274 1847 autem
3305 1793 3571 1848 Dominus

258 1883 430 1940 ﬁdem
463 1886 839 1952 salvabnntur,
888 1887 934 1941 si
975 1895 1189 1942 aetatem
1221 1888 1484 1958 operandi
1512 1905 1619 1942 non
1651 1889 1862 1942 habue-

257 1973 390 2028 rint.
442 1975 570 2029 Ideo
614 1975 872 2030 retribuet
916 1976 1070 2030 vobis
1121 1977 1389 2047 requiem,
1446 1977 1572 2048 quia
1623 1977 1866 2032 testimo-

257 2064 410 2117 nium
437 2071 682 2118 nostrum
710 2065 772 2118 in
801 2064 891 2119 die
920 2065 1040 2130 illo,
1076 2064 1131 2119 id
1153 2073 1236 2119 est
1270 2067 1394 2130 hoc,
1429 2065 1572 2136 quod
1599 2065 1867 2120 testificati

262 2168 456 2206 sumus
485 2152 642 2206 vobis
673 2152 742 2207 de
775 2153 862 2207 die
894 2153 985 2207 illo
1016 2169 1124 2224 quo
1154 2154 1359 2209 sanctis
1387 2154 1651 2225 requiem,
1685 2153 1867 2224 impiis

259 2241 526 2296 retribuet
545 2241 952 2296 tribulationem
987 2243 1144 2308 :hoc,
1163 2242 1403 2314 inquam,
1428 2243 1709 2299 creditum
1734 2247 1816 2298 est
1835 2258 1868 2297 a

258 2330 440 2398 vobis,
473 2329 601 2400 quia
630 2330 770 2385 bene
802 2329 1106 2385 credidistis
1149 2331 1274 2386 huic
1321 2331 1628 2386 testimonio
1657 2340 1862 2398 nostro,

261 2419 410 2489 quod
447 2420 842 2474 testimonium
871 2418 970 2473 fuit
996 2436 1168 2492 super
1197 2437 1308 2486 vos,
1343 2421 1472 2492 quia
1503 2420 1642 2475 bene
1673 2436 1870 2491 suppo-

257 2506 449 2561 suistis
497 2507 724 2562 dorsum
791 2507 945 2563 oneri
1001 2509 1366 2580 quodcunque
1425 2509 1863 2580 imponebamus,

257 2595 553 2650 credentes
584 2604 637 2650 et
665 2604 959 2666 operantes
989 2597 1132 2667 quod
1168 2597 1521 2662 docebamus,
1559 2599 1621 2652 in
1644 2615 1749 2669 quo
1779 2599 1868 2652 die

261 2689 326 2740 ut
355 2685 632 2739 Dominus
691 2685 981 2756 dignetur,
1020 2685 1075 2740 id
1105 2694 1186 2740 est
1214 2685 1372 2741 faciat
1407 2702 1496 2742 vos
1536 2686 1732 2758 dignos
1766 2704 1869 2742 sua

258 2774 576 2837 vocatione,
602 2790 705 2828 nos
725 2776 903 2829 etiam
932 2791 1149 2846 semper
1177 2791 1405 2831 oramus
1425 2792 1526 2848 pro
1549 2778 1713 2841 vobis,
1738 2775 1869 2830 utin

260 2861 440 2917 futuro
451 2862 729 2932 dignetur
753 2879 859 2928 vos,
886 2871 939 2918 et
951 2871 1007 2917 ut
1030 2863 1084 2917 in
1107 2865 1361 2934 praesenti
1384 2867 1621 2937 impleat
1643 2881 1869 2920 omnem

259 2952 619 3008 voluntatem
649 2952 938 3018 bonitatis,
971 2951 1025 3006 id
1053 2960 1136 3007 est
1179 2952 1233 3007 in
1265 2953 1518 3008 omnibus
1547 2954 1616 3008 ad
1646 2954 1866 3025 plenum

260 3038 477 3116 bonum.
492 3038 830 3094 voluntatem
873 3039 1137 3107 habeatis,
1187 3046 1245 3097 et
1275 3050 1331 3096 ut
1377 3042 1599 3113 impleat
1627 3043 1685 3098 in
1711 3043 1870 3100 vobis

261 3145 396 3201 opus
424 3129 583 3198 ﬁdei.
619 3127 875 3184 Confiteri
905 3130 1178 3184 Christum
1211 3130 1265 3184 in
1305 3131 1476 3186 oculis
1524 3149 1869 3204 persequen-

1970 1904 1992 1934 α
2027 1891 2213 1936 noster
2244 1883 2404 1937 Jesus
2439 1882 2709 1947 Christus,
2741 1890 2790 1936 et
2816 1883 2962 1936 Deus
2985 1889 3037 1935 et
3060 1883 3219 1936 Pater
3236 1890 3445 1948 noster,
3480 1881 3575 1953 qui

1969 1995 1990 2019 «ι
2027 1971 2215 2026 dilexit
2264 1987 2384 2037 nos,
2438 1979 2491 2025 et
2535 1970 2681 2024 dedit
2737 1969 3165 2025 consolationem
3217 1979 3476 2026 aeternam
3521 1977 3575 2026 et

1971 2083 1992 2108 ‹‹
2025 2077 2178 2131 spem
2211 2060 2409 2114 bonam
2442 2060 2496 2112 in
2527 2059 2729 2131 gratia,
2763 2060 3082 2114 exhortatur
3111 2060 3278 2114 corda
3308 2068 3491 2115 vestra
3519 2066 3574 2115 et

1970 2172 1991 2197 ιι
2038 2148 2326 2205 confirmet
2355 2149 2409 2203 in
2440 2148 2588 2204 omni
2616 2165 2784 2219 opere
2815 2157 2867 2203 et
2898 2163 3153 2204 sermone
3183 2149 3347 2204 bono.
3387 2174 3409 2198 υ

2639 2304 2958 2346 Εχροειτιο.

2046 2434 2334 2504 Postquam
2370 2432 2440 2487 ad
2469 2431 2780 2503 patientiam
2830 2431 3161 2488 sufﬁcienter
3191 2447 3286 2488 eos
3316 2433 3568 2503 armavit,

1967 2521 2288 2576 determinat
2319 2529 2469 2576 certa
2500 2530 2552 2576 et
2599 2521 2870 2576 evidentia
2921 2522 3082 2594 signa
3124 2521 3305 2577 dando
3335 2521 3573 2578 futurum

1968 2610 2132 2675 diem,
2166 2626 2267 2680 pro
2302 2626 2409 2680 quo
2440 2609 2518 2663 illi
2567 2610 2740 2664 territi
2772 2619 2947 2676 erant,
2999 2618 3252 2680 putantes
3281 2626 3451 2681 prope
3481 2611 3572 2665 in-

1971 2706 2117 2753 stare
2148 2698 2300 2752 illum
2329 2697 2494 2753 diem.
2552 2698 2722 2766 Quasi
2751 2698 2953 2754 diceret
2989 2717 3004 2752 ε
3039 2699 3146 2769 Spe
3186 2698 3376 2754 futurae
3405 2699 3572 2755 retri-

1969 2787 2209 2842 butionis
2243 2787 2314 2842 ad
2345 2787 2662 2857 patientiam
2695 2787 2774 2842 sic
2805 2803 2902 2842 vos
2933 2802 3211 2842 armamus
3244 2807 3257 2854 ;
3291 2804 3360 2842 ne
3390 2797 3573 2844 autem

1970 2882 2076 2933 cito
2098 2875 2445 2941 moveamini,
2472 2891 2734 2948 rogamus
2759 2893 2846 2932 vos
2869 2876 2994 2948 quia
3013 2879 3263 2948 fratres:
3285 2894 3570 2947 rogamus,

1970 2966 2211 3037 inquam,
2241 2981 2344 3037 per
2365 2965 2669 3021 adventum
2699 2966 2925 3024 Domini
2960 2966 3145 3022 nostri
3169 2967 3302 3021 Jesu
3337 2964 3570 3032 Christi,

1969 3054 2025 3108 id
2057 3062 2158 3121 est,
2193 3054 2239 3108 si
2271 3053 2323 3108 in
2357 3054 2477 3126 ipso
2499 3054 2737 3109 adventu
2756 3053 3026 3108 Christum
3052 3053 3346 3109 salutarem
3370 3054 3574 3110 habere

1970 3143 2152 3209 vultis,
2184 3148 2241 3199 et
2271 3160 2370 3214 per
2419 3143 2717 3198 adventum
2765 3147 2978 3200 nostra:
3017 3145 3476 3215 congregationis
3512 3144 3575 3198 in

262 3217 416 3283 tium,
450 3218 560 3273 hoc
591 3226 672 3273 est
693 3234 832 3288 opus
854 3219 1000 3290 quod
1029 3218 1166 3274 ﬁdes
1183 3219 1368 3291 exigit.
1400 3220 1553 3292 Opus
1573 3220 1700 3276 ﬁdei
1720 3223 1864 3290 dico,
1903 3193 1949 3254 Ο
1970 3193 2177 3304 ipsum,
2200 3233 2255 3286 id
2271 3193 2390 3298 rest,
2429 3232 2473 3286 si
2495 3249 2617 3288 cum
2639 3231 3070 3305 congregatione
3092 3193 3333 3287 ﬁaeliaum
3359 3231 3576 3288 obviam

269 3306 330 3360 in
362 3308 580 3362 virtute
607 3326 626 3362 :
657 3322 780 3361 cum
827 3307 971 3362 enim
1017 3308 1306 3363 confitetur
1335 3309 1458 3380 quis
1491 3307 1651 3364 ﬁdem
1683 3327 1868 3366 coram

265 3402 668 3466 persequente,
703 3403 831 3450 tunc
861 3397 1178 3452 necessaria
1206 3404 1288 3452 est
1318 3397 1486 3452 virtus
1515 3401 1858 3456 constantiae.

263 3481 496 3538 Oramus
527 3484 692 3539 etiam
721 3488 786 3540 ut
815 3501 1021 3542 nomen
1054 3487 1276 3542 Domini
1306 3490 1490 3542 nostri
1507 3489 1636 3543 Iesu
1661 3487 1870 3543 Christi

264 3573 324 3627 in
349 3575 452 3629 hoc
473 3574 691 3629 mundo
711 3574 1066 3643 ctariﬁcetur
1097 3578 1157 3630 in
1180 3577 1347 3641 vobis,
1375 3577 1676 3632 secundum
1705 3576 1869 3632 fidem

264 3661 574 3734 agentibus,
611 3667 752 3717 etut
799 3679 888 3720 vos
928 3663 982 3718 in
1032 3662 1211 3719 futuro
1259 3663 1626 3721 clariﬁcemini
1675 3668 1738 3721 in
1767 3667 1869 3722 illo

263 3759 648 3806 remunerante
671 3750 848 3817 vobis,
872 3768 979 3806 non
1003 3753 1313 3808 secundum
1334 3754 1588 3808 meritum
1603 3762 1868 3824 vestrum,

263 3839 357 3894 sed
387 3840 694 3895 secundum
734 3839 1101 3896 abundantem
1132 3843 1382 3913 gratiam
1416 3844 1644 3898 Domini
1683 3845 1867 3901 nostri

264 3928 393 3984 Jesu
423 3927 659 3985 Christi.

776 4070 1018 4128 304
1048 4073 1276 4129 CAPUT
1317 4073 1384 4129 II.

336 4234 356 4261 ι
391 4213 682 4284 Rogamus
711 4220 893 4268 autem
921 4230 1041 4281 vos,
1076 4213 1294 4284 fratres,
1322 4231 1424 4286 per
1443 4215 1737 4271 adventum
1761 4216 1870 4271 Do-

267 4319 289 4350 ι
322 4300 455 4355 mini
479 4301 658 4356 nostri
686 4301 814 4356 Iesu
862 4302 1059 4357 Christi
1098 4310 1151 4357 et
1193 4312 1396 4358 nostrae
1425 4303 1868 4377 congregationis

267 4411 286 4435 α
323 4389 376 4442 in
406 4390 612 4460 ipsum,
645 4398 702 4444 ut
731 4407 841 4445 non
887 4391 994 4446 cito
1041 4392 1367 4446 moveamini
1397 4407 1431 4447 a
1459 4401 1646 4449 vestro
1677 4409 1865 4448 sensu.

266 4497 287 4527 ι
317 4478 510 4549 Neque
542 4479 884 4546 terreamini,
918 4495 1095 4551 neque
1126 4496 1224 4551 per
1250 4481 1522 4552 spiritum,
1556 4497 1736 4554 neque
1771 4497 1872 4552 per

267 4587 288 4614 cr
322 4582 657 4634 sermonem,
691 4584 868 4639 neque
902 4585 1002 4638 per
1029 4568 1333 4640 Epistolam
1363 4577 1622 4642 tanquam
1642 4587 1744 4642 per
1767 4587 1868 4626 nos
1890 4555 1941 4614 D

269 4678 290 4703 ι
325 4655 574 4724 missam,
612 4656 770 4727 quasi
800 4656 963 4712 instet
992 4658 1112 4714 dies
1145 4659 1383 4714 Domini.
1409 4659 1491 4714 Ne
1523 4660 1646 4731 quis
1667 4676 1764 4714 vos
1785 4676 1875 4715 se-

272 4764 293 4792 ι
328 4744 491 4800 ducat
519 4744 636 4799 ullo
663 4745 854 4800 modo.
911 4745 1183 4814 Quoniam
1222 4747 1327 4802 nisi
1358 4748 1572 4804 venerit
1601 4748 1872 4805 discessio

269 4847 290 4876 «
325 4825 644 4900 [dissensio]
672 4829 926 4899 primum,
961 4839 1014 4885 et
1052 4831 1323 4886 revelatus
1354 4831 1515 4887 fuerit
1543 4833 1708 4888 homo
1737 4848 1873 4904 pec-

271 4935 292 4965 ι
325 4916 451 4981 cati,
484 4915 638 4971 filius
676 4917 1016 4987 perditionis,
1074 4918 1167 4991 qui
1205 4919 1532 4976 adversatur
1570 4929 1624 4976 et
1654 4921 1874 4977 extolli-

272 5025 291 5049 α
326 5011 411 5058 tur
441 5021 616 5076 supra
645 5020 806 5061 omne
838 5007 983 5078 quod
1033 5009 1230 5064 dicitur
1279 5009 1448 5076 Deus,
1482 5017 1572 5065 aut
1604 5011 1750 5081 quod
1782 5026 1874 5065 co-

273 5111 293 5141 α
327 5093 466 5160 litur,
500 5094 575 5148 ita
627 5100 686 5148 ut
730 5094 783 5148 in
830 5095 1032 5168 templo
1081 5097 1182 5153 Dei
1231 5098 1439 5163 sedeat,
1488 5098 1783 5154 ostendens
1815 5114 1875 5154 se

274 5199 293 5228 α
327 5188 582 5254 tanquam
637 5183 706 5236 sit
763 5184 929 5239 Deus.
990 5186 1185 5241 Nonne
1241 5187 1487 5242 retinetis
1532 5187 1697 5258 quod,
1751 5204 1873 5242 cum

276 5289 295 5317 ι
329 5270 506 5327 adhuc
553 5287 736 5326 essem
766 5273 905 5342 apud
938 5290 1067 5340 vos,
1113 5275 1228 5330 haec
1278 5275 1526 5331 dicebam
1574 5276 1774 5331 vobis?
1805 5277 1876 5331 Et

274 5381 292 5403 ει
326 5375 466 5415 nunc
497 5361 631 5431 quid
663 5361 900 5416 detineat
921 5363 1088 5430 scitis,
1123 5373 1183 5418 ut
1210 5365 1488 5419 reveletur
1518 5365 1573 5419 in
1607 5381 1706 5420 suo
1739 5373 1875 5420 tem-

275 5467 296 5496 ι
329 5464 478 5516 pore.
534 5449 681 5504 Nam
730 5453 1046 5521 mysterium
1085 5453 1199 5522 jam
1251 5462 1508 5524 operatur
1553 5453 1871 5525 iniquitatis,

276 5557 296 5580 ι·
331 5545 532 5592 tantum
564 5547 622 5593 ut
654 5539 748 5610 qui
788 5547 932 5595 tenet
975 5549 1122 5607 tunc,
1172 5551 1356 5598 teneat
1386 5543 1562 5598 donec
1593 5543 1662 5597 de
1693 5543 1875 5598 medio

276 5644 297 5674 ι
330 5623 436 5681 ﬁat.
468 5628 536 5682 Et
566 5635 699 5681 tunc
730 5628 1058 5684 revelabitur
1101 5631 1192 5687 ille
1224 5631 1460 5703 iniquus,
1489 5647 1651 5704 quem
1681 5631 1874 5686 Domi-

279 5734 298 5756 α
331 5729 427 5768 nus
455 5715 617 5770 Jesus
663 5714 950 5774 interficiet
1000 5719 1197 5790 spiritu
1245 5720 1358 5775 oris
1389 5720 1492 5788 sui,
1544 5727 1597 5776 et
1634 5719 1876 5775 destruet

1973 3322 2189 3376 Christo
2220 3321 2481 3377 advenire
2514 3321 2695 3386 vultis,
2730 3321 2815 3375 vel
2846 3322 3302 3392 congregationis
3333 3329 3578 3376 venturae

1972 3409 2024 3463 in
2055 3410 2290 3480 idipsum
2342 3409 2489 3481 quod
2532 3410 2780 3463 Christus
2829 3417 2931 3476 est,
2983 3409 3192 3464 scilicet
3236 3409 3290 3463 in
3325 3409 3578 3464 incorru-

1971 3499 2213 3568 ptionem
2235 3516 2248 3551 :
2269 3499 2391 3561 hoc,
2412 3497 2658 3568 inquam,
2682 3515 2945 3569 rogamus
2974 3502 3166 3561 vos,ut
3192 3515 3305 3552 non
3331 3500 3446 3555 cito
3466 3513 3580 3555 mo-

1973 3588 2240 3642 veamini.
2276 3587 2394 3642 Cito
2425 3594 2600 3651 esset,
2634 3585 2680 3641 si
2713 3595 2824 3640 toto
2855 3595 3098 3657 tempore
3127 3585 3251 3640 vitae
3281 3602 3578 3642 moveren-

1973 3685 2078 3731 tur.
2107 3676 2439 3732 Moveamini
2467 3676 2592 3730 dico
2610 3693 2643 3730 a
2663 3679 2848 3730 vestro
2865 3691 3058 3741 sensu,
3080 3675 3133 3729 id
3155 3683 3235 3729 est
3255 3675 3322 3728 ab
3341 3690 3406 3729 eo
3429 3675 3578 3746 quod

1973 3765 2241 3829 sensistis,
2283 3772 2335 3820 et
2371 3781 2472 3835 per
2517 3780 2604 3818 me
2657 3764 2946 3819 docentem
2994 3763 3355 3818 intellexistis.
3393 3764 3579 3836 Neque

1976 3855 2312 3910 terreamini
2334 3853 2495 3926 quasi
2513 3853 2694 3908 instet
2707 3853 2825 3908 dies
2849 3853 3094 3918 Domini,
3115 3852 3242 3924 quia
3255 3868 3448 3907 revera
3468 3868 3580 3907 non

1971 3943 2154 3998 instat.
2176 3943 2525 3998 Terreamini
2537 3943 2660 3997 dico
2673 3959 2851 4014 neque
2863 3959 2964 4015 per
2975 3944 3243 4014 spiritum
3256 3941 3576 4013 malignum,

1974 4047 2302 4104 quocunque
2350 4031 2513 4086 modo
2562 4029 2961 4104 significantem
3008 4031 3127 4086 haec
3166 4031 3362 4097 vobis;
3395 4045 3578 4103 neque

1971 4137 2074 4192 per
2093 4137 2432 4188 sermonem,
2468 4120 2520 4174 id
2541 4127 2623 4174 est
2643 4136 2743 4190 per
2760 4119 3066 4174 doctrinam
3091 4119 3312 4174 illorum
3333 4119 3578 4189 pseudo;

1973 4225 2152 4282 neque
2188 4226 2290 4281 per
2318 4209 2622 4280 epistolam
2662 4210 2899 4263 missam
2943 4223 2976 4262 a
3007 4208 3408 4279 deceptoribus,
3447 4211 3581 4262 tan—

1974 4315 2143 4370 quam
2192 4313 2292 4369 per
2338 4296 2804 4369 nus.-Signabant
2851 4296 2996 4350 enim
3045 4295 3305 4366 epistolas
3355 4295 3579 4351 nomine

1973 4384 2141 4452 Pauli,
2173 4392 2229 4438 ut
2261 4385 2365 4440 hoc
2412 4401 2621 4456 genere
2671 4384 2876 4438 fraudis
2923 4384 3248 4439 seducerent
3296 4384 3578 4440 Ecclesias

1972 4473 2142 4527 Pauli.
2178 4473 2477 4544 Rogamus,
2505 4489 2574 4527 ne
2597 4472 2928 4538 terreamini,
2949 4481 3002 4528 et
3021 4490 3092 4528 ne
3114 4473 3323 4544 aliquis
3343 4489 3578 4543 unquam

1971 4563 2206 4617 seducet
2240 4579 2330 4617 vos
2361 4561 2659 4633 praemissis
2689 4561 2888 4626 modis,
2925 4561 3013 4617 vel
3037 4562 3156 4616 ullo
3177 4561 3282 4616 alio
3305 4562 3486 4629 modo,
3519 4569 3580 4617 ut

1974 4651 2211 4708 credatis
2241 4651 2443 4706 instare
2468 4651 2616 4706 diem
2645 4650 2882 4716 Domini,
2917 4651 3186 4722 quoniam
3216 4666 3326 4704 non
3356 4649 3581 4704 instabit

1974 4741 2063 4797 hic
2092 4741 2230 4806 dies,
2264 4743 2382 4796 nisi
2427 4742 2680 4812 primum
2713 4741 2930 4794 venerit
2957 4740 3236 4795 discessio.
3273 4737 3581 4800 Discessio-

1975 4847 2101 4884 nem
2131 4837 2288 4885 vocat
2337 4829 2675 4894 Ambrosius,
2726 4828 2985 4900 quoniam
3027 4829 3348 4894 Romanum,
3400 4826 3455 4882 id
3493 4834 3577 4882 est

1976 4919 2346 4974 Christianum
2394 4919 2681 4990 imperium
2709 4961 2722 4982 ,
2776 4933 3102 4990 quocunque
3146 4925 3404 4985 mutetur,
3463 4915 3581 4972 sive

1977 5008 2462 5079 ConstantinOpoli,
2530 5007 2644 5063 sive
2699 5007 2850 5072 alibi,
2912 5007 3046 5061 nihil
3096 5006 3320 5078 impedit
3367 5004 3582 5061 solum-

1975 5097 2140 5152 modo
2189 5096 2556 5152 Christianum
2616 5095 2773 5150 duret
2819 5095 3128 5166 imperium.
3182 5095 3469 5164 Quoniam,
3522 5095 3579 5150 in

1977 5202 2162 5257 quam,
2196 5187 2302 5241 hoc
2333 5185 2703 5240 Christianum
2734 5185 3022 5256 imperium
3051 5184 3401 5255 dissolvetur,
3435 5184 3581 5256 quod

1981 5291 2081 5331 nec
2113 5291 2272 5346 reges
2322 5282 2481 5329 erunt
2534 5273 2627 5345 qui
2675 5274 2962 5329 haereticos
3009 5274 3257 5345 puniant,
3307 5289 3578 5345 pervaso-

1977 5381 2064 5419 res
2116 5363 2473 5420 ecclesiarum
2519 5364 2825 5428 destruant,
2877 5379 2980 5419 nec
3024 5363 3266 5418 Romano
3313 5361 3578 5434 pontifici,

1977 5453 2070 5525 qui
2117 5453 2363 5526 spiritale
2424 5452 2717 5523 imperium
2758 5452 2942 5516 habet,
2997 5452 3230 5506 mundus
3271 5451 3327 5506 in
3374 5451 3579 5506 unitate

1979 5543 2105 5597 fidei
2135 5543 2412 5611 subjectus
2463 5541 2584 5606 erit,
2639 5541 2737 5597 sed
2781 5541 2858 5596 sic
2905 5541 2972 5595 ab
3021 5550 3249 5613 utroque
3278 5539 3582 5595 Christiano

1978 5632 2228 5702 imperio,
2264 5640 2316 5686 et
2349 5630 2616 5697 saeculari,
2651 5631 2790 5686 sicut
2811 5638 2934 5684 sunt
2961 5646 3146 5702 reges,
3173 5637 3226 5684 et
3247 5627 3494 5700 spiritali,
3523 5633 3580 5682 ut

1983 5720 2221 5777 305
2245 5735 2408 5792 papa,
2431 5720 2668 5774 mundus
2690 5719 2972 5787 discedet;
3001 5727 3132 5774 tunc
3148 5717 3382 5789 primum
3410 5730 3580 5788 para-
