3932 6420
348 281 452 335 419

847 283 902 338 S.
962 283 1316 340 BRUNONIS
1371 284 2015 344 CARTHUSIANORUM
2074 287 2560 348 INSTITUTORIS
2619 291 2770 348 OPP.
2830 294 3007 350 PARS
3063 296 3131 350 Ιῐ.

3531 299 3641 357 420

348 412 464 460 tum
493 405 592 460 erit
615 407 915 476 jumentum
963 409 1108 480 quod
1157 411 1416 466 ascendet
1466 411 1850 481 Antichristus,
1883 411 1938 467 id
1959 413 2010 476 A
2040 422 2120 469 tas
2151 415 2276 469 ﬁdei
2311 424 2363 470 et
2395 417 2761 473 Christianum
2800 419 3088 490 imperium
3128 422 3231 489 ﬁat
3261 422 3327 478 de
3356 423 3559 490 medio,
3584 424 3643 481 id

351 501 434 548 est
463 493 728 561 inﬁdeles,
763 496 853 568 qui
884 497 1125 552 membra
1157 499 1470 554 Antichristi
1492 501 1737 555 certatim
1756 500 1810 554 in
1839 501 1941 554 de-

351 591 644 648 structione
674 592 798 647 ﬁdei
827 603 1188 664 c00perentur
1216 597 1307 650 tali
1339 597 1518 667 capiti,
1554 607 1606 652 et
1636 598 1799 664 facta,
1842 599 1942 652 hac

351 680 686 736 discessione
709 683 884 736 veniet
913 684 1278 738 Antichristus
1309 685 1362 738 in
1395 702 1492 739 sua
1521 687 1938 756 opportunitate.

355 769 461 824 Sed
492 769 536 823 si
566 770 726 824 modo
774 772 979 825 veniret
1025 773 1245 840 mundo,
1297 775 1586 829 obediente
1633 792 1697 830 ex
1750 775 1942 842 majori

351 866 503 928 parte
534 858 777 914 Romano
824 860 1061 930 pontiﬁci
1104 861 1158 914 in
1189 861 1393 917 unitate
1441 862 1586 931 ﬁdei,
1639 872 1690 917 et
1721 864 1943 933 regibus

353 946 670 1001 Christianis
716 947 894 1003 adhuc
945 948 1108 1003 ﬁdem
1160 951 1452 1015 tuentibus,
1487 951 1808 1021 imparatum
1840 952 1941 1005 ha-

351 1034 500 1090 beret
522 1037 846 1104 jumentum,
881 1038 1026 1108 quod
1059 1038 1396 1106 ascenderet,
1431 1047 1484 1094 et
1512 1055 1620 1093 non
1651 1055 1750 1094 suo
1780 1041 1942 1094 modo

345 1123 615 1196 proﬁcere
645 1134 850 1195 posset.
903 1124 1133 1193 Quando
1166 1135 1345 1182 tamen
1379 1126 1559 1181 futura
1589 1135 1671 1181 est
1703 1127 1792 1182 illa
1825 1128 1942 1181 dis-

351 1214 526 1269 cessio
553 1214 606 1267 in
656 1215 786 1269 sede
816 1215 958 1269 beati
1009 1215 1172 1281 Petri,
1224 1216 1326 1270 etsi
1364 1215 1419 1269 in
1450 1217 1656 1286 paucis,
1692 1215 1827 1270 ﬁdes
1859 1225 1964 1270 ta-'

349 1319 476 1357 men
505 1302 838 1373 perdurabit.
875 1303 1033 1371 Quod
1063 1304 1249 1359 dicunt
1267 1305 1439 1359 sancti
1462 1305 1763 1359 obtinuisse
1794 1305 1942 1359 illam

351 1391 651 1446 orationem
683 1391 900 1459 Christi,
933 1393 1002 1446 de
1048 1409 1151 1463 qua
1195 1394 1350 1447 Petro
1379 1393 1451 1446 ait
1487 1411 1499 1448 :
1539 1415 1559 1443 ι
1597 1395 1716 1465 Ego
1762 1411 1860 1464 pro
1890 1403 1942 1448 te

350 1481 562 1552 rogavi,
589 1482 767 1549 Petre,
790 1489 847 1536 ut
869 1497 974 1536 non
993 1480 1208 1536 deficiat
1227 1481 1360 1536 ﬁdes
1382 1491 1466 1536 tua
1481 1484 1632 1550 (Luc.
1659 1497 1802 1546 xxn,
1828 1483 1937 1550 32).

423 1570 529 1624 Alii
559 1579 750 1625 vocant
796 1569 1190 1625 discessionem
1221 1572 1301 1640 (ut
1331 1571 1398 1625 de
1436 1571 1684 1626 saeculari
1716 1571 1942 1640 imperio

353 1660 586 1728 taceant)
619 1659 836 1730 quando
867 1659 1116 1714 homines
1146 1659 1213 1712 ab
1246 1659 1451 1714 unitate
1483 1657 1607 1713 ﬁdei
1638 1659 1938 1727 discedent,

2043 512 2124 557 est
2155 504 2422 559 sublatum
2476 507 2754 562 auferatur
2801 509 2868 562 de
2898 511 3303 565 communitate.
3339 512 3422 565 Ab
3463 527 3529 566 ea
3561 513 3642 566 si-

2041 591 2343 647 militudine
2405 594 2606 650 dictum
2668 605 2768 662 est,
2833 613 2940 667 qua
2983 598 3214 654 dicimus
3266 617 3278 652 :
3330 600 3427 654 Hic
3474 601 3641 655 homo

2042 691 2287 735 mortuus
2333 683 2507 738 factus
2557 693 2637 738 est
2683 686 2750 738 de
2799 686 3001 751 medio,
3060 687 3111 740 id
3162 696 3243 741 est
3293 688 3536 742 sublatus
3565 689 3636 743 de

2043 771 2427 826 communitate
2473 773 2772 828 hominum.
2808 775 2903 828 Vel
2935 776 3007 829 ita
3042 793 3054 829 :
3089 777 3486 832 Tantummodo
3530 779 3637 834 hoc

2042 867 2280 913 moratur
2293 861 2678 915 Antichristum
2702 866 2764 917 ut
2788 865 2884 934 qui
2909 881 3062 918 nunc
3086 869 3243 920 tenet
3265 865 3634 921 Christianum

2042 947 2329 1017 imperium
2352 957 2402 1002 et
2424 950 2679 1004 unitatem
2704 950 2847 1016 ﬁdei,
2875 956 3066 1007 teneat
3086 954 3187 1008 hoc
3208 954 3414 1019 tandiu,
3438 955 3634 1020 donec,

2042 1035 2312 1106 iniquitas,
2349 1054 2468 1109 qum
2496 1040 2658 1094 modo
2681 1047 2762 1094 est
2784 1041 2883 1095 sub
2904 1042 3184 1112 mysterio,
3219 1044 3322 1110 ﬁat
3345 1044 3411 1099 de
3434 1045 3634 1110 medio,

2042 1125 2096 1178 id
2123 1133 2204 1180 est
2233 1126 2302 1181 de
2332 1128 2732 1194 communitate,
2765 1137 2821 1182 ut
2866 1129 3002 1185 sicut
3036 1131 3198 1184 modo
3232 1129 3367 1185 ﬁdes
3397 1131 3452 1185 in
3481 1147 3639 1188 com-

2043 1214 2191 1267 muni
2223 1222 2322 1279 est,
2371 1215 2626 1287 iniquitas
2672 1217 2726 1270 in
2758 1217 2992 1284 occulto,
3034 1219 3113 1274 sic
3161 1219 3216 1272 in
3252 1227 3492 1290 tempore
3519 1223 3640 1275 An-

2043 1302 2270 1357 tichristi
2304 1303 2439 1358 ﬁdes
2486 1304 2553 1358 sit
2601 1305 2656 1358 in
2695 1307 2928 1371 occulto,
2978 1306 3230 1378 iniquitas
3259 1308 3312 1362 in
3343 1309 3638 1377 communi,

2043 1391 2166 1462 quia
2197 1393 2443 1446 membra
2493 1392 2764 1460 ejus”non
2811 1394 2931 1464 plus
2962 1396 3281 1450 erubescant
3321 1406 3501 1452 actum
3532 1397 3640 1452 im-

2041 1479 2254 1549 pietatis
2283 1497 2442 1552 quam
2473 1481 2703 1551 pietatis,
2746 1490 2799 1536 et
2829 1483 2919 1553 qui
2952 1482 3113 1537 ﬁdem
3143 1484 3397 1550 habeant,
3423 1485 3640 1556 paucis-

2043 1567 2165 1622 simi
2195 1578 2371 1624 crunt.
2404 1570 2472 1623 Et
2516 1578 2641 1624 tunc
2684 1579 2974 1642 postquam
3020 1572 3107 1627 hic
3140 1573 3232 1643 qui
3262 1589 3407 1629 nunc
3433 1573 3638 1628 detinet

2042 1673 2186 1721 eum,
2237 1658 2512 1713 auferetur
2557 1659 2627 1713 dc
2676 1660 2874 1726 medio,
2924 1661 3008 1714 vel
3051 1669 3334 1732 postquam
3379 1661 3637 1732 iniquitas

353 1757 405 1803 et
425 1747 670 1803 diversas
700 1747 906 1802 erroris
936 1747 1051 1802 vias
1080 1747 1474 1819 ingrediantur,
1500 1756 1625 1803 tunc
1647 1748 1826 1802 veniet
1853 1763 1941 1801 as-
1961 1769 2014 1829 B
2045 1744 2134 1799 ﬁet
2155 1747 2223 1800 de
2245 1747 2445 1815 medio,
2473 1752 2630 1812 tunc,
2648 1747 2887 1819 inquam,
2906 1749 3243 1804 revelabitur
3261 1751 3360 1806 ille
3382 1751 3634 1822 iniquus,

353 1851 552 1891 censor
580 1835 941 1890 Antichristus
982 1843 1153 1890 strato
1193 1837 1438 1904 jumento
1471 1836 1614 1907 quod
1661 1835 1939 1890 ascendat.

352 1923 492 1990 Nisi,
515 1924 756 1996 inquam,
780 1925 1030 1996 primum
1055 1925 1271 1980 venerit
1293 1925 1574 1990 discessio,
1595 1929 1648 1980 et
1672 1925 1812 1979 facta
1834 1924 1945 1979 dis-

354 2012 603 2068 cessione
646 2013 928 2068 revelatus
973 2015 1172 2083 fuerit,
1221 2013 1311 2083 qui
1358 2013 1521 2068 modo
1568 2012 1811 2067 occultus
1863 2021 1948 2067 est

353 2100 538 2156 homo.
573 2101 776 2155 Contra
823 2101 927 2155 hoc
979 2100 1124 2171 quod
1175 2100 1420 2155 dicturus
1451 2108 1549 2167 est,
1585 2100 1758 2154 Deum
1787 2109 1946 2156 vocat

355 2205 477 2245 eum
508 2189 804 2254 hominem,
839 2189 906 2241 ab
938 2188 1083 2242 omni
1116 2189 1315 2242 deitate
1346 2189 1602 2242 alienum.
1638 2191 1826 2254 Ilomo,
1859 2189 1945 2242 in-

355 2294 536 2349 quam,
566 2279 806 2349 peccati,
833 2277 961 2346 quia
993 2275 1132 2332 sicut
1160 2277 1402 2332 Christus
1425 2278 1586 2331 homo
1613 2277 1843 2345 iustitiae,
1867 2277 1944 2333 sic

353 2365 454 2420 iste
487 2366 647 2420 totius
677 2365 887 2436 peccati
913 2383 926 2429 ;
960 2369 1014 2421 et
1033 2367 1190 2434 ﬁlius
1207 2366 1566 2437 perditionis,
1593 2365 1647 2419 id
1672 2374 1755 2419 est
1782 2366 1942 2435 geni-

287 2499 294 2505 .
353 2463 436 2509 tus
465 2455 532 2510 ad
563 2454 920 2525 perditionem
970 2469 1212 2520 suorum,
1261 2453 1402 2509 sicut
1449 2454 1691 2508 Christus
1737 2455 1806 2508 ad
1838 2454 1946 2508 sal-

352 2543 624 2598 vationem
663 2543 966 2611 justorum;
1000 2543 1091 2613 qui
1133 2543 1295 2597 etiam
1341 2550 1394 2596 et
1439 2543 1657 2597 nomine
1700 2551 1752 2597 et
1781 2559 1944 2613 opere

352 2633 684 2688 adversatur
709 2631 944 2686 Christo.
979 2631 1132 2686 Unde
1163 2639 1215 2686 et
1245 2631 1604 2687 Antichristus
1633 2631 1940 2696 vocabitur;

353 2729 405 2776 et
435 2721 528 2792 qui
557 2721 863 2776 extollitur
881 2736 1054 2792 supra
1085 2735 1248 2774 omne
1269 2721 1410 2792 quod
1432 2721 1645 2776 dicitur
1681 2722 1845 2784 Deus,
1890 2719 1944 2774 id

353 2818 435 2865 est
469 2809 613 2881 quod
641 2809 1001 2879 nuncupative
1045 2809 1190 2863 Deus
1222 2808 1440 2874 dicitur,
1475 2818 1525 2863 et
1555 2825 1664 2863 non
1697 2816 1778 2862 est
1811 2808 1943 2862 sub-

353 2898 692 2964 stantialiter,
727 2905 782 2952 ut
813 2905 938 2951 sunt
983 2897 1176 2964 sancti,
1223 2898 1521 2953 secundum
1551 2897 1683 2951 illud
1719 2912 1730 2950 :
1767 2920 1788 2943 α
1825 2897 1944 2968 Ego

349 2987 462 3042 dixi
496 3001 508 3040 :
541 2985 629 3042 Dii
660 2986 791 3041 estis
823 2987 998 3057 (Psal.
1022 2999 1184 3052 xxxx,
1220 2987 1274 3054 6)
1311 3001 1322 3039 :
1363 3009 1384 3033 η
1417 2984 1520 3053 Qui
1543 2985 1704 3040 etiam
1728 2985 1943 3040 extolli-

349 3083 442 3130 tur
469 3090 631 3145 supra
659 3089 820 3129 omne
849 3072 992 3146 quod
1013 3075 1222 3128 colitur
1250 3075 1414 3141 Deus,
1441 3081 1493 3128 et
1513 3090 1642 3129 vere
1665 3075 1809 3128 Deus
1841 3081 1941 3128 est.

351 3163 660 3227 Extollitur,
681 3163 764 3217 ita
785 3166 850 3217 ut
873 3161 1061 3217 sedeat
1082 3161 1144 3216 in
1167 3163 1374 3234 templo
1395 3163 1494 3218 Dei
1524 3163 1615 3231 (ad
1631 3163 1864 3217 litteram
1886 3162 1941 3216 in

352 3251 720 3322 Hierusalem)
759 3251 814 3304 in
864 3266 971 3322 quo
1025 3250 1270 3305 Christus
1317 3251 1519 3316 docuit,
1579 3267 1835 3306 asserens
1883 3268 1942 3306 se

351 3357 477 3396 esse
506 3357 694 3396 verum
745 3341 936 3404 Deum,
979 3339 1251 3394 Christum
1279 3348 1460 3394 autem
1491 3339 1657 3394 fuisse
1679 3340 1940 3410 decepto-

352 3447 471 3486 rem
500 3438 552 3486 et
579 3444 822 3502 magum.
858 3427 1053 3484 Sedeat
1081 3428 1204 3484 dico
1251 3428 1305 3482 in
1363 3428 1564 3499 templo
1596 3429 1714 3494 Dei,
1749 3434 1941 3485 osten-

352 3519 490 3575 dens
519 3535 575 3575 se
602 3521 750 3574 sicut
780 3520 856 3573 sit
880 3519 1043 3573 Deus.
1066 3517 1204 3586 Nisi,
1227 3517 1470 3588 inquam,
1496 3518 1609 3573 haec
1630 3517 1784 3590 signa
1802 3534 1944 3588 prae-

353 3607 638 3674 cesserint,
671 3623 780 3663 non
809 3608 962 3678 prius
1001 3606 1221 3660 instabit
1267 3607 1386 3661 dies
1429 3606 1662 3661 Domini.
1718 3607 1785 3661 Et
1814 3623 1940 3662 cre-

353 3698 486 3752 dere
517 3696 678 3752 etiam
708 3695 919 3750 debetis
961 3711 1071 3750 non
1114 3694 1272 3750 aliter
1301 3695 1500 3748 instare
1530 3695 1673 3748 diem
1703 3695 1936 3761 Domini,

352 3785 476 3857 quia
495 3801 610 3840 non
631 3786 895 3840 retinetis
907 3782 1238 3849 memoriter,
1262 3783 1404 3855 quod
1419 3800 1546 3838 cum
1567 3784 1748 3839 adhuc
1765 3800 1940 3839 essem

351 3875 502 3946 apud
530 3889 622 3930 vos
649 3873 898 3928 dicebam
944 3873 1092 3927 vobis
1117 3872 1233 3926 hazc
1263 3887 1606 3941 praecessura
1641 3887 1762 3926 esse
1794 3873 1939 3927 diem

351 3961 589 4017 Domini.
624 3962 685 4015 In
718 3976 783 4015 eo
813 3960 958 4032 quod
978 3959 1072 4025 ait,
1099 3976 1226 4015 cum
1246 3959 1428 4015 adhuc
1451 3977 1646 4025 essem,
1674 3959 1942 4033 signiﬁcat

351 4067 411 4106 se
442 4050 590 4107 circa
611 4051 799 4104 horam
819 4049 1095 4104 discessus
1117 4048 1199 4102 sui
1221 4049 1336 4104 haec
1360 4049 1651 4104 tradidisse
1672 4050 1796 4104 illis.
1823 4052 1938 4104 Mos

351 4140 495 4194 enim
523 4145 638 4193 erat
666 4137 821 4191 Pauli
847 4137 902 4191 in
932 4137 1122 4207 primis
1152 4137 1549 4207 simplicitatem
1571 4138 1935 4193 Ecclesiarum

352 4227 687 4298 simplicibus
714 4225 898 4281 fovere
933 4225 1310 4292 documentis;
1343 4226 1459 4293 sed,
1494 4226 1598 4280 illis
1623 4227 1736 4295 jam
1765 4227 1940 4297 perfe-

348 4317 436 4383 tis,
471 4331 645 4387 eoque
676 4315 890 4370 volente
918 4315 1207 4381 recedere,
1241 4322 1368 4371 tunc
1399 4298 1632 4387 primum
1663 4315 1937 4371 revolabat

349 4405 456 4460 illis
487 4404 697 4460 occulta
727 4403 1105 4475 mysteriorum
1137 4403 1256 4458 Dei.

1967 3123 2014 3186 Ο

2045 1851 2205 1906 quem
2227 1837 2496 1890 Dominus
2507 1837 2983 1906 Jesusinterﬁeiet
3005 1839 3223 1908 Spiritu
3234 1840 3349 1894 oris
3361 1839 3468 1894 sui.
3494 1839 3638 1894 Dicit

2045 1923 2238 1978 beatus
2268 1924 2590 1978 Ambrosius
2620 1927 2806 1979 Jesum
2838 1923 3260 1996 sejostensurum
3282 1927 3636 1993 Antichristo,

2044 2020 2096 2066 et
2113 2011 2378 2067 clamante
2397 2012 2635 2068 306
2653 2014 2680 2066 ,Ι
2686 2030 2802 2080 esu,
2827 2014 3178 2068 interﬁciatur
3193 2015 3281 2072 hic
3298 2015 3516 2086 impius;
3535 2016 3636 2071 sed

2044 2096 2172 2167 quid
2202 2097 2478 2164 clamabit,
2529 2098 2820 2153 nescimus.
2872 2099 3068 2154 Dicunt
3111 2099 3200 2153 alii
3230 2101 3374 2170 quod
3407 2099 3636 2156 Michael

2045 2183 2161 2237 solo
2209 2193 2410 2240 terrore
2463 2202 2560 2240 suo
2607 2186 2986 2242 interfecturus
3043 2187 3111 2241 sit
3160 2188 3302 2243 hunc
3353 2187 3633 2243 Antichri-

2045 2281 2204 2326 stum.
2237 2273 2394 2327 Jesus
2436 2274 2653 2344 quidem
2695 2274 2980 2330 interﬁciet
3027 2292 3172 2341 eum,
3225 2284 3278 2330 et
3315 2284 3507 2347 postea
3536 2276 3635 2332 de-

2045 2369 2216 2416 struet
2246 2378 2368 2415 eum
2398 2363 2714 2417 damnatum
2744 2371 2796 2418 et
2828 2363 2882 2416 in
2915 2379 3141 2434 corpore
3173 2372 3226 2420 et
3255 2365 3309 2418 in
3347 2364 3551 2420 anima.

2115 2451 2374 2506 Destruet
2392 2451 2514 2506 dico
2535 2453 2925 2507 illustratione
2947 2453 3220 2508 adventus
3244 2453 3352 2519 sui,
3385 2454 3439 2508 id
3461 2461 3544 2508 est
3566 2468 3634 2509 eo

2044 2537 2366 2594 adveniente
2397 2540 2466 2593 ad
2491 2539 2753 2608 judicium
2784 2541 2838 2594 in
2867 2557 3062 2613 magna
3095 2541 3360 2596 claritatis
3387 2542 3633 2598 illustra-

2042 2627 2209 2683 tione.
2231 2630 2367 2682 Eum
2389 2628 2511 2683 dico
2533 2630 2823 2694 adventus,
2838 2631 3000 2699 cujus
3013 2635 3096 2685 est
3117 2631 3427 2686 secundum
3447 2647 3638 2702 opera-

2045 2717 2256 2772 tionem
2293 2719 2562 2783 Satanw;
2595 2717 2715 2789 quia
2748 2718 2885 2772 sicut
2905 2718 3151 2772 Christus
3173 2720 3488 2789 operatione
3509 2719 3635 2789 Spi-

2043 2805 2177 2859 ritus
2209 2805 2397 2870 sancti,
2439 2805 2515 2860 sic
2545 2806 2646 2860 iste
2685 2806 2982 2862 secundum
3021 2807 3390 2877 Operationem
3423 2807 3635 2863 Satanae

2042 2893 2311 2948 adveniet.
2370 2895 2762 2964 Operationem
2805 2894 2928 2950 dico
2972 2911 3131 2966 quam
3178 2895 3419 2951 facturus
3456 2905 3539 2951 est
3568 2896 3633 2951 in

2043 2983 2198 3038 omni
2219 2983 2446 3050 virtute,
2473 2982 2676 3038 scilicet
2694 2983 2755 3038 in
2777 2984 2952 3054 signis
2971 2987 3026 3039 et
3039 2984 3327 3056 prodigiis.
3343 2984 3512 3070 Signa
3531 2984 3635 3038 mi-

2041 3085 2191 3136 nora,
2243 3071 2497 3141 prodigia
2535 3079 2730 3138 vocat;
2762 3071 2986 3140 majora,
3031 3072 3305 3128 miracula.
3351 3072 3534 3146 Signis
3582 3080 3638 3129 et

2043 3159 2311 3230 prodigiis
2359 3160 2482 3216 dico
2534 3160 2914 3227 mendacibus,
2965 3160 3050 3216 vel
3099 3161 3225 3232 quia
3252 3177 3362 3216 non
3391 3169 3549 3218 erunt
3578 3162 3635 3216 in

2043 3247 2123 3302 rei
2153 3247 2397 3317 veritate,
2436 3249 2534 3303 sed
2565 3249 2654 3315 ita,
2689 3265 2786 3319 per
2804 3249 3094 3319 magicam,
3127 3249 3456 3305 videbuntur
3485 3265 3629 3306 esse.

2043 3337 2142 3392 Vel
2171 3337 2552 3404 mendacibus,
2586 3338 2732 3408 quia,
2765 3337 2867 3392 etsi
2896 3337 3156 3393 miracula
3185 3353 3318 3393 vera
3348 3338 3472 3406 sint,
3506 3339 3632 3394 ideo

2042 3433 2221 3480 tamen
2249 3425 2554 3493 mendacia,
2590 3425 2713 3496 quia
2745 3426 2892 3496 quod
2920 3425 3155 3496 probare
3186 3426 3490 3493 intendunt,
3523 3427 3633 3483 exi-

2041 3523 2128 3569 tus
2172 3515 2248 3569 rei
2294 3513 2488 3569 falsum
2519 3514 2788 3586 probavit,
2839 3515 3227 3570 Antichristum
3262 3515 3467 3571 scilicet
3519 3532 3631 3572 non

2042 3619 2164 3658 esse
2192 3605 2396 3670 Deum;
2430 3603 2500 3658 ad
2531 3602 2676 3674 quod
2721 3603 3062 3673 probandum
3108 3604 3370 3660 miracula
3397 3619 3637 3675 praeces-

2043 3703 2242 3746 serant.
2277 3691 2395 3746 Erit
2419 3692 2584 3748 etiam
2613 3691 2877 3746 adventus
2909 3693 3026 3761 ejus
3047 3693 3108 3747 in
3129 3693 3285 3748 omni
3305 3693 3630 3749 seductione

2040 3781 2385 3852 iniquitatis,
2420 3780 2547 3852 quia
2594 3781 2742 3836 omni
2786 3796 2988 3851 genere
3035 3780 3325 3852 impietatis
3371 3781 3619 3837 seducet.

2039 3871 2373 3926 Seductione
2405 3869 2526 3924 dico
2556 3868 2697 3924 facta
2718 3870 2804 3924 his
2824 3870 2918 3940 qui
2938 3875 3199 3940 pereunt,
3229 3870 3354 3942 quia
3375 3870 3503 3940 justi
3521 3885 3632 3925 non

2040 3959 2390 4014 seducentur.
2426 3959 2654 4012 Pereunt
2681 3957 2891 4024 merito,
2917 3973 2977 4012 eo
2995 3959 3138 4030 quod
3158 3975 3273 4014 non
3295 3963 3632 4030 receperunt

2039 4047 2383 4102 eharitatem
2415 4045 2696 4111 veritatis,
2743 4045 2799 4100 id
2841 4053 2924 4100 est
2953 4046 3225 4100 Christum
3257 4047 3348 4117 qui
3379 4055 3462 4102 est
3490 4061 3632 4118 pura

2039 4135 2258 4200 veritas,
2293 4143 2344 4190 et
2374 4135 2427 4188 in
2463 4150 2571 4206 quo
2608 4141 2758 4188 tanta
2805 4134 3038 4188 charitas
3085 4143 3142 4189 ut
3172 4135 3226 4189 in
3257 4143 3485 4191 mortem
3516 4144 3632 4190 tra-

2040 4224 2194 4278 deret
2225 4240 2284 4278 se
2315 4240 2414 4295 pro
2445 4223 2622 4278 nobis.
2651 4224 2773 4277 Non
2805 4232 3142 4293 receperunt,
3175 4227 3240 4279 ut
3261 4225 3406 4280 salvi
3424 4225 3632 4293 ﬁerent

2039 4329 2138 4382 per
2169 4329 2311 4381 eum,
2345 4327 2416 4368 ex
2447 4330 2552 4384 quo
2601 4311 2775 4366 omnis
2818 4313 2984 4367 salus.
3018 4313 3085 4366 Et
3132 4314 3253 4368 ideo
3284 4313 3408 4385 quia
3437 4313 3627 4368 nolue-

2039 4409 2158 4455 runt
2185 4401 2384 4455 salvari
2405 4404 2597 4457 mittet
2617 4403 2734 4458 illis
2754 4404 2900 4458 Deus
2919 4402 3301 4473 operationem
3320 4402 3548 4466 erroris,
3573 4401 3630 4456 id

418 4493 581 4550 Facta
610 4492 944 4548 discessione
973 4491 1153 4548 veniet
1181 4491 1564 4558 Antichristus,
1589 4497 1644 4548 et
1677 4492 1810 4564 quid
1831 4493 1934 4549 hoc
1953 4481 2006 4541 D
2040 4497 2123 4544 est
2153 4505 2437 4544 erroneum
2467 4499 2809 4561 operatorem
2848 4489 3258 4555 Antichristum,
3291 4493 3355 4547 ut
3387 4490 3628 4546 credant

349 4583 418 4638 sit
448 4582 593 4654 quod
623 4598 778 4637 nunc
809 4581 1063 4637 detineat
1081 4597 1224 4648 eum,
1257 4597 1325 4636 ne
1355 4581 1425 4636 ad
1454 4597 1700 4652 prsesens
1731 4580 1932 4652 veniat,

347 4687 445 4729 vos
465 4671 603 4726 bene
620 4673 796 4736 scitis,
824 4671 926 4727 hoc
947 4670 1153 4726 scilicet
1171 4670 1375 4725 detinet
1395 4685 1538 4737 eum,
1563 4673 1628 4724 ut
1654 4671 1936 4742 reveletur

345 4761 408 4815 in
439 4775 557 4826 suo,
590 4759 642 4813 id
687 4767 770 4814 est
810 4759 864 4812 in
912 4758 1015 4812 sibi
1064 4766 1373 4829 opportuno
1417 4762 1705 4828 tempore;
1737 4757 1832 4812 sed
1866 4756 1932 4823 si,

345 4849 573 4904 durante
603 4849 807 4903 unitate
838 4845 962 4903 ﬁdei
993 4856 1045 4902 et
1073 4847 1377 4902 Christiano
1419 4845 1669 4916 imperio,
1701 4846 1930 4912 veniret,

342 4936 399 4992 in
428 4951 528 4992 suo
557 4952 666 4992 non
713 4945 954 5006 tempore
1003 4935 1358 4990 revelaretur.
1401 4934 1544 4989 Vere
1573 4933 1627 4988 in
1661 4949 1758 4988 suo
1790 4941 1933 4988 tem-

342 5041 473 5098 pore
517 5024 863 5090 revelabitur,
898 5042 1034 5080 nam
1075 5024 1234 5078 etiam
1263 5025 1391 5093 jam
1420 5037 1528 5077 non
1558 5038 1655 5077 suo
1688 5030 1933 5092 tempore

345 5118 616 5187 operatur
644 5116 978 5186 mysterium
1022 5113 1386 5184 iniquitatis,
1430 5111 1483 5165 id
1520 5118 1600 5166 est
1646 5110 1933 5181 mysticam

343 5211 395 5257 et
437 5203 671 5258 velatam
719 5202 1074 5272 iniquitatem,
1127 5216 1224 5270 per
1283 5199 1528 5254 membra
1575 5199 1933 5270 praecedentia

341 5293 447 5348 hoc
488 5290 782 5346 nefandum
826 5297 1002 5359 caput.
1058 5289 1460 5344 Tantummodo
1501 5290 1606 5344 hoc
1654 5288 1932 5342 residuum

342 5388 425 5436 est
445 5381 515 5434 ad
542 5379 926 5434 revelationem
970 5377 1107 5446 ejus,
1140 5381 1205 5432 ut
1235 5378 1330 5450 qui
1359 5393 1514 5432 nunc
1549 5382 1722 5445 tenet,
1767 5377 1820 5431 id
1851 5386 1932 5432 est

339 5469 545 5524 detinet
573 5483 717 5535 eum,
749 5483 818 5521 ne
865 5465 1060 5533 veniat,
1107 5465 1315 5522 scilicet
1357 5465 1721 5522 Christianum
1752 5465 1930 5537 impe-

339 5556 481 5613 rium
508 5563 562 5612 et
579 5553 760 5610 unitas
782 5553 926 5623 ﬁdei,
951 5554 1204 5612 detineat
1221 5571 1344 5612 eum
1367 5555 1567 5622 tandiu,
1593 5556 1786 5623 donec,
1811 5553 1930 5610 uni-

2038 4580 2349 4646 mendacio,
2375 4587 2426 4633 et
2447 4583 2511 4634 ut
2518 4580 2874 4651 judicentur,
2900 4579 2954 4633 id
2977 4579 3416 4647 estdamnentur,
3433 4594 3626 4635 omnes

2037 4670 2132 4740 qui
2161 4683 2276 4722 non
2297 4669 2536 4724 credunt
2559 4669 2805 4735 veritati,
2826 4668 2880 4722 id
2903 4677 2985 4722 est
3005 4668 3220 4723 Christo
3244 4687 3258 4734 ;
3290 4667 3384 4724 sed
3399 4683 3630 4724 consen-

2035 4761 2235 4812 serunt
2263 4757 2581 4829 iniquitati,
2614 4757 2668 4811 id
2699 4765 2779 4813 est
2808 4757 3138 4813 Antichristo

2109 4843 2246 4913 Quia
2275 4845 2488 4900 dixerat
2534 4845 2784 4916 superius
2831 4854 3113 4901 venturum
3146 4845 3534 4902 Antichristum
3563 4847 3628 4902 in

2037 4937 2190 4990 omni
2208 4936 2416 4990 virtute
2436 4934 2718 5006 signorum
2739 4943 2792 4990 et
2810 4935 3204 5006 prodigiorum,
3225 4939 3283 4990 et
3302 4936 3363 4990 in
3386 4935 3629 4990 omnise—

2033 5023 2320 5092 ductione,
2353 5031 2410 5077 ut
2439 5023 2764 5078 damnentur
2791 5039 2982 5078 omnes
3025 5038 3132 5078 non
3162 5023 3450 5078 credentes
3477 5023 3624 5078 veri-

2035 5111 2146 5176 tati,
2180 5112 2275 5166 sed
2319 5111 2722 5167 consentientes
2771 5110 3061 5182 iniquitati,
3110 5127 3178 5166 ne
3224 5110 3278 5166 in
3321 5111 3408 5166 his
3443 5109 3624 5167 verbis

2033 5199 2441 5255 deterrerentur
2482 5199 2578 5268 illi,
2639 5199 2888 5256 timentes
2915 5199 3059 5255 hunc
3090 5215 3212 5255 esse
3255 5207 3540 5255 venturum
3571 5199 3626 5253 in

2034 5287 2226 5342 diebus
2281 5288 2413 5353 suis,
2455 5305 2620 5359 super
2667 5290 2770 5344 hoc
2819 5288 3128 5344 consolatur
3157 5304 3253 5343 eos
3283 5287 3498 5354 Paulus,
3534 5287 3622 5342 di-

2033 5392 2164 5432 cens
2194 5392 2302 5431 non
2334 5392 2428 5431 eos
2478 5376 2692 5432 visuros
2732 5376 2875 5431 diem
2925 5376 3264 5432 Antichristi.
3313 5376 3514 5431 Littera
3541 5375 3622 5431 sic

2026 5465 2273 5537 jungitur
2307 5479 2319 5518 :
2353 5464 2618 5520 Veniente
2666 5465 2886 5536 quidem
2932 5464 3262 5520 Antichristo
3299 5465 3622 5534 judicabun-

2033 5561 2120 5608 tur
2177 5553 2582 5610 consentientes
2637 5552 2934 5624 iniquitati;
2966 5570 3068 5610 nos
3111 5558 3306 5610 autem
3365 5553 3625 5610 debemus
