3932 6430
159 361 254 417 εει

737 354 1119 413 EXPOSITIO
1157 356 1231 411 IN
1264 354 1649 412 EPISTOLAS
1688 353 1912 410 PAULI.
1943 383 2012 394 -
2039 353 2113 408 IN
2151 351 2370 408 EPIST.
2412 351 2460 407 Il
2497 353 2593 406 AD
2632 350 2876 406 THESS.

3371 349 3478 405 422

169 498 387 555 semper
412 499 584 555 agere
622 484 727 539 Deo
758 485 974 554 gratias
1006 484 1115 536 Deo
1135 480 1297 548 (sicut
1321 496 1490 551 supra
1520 478 1781 549 exposui-
1801 482 1856 540 Α
1885 478 2006 534 Dei.
2039 485 2091 532 et
2119 477 2216 550 [al.
2251 477 2380 533 add.
2417 477 2493 549 in]
2533 477 2792 548 patientia
2823 474 3045 550 Christi.
3090 472 3484 528 Denuntiamus

181 572 322 642 mus)
351 587 453 641 pro
486 571 668 637 vobis,
701 572 831 643 quia
859 574 1072 641 fratres
1102 572 1238 625 estis
1269 569 1467 625 dilecti
1500 587 1534 623 a
1564 571 1690 634 Deo,
1726 568 1783 622 id

186 669 264 716 est
293 676 430 732 quos
462 660 615 714 Deus
644 659 850 715 dilexit.
898 659 1026 713 Ideo
1055 658 1330 729 praecipue
1359 657 1564 728 gratias
1615 673 1783 727 agere

187 749 320 822 quod
349 764 414 802 ex
446 748 744 804 dilectione
775 749 1006 818 elegerit
1037 763 1154 812 nos,
1182 763 1268 801 me
1296 754 1349 801 et
1374 763 1462 801 vos
1485 747 1650 813 Deus,
1675 761 1784 799 non

191 837 348 892 ﬁnem
377 837 664 905 Ecclesiae,
696 837 752 891 in
783 851 920 907 quos
949 835 1127 890 veniat
1167 835 1552 898 Antichristus,
1587 841 1784 889 ventu-

191 942 277 980 rus
301 925 360 979 in
389 925 724 980 novissimis.
777 925 885 979 Sed
916 923 1082 996 elegit
1128 939 1230 978 nos
1257 925 1567 995 primitias,
1601 922 1656 976 id
1703 929 1787 976 est

193 1013 493 1085 primitivos
551 1013 606 1068 in
664 1012 809 1081 ﬁde;
845 1012 1030 1083 elegit,
1087 1013 1327 1084 inquam,
1360 1013 1423 1066 in
1479 1010 1786 1066 habendam

193 1111 448 1157 teternam
477 1103 727 1158 salutem
756 1117 858 1172 per
895 1101 1001 1156 hoc
1032 1101 1178 1172 quod
1207 1100 1386 1170 posuit
1415 1117 1516 1154 nos
1545 1102 1606 1154 in
1646 1116 1785 1154 san-

190 1192 594 1260 ctiﬁcationem
625 1191 892 1262 Spiritus.
937 1191 1041 1244 Per
1073 1189 1332 1260 Spiritum
1363 1189 1507 1243 enim
1540 1195 1788 1243 sanctum

187 1278 509 1349 justiﬁeavit
541 1295 642 1333 nos
664 1278 717 1332 in
740 1278 1029 1348 baptismo,
1063 1293 1184 1349 qua:
1206 1276 1560 1334 sanctiﬁcatio
1590 1276 1678 1331 via
1708 1284 1789 1330 est

192 1369 244 1422 in
268 1368 424 1422 illam
458 1369 710 1423 salutem.
763 1370 832 1422 Et
869 1375 926 1421 ut
966 1364 1351 1434 sanctiﬁcaret,
1383 1365 1567 1436 posuit
1597 1380 1696 1421 nos
1727 1367 1788 1420 in

191 1457 296 1526 ﬁde
363 1459 662 1523 veritatis,
697 1464 753 1509 ut
801 1455 1189 1512 conﬁteremur
1239 1455 1533 1519 Christum,
1587 1455 1679 1524 qui
1708 1463 1790 1508 est

192 1561 323 1616 pura
356 1546 584 1610 veritas,
619 1545 758 1600 sicut
776 1544 1142 1600 Antichristus
1163 1560 1322 1598 error
1349 1552 1401 1598 et
1421 1543 1786 1598 mendacium.

197 1635 255 1689 In
286 1652 397 1707 qua
431 1633 537 1689 ﬁde
566 1633 833 1700 habenda,
868 1633 1007 1688 sicut
1037 1633 1205 1706 elegit
1232 1649 1352 1698 nos,
1387 1633 1461 1688 ita
1491 1636 1546 1688 et
1576 1633 1791 1688 vocavit

195 1739 283 1779 vos
309 1740 418 1794 per
448 1724 816 1794 Evangelium
836 1726 1117 1790 nostrum,
1149 1729 1208 1776 ut
1247 1729 1414 1776 totum
1463 1721 1618 1777 vobis
1649 1729 1796 1775 esset

193 1828 256 1867 ex
302 1811 502 1884 gratia.

266 1900 514 1967 Vocavit,
567 1899 806 1971 inquam,
836 1915 946 1954 non
987 1899 1043 1953 in
1074 1899 1263 1966 otium,
1325 1898 1422 1954 sed
1451 1901 1516 1954 in
1543 1899 1793 1970 acquisi-

195 1989 409 2044 tionem
441 1989 654 2060 gloria,
690 1988 745 2042 id
777 1996 858 2043 est
907 1996 986 2053 ut,
1021 1987 1302 2058 operando
1356 1987 1630 2058 quomodo
1659 1986 1796 2041 fides

194 2078 377 2150 exigit,
417 2077 650 2150 gloriam
686 2077 844 2131 vobis
875 2093 997 2132 cum
1029 2076 1210 2147 dignis
1247 2075 1508 2146 operibus
1548 2076 1797 2147 acquira-

196 2166 279 2220 tis.
315 2167 525 2222 Gloria:
553 2165 698 2231 dico,
728 2166 955 2220 Domini
976 2167 1158 2222 nostri
1187 2167 1317 2220 Jesu
1351 2165 1580 2231 Christi,
1611 2164 1668 2218 id
1715 2171 1798 2218 est

195 2254 448 2309 eamdem
506 2270 670 2325 quam
721 2254 885 2308 habet
916 2254 1178 2309 Dominus
1233 2254 1394 2308 Jesus
1425 2253 1693 2322 Christus,
1727 2253 1796 2306 ad

196 2342 340 2396 illam
369 2342 770 2414 acquirendam
804 2359 902 2397 vos
949 2344 1178 2397 vocavit.
1214 2341 1684 2398 Considerandum
1716 2349 1800 2396 est

198 2432 472 2503 quomodo
502 2439 838 2501 praepostero
884 2431 1076 2486 ordine
1105 2431 1288 2486 omnia
1337 2431 1596 2501 posuerit.
1641 2430 1799 2484 Prius

201 2520 343 2574 enim
393 2527 704 2585 vocantur;
741 2519 937 2574 deinde
967 2520 1021 2574 in
1065 2519 1172 2574 ﬁde
1243 2519 1604 2586 conﬁtentur;
1637 2518 1801 2574 ﬁdem

203 2607 525 2664 conﬁtentes
552 2624 654 2679 per
690 2608 1018 2679 baptismum
1057 2607 1498 2674 sanctiﬁcantur;
1556 2607 1800 2664 sanctiﬁ-

200 2697 329 2752 catis
383 2697 455 2766 (si
544 2702 921 2768 perseverant)
978 2697 1128 2752 salus
1200 2705 1406 2752 aeterna
1459 2705 1792 2753 reservatur.

203 2784 678 2858 Quandoquidem,
713 2785 933 2856 fratres,
967 2785 1140 2842 vocati
1167 2785 1297 2840 estis
1328 2786 1381 2840 in
1413 2784 1802 2842 sanctiﬁcatio-

204 2890 269 2930 ne
297 2875 558 2945 Spiritus,
592 2883 646 2929 et
675 2875 730 2929 in
763 2874 1119 2946 acquisitione
1166 2874 1376 2948 gloriae.
1405 2877 1599 2948 Itaque
1630 2879 1800 2942 state,

203 2961 255 3017 id
274 2971 356 3018 est
385 2962 560 3018 fortes
590 2971 763 3018 estote
788 2963 842 3017 in
888 2964 1032 3019 bono
1063 2979 1262 3034 opere,
1323 2963 1469 3035 quod
1511 2963 1755 3034 coapistis
1789 2978 1801 3017 :

202 3056 257 3106 et
287 3056 476 3108 tenete
512 3060 934 3122 perseveranter
964 3052 1305 3108 traditiones
1336 3053 1460 3108 vita:
1478 3051 1604 3107 ﬁdei
1624 3060 1678 3108 et
1697 3054 1802 3106 ha-

203 3138 362 3207 bitus,
389 3157 536 3214 quas
556 3156 587 3194 a
607 3156 696 3195 me
715 3141 1020 3211 didicistis,
1050 3143 1164 3196 sive
1187 3158 1287 3213 per
1307 3158 1645 3206 sermonem,
1671 3141 1805 3196 dum

205 3229 626 3298 pradicaverim
654 3229 831 3299 vobis,
863 3232 978 3286 sive
1022 3246 1126 3301 per
1179 3231 1488 3302 Epistolam
1518 3234 1801 3298 nostram,

205 3316 271 3372 ad
293 3333 388 3372 vos
417 3318 709 3374 directam.
743 3318 966 3385 Moneo,
1003 3326 1160 3386 state,
1197 3327 1249 3374 et
1297 3327 1495 3375 tenete.
1529 3320 1597 3374 Ut
1626 3325 1808 3374 autem

206 3413 388 3462 tenere
415 3407 668 3478 possitis,
693 3408 813 3478 ipse
834 3408 1108 3464 Dominus
1125 3412 1319 3465 noster
1339 3411 1498 3464 Jesus
1523 3407 1804 3474 Christus,

208 3498 262 3550 et
292 3496 459 3562 Deus,
495 3499 556 3552 et
589 3498 766 3551 Pater
793 3501 988 3552 noster
1019 3496 1347 3553 voluntatem
1380 3496 1562 3570 jungit
1593 3513 1810 3568 semper

208 3597 328 3638 cum
357 3583 626 3654 potentia.
687 3584 861 3651 Pater,
895 3601 1094 3641 nomen
1122 3585 1228 3656 pie
1273 3585 1604 3652 voluntatis;
1636 3587 1804 3652 Deus,

211 3680 287 3726 est
312 3673 592 3743 potentiae.
621 3673 726 3740 Qui
743 3673 952 3728 dilexit
973 3689 1073 3729 nos
1094 3678 1149 3730 et
1169 3674 1324 3730 dedit
1345 3675 1504 3731 nobis
1531 3680 1811 3731 aeternam

209 3763 676 3827 consolationem,
707 3762 763 3815 in
796 3761 1029 3818 307
1067 3762 1324 3832 praesenti
1378 3763 1524 3818 enim
1582 3761 1810 3818 tribula-

211 3848 350 3904 tione
379 3850 577 3922 incipit
607 3865 708 3906 nos
724 3850 1014 3918 consolari,
1042 3853 1368 3906 continuans
1384 3852 1813 3908 consolationem

209 3953 376 4010 usque
404 3939 458 3992 in
493 3947 757 3993 aeternam
803 3939 1063 4010 requiem.
1099 3938 1206 4009 Qui
1246 3941 1410 3996 etiam
1469 3940 1619 3996 dedit
1651 3942 1812 3997 nobis

215 4043 365 4098 spem
393 4029 606 4084 bonam
637 4027 984 4098 singulariter
1034 4029 1342 4086 dicendam.
1376 4031 1514 4101 Spes
1571 4030 1715 4086 enim
1745 4031 1813 4086 de

214 4115 414 4171 cmlesti
443 4115 630 4188 gloria
660 4132 824 4186 super
849 4117 1032 4172 omnia
1059 4134 1179 4189 qua:
1227 4127 1520 4189 sperantur
1538 4163 1551 4185 ,
1585 4119 1814 4175 dicenda

216 4213 294 4258 est
322 4204 486 4261 bona.
526 4207 680 4261 Hanc
700 4205 886 4277 utique
918 4223 1071 4278 spem
1122 4207 1269 4262 dedit
1300 4207 1457 4263 nobis
1490 4210 1551 4263 in
1601 4211 1810 4280 gratia,

218 4293 431 4364 quando
474 4294 642 4350 nobis
675 4294 879 4350 remisit
901 4304 1126 4366 peccata
1152 4314 1166 4362 ;
1198 4296 1253 4350 in
1278 4296 1548 4367 baptismo
1578 4297 1810 4365 solvere,

219 4381 423 4438 scilicet
448 4399 555 4438 nos
586 4398 621 4438 a
649 4383 909 4453 peccatis,
946 4384 1133 4439 tribuit
1174 4385 1332 4440 nobis
1361 4402 1515 4457 spem
1545 4387 1816 4443 habendae

221 4468 424 4541 gloria.
480 4472 629 4542 Ipse,
665 4471 908 4542 inquam,
961 4473 1126 4540 Deus,
1163 4473 1254 4545 qui
1282 4491 1382 4545 per
1448 4475 1684 4547 gratiam
1739 4483 1819 4531 tot

1884 576 2064 622 autem
2113 567 2306 634 vobis,
2359 566 2590 633 fratres,
2626 567 2680 620 in
2737 565 2955 620 nomine
3041 562 3259 618 Domini
3316 561 3486 616 nostri

1882 659 2012 711 Jesu
2042 655 2260 720 Christi,
2304 664 2359 709 ut
2395 655 2724 710 subtrahatis
2754 670 2851 709 vos
2879 656 2948 707 ab
2978 652 3126 708 omni
3158 651 3341 706 .fratre
3372 666 3488 705 am-

1885 745 2107 800 bulante
2141 744 2465 810 inordinate,
2521 753 2573 798 et
2633 759 2740 798 non
2787 742 3088 798 secundum
3140 740 3487 796 traditionem

1886 849 2051 905 quam
2108 841 2497 902 acceperunta
2539 832 2718 886 nobis.
2767 831 2875 902 Ipsi
2958 831 3100 886 enim
3153 829 3304 884 scitis
3348 844 3488 900 que-

1885 922 2237 977 madmodum
2294 929 2546 992 oporteat
2603 921 2801 974 imitari
2875 936 2995 985 nos,
3067 918 3322 990 quoniam
3380 932 3492 973 non

1889 1010 2114 1081 inquieti
2145 1010 2346 1064 fuimus
2375 1011 2515 1065 inter
2534 1026 2653 1077 vos,
2687 1025 2868 1080 neque
2897 1009 3072 1079 gratis
3102 1023 3301 1078 panem
3331 1023 3491 1061 man-

1889 1100 2207 1154 ducavimus
2236 1101 2304 1154 ab
2333 1099 2534 1170 aliquo,
2568 1099 2666 1154 sed
2725 1098 2781 1152 in
2819 1098 3007 1152 labore
3059 1105 3111 1152 et
3170 1096 3490 1169 fatigatione

1889 1197 2049 1244 nocte
2079 1197 2131 1244 et
2155 1189 2243 1244 die
2273 1197 2594 1259 cperantes,
2631 1204 2699 1242 ne
2729 1203 2889 1259 quem
2921 1194 3165 1242 vestrum
3221 1200 3490 1258 gravare-

1890 1294 2037 1332 mus.
2125 1279 2249 1332 Non
2306 1278 2462 1348 quasi
2525 1293 2635 1332 non
2719 1275 3072 1331 habuerimus
3146 1281 3488 1346 potestatem,

1892 1367 1990 1420 sed
2019 1374 2077 1420 ut
2109 1367 2474 1436 nosmetipsos
2503 1365 2737 1421 formam
2767 1366 3028 1421 daremus
3079 1365 3234 1420 vobis
3265 1364 3335 1419 ad
3365 1362 3492 1417 imi-

1892 1455 2114 1510 tandum
2173 1471 2293 1510 nos.
2362 1456 2503 1509 Nam
2561 1463 2614 1510 et
2670 1470 2793 1511 cum
2863 1470 3112 1510 essemus
3167 1453 3332 1524 apud
3371 1468 3492 1517 vos,

1893 1545 2000 1599 hoc
2028 1545 2190 1613 (haec)
2248 1543 2704 1598 denuntiabamus
2762 1543 2918 1598 vobis
2945 1585 2958 1612 ,
2994 1542 3252 1614 quoniam
3294 1540 3341 1595 si
3371 1540 3494 1612 quis

1895 1648 2004 1687 non
2034 1633 2146 1688 vult
2177 1632 2413 1702 operari,
2474 1643 2575 1688 nec
2630 1632 2949 1688 manducet.
2996 1631 3317 1686 Audivimus
3348 1628 3493 1683 enim

1897 1721 2039 1775 inter
2087 1737 2186 1776 vos
2234 1722 2499 1791 quosdam
2560 1721 2842 1776 ambulare
2898 1721 3157 1792 inquiete,
3191 1717 3326 1772 nihil
3357 1734 3496 1788 ope-

1813 1838 1866 1896 B
1897 1817 2104 1878 rantes,
2138 1809 2235 1864 sed
2291 1810 2506 1864 curiose
2561 1817 2808 1882 agentes.
2857 1809 2954 1863 His
3009 1817 3190 1863 autem
3221 1807 3313 1878 qui
3346 1807 3496 1874 ejus-

1896 1899 2044 1953 modi
2101 1906 2244 1966 sunt,
2289 1898 2692 1966 denuntiamus,
2747 1907 2800 1952 et
2855 1898 3211 1953 obsecramus
3269 1896 3326 1950 in
3384 1897 3500 1950 Do-

1895 1986 2046 2042 mino
2088 1988 2219 2042 Jesu
2267 1987 2504 2055 Christo,
2539 1983 2633 2053 ut,
2693 2002 2818 2042 cum
2876 1985 3092 2041 silentio
3179 1992 3496 2056 operantes,

1899 2092 2058 2130 suum
2109 2091 2310 2146 panem
2366 2076 2716 2132 manducent.
2754 2077 2861 2130 Vos
2910 2083 3112 2141 autem,
3145 2076 3363 2142 fratres,
3396 2089 3504 2128 no-

1899 2165 1992 2219 lite
2023 2163 2263 2220 deﬁcere
2309 2164 2735 2221 benefacientes.
2771 2164 2930 2233 Quod
2973 2164 3019 2218 si
3046 2164 3168 2236 quis
3225 2179 3336 2218 non
3370 2162 3504 2217 obe-

1899 2253 2062 2309 dierit
2116 2254 2285 2309 verbo
2332 2262 2517 2309 nostro
2564 2271 2662 2324 per
2717 2253 3049 2324 Epistolam,
3086 2252 3231 2308 hunc
3287 2259 3494 2318 notate,

1901 2352 1952 2398 et
1980 2358 2090 2398 non
2117 2342 2228 2414 [ne]
2288 2343 2754 2399 commisceamini
2785 2359 2907 2398 cum
2961 2342 3074 2409 illo,
3108 2349 3167 2396 ut
3196 2340 3504 2396 confunda-

1903 2441 2005 2487 tur.
2058 2433 2126 2487 Et
2199 2431 2368 2487 nolite
2417 2432 2573 2503 quasi
2645 2431 2924 2487 inimicum
2982 2430 3291 2485 existimare
3327 2472 3339 2493 ,
3402 2429 3501 2484 sed

1902 2520 2158 2591 corripite
2196 2529 2254 2574 ut
2311 2520 2555 2576 fratrem.
2616 2521 2740 2591 Ipse
2789 2528 2966 2575 autem
3015 2521 3162 2574 Deus
3196 2515 3504 2589 [Dominus]

1904 2609 2054 2680 pacis
2085 2609 2174 2664 det
2203 2609 2360 2664 vobis
2392 2625 2585 2679 pacem
2643 2609 3030 2680 sempiternam
3070 2608 3126 2662 in
3180 2607 3328 2662 omni
3358 2607 3504 2662 loco.

1903 2699 2170 2753 Dominus
2199 2698 2388 2770 [Deus]
2436 2699 2508 2753 sit
2563 2714 2688 2754 cum
2732 2697 2986 2753 omnibus
3015 2697 3190 2753 vobis.
3243 2695 3508 2752 Salutatio

1905 2803 2029 2842 mea
2058 2803 2220 2841 manu
2250 2787 2420 2855 Pauli,
2455 2787 2603 2858 quod
2631 2795 2714 2841 est
2745 2786 2960 2857 signum
2991 2785 3047 2840 in
3069 2785 3217 2841 omni
3236 2784 3502 2856 Epistola.

1906 2877 1985 2930 Ita
2024 2876 2207 2931 scribo
2252 2876 2480 2932 :Gratia
2519 2876 2736 2931 Domini
2772 2875 2948 2931 nostri
2975 2874 3104 2930 Jesu
3149 2874 3349 2930 Christi
3380 2889 3506 2929 cum

1907 2964 2161 3020 omnibus
2189 2964 2366 3020 vobis.
2413 2967 2612 3020 Amen.
2651 2989 2673 3013 ιι

2576 3123 2902 3166 EXPOSITIO.

1980 3245 2060 3298 De
2089 3243 2352 3314 patientia
2390 3245 2791 3312 conservanda,
2825 3245 2894 3300 de
2935 3244 3248 3318 cognitione
3304 3245 3509 3300 ultimae

1910 3332 2018 3388 diei
2035 3341 2087 3388 et
2107 3333 2338 3388 adventu
2361 3333 2680 3389 Antichristi
2696 3349 2795 3389 vos
2812 3333 3061 3390 instruxi.
3078 3335 3255 3402 Nunc,
3274 3338 3509 3406 fratres,

1910 3422 1976 3477 de
2007 3427 2232 3488 caetero,
2267 3423 2324 3477 id
2353 3431 2437 3478 est
2483 3423 2552 3478 de
2579 3422 2689 3478 alia
2718 3439 2797 3492 re,
2858 3439 2958 3478 vos
2989 3424 3272 3490 adhortor,
3306 3423 3514 3479 scilicet

1911 3513 2015 3567 hoc
2051 3526 2062 3566 :
2100 3511 2270 3567 Orate
2297 3527 2398 3582 pro
2428 3511 2607 3578 nobis,
2641 3516 2708 3567 ut
2731 3528 2914 3568 sermo
2944 3514 3170 3568 Domini
3200 3517 3420 3576 currat,
3456 3512 3512 3566 id

1911 3608 1994 3656 est
2017 3599 2218 3654 multos
2250 3599 2305 3654 in
2343 3598 2451 3654 ﬁde
2480 3617 2581 3671 per
2610 3615 2713 3655 nos
2770 3601 3222 3672 comprehendat,
3262 3608 3314 3655 et
3349 3601 3424 3656 ita
3454 3608 3514 3655 ut

1911 3689 1966 3743 in
1999 3689 2252 3744 omnibus
2301 3689 2656 3759 clariﬁcetur
2685 3705 2866 3745 sermo
2927 3691 3140 3745 Domini
3200 3689 3514 3762 integritate

1913 3778 2041 3832 ﬁdei
2070 3785 2121 3833 et
2150 3778 2500 3834 exsecutione
2529 3778 2604 3849 pii
2651 3779 2856 3850 operis.
2917 3780 2976 3833 In
3007 3779 3337 3850 quibusdam
3367 3778 3514 3833 enim

1914 3867 2085 3923 currit
2112 3883 2294 3923 sermo
2325 3867 2562 3934 Domini,
2591 3868 2681 3940 qui
2703 3869 2836 3922 satis
2865 3869 2973 3924 cito
2993 3869 3244 3939 credunt,
3270 3868 3367 3923 sed
3389 3868 3516 3940 quia

1913 3956 1970 4010 in
1999 3957 2144 4012 vitiis
2175 3965 2478 4024 remanent,
2514 3971 2623 4012 non
2665 3957 2994 4014 clariﬁcatur
3025 3958 3079 4012 in
3110 3958 3242 4012 illis.
3287 3957 3517 4026 Clariﬁ-

1914 4050 2079 4102 cetur
2105 4046 2249 4114 dico,
2281 4046 2419 4102 sicut
2449 4047 2505 4100 in
2534 4046 2655 4101 aliis
2687 4047 2946 4103 Ecclesiis
2967 4047 3293 4104 clariﬁcatus
3325 4054 3427 4112 est,
3464 4051 3522 4102 et

1914 4136 2065 4208 apud
2093 4152 2204 4192 vos.
2238 4138 2406 4191 Orate
2437 4135 2600 4192 etiam
2633 4141 2698 4192 ut
2721 4152 2847 4209 ego,
2884 4144 2938 4218 et
2983 4137 3076 4208 qui
3125 4153 3343 4192 mecum
3372 4152 3517 4207 pra:-

1915 4225 2114 4290 dicant,
2182 4225 2486 4280 liberemur
2544 4225 2612 4279 ab
2663 4226 2984 4282 hominibus
3015 4227 3389 4297 importunis,
3427 4225 3521 4296 qui

1916 4329 2076 4384 quem
2107 4313 2376 4382 arripiunt
2403 4313 2573 4368 multa
2606 4313 3016 4385 importunitate
3045 4313 3285 4370 alliciunt
3315 4321 3368 4369 et
3397 4328 3518 4367 ma-

1915 4401 2001 4456 lis.
2036 4401 2248 4472 Duplex
2279 4401 2484 4456 malum
2505 4410 2672 4470 notat,
2699 4402 3188 4473 importunitatem,
3213 4402 3421 4458 scilicet
3450 4402 3520 4457 de

1917 4491 2170 4546 suasione
2199 4490 2329 4545 mali
2358 4507 2481 4546 esse
2530 4491 2920 4562 importunum.
2968 4491 3097 4547 Ideo
3128 4491 3251 4548 dico
3283 4498 3434 4547 orate
3463 4499 3523 4546 ut

220 4556 354 4613 bona
377 4561 495 4627 jam
525 4560 719 4652 tribuit
750 4559 1088 4652 exhortetur
1105 4563 1296 4652 ρονάα,
1331 4562 1384 4618 id
1408 4571 1490 4618 est
1511 4564 1816 4620 voluntates
1841 4564 1892 4624 Ῑ)
1921 4579 2248 4648 liberemur,
2277 4580 2409 4651 quia
2428 4580 2566 4649 ﬁdes
2596 4556 2713 4636 ᾖοη
2731 4584 2815 4636 εει
2867 4581 3144 4646 omnium,
3176 4581 3230 4635 id
3261 4588 3362 4650 est,
3394 4580 3520 4652 quia

220 4654 425 4704 vestras
454 4655 610 4704 stare
629 4648 689 4702 in
707 4664 816 4720 quo
836 4649 986 4715 estis,
1012 4657 1064 4706 et
1093 4651 1162 4707 de
1183 4651 1522 4708 incremento
1541 4653 1816 4720 laborare,

222 4738 274 4788 et
303 4737 624 4805 conﬁrmet,
657 4737 711 4791 id
744 4745 826 4792 est
855 4737 1024 4793 fortes
1053 4747 1106 4794 et
1134 4749 1550 4810 perseverantes
1581 4741 1736 4798 faciat
1758 4743 1822 4798 in

223 4825 372 4879 omni
401 4842 570 4897 opere
591 4825 753 4891 bono,
775 4831 832 4881 et
861 4826 915 4881 in
947 4828 1096 4883 omni
1115 4845 1372 4887 sermone
1402 4831 1559 4900 bono,
1589 4839 1646 4886 ut
1675 4831 1822 4887 nulla

224 4912 374 4967 vobis
402 4914 548 4969 desit
575 4913 868 4986 perfectio.

903 5023 1131 5080 CAPUT
1188 5025 1280 5081 Ill.

299 5127 319 5158 ι
353 5109 432 5164 De
465 5117 688 5175 caetero,
723 5109 946 5178 fratres,
981 5121 1134 5169 orate
1163 5130 1260 5185 pro
1311 5115 1502 5186 nobis,
1541 5123 1600 5171 ut
1642 5132 1826 5173 sermo

238 5215 257 5240 ει
290 5195 385 5251 Dei
405 5207 592 5253 currat
627 5206 681 5252 et
712 5198 1062 5267 clariﬁcetur,
1096 5202 1234 5257 sicut
1263 5212 1312 5258 et
1345 5205 1488 5276 apud
1539 5221 1655 5270 vos,
1691 5214 1744 5260 et
1771 5213 1828 5260 ut

238 5304 257 5325 ει
289 5283 591 5341 liberemur
613 5286 685 5341 ab
717 5286 1040 5358 importunis
1069 5299 1121 5346 et
1149 5291 1312 5346 malis
1340 5292 1672 5350 hominibus.
1703 5294 1828 5349 Non

241 5391 263 5422 ι
289 5375 427 5428 enim
458 5376 708 5430 omnium
751 5385 836 5431 est
873 5376 1028 5433 ﬁdes.
1072 5379 1275 5435 Fidelis
1316 5390 1494 5438 autem
1524 5383 1672 5437 Deus
1722 5390 1824 5444 est.

241 5480 262 5509 ε
295 5463 382 5533 qui
411 5462 646 5519 ﬁrmabit
677 5481 796 5534 vos,
832 5474 884 5521 et
923 5468 1186 5524 custodiet
1216 5485 1246 5523 a
1271 5470 1432 5526 malo.
1493 5469 1828 5526 Conﬁdimus

240 5569 260 5593 ει
293 5558 465 5606 autem
496 5553 566 5608 de
607 5553 788 5622 vobis,
821 5553 1036 5624 fratres,
1069 5556 1125 5611 in
1153 5557 1405 5627 Domino,
1439 5559 1694 5631 quoniam
1708 5576 1830 5632 quae

243 5657 263 5681 υ
302 5638 686 5713 [quaecunque]
716 5643 1106 5715 praecepimus,
1139 5653 1190 5700 et
1237 5645 1413 5702 facitis
1440 5691 1453 5715 ,
1497 5656 1549 5703 et
1598 5647 1823 5704 facietis.

245 5746 264 5771 ιι
297 5725 557 5785 Dominus
598 5736 782 5787 autem
812 5731 1009 5805 dirigat
1044 5733 1210 5791 corda
1250 5743 1434 5794 vestra
1463 5736 1520 5792 in
1566 5737 1831 5794 charitate

1921 4669 2164 4724 nondum
2195 4685 2386 4724 omnes
2418 4668 2607 4724 ﬁdeles
2637 4675 2780 4738 sunt,
2816 4669 2913 4724 sed
2951 4668 3107 4724 multi
3136 4668 3298 4725 ﬁdem
3329 4685 3524 4741 perse-

1923 4766 2180 4830 quuntur.
2215 4758 2314 4814 Vel
2344 4759 2418 4813 ita
2450 4774 2461 4813 :
2497 4758 2666 4815 Orate
2701 4763 2766 4814 ut
2814 4759 3120 4815 liberemur
3148 4759 3214 4815 ab
3244 4761 3524 4831 importu-

1924 4849 2016 4904 nis
2048 4853 2104 4904 et
2125 4849 2316 4915 malis,
2350 4848 2476 4920 quia
2503 4848 2642 4917 ﬁdes
2667 4865 2782 4905 non
2810 4852 2896 4904 est
2929 4849 3182 4905 omnium
3204 4849 3444 4912 illorum,
3467 4847 3524 4903 id

1925 4945 2027 5003 est,
2062 4937 2116 4991 in
2149 4937 2401 4992 omnibus
2431 4936 2541 4993 illis
2572 4953 2679 4993 non
2710 4945 2792 4994 est
2837 4938 2929 5010 qui
2960 4935 3126 4993 ﬁdem
3157 4938 3374 4994 habeat.
3407 4939 3525 4994 Ne-

1927 5043 2032 5098 que
2063 5027 2192 5099 quia
2221 5027 2433 5081 dixerat
2485 5031 2646 5083 orate
2675 5032 2743 5084 ut
2794 5028 3115 5097 liberemur,
3153 5028 3397 5084 dicerent
3450 5027 3530 5082 illi

1927 5115 2071 5184 Quid
2104 5117 2430 5187 sperandum
2451 5124 2534 5171 est
2565 5117 2634 5172 de
2663 5117 2842 5184 nobis,
2877 5133 2999 5174 cum
3047 5119 3311 5190 magister
3337 5125 3528 5173 noster

1928 5205 2068 5259 adeo
2099 5205 2202 5258 sibi
2238 5205 2471 5260 timeat?
2520 5206 2588 5260 ad
2623 5207 2727 5261 hoc
2748 5205 2822 5260 ait
2855 5224 2868 5261 :
2903 5207 3052 5262 Licet
3077 5207 3309 5262 dixerim
3335 5223 3347 5261 :
3370 5211 3528 5262 orate

1929 5297 1996 5349 ut
2013 5295 2334 5358 liberemur,
2356 5303 2538 5349 tamen
2560 5294 2774 5350 conﬁdo
2792 5294 2919 5367 quia
2941 5296 3204 5351 Dominus
3223 5296 3408 5365 ﬁdelis
3422 5300 3526 5364 est,

1931 5381 2022 5454 qui
2050 5399 2151 5453 pro
2183 5399 2242 5438 se
2265 5383 2593 5454 patientibus
2610 5384 2686 5440 ait
2705 5401 2752 5440 τα
2772 5385 2916 5441 Ecce
2951 5401 3057 5457 ego
3087 5385 3370 5442 vobiscum
3389 5403 3528 5455 sum,

1929 5487 2102 5543 usque
2149 5471 2215 5526 ad
2272 5474 2799 5530 consummationem
2829 5473 3013 5529 saeculi
3070 5474 3290 5544 (Matth.
3323 5491 3529 5546 xxvm,

1946 5561 2060 5630 20):
2090 5584 2112 5610 »
2138 5563 2297 5630 Deus,
2317 5561 2556 5634 inquam,
2582 5570 2665 5618 est
2684 5561 2880 5630 ﬁdelis,
2905 5564 3001 5636 qui
3021 5564 3100 5633 (ut
3122 5563 3190 5620 de
3209 5581 3296 5619 me
3319 5563 3531 5632 sileam)

1932 5649 2292 5718 conﬁrmabit
2324 5669 2417 5709 vos
2473 5655 2537 5708 in
2593 5652 2730 5709 bono
2777 5667 2884 5724 quo
2943 5652 3094 5720 estis,
3145 5657 3202 5709 et
3249 5652 3532 5708 custodiet

1932 5754 1968 5795 a
1987 5739 2160 5808 malo,
2184 5755 2254 5797 ne
2273 5740 2501 5797 cadetis.
2537 5739 2742 5799 Volens
2765 5740 3028 5814 quiddam
3074 5756 3277 5797 novum
3298 5739 3536 5798 suadere
