3932 6408
423 346 527 401 L23

922 350 977 404 S.
1038 347 1393 405 BRUNONIS
1450 348 2096 406 CARTHUSIANORUM
2152 349 2640 407 INSTITUTORIS
2697 351 2847 407 OPP.
2908 351 3083 409 PARS
3141 353 3211 407 II.

3615 354 3740 409 424

430 469 673 527 308
695 471 820 538 illis,
856 472 1059 529 scilicet
1078 482 1134 529 ut
1163 474 1481 528 subtraham
1510 490 1570 530 se
1599 475 1669 530 ab
1699 474 1804 529 illis
1833 473 2021 529 otiosis
2041 474 2095 533 Α
2124 490 2305 545 quem:
2318 480 2569 531 vestrum
2610 493 2972 547 gravaremus
2997 497 3015 543 ,-
3044 483 3227 532 tamen
3253 493 3371 532 non
3399 475 3525 532 ideo
3556 477 3740 549 quasi

426 567 479 613 et
496 560 743 625 curiosis,
762 561 853 631 qui
884 578 981 631 per
1001 562 1234 633 priorem
1252 563 1550 633 Epistolam
1584 564 1874 618 noluerunt
1905 578 2023 618 cor-

429 647 555 718 rigi,
585 656 767 718 captat
787 665 882 703 eos
911 650 1267 705 collaudando
1297 651 1366 706 de
1413 651 1713 721 praemissis
1734 695 1748 717 ,
1781 652 1971 706 dicens
2004 665 2017 703 :

429 736 509 790 De
538 736 919 793 observatione
940 739 1235 809 patientiae,
1266 739 1333 793 de
1355 739 1441 793 die
1455 740 1662 807 judicii,
1686 740 1754 794 de
1775 740 2022 794 oratione

427 823 672 879 facienda
702 841 803 896 pro
832 827 991 882 nobis
1035 844 1136 881 nos
1178 828 1397 899 quidem
1428 844 1615 882 sumus
1660 844 1759 883 vos
1816 828 2021 883 adhor-

427 913 542 977 tati,
577 913 674 967 sed
706 914 847 969 bene
876 916 1210 984 conﬁdimus
1240 918 1306 972 de
1333 918 1477 972 vobis
1505 920 1568 971 in
1599 919 1855 982 Domino,
1889 933 2022 989 quo-

426 1004 586 1057 niam
616 1019 959 1075 quaecunque
975 1006 1346 1077 praecepimus
1376 1009 1429 1060 et
1461 1005 1623 1059 modo
1644 1007 1855 1075 facitis,
1890 1010 1945 1059 et
1967 1007 2020 1058 in

426 1088 604 1145 futuro
632 1092 879 1161 facietis.
911 1093 979 1147 Ut
1009 1100 1189 1147 autem
1218 1092 1586 1159 benefaciatis,
1637 1094 1909 1149 Dominus
1938 1093 2021 1147 di-

428 1180 579 1250 rigat
607 1179 778 1235 corda
809 1184 1013 1245 vestra,
1047 1180 1104 1234 id
1134 1189 1216 1235 est
1244 1181 1405 1236 faciat
1450 1181 1688 1236 directas
1718 1181 2021 1236 voluntates

429 1274 643 1322 vestras
669 1268 735 1322 in
763 1268 1049 1323 charitate
1080 1270 1198 1338 Dei,
1230 1277 1286 1323 ut
1318 1268 1458 1324 sicut
1486 1269 1636 1323 Deus
1684 1285 1781 1323 vos
1812 1269 2016 1334 dilexit,

426 1362 481 1409 et
509 1370 611 1411 vos
638 1371 764 1410 eum
812 1355 1075 1427 diligatis,
1108 1365 1161 1411 et
1187 1359 1251 1411 in
1279 1357 1563 1428 patientia
1622 1358 1850 1425 Christi,
1884 1357 2023 1411 sicut

430 1443 677 1499 Christus
704 1459 901 1514 passus
932 1453 1013 1498 est
1044 1460 1144 1515 pro
1174 1444 1329 1500 vobis
1348 1487 1363 1510 ,
1394 1445 1467 1499 ita
1504 1453 1556 1500 et
1584 1461 1682 1500 vos
1736 1460 1836 1516 pro
1865 1445 2023 1499 Chri-

427 1539 512 1586 sto
541 1532 836 1602 patiamini.
869 1533 983 1587 Nos
1012 1542 1192 1587 autem
1224 1534 1379 1602 dico,
1442 1533 1677 1589 scientes
1721 1549 1820 1587 vos
1848 1531 2021 1589 factu-

429 1636 523 1675 ros
551 1636 889 1692 quascunque
919 1636 991 1676 ex
1038 1622 1153 1676 Deo
1200 1621 1570 1692 praecipimus,
1615 1622 2022 1677 denuntiamus

429 1710 597 1765 vobis.
622 1709 826 1765 Scitote
844 1711 947 1765 hoc
970 1718 1304 1780 praeceptum
1325 1711 1425 1765 Dei
1447 1726 1593 1779 esse,
1621 1726 1731 1765 non
1750 1718 2018 1778 nostrum,

2121 579 2237 617 non
2271 563 2632 619 habuerimus
2678 569 3018 636 potestatem
3074 565 3377 635 accipiendi
3408 581 3437 619 a
3469 565 3630 619 vobis
3683 563 3738 617 si

2121 652 2404 717 vellemus,
2421 653 2515 707 sed
2538 657 2601 707 ut
2624 652 2888 709 daremus
2909 654 3054 709 vobis
3078 656 3449 725 nosmetipsos
3468 657 3737 724 formam

2130 741 2202 795 ad
2234 742 2580 795 imitandum
2625 757 2749 809 nos,
2801 749 2858 795 ut
2897 742 3213 796 deserentes
3244 742 3431 808 otium,
3466 740 3740 812 exemplo

2120 843 2242 883 meo
2271 829 2339 883 de
2370 829 2557 883 labore
2585 829 2856 884 viveretis.
2918 830 3339 885 Intendebamus
3368 830 3554 901 utique
3582 829 3737 884 dare

2120 916 2274 971 vobis
2322 916 2552 972 formam
2602 917 2896 988 Operandi.
2933 918 3073 973 Nam
3115 919 3281 973 etiam
3317 935 3445 974 cum
3469 933 3738 973 essemus

2119 1012 2415 1074 praesentes
2446 1005 2596 1076 apud
2631 1022 2739 1071 vos,
2775 1006 3253 1061 denuntiabamus
3276 1005 3375 1062 hoc
3403 1006 3553 1063 vobis
3573 1005 3735 1076 quod

2119 1094 2168 1147 si
2196 1095 2320 1164 quis
2348 1109 2549 1148 vacans
2570 1094 2699 1162 otio,
2726 1111 2837 1147 non
2866 1095 2986 1148 vult
3006 1096 3253 1165 vperari,
3277 1110 3380 1149 nec
3411 1094 3732 1148 manducet

2119 1180 2188 1234 de
2217 1180 2496 1235 laboribus
2526 1181 2738 1236 alienis.
2776 1181 2901 1235 ldeo
2925 1182 3185 1252 praecipio
3207 1182 3481 1236 nolentem
3503 1179 3735 1252 operari

2120 1283 2228 1323 non
2258 1270 2602 1335 manducare,
2630 1271 2761 1341 quia
2791 1271 3111 1325 audivimus
3141 1270 3409 1342 quosdam
3440 1271 3596 1325 inter
3623 1284 3733 1325 vos

2120 1358 2410 1413 ambulare
2439 1359 2709 1430 inquiete,
2743 1357 2893 1412 nihil
2916 1362 3231 1429 operantes,
3256 1357 3354 1414 sed
3375 1362 3602 1429 agentes
3624 1373 3735 1412 ειιρ

2119 1447 2283 1510 riose,
2319 1462 2569 1501 rumores
2598 1446 2746 1500 urbis
2779 1445 3008 1501 sollicite
3056 1446 3444 1517 perquirendo.
3481 1447 3577 1501 His
3608 1461 3732 1500 au-

2122 1537 2235 1587 tem
2255 1535 2349 1605 qui
2378 1538 2515 1589 sunt
2548 1534 2840 1601 eiusmodi,
2875 1534 2929 1587 id
2957 1542 3039 1588 est
3068 1534 3199 1587 nihil
3225 1541 3515 1605 operantes
3546 1541 3599 1588 et
3618 1549 3729 1589 cu-

2121 1620 2269 1685 riosi,
2305 1622 2713 1678 denuntiamus
2744 1639 2809 1677 ex
2842 1622 3161 1677 auctoritate
3210 1622 3331 1687 Dei,
3363 1627 3419 1677 et
3456 1624 3726 1678 obsecra-

2119 1726 2249 1765 mus
2276 1713 2337 1765 in
2369 1712 2604 1766 Domino
2632 1712 2764 1765 Jesu
2787 1709 3039 1777 Christo,
3072 1710 3125 1764 id
3174 1719 3256 1765 est
3284 1709 3632 1781 praecipimus
3664 1717 3728 1765 et

431 1796 536 1850 nisi
553 1804 759 1851 tantum
783 1799 931 1869 quod
952 1799 1127 1863 vobis,
1147 1798 1364 1863 fratres,
1387 1798 1694 1852 nuntiamus
1716 1799 1777 1853 in
1791 1800 2019 1853 nomine
2046 1823 2097 1883 Β
2122 1815 2430 1869 precamur,
2465 1799 2509 1852 si
2538 1799 2593 1853 in
2623 1798 2841 1853 Christo
2889 1798 3087 1853 salvari
3117 1798 3330 1865 volunt,
3363 1802 3432 1853 ut
3457 1797 3558 1868 ipsi
3586 1815 3727 1870 ope-

431 1885 659 1941 Domini
681 1888 866 1942 nostri
881 1888 1013 1942 Jesu
1043 1886 1273 1952 Christi,
1306 1886 1360 1940 id
1388 1894 1489 1951 est,
1526 1886 1570 1940 si
1595 1886 1792 1942 curatis
1821 1901 2021 1941 nomen

433 1981 487 2028 et
520 1972 985 2029 honoriﬁcentiam
1015 1974 1231 2029 Domini
1288 1974 1504 2030 Christi.
1557 1976 1671 2031 Hoc
1726 1991 1793 2030 ex
1821 1990 1889 2030 eo
1917 1975 2019 2029 de-

432 2061 765 2131 nuntiamus,
788 2067 854 2118 ut
880 2064 1226 2119 subtrahatis
1247 2081 1338 2121 vos
1357 2064 1425 2119 ab
1446 2065 1602 2118 omni
1626 2066 1810 2134 fratre
1827 2064 2021 2118 ambu-

433 2151 590 2206 lante
618 2151 977 2218 inordinate,
1009 2151 1063 2205 id
1090 2160 1171 2206 est
1199 2152 1495 2207 naturalem
1552 2152 1798 2207 ordinem
1854 2152 2019 2206 dese-

428 2246 603 2295 rente.
636 2240 752 2295 Hoc
782 2240 927 2295 enim
973 2240 1134 2295 etiam
1193 2241 1427 2313 gentiles
1465 2240 1833 2295 inordinatum
1862 2255 2020 2294 asse-

428 2333 556 2381 runt
586 2327 867 2400 negligere
914 2329 1158 2399 propria,
1216 2343 1408 2384 curare
1463 2328 1642 2383 aliena
1667 2371 1680 2394 ,
1713 2336 1769 2382 ut
1797 2328 2019 2399 quidam

427 2416 630 2471 curiosi
666 2416 806 2471 inter
862 2432 960 2472 vos
1015 2415 1238 2472 faciunt.
1276 2419 1477 2473 Fratre
1509 2416 1676 2472 etiam
1729 2416 1873 2485 dico,
1903 2434 2019 2472 non

427 2504 737 2561 ambulante
755 2505 1067 2561 secundum
1092 2507 1459 2562 traditionem
1482 2522 1651 2578 quam
1673 2510 2018 2577 acceperunt

425 2611 462 2649 α
489 2595 666 2660 nobis,
698 2593 754 2649 id
783 2602 867 2650 est
903 2609 1012 2665 quo
1041 2594 1205 2649 modo
1263 2594 1584 2650 tradidimus
1609 2594 1735 2659 illis,
1771 2601 1826 2649 et
1854 2593 2018 2665 polli-

424 2689 612 2738 centes
639 2698 701 2738 ae
733 2682 812 2737 sic
842 2690 1154 2738 servaturos
1182 2683 1323 2739 sicut
1342 2689 1687 2753 acceperunt.
1722 2682 1853 2738 Ideo
1882 2682 2018 2736 sim-

424 2770 639 2842 pliciter
697 2770 819 2827 dico
844 2813 857 2838 ,
901 2773 1049 2827 sicut
1105 2776 1448 2843 acceperunt
1473 2789 1509 2827 a
1536 2772 1692 2827 nobis
1749 2770 2018 2826 tradenti-

425 2859 530 2915 bus
557 2860 683 2926 illis,
712 2867 767 2915 et
794 2875 904 2914 non
928 2874 1142 2930 expono
1169 2859 1312 2916 hanc
1359 2859 1728 2928 traditionem,
1761 2859 1892 2930 quia
1920 2875 2019 2915 vos

424 2948 529 3019 ipsi
562 2949 699 3004 bene
728 2949 889 3004 scitis
916 2948 1386 3020 quemadmodum
1405 2952 1665 3020 oporteat
1684 2964 1776 3004 vos
1798 2947 2021 3002 imitari

425 3052 548 3094 ηοε.

492 3125 577 3179 Ne
604 3124 681 3179 illi
724 3123 1031 3179 aberrando
1060 3123 1308 3179 dicerent
1340 3141 1353 3179 :
1388 3125 1446 3178 In
1477 3123 1745 3192 oratione,
1790 3123 2016 3193 jejunio,

423 3212 627 3286 vigiliis
674 3213 878 3268 scimus
906 3221 957 3269 te
1013 3212 1367 3281 imitandum,
1404 3214 1731 3267 determinat
1776 3212 1905 3283 quid
1937 3212 2019 3267 in-

426 3301 609 3357 tendat
636 3300 826 3357 dicens
859 3315 871 3354 :
904 3300 1191 3356 Imitamini
1238 3300 1296 3355 in
1324 3302 1429 3358 hoc
1476 3300 1623 3373 quod
1652 3318 1770 3357 non
1800 3302 2017 3371 fuimus

423 3391 579 3446 inter
610 3406 702 3446 vos
743 3391 1009 3461 inquieti,
1046 3389 1103 3444 id
1135 3398 1216 3445 est
1273 3389 1486 3446 curiose
1517 3389 1890 3445 discurrentes
1919 3406 2020 3459 per

424 3480 613 3535 urbem
636 3497 652 3545 ;
684 3495 862 3550 neque
883 3480 1353 3535 manducavimus
1374 3478 1519 3549 apud
1542 3495 1640 3533 vos
1660 3494 1866 3550 panem
1886 3479 2019 3533 otio-

425 3584 545 3623 sum
575 3576 849 3639 sumptum
887 3567 954 3622 ab
990 3568 1222 3639 aliqua;
1252 3583 1353 3623 nec
1390 3575 1635 3622 nostrum
1675 3582 1872 3637 panem
1897 3583 2020 3638 gra-

428 3659 524 3726 tis,
552 3656 607 3711 id
638 3664 719 3712 est
749 3656 867 3711 sine
898 3655 1087 3711 labore
1135 3655 1315 3721 otiosi,
1348 3655 1443 3711 sed
1468 3653 1670 3710 fuimus
1718 3660 2017 3727 operantes

422 3749 587 3802 nocte
616 3749 674 3801 et
699 3745 807 3810 die,
828 3751 882 3799 et
910 3745 972 3799 in
996 3744 1179 3800 labore
1199 3749 1255 3800 et
1273 3744 1628 3816 fatigatione,
1662 3743 1718 3799 id
1746 3751 1829 3798 est
1857 3743 2017 3799 labo-

426 3841 615 3888 rantes
644 3848 820 3903 usque
849 3831 921 3886 ad
950 3830 1360 3904 fatigationem.
1379 3832 1552 3887 Nocte
1578 3831 1702 3887 ideo
1731 3832 2013 3903 praponit,

425 3921 555 3993 quia
584 3929 743 3977 nocte
754 3919 987 3975 maxime
1008 3920 1234 3976 vacabat
1253 3920 1531 3991 operibus,
1554 3920 1789 3975 orationi
1810 3929 1862 3976 et
1877 3938 2020 3992 prai-

423 4010 685 4066 dicationi
711 4011 988 4082 praecipue
1008 4024 1211 4066 vacans
1239 4009 1296 4063 in
1317 4010 1424 4065 die.
1445 4010 1755 4080 Operantes
1776 4008 1922 4079 ideo,
1943 4026 2017 4066 ne

423 4115 785 4171 gravaremus
832 4099 1070 4171 aliquem
1115 4105 1358 4153 vestrum
1384 4140 1399 4163 ,
1449 4097 1780 4168 accipientes
1810 4098 2017 4154 avobis

423 4188 750 4243 necessaria.
785 4187 981 4242 Paulus
1026 4202 1137 4243 non
1166 4187 1233 4242 ab
1274 4186 1422 4253 istis,
1457 4187 1595 4242 sicut
1624 4202 1727 4243 nec
1757 4201 1790 4241 a
1818 4186 2016 4242 Corin-

422 4275 548 4331 thiis
576 4275 874 4349 quidquam
902 4276 1153 4347 accipere
1184 4275 1369 4345 voluit,
1402 4274 1618 4330 diversa
1638 4282 1817 4331 tamen
1833 4275 2017 4331 inten-

421 4364 587 4421 tione.
618 4368 663 4420 Α
693 4365 984 4421 Corinthiis
1040 4364 1186 4420 enim
1243 4363 1430 4433 noluit,
1464 4364 1591 4436 quia
1635 4372 1789 4420 erant
1844 4364 2013 4420 avari.

420 4454 504 4509 Ab
523 4453 641 4509 istis
669 4454 860 4524 noluit,
895 4453 993 4511 sed
1022 4452 1198 4525 magis
1225 4452 1466 4525 operari,
1499 4460 1556 4507 ut
1585 4452 1641 4507 in
1670 4468 1731 4508 se
1750 4451 1907 4508 daret
1936 4452 2017 4508 eis

420 4543 727 4614 exemplum
758 4543 988 4614 depulso
1019 4543 1131 4598 otio
1158 4542 1465 4597 laborandi.
1500 4540 1901 4612 Operabamur,
1942 4542 2015 4597 ne
2042 4534 2093 4595 D

2041 3177 2089 3240 Ο

2120 1892 2316 1942 rantes
2350 1886 2508 1957 pulso
2537 1887 2649 1941 otio
2681 1894 2733 1941 et
2765 1902 2893 1942 cum
2917 1888 3165 1953 silentio,
3186 1902 3293 1942 non
3313 1887 3382 1941 de
3405 1886 3723 1941 rumoribus

2120 1976 2340 2041 curiosi,
2373 1976 2720 2031 manducent
2750 1991 2957 2046 panem
2988 1992 3185 2041 suum,
3218 1975 3274 2030 id
3303 1983 3385 2029 est
3442 1990 3551 2029 non
3572 1974 3722 2029 alie-

2120 2080 2268 2130 num,
2295 2065 2390 2119 sed
2408 2065 2629 2135 prOprio
2648 2065 2837 2119 labore
2869 2064 3151 2118 lucratum.
3186 2064 3268 2119 Ne
3300 2072 3480 2118 autem
3501 2062 3727 2134 quiadi-

2121 2160 2276 2207 xerat
2299 2170 2312 2206 :
2333 2152 2717 2223 Unusquisque
2737 2152 3028 2208 manducet
3047 2168 3204 2206 suum
3227 2167 3443 2223 panem,
3458 2157 3726 2222 putarent

2117 2241 2195 2295 illi
2217 2241 2306 2312 qui
2330 2240 2578 2295 solebant
2598 2240 2909 2296 ministrare
2929 2241 3279 2312 pauperibus,
3298 2256 3407 2295 non
3429 2239 3569 2303 ultra
3588 2254 3721 2295 esse

2118 2329 2539 2384 ministrandum
2577 2328 2683 2383 illis
2707 2370 2721 2394 ,
2765 2329 2837 2382 ait
2873 2346 2886 2383 :
2919 2330 3065 2384 Licet
3094 2329 3321 2383 dixerim
3359 2327 3719 2383 manducent

2119 2435 2285 2474 suum
2304 2434 2529 2489 panem,
2554 2433 2647 2472 vos
2674 2426 2877 2481 tamen,
2899 2420 3131 2489 fratres,
3151 2416 3287 2473 bene
3310 2418 3588 2487 facientes
3612 2414 3722 2470 fra-

2118 2507 2291 2561 tribus
2319 2506 2411 2577 qui
2457 2506 2722 2577 indigent,
2755 2507 2934 2561 nolite
2979 2506 3212 2574 deﬁcere
3267 2505 3407 2559 bene
3436 2502 3715 2569 faciendo,

2118 2596 2246 2667 quia
2267 2610 2373 2650 non
2397 2595 2646 2650 omnibus
2670 2602 2847 2665 potest
2870 2593 3118 2650 suﬂicere
3139 2610 3270 2648 suus
3293 2593 3469 2649 labor.
3489 2592 3722 2647 Denun-

2118 2685 2311 2739 tiamus
2340 2683 2449 2737 illis
2480 2691 2538 2737 ut
2564 2691 2874 2753 operentur,
2908 2690 3013 2738 etc.
3043 2682 3102 2737 Si
3130 2697 3260 2737 vero
3289 2681 3495 2753 aliquis
3517 2695 3718 2735 eorum

2119 2790 2234 2829 non
2264 2772 2532 2827 obedierit
2562 2772 2687 2827 huic
2706 2775 2898 2827 nostro
2926 2770 3086 2826 verbo
3105 2770 3360 2825 mandato
3371 2785 3475 2842 per
3497 2768 3719 2841 episto-

2122 2863 2256 2926 lam,
2278 2860 2428 2916 hune
2455 2864 2673 2927 notate,
2694 2859 2748 2913 id
2778 2867 2861 2913 est
2891 2857 3192 2930 signiﬁcate
3208 2858 3339 2912 mihi
3361 2857 3484 2930 quis
3499 2856 3591 2912 ille
3622 2856 3718 2924 sit,

2119 2955 2177 3005 et
2206 2949 2423 3004 interim
2454 2965 2570 3003 non
2600 2948 3079 3004 commisceamini
3118 2963 3247 3003 cum
3279 2947 3398 3010 illo,
3432 2949 3517 3013 ut,
3552 2944 3718 3000 vobis

2119 3052 2229 3092 non
2265 3036 2788 3092 communicantibus
2819 3036 2917 3102 illi,
2953 3034 3361 3106 confundatur,
3386 3033 3439 3088 id
3470 3040 3553 3089 est
3581 3048 3719 3087 eru-

2120 3125 2307 3181 bescat
2335 3125 2404 3180 de
2432 3133 2656 3195 peccato
2688 3140 2807 3180 suo.
2842 3124 2909 3178 Et
2939 3124 3063 3178 licet
3096 3138 3204 3178 non
3251 3120 3725 3179 commisceamini

2120 3230 2243 3269 cum
2258 3213 2368 3279 illo,
2405 3222 2584 3269 tamen
2617 3216 2793 3271 nolite
2817 3230 2945 3269 eum
2967 3213 3307 3268 existimare
3335 3211 3493 3284 quasi
3510 3211 3721 3265 inimi-

2120 3318 2267 3368 cum,
2301 3310 2358 3357 ut
2387 3318 2511 3357 eum
2542 3301 2667 3357 odio
2697 3301 2965 3364 habeatis,
2996 3301 3091 3356 sed
3123 3315 3190 3355 ex
3220 3298 3509 3355 dilectione
3542 3298 3722 3355 corri-

2116 3392 2235 3463 pite
2256 3407 2383 3447 eum
2414 3396 2478 3446 ut
2505 3394 2769 3462 fratrem.
2816 3388 3056 3445 309
3075 3389 3144 3445 Ut
3173 3396 3350 3443 autem
3380 3387 3435 3440 in
3456 3386 3719 3441 omnibus

2121 3496 2242 3550 quae
2257 3480 2503 3551 praecepi
2522 3479 2679 3535 vobis
2708 3477 2931 3550 perfecti
2961 3478 3097 3546 sitis,
3126 3480 3245 3550 ipse
3266 3477 3537 3532 Dominus
3562 3474 3721 3546 pacis

2119 3568 2211 3623 det
2232 3569 2377 3624 vobis
2404 3585 2602 3641 pacem
2619 3568 3043 3639 sempiternam,
3058 3565 3112 3620 id
3142 3573 3223 3620 est
3249 3564 3336 3619 hic
3352 3572 3407 3619 et
3432 3563 3488 3617 in
3508 3562 3713 3631 futuro,

2119 3658 2260 3712 etin
2290 3657 2446 3712 omni
2478 3658 2611 3723 loco,
2637 3655 2690 3709 id
2721 3663 2802 3710 est
2828 3654 2970 3725 apud
2999 3653 3327 3709 domesticos
3357 3660 3408 3707 et
3436 3651 3580 3722 apud
3611 3667 3715 3707 ex-

2118 3753 2360 3801 traneos.
2391 3745 2460 3799 Et
2489 3752 2547 3799 ut
2565 3759 2749 3800 veram
2781 3758 2973 3815 pacem
3015 3741 3282 3807 habeatis,
3316 3739 3588 3795 Dominus
3636 3740 3717 3795 sit

2118 3851 2248 3891 cum
2273 3834 2529 3891 omnibus
2575 3834 2748 3890 vobis.
2794 3833 3075 3889 Salutatio
3122 3829 3323 3900 scripta
3351 3844 3478 3884 mea
3507 3844 3710 3883 manu.

2117 3924 2235 3979 Hea
2266 3922 2391 3978 dico
2440 3923 2628 3990 Pauli,
2680 3921 2822 3993 quod
2851 3920 3077 3990 signum
3120 3919 3195 3974 ita
3226 3917 3408 3973 scribo
3443 3918 3507 3972 in
3554 3916 3716 3972 omni

2118 4012 2387 4083 Epistola,
2422 4024 2585 4081 quam
2612 4009 2784 4064 mitto.
2807 4010 2923 4065 Hoc
2952 4008 3111 4080 signo
3146 4005 3436 4061 discernite
3465 4020 3534 4059 ne
3565 4003 3716 4059 frau-

2092 4100 2366 4169 dulenter
2397 4098 2498 4152 sub
2527 4098 2747 4153 nomine
2778 4113 2902 4151 meo
2932 4095 3161 4151 inferant
3204 4094 3359 4150 vobis
3388 4108 3541 4148 suam
3570 4092 3711 4163 epis~

2117 4188 2281 4244 tolam
2310 4187 2387 4241 illi
2417 4187 2626 4257 pseudo
2658 4186 2748 4257 qui
2779 4185 3031 4241 dicebant
3076 4183 3231 4239 vobis
3273 4199 3362 4237 me
3402 4180 3713 4254 intelligere

2116 4276 2477 4349 propinquum
2499 4291 2620 4330 esse
2648 4274 2794 4329 diem
2819 4273 3028 4344 judicii.
3063 4273 3210 4339 Hac,
3228 4271 3473 4343 inquam,
3513 4276 3597 4325 est
3627 4284 3713 4324 sa-

2116 4365 2305 4420 lutatio
2339 4365 2571 4420 :Cratia
2596 4363 2819 4420 Domini
2833 4364 3019 4419 nostri
3036 4364 3169 4419 Jesu
3191 4360 3401 4416 Christi
3428 4374 3558 4415 cum
3586 4373 3712 4415 om-

2116 4454 2282 4509 nibus
2310 4453 2479 4511 vobis.
2522 4454 2719 4508 Amen.

2426 4631 3705 4670 ψ

1091 4719 1588 4777 ARGUMENTUM
1628 4718 1700 4772 1N
1737 4696 2130 4775 EPISTOLAM
2169 4721 2435 4777 PRIMAM
2472 4720 2567 4774 AD
2605 4718 3041 4774 TIMOTHEUM.

487 4846 830 4902 Timotheum
859 4844 1074 4900 instruit
1102 4852 1156 4899 et
1180 4845 1341 4900 docet
1368 4843 1438 4898 de
1468 4841 1811 4915 ordinatione
1840 4844 2219 4915 episcOpatus,
2253 4853 2307 4901 et
2334 4843 2598 4911 diaconii,
2633 4850 2687 4900 et
2715 4843 2892 4900 omnis
2933 4841 3319 4899 ecclesiasticas
3363 4837 3664 4911 discipline
3695 4853 3711 4892 :

416 4917 660 4974 scribens
690 4917 741 4972 ei
771 4931 804 4971 a
832 4915 1087 4972 Laodicia
1115 4930 1215 4985 per
1239 4914 1533 4985 Tychicum
1563 4913 1873 4969 diaconum.

1281 5088 1726 5153 PROLOGUS
1768 5091 1843 5150 B.
1890 5091 2311 5155 BRUNONIS
2354 5093 2437 5153 IN
2480 5090 2844 5152 EAMDEM.

489 5219 841 5281 Consuetudo
872 5229 991 5279 erat
1046 5222 1413 5295 apostolorum
1460 5229 1518 5276 ut
1556 5222 1842 5291 cujuslibet
1870 5222 2009 5279 civi-

418 5314 537 5369 tatis
569 5313 791 5384 populo,
824 5312 1073 5368 doctrina
1102 5326 1288 5366 eorum
1308 5326 1569 5367 converso
1590 5312 1658 5365 ad
1680 5310 1865 5378 fidem,
1899 5328 2009 5366 non

418 5402 494 5457 ibi
565 5401 976 5469 subsisterent,
1025 5400 1120 5455 sed
1190 5402 1531 5473 (consecrato
1586 5399 1660 5454 ibi
1708 5400 2007 5472 episcopo,

419 5490 512 5563 qui
542 5487 733 5546 fideles
763 5489 931 5546 factos
961 5490 1248 5545 instrueret
1286 5490 1353 5545 de
1408 5488 1493 5544 his
1522 5488 1667 5561 quod
1696 5498 1819 5560 post
1847 5487 2009 5544 ﬁdem

419 5580 657 5636 tenenda
683 5582 852 5650 sunt,)
902 5579 1189 5635 transirent
1233 5580 1301 5635 ad
1328 5579 1465 5639 alios
1509 5578 1741 5650 populos
1770 5593 2009 5651 congre-

417 5669 631 5745 gandos
656 5669 727 5728 ad
757 5668 946 5727 fidem.
1003 5670 1166 5741 Cujus
1195 5668 1273 5726 rei
1302 5666 1537 5725 formam
1566 5665 1765 5724 Paulus
1818 5674 2011 5722 tenens

2125 5225 2408 5281 conversis
2456 5224 2731 5297 Ephesiis,
2763 5220 3106 5279 consecravit
3146 5219 3255 5274 illis
3282 5218 3337 5273 in
3394 5216 3711 5288 episcopum

2118 5315 2480 5383 Timotheum,
2542 5313 2996 5370 collaboratorem
3050 5307 3385 5380 Evangelii,
3416 5314 3491 5371 ut,
3543 5303 3710 5359 Paulo
3761 5339 3767 5345 -

2119 5412 2483 5474 printereunte
2512 5402 2581 5456 ad
2612 5400 2938 5457 Macedonas
2994 5396 3415 5461 convertendos,
3448 5392 3713 5448 haberent

2118 5490 2412 5560 Ephesiani
2441 5490 2780 5545 Timotheum
2801 5531 2813 5554 ,
2847 5486 2941 5559 qui
2980 5501 3075 5543 eos
3105 5503 3175 5541 ne
3224 5483 3453 5554 singulis
3478 5481 3712 5535 instrue-

2118 5584 2220 5642 ret,
2281 5591 2350 5631 ne
2390 5574 2552 5641 forte,
2583 5574 2690 5628 illis
2737 5573 2855 5627 sine
2912 5573 3133 5627 doctore
3190 5568 3430 5624 dimissis
3466 5608 3480 5632 ,
3508 5563 3715 5636 periret

2118 5663 2274 5721 labor
2302 5663 2452 5720 Pauli
2481 5663 2537 5719 in
2584 5662 2683 5718 eis.
2735 5660 2884 5731 Quos
2937 5659 3213 5732 Ephesios
3267 5656 3462 5712 Paulus
3505 5652 3713 5725 primus
