3932 6420
142 307 248 362 425

798 302 1177 361 EXPOSITIO
1216 305 1290 361 IN
1346 304 1728 363 EPISTOLAS
1779 305 2013 363 PAULI.
2050 336 2120 347 —
2151 305 2224 361 IN
2252 305 2473 363 EPIST.
2507 306 2529 361 I
2566 304 2661 362 AD
2688 307 2830 368 TIM.

3370 320 3478 379 426

148 428 219 484 ad
286 426 459 483 ﬁdem
518 428 824 494 convertit;
884 429 1080 501 quibus
1135 431 1370 485 Joannes
1430 430 1771 502 evangelista
1788 444 1844 503 Α
1872 430 1941 484 sit
1971 437 2023 485 et
2081 430 2423 497 reverentiae,
2471 430 2800 501 Ephesianis
2844 433 3192 494 audientibus
3223 454 3257 495 a
3287 441 3479 500 Timo-

144 516 504 588 postmodum
532 517 589 572 in
622 518 940 589 episcopum
971 517 1206 589 praefuit,
1242 519 1523 574 Timotheo
1555 520 1610 573 in
1630 536 1770 590 opus
1872 520 1998 573 theo
2025 518 2169 573 idem
2203 519 2391 575 doceri
2423 520 2567 591 quod
2597 537 2627 574 a
2658 522 2848 590 Paulo,
2902 524 2991 579 cui
3021 527 3216 582 tradita
3246 538 3329 585 est
3358 532 3477 589 haec

144 606 438 677 Evangelii
468 622 499 660 a
530 607 698 661 Paulo
746 614 1019 662 revocato.
1079 608 1227 663 Hanc
1256 617 1436 663 autem
1467 609 1768 680 Epistolam

145 712 266 750 cum
299 695 483 750 tribus
513 696 637 750 aliis
661 711 781 768 qua:
805 703 1126 767 sequuntur,
1162 698 1349 752 scribit
1377 698 1444 752 ad
1476 714 1765 769 personas:

145 784 283 839 duas
323 784 409 838 ad
467 784 850 851 Timotheum;
894 785 1111 840 tertiam
1168 786 1238 840 ad
1270 786 1481 853 Titum;
1516 794 1767 859 quartam

138 874 207 928 ad
234 872 668 940 Philomonem;
700 882 925 930 caeteras
957 875 1147 929 scribit
1177 875 1247 928 ad
1278 875 1576 930 Ecclesias.
1616 876 1765 930 Con-

141 969 349 1016 secrato
407 962 578 1031 (sicut
635 961 838 1018 dictum
895 962 998 1031 est)
1058 963 1341 1018 Timotheo
1394 964 1647 1034 Ephesiis
1704 964 1759 1017 in

141 1050 492 1121 episcopum,
526 1058 865 1122 consurgunt
894 1058 1082 1106 contra
1112 1067 1236 1106 eum
1266 1053 1754 1123 pseudodoctores,

140 1138 414 1208 dicentes,
482 1138 610 1194 licet
640 1155 780 1194 nova
836 1139 921 1194 lex
951 1139 1173 1195 inducta
1203 1141 1287 1207 sit,
1320 1157 1444 1197 cum
1475 1158 1541 1197 ea
1574 1150 1756 1195 tamen

142 1227 443 1283 tenendam
475 1242 599 1282 esse
625 1227 1097 1284 circumcisionem
1127 1237 1179 1283 et
1221 1237 1467 1284 veterum
1499 1230 1635 1284 ritus
1666 1245 1753 1284 sa-

140 1316 498 1371 crificiorum.
537 1314 661 1385 Quo
690 1316 985 1382 intellecto,
1046 1317 1240 1372 Paulus
1282 1318 1581 1389 Epistolam
1612 1319 1753 1373 hanc

135 1403 315 1477 dirigit
370 1404 452 1457 ad
509 1404 876 1469 Timotheum,
939 1420 1049 1459 non
1108 1406 1255 1477 quod
1309 1407 1377 1460 de
1408 1422 1475 1461 eo
1508 1407 1752 1477 ambigat

140 1492 285 1564 quod
340 1492 400 1546 in
459 1490 648 1563 aliquo
707 1508 1076 1548 consensurus
1106 1493 1175 1548 sit
1196 1494 1746 1565 pseudodoctoribus,

140 1581 235 1636 sed
291 1588 351 1634 ut
399 1580 656 1635 doctrina
713 1582 848 1650 ejus,
900 1582 1158 1637 roborata
1211 1583 1525 1639 auctoritate
1574 1582 1744 1649 Pauli,

138 1670 279 1724 idem
336 1685 463 1725 cum
520 1669 813 1726 Timotheo
860 1670 1127 1740 docentis,
1160 1672 1381 1741 majoris
1412 1672 1747 1728 auctoritatis

145 1841 3130 1869 Ἦ

1871 607 2125 663 doctrina
2173 624 2203 661 a
2260 609 2491 664 Christo.
2544 610 2604 663 ln
2646 612 2751 666 hac
2780 620 2964 667 autem
2996 615 3243 685 Epistola
3272 620 3473 675 Paulus

1871 696 1985 767 agit
2040 697 2108 751 de
2167 698 2539 753 ecclesiastico
2597 700 2808 769 ordine,
2859 702 3065 758 docens
3109 705 3176 758 ab
3224 707 3473 763 Ecclesia

1869 786 2218 856 repellendos
2267 787 2749 857 pseudodoctores,
2792 789 3008 862 illisque
3039 793 3468 852 denuntiandum

1868 890 1937 927 ne
1981 890 2239 944 perverse
2288 875 2546 941 doceant;
2598 879 2745 947 quod
2790 879 2836 931 si
2883 880 3006 934 ideo
3038 897 3148 935 non
3175 883 3465 955 desistunt,

1858 963 2075 1032 populis
2102 963 2531 1018 denuntiandum
2561 973 2663 1032 est,
2697 982 2764 1020 ne
2794 983 2889 1021 eos
2920 968 3161 1025 audiant.
3187 972 3357 1027 Docet
3378 975 3467 1030 hic

1858 1051 2018 1105 etiam
2067 1051 2265 1106 Paulus
2314 1053 2655 1108 Timotheum
2705 1056 2773 1110 de
2800 1057 2994 1112 ordine
3041 1060 3366 1116 sacerdotali
3412 1070 3468 1117 et

1856 1140 2092 1207 letivico,
2126 1142 2399 1212 quomodo
2430 1142 2671 1212 eligendi
2725 1144 2834 1199 sint
2864 1154 2917 1199 et
2964 1148 3259 1217 probandi.
3293 1151 3468 1206 Docet

1857 1229 2020 1283 etiam
2068 1229 2136 1283 de
2189 1230 2381 1285 ordine
2438 1231 2747 1300 viduarum,
2813 1236 3088 1305 quomodo
3147 1236 3463 1294 ministrare

1854 1317 2050 1372 doceat
2076 1317 2202 1372 illas
2230 1318 2284 1372 in
2318 1320 2588 1375 Ecclesia.
2636 1322 2850 1378 Docere
2880 1332 3087 1391 autem,
3120 1326 3338 1382 etiamsi
3369 1344 3461 1383 sa-

1852 1406 2206 1476 pientissimae
2264 1407 2391 1474 sint,
2461 1425 2742 1481 nunquam
2773 1411 3093 1468 mulieribus
3133 1416 3461 1485 permitten-

1851 1494 2008 1550 dum.
2067 1496 2156 1551 Sic
2211 1496 2462 1552 docendo
2492 1498 2559 1554 de
2591 1499 2965 1557 ecclesiastico
2996 1503 3186 1559 ordine
3228 1504 3460 1560 intendit

1850 1582 2049 1638 Paulus
2096 1592 2173 1652 ut,
2214 1600 2314 1655 pro
2354 1586 2518 1642 modo
2570 1588 2833 1643 doctrina:
2868 1606 3003 1660 suae,
3053 1599 3233 1648 teneat
3277 1594 3459 1665 Ephe-

1851 1671 2022 1743 siana,
2054 1673 2341 1745 omnisque
2372 1689 2494 1730 cum
2524 1691 2591 1730 ea
2618 1677 2895 1733 Ecclesia.

906 2016 1508 2115 EPISTOLA
1564 2013 1606 2112 Ι
1657 2015 1821 2112 AD
1894 2016 2682 2124 TIMOTHEUM.‘

674 2245 899 2301 CAPUT
928 2244 1221 2301 PRIMUM.

206 2417 228 2442 ι
264 2394 466 2451 Paulus
524 2394 820 2466 apostolus
872 2395 1003 2449 Jesu
1045 2393 1271 2460 Christi,
1304 2392 1606 2449 secundum
1635 2391 1744 2447 im-

141 2503 163 2533 ι
194 2483 403 2554 perium
433 2484 539 2539 Dei
605 2484 900 2540 Salvatoris
929 2482 1127 2549 nostri,
1161 2490 1211 2538 et
1242 2481 1438 2537 Christi
1467 2482 1596 2536 Jesu
1627 2481 1744 2551 spei

142 2594 164 2624 ι
195 2582 417 2630 nostra}.
450 2573 746 2629 Timotheo
785 2573 984 2629 dilecto
1020 2571 1133 2627 ﬁlio
1160 2572 1215 2626 in
1256 2570 1363 2626 ﬁde
1394 2571 1600 2643 gratia,
1632 2570 1742 2625 mi-

144 2684 165 2711 ι
198 2662 518 2729 sericordia,
583 2670 638 2717 et
691 2676 797 2732 pax
851 2677 886 2716 a
939 2662 1056 2716 Deo
1103 2662 1263 2716 Patre
1290 2667 1344 2715 et
1372 2659 1584 2715 Christo
1613 2659 1742 2714 Jesu

146 2772 165 2797 ι
200 2750 431 2806 Domino
490 2758 707 2807 nostro.
771 2750 918 2807 Sicut
972 2750 1163 2822 rogavi
1218 2756 1292 2816 te,
1324 2756 1381 2803 ut
1426 2764 1741 2803 remaneres

144 2859 164 2889 ι
200 2839 418 2909 Ephesi,
453 2854 590 2895 cum
620 2838 761 2895 irem
788 2838 844 2892 in
871 2838 1263 2907 Macedoniam,
1297 2845 1356 2892 ut
1392 2836 1741 2892 denuntiares

144 2948 164 2977 ι
201 2928 533 2999 quibusdam
573 2943 646 2983 ne
677 2927 833 2983 aliter
862 2927 1141 2997 docerent,
1190 2942 1368 2997 neque
1397 2925 1743 2981 intenderent

142 3036 164 3066 ι
198 3016 435 3073 310
477 3016 688 3073 fabulis
734 3024 788 3072 et
832 3016 1173 3088 genealogiis
1218 3014 1742 3087 interminatis,quae

142 3126 162 3151 ι
195 3108 521 3177 (ιιιεεειὶοιιθε
541 3106 995 3179 ρι-ωειιωιωαείε
1013 3121 1174 3177 quam
1186 3104 1599 3162 aediﬁcationem
1617 3104 1736 3173 Dei,

144 3216 163 3239 α
199 3211 314 3265 quae
342 3203 427 3251 est
454 3195 513 3250 in
548 3192 681 3250 ﬁde.
715 3193 866 3249 Finis
892 3202 1071 3249 autem
1094 3193 1352 3265 praecepti
1380 3201 1463 3248 est
1483 3192 1734 3258 charitas,

144 3302 165 3333 ι
196 3282 261 3338 de
281 3284 450 3340 corde
467 3298 639 3355 puro,
658 3291 712 3338 et
732 3283 1068 3339 conscientia
1089 3283 1253 3352 bona,
1272 3291 1325 3337 et
1346 3282 1451 3338 ﬁde
1463 3297 1572 3337 non
1589 3280 1735 3337 ﬁcta.

141 3391 162 3421 ι
193 3374 238 3427 Α
294 3372 493 3444 quibus
553 3370 781 3443 quidam
838 3372 1180 3439 aberrantes,
1214 3370 1465 3427 conversi
1513 3377 1638 3424 sunt
1683 3369 1740 3424 in

146 3482 166 3505 ι
195 3460 593 3532 vaniloquium,
658 3459 902 3515 volentes
949 3475 1073 3515 esse
1120 3459 1259 3531 legis
1302 3460 1576 3527 doctores,
1627 3473 1739 3513 non

140 3570 160 3595 ι
193 3548 563 3620 intelligentes
596 3564 773 3620 neque
804 3564 925 3620 quas
956 3548 1272 3619 loquuntur,
1312 3564 1490 3619 neque
1519 3546 1588 3601 de
1609 3546 1735 3619 qui-

143 3658 161 3681 -
197 3635 293 3692 bus
342 3636 641 3692 afﬁrmant.
704 3636 917 3692 Scimus
954 3644 1133 3692 autem
1183 3636 1312 3708 quia
1342 3636 1487 3691 bona
1514 3643 1596 3689 est
1625 3636 1732 3702 lex,

141 3745 161 3775 ι
192 3725 236 3779 si
286 3727 407 3798 quis
467 3741 540 3782 ea
602 3724 848 3797 legitime
877 3733 1082 3792 utatur,
1111 3725 1346 3782 scientes
1376 3723 1600 3797 [sciens]
1630 3725 1736 3789 hoc

140 3833 162 3863 ι
194 3815 313 3885 quia
333 3816 484 3884 justo
515 3814 610 3869 lex
643 3829 755 3869 non
775 3822 858 3870 est
906 3814 1104 3885 posita,
1146 3814 1245 3870 sed
1274 3814 1509 3883 injustis,
1543 3821 1597 3868 et
1624 3828 1734 3868 non

141 3921 162 3951 ι
196 3903 441 3971 subditis,
472 3902 667 3974 impiis
698 3911 750 3957 et
777 3902 1173 3973 peccatoribus,
1206 3901 1487 3958 sceleratis
1516 3909 1569 3957 et
1595 3917 1732 3957 con-

144 4009 163 4041 ι
196 3992 481 4061 taminatis,
575 3990 865 4062 parricidis
937 3999 988 4047 et
1036 3983 1363 4057 'matricidis,
1420 3989 1729 4058 homicidis,

143 4100 163 4126 ι
192 4080 513 4148 fornicariis,
580 4080 946 4137 masculorum
996 4079 1462 4147 concubitoribus,
1515 4078 1730 4150 plagia-

142 4186 161 4218 ι
192 4169 277 4224 riis
329 4168 663 4243 [plagariis],
723 4168 1097 4234 mendacibus,
1154 4176 1207 4224 et
1259 4168 1511 4240 perjuris,
1573 4175 1627 4223 et
1682 4167 1729 4222 si

143 4279 163 4303 ο
193 4258 313 4330 quid
366 4260 518 4315 aliud
579 4274 733 4314 sanae
786 4258 1050 4315 doctrinas
1102 4258 1438 4323 adversatur,
1492 4273 1615 4329 quae
1646 4264 1729 4312 est

142 4366 163 4391 ι
192 4348 480 4403 secundum
538 4346 904 4419 Evangelium
959 4345 1148 4418 gloriae
1204 4346 1351 4401 beati
1398 4344 1519 4412 Dei,
1580 4345 1728 4416 quod

144 4452 164 4482 ι
193 4435 445 4491 creditum
473 4443 560 4491 est
619 4434 773 4489 mihi.
810 4434 1028 4490 Gratias
1058 4450 1165 4507 ago
1194 4434 1244 4489 ei
1269 4433 1362 4505 qui
1389 4450 1478 4489 me
1508 4433 1728 4489 confor-

144 4544 163 4568 ι
191 4523 309 4578 tavit
359 4525 415 4579 in
468 4524 695 4580 Christo
748 4524 877 4579 Jesu
918 4524 1153 4578 Domino
1182 4531 1391 4591 nostro,
1424 4522 1552 4594 quia
1582 4521 1724 4577 ﬁde-

143 4630 163 4656 ι
191 4609 289 4666 lem
344 4630 431 4669 me
478 4612 831 4681 existimavit,
892 4626 1102 4683 ponens
1158 4611 1216 4666 in
1250 4610 1577 4668 ministerio.
1617 4610 1724 4680 Qui

145 4718 164 4748 ι
193 4701 334 4769 prius
359 4701 438 4757 fui
467 4701 849 4773 blasphemus,
881 4709 934 4756 et
978 4708 1310 4772 persecutor,
1348 4708 1403 4756 et
1432 4707 1721 4756 contume-

144 4807 164 4836 ι
193 4788 387 4858 liosus;
439 4792 542 4847 sed
600 4789 1039 4846 misericordiam
1085 4789 1187 4845 Dei
1217 4797 1546 4846 consecutus
1575 4804 1717 4860 sum,

145 4894 165 4926 ι
194 4878 309 4948 quia
345 4879 613 4953 ignorans
660 4877 766 4934 feci
808 4878 864 4933 in
911 4878 1315 4934 incredulitate.
1357 4877 1716 4949 Superabun-

1768 2242 1820 2302 B
1851 2261 1874 2292 ι
1910 2240 2027 2296 Deo
2056 2241 2233 2297 honor
2260 2250 2313 2297 et
2342 2242 2523 2316 gloria
2552 2243 2608 2297 in
2636 2243 2834 2301 sazcula
2862 2246 3207 2303 saeculorum.
3241 2251 3442 2306 Amen.

1848 2351 1869 2378 α
1908 2330 2023 2385 Hoc
2067 2338 2397 2402 pracceptum
2438 2334 2762 2389 commendo
2810 2335 2925 2405 tibi,
2995 2335 3072 2391 ﬁli
3145 2337 3448 2408 Timothee,

1848 2439 1870 2464 α
1904 2419 2207 2474 secundum
2226 2420 2603 2489 praecedentes
2634 2422 2690 2476 in
2720 2429 2772 2477 te
2799 2424 3135 2494 prophetias,
3161 2433 3220 2481 ut
3249 2426 3450 2484 milites

1848 2528 1870 2553 α
1905 2506 1964 2560 in
2011 2507 2119 2561 illis
2168 2507 2365 2562 bonam
2414 2509 2682 2579 militiam,
2735 2511 2942 2567 habens
2973 2511 3135 2568 ﬁdem
3165 2522 3217 2569 et
3247 2515 3449 2571 bonam

1847 2615 1871 2645 ι
1905 2596 2316 2659 conscientiam,
2374 2614 2534 2668 quam
2611 2598 2824 2669 quidam
2891 2601 3243 2673 repellentes,
3301 2604 3447 2660 circa

1846 2704 1869 2733 ε
1905 2682 2070 2738 ﬁdem
2101 2683 2597 2755 naufragaverunt;
2631 2703 2696 2742 ex
2726 2688 2926 2759 quibus
2986 2698 3068 2744 est
3115 2692 3446 2762 Hymenaeus

1846 2793 1868 2822 ι
1905 2780 1959 2826 et
1988 2772 2316 2840 Alexander,
2350 2790 2486 2846 quos
2516 2775 2710 2831 tradidi
2738 2777 2975 2846 Satanae,
3008 2786 3067 2834 ut
3094 2779 3307 2837 discant
3334 2797 3447 2837 non

1845 2881 1868 2910 ι
1903 2860 2306 2932 blasphemare.
2334 2883 2355 2912 ι

2482 2995 2798 3038 EXPOSI‘I‘IO.

1913 3102 2132 3168 Paulus,
2195 3110 2299 3159 etc.
2353 3103 2664 3175 Scripturus
2709 3106 2996 3179 discipulo,
3038 3106 3264 3166 salutem
3294 3128 3440 3184 prse-

1839 3190 2002 3246 mittit
2031 3191 2254 3247 dicens:
2287 3194 2538 3260 Paulus;
2562 3195 2708 3266 quod
2741 3196 2963 3268 quidem
2994 3214 3193 3254 nomen
3222 3210 3302 3256 est
3333 3202 3440 3258 hu-

1838 3279 2098 3335 militatis.
2149 3280 2349 3335 Paulus
2409 3282 2569 3337 emim
2600 3286 2761 3356 quasi
2810 3286 3065 3343 modicus
3094 3288 3310 3345 dicitur.
3345 3291 3446 3349 Hic

1838 3376 2024 3423 autem
2082 3368 2176 3423 ubi
2206 3369 2521 3426 auctoritate
2551 3387 2689 3442 opus
2719 3380 2820 3441 est,
2855 3377 3193 3431 auctoritatis
3242 3394 3443 3434 nomen

1838 3464 1922 3513 est
1948 3475 1962 3520 ;
1998 3456 2195 3512 Paulus
2245 3458 2391 3512 enim
2420 3474 2621 3514 nomen
2644 3461 2871 3516 multum
2901 3471 3089 3518 notum
3120 3473 3256 3520 erat.
3284 3468 3442 3523 Unde

1837 3552 1897 3600 ut
1924 3545 2103 3617 magis
2133 3545 2403 3601 refelleret
2433 3548 2906 3617 pseudodoctores
2931 3551 3041 3605 ait:
3075 3555 3291 3609 Paulus
3310 3571 3445 3626 apo-
3484 3584 3489 3591 ~

1837 3635 2040 3699 stolas,
2072 3633 2127 3688 id
2159 3642 2240 3688 est
2272 3635 2489 3705 legatus
2506 3636 2592 3691 vel
2610 3638 2832 3693 missus.
2888 3638 3019 3694 Cum
3052 3648 3231 3696 autem
3251 3658 3445 3699 omnes

1838 3722 2034 3789 sancti,
2066 3722 2235 3794 legati
2266 3722 2365 3777 Dei
2397 3723 2524 3791 sint,
2556 3725 2831 3797 praecipue
2860 3728 3093 3799 apostoli
3123 3730 3203 3786 sic
3234 3747 3439 3786 vocan-

1835 3817 1943 3876 tur,
1977 3810 2079 3865 sub
2109 3810 2307 3883 quibus
2329 3826 2490 3867 omne
2519 3829 2695 3884 genus
2744 3824 3081 3883 sanctorum,
3117 3834 3285 3889 supra
3301 3837 3439 3892 quos

1832 3914 1967 3955 vero
1997 3898 2146 3954 solus
2176 3899 2441 3967 Christus,
2494 3900 2787 3958 invenitur.
2828 3906 3147 3976 Apostolus,
3189 3907 3434 3979 inquam,

1836 3985 2048 4042 Christi
2101 3988 2251 4054 Jesu,
2312 3988 2436 4059 quia
2490 4004 2524 4044 a
2566 3990 2784 4047 Christo
2816 3992 2991 4048 solum
3022 3995 3254 4066 apostoli
3283 3997 3438 4053 missi

1830 4083 1974 4129 sunt.
2004 4075 2088 4130 Ab
2146 4076 2407 4147 apostolis
2454 4086 2635 4134 autem
2664 4081 2849 4136 caeteri
2882 4083 3078 4149 sancti,
3114 4092 3169 4138 ut
3201 4100 3234 4139 a
3264 4086 3433 4143 Paulo

1827 4163 2161 4220 Timotheus.
2226 4163 2362 4233 Quia
2412 4165 2458 4220 si
2507 4167 2704 4222 Paulus
2765 4171 3046 4239 apostolus
3095 4172 3291 4227 Christi
3324 4162 3429 4241 'sit,

1825 4259 2036 4307 constat
2093 4253 2240 4323 quod
2288 4252 2380 4324 qui
2425 4254 2597 4309 Paulo
2647 4258 2985 4326 contradicit,
3022 4261 3346 4317 contradicit
3377 4271 3432 4319 et

1829 4340 2064 4407 Christo,
2113 4341 2206 4411 qui
2254 4341 2482 4397 Paulum
2525 4343 2718 4411 misit;
2770 4346 2861 4416 qui
2908 4363 3037 4402 vero
3084 4348 3366 4405 Timotheo
3398 4367 3433 4408 a

1827 4428 1994 4484 Paulo
2023 4428 2214 4505 misso,
2247 4437 2301 4484 et
2347 4430 2404 4484 in
2434 4431 2658 4486 Paulum
2688 4439 2740 4486 et
2767 4432 2821 4487 in
2856 4434 3135 4490 Christum
3165 4437 3417 4495 offendit.

1826 4517 2041 4583 Paulus,
2089 4517 2329 4590 inquam,
2388 4520 2667 4589 apostolus
2698 4521 2898 4576 Christi
2953 4524 3082 4578 Jesu
3114 4526 3428 4583 secundum

1821 4606 2146 4679 imperium.
2171 4606 2328 4663 Ponit
2348 4607 2402 4662 in
2423 4608 2545 4663 aliis
2558 4608 2819 4679 Epistolis
2836 4611 3149 4669 secundum
3168 4616 3427 4673 volunta-

1824 4697 1956 4763 tem,
1981 4695 2080 4750 sed
2109 4703 2167 4750 ut
2219 4696 2486 4765 majorem
2514 4696 2910 4754 districtionem
2944 4700 3206 4773 signaret,
3240 4706 3424 4774 posuit

1820 4782 1911 4839 hic
1956 4784 2282 4855 imperium.
2338 4784 2599 4841 Volumus
2649 4787 2794 4842 enim
2841 4789 3109 4860 quaedam,
3163 4808 3283 4863 quae
3312 4809 3423 4849 non

1819 4871 2192 4944 imperamus;
2243 4888 2366 4945 quae
2411 4882 2593 4930 autem
2642 4872 2756 4931 ﬁeri
2783 4875 3133 4949 imperamus,
3177 4886 3231 4935 et
3259 4881 3422 4937 volu-

144 4986 163 5010 ι
194 4966 331 5022 davit
372 4978 553 5024 autem
603 4967 782 5039 gratia
809 4968 1027 5024 Domini
1054 4967 1228 5023 nostri
1257 4984 1382 5023 cum
1412 4965 1519 5022 ﬁde
1549 4974 1602 5021 et
1630 4965 1719 5021 di-
1738 4961 1793 5022 D
1821 4976 1962 5028 mUS,
1996 4968 2068 5027 et,
2098 4978 2168 5017 ne
2198 4978 2310 5017 non
2338 4960 2487 5031 fiant,
2535 4964 2830 5033 prohibere
2871 4965 3134 5041 videmur.
3161 4969 3316 5026 Unde
3346 4971 3423 5026 ait

148 5074 167 5103 ι
197 5054 430 5123 lectione,
490 5074 615 5129 quae
646 5064 731 5112 est
776 5056 833 5111 in
862 5057 1078 5113 Christo
1120 5057 1269 5112 Jesu.
1304 5055 1505 5111 Fidelis
1535 5070 1717 5112 sermo

149 5159 167 5185 ι
198 5148 243 5193 et
289 5142 431 5196 omni
486 5142 811 5213 acceptione
865 5141 1093 5214 dignus,
1129 5141 1259 5212 quia
1288 5140 1530 5196 Christus
1558 5141 1719 5196 Jesus

150 5248 169 5271 ι
197 5229 328 5283 venit
376 5230 431 5285 in
480 5232 628 5286 hunc
654 5229 915 5285 mundum
952 5238 1274 5301 peccatores
1304 5229 1488 5285 salvos
1518 5227 1715 5295 facere,

150 5335 170 5360 ι
200 5332 412 5387 quorum
438 5320 653 5391 primus
682 5334 789 5392 ego
809 5335 948 5374 sum.
981 5318 1089 5375 Sed
1128 5317 1255 5374 ideo
1283 5317 1717 5374 misericordiam

150 5425 168 5449 ι
199 5416 501 5463 consecutus
556 5424 683 5463 sum
721 5416 779 5463 ut
807 5408 861 5463 in
892 5424 980 5464 me
1010 5407 1187 5478 primo
1215 5407 1531 5463 ostenderet
1560 5405 1718 5461 Chri-

150 5512 170 5537 ι
206 5501 309 5549 stus
358 5497 515 5553 Iesus
571 5513 791 5553 omnem
822 5498 1134 5569 patientiam
1180 5496 1252 5552 ad
1280 5495 1717 5552 informationem

152 5600 173 5629 ι
201 5597 391 5654 eorum,
449 5586 542 5659 qui
569 5586 832 5644 credituri
881 5594 1006 5643 sunt
1033 5585 1113 5641 illi
1139 5585 1195 5641 in
1226 5585 1394 5642 vitam
1422 5592 1707 5642 aeternam.

155 5689 175 5715 ι
204 5669 329 5745 Regi
378 5681 556 5730 autem
602 5674 934 5733 saeculorum
961 5672 1274 5746 immortali,
1304 5672 1582 5741 invisibili,
1614 5670 1719 5728 soli

338 5770 575 5830 ΡΑτιοι..
606 5772 788 5830 CLIII.

1818 5050 2128 5106 secundum
2156 5052 2460 5123 imperium
2488 5053 2787 5110 DeiPatris.
2811 5054 2958 5110 Deus
2979 5056 3124 5111 enim
3145 5058 3306 5114 Pater
3326 5060 3423 5115 im-

1817 5139 2033 5211 peravit
2080 5156 2169 5195 me
2224 5140 2532 5211 apostolum
2587 5140 2722 5197 ﬁeri.
2782 5145 2885 5199 Dei
2941 5144 3063 5200 dico
3110 5148 3423 5205 Saluatoris

1817 5229 2022 5298 nostri,
2052 5227 2108 5283 id
2127 5236 2210 5284 est
2232 5229 2324 5300 qui
2353 5228 2581 5300 imperio
2601 5246 2698 5286 suo
2728 5230 3049 5289 obedientes
3082 5235 3285 5305 salvat;
3309 5254 3419 5294 non

1820 5315 2137 5372 obedientes
2194 5333 2328 5373 vero
2377 5333 2411 5373 a
2452 5318 2624 5373 salute
2670 5319 2887 5375 alienat.
2935 5322 3088 5378 Unde
3118 5324 3417 5382 timendum

1818 5412 1920 5470 est,
1981 5421 2091 5460 non
2151 5406 2468 5476 parentibus
2515 5407 2743 5479 imperio
2792 5408 3079 5478 Timothei,
3141 5414 3287 5485 quia,
3317 5431 3421 5473 nec

1816 5493 1968 5559 mihi,
2026 5510 2127 5549 nec
2176 5495 2312 5562 Deo,
2347 5494 2440 5567 qui
2488 5494 2777 5567 imperavit
2804 5515 2892 5554 me
2923 5501 3240 5570 Apostolum
3273 5519 3418 5571 esse,

1818 5581 2097 5647 obediunt,
2125 5590 2178 5637 et
2201 5583 2280 5639 sic
2300 5600 2329 5638 a
2352 5582 2652 5641 salvatione
2693 5585 2796 5641 Dei
2832 5584 2997 5643 alieni
3018 5598 3161 5645 sunt.
3201 5590 3420 5647 Secun-

1820 5669 1956 5728 dum
1976 5671 2282 5743 imperium
2298 5672 2400 5730 Dei
2420 5670 2598 5728 Patris
2627 5672 2791 5744 dico;
2823 5679 2879 5731 et
2908 5678 3210 5733 secundum
3238 5679 3418 5750 impe-

3141 5777 3207 5830 ﬂ
