3932 6472
476 378 580 433 427

1033 375 1088 429 S.
1131 371 1480 429 BRUNONIS
1519 367 2164 426 CARTIIUSIANORUM
2205 371 2690 428 INSTITUTORIS
2730 371 2882 426 OPP.
2926 371 3099 427 PARS
3138 371 3205 426 ll.

3658 373 3757 428 428

477 502 618 555 rium
656 501 860 555 Christi
889 499 1036 570 regis
1068 506 1118 552 et
1149 497 1475 552 sacerdotis.
1533 494 1840 550 Secundum
1884 494 2062 546 homi-
2092 498 2140 556 Α
2168 512 2226 548 se
2267 496 2470 550 habere
2507 497 2771 565 jactaret,
2814 504 2866 550 et
2897 496 2974 551 sic
3005 495 3237 550 ministri
3269 494 3563 560 Ecclesia),
3599 495 3760 550 etiam

477 607 599 644 nem
630 590 751 644 dico
783 589 872 658 qui
913 596 965 641 et
996 587 1293 640 immolavit
1339 586 1580 654 seipsum
1631 584 1683 636 in
1731 599 1823 635 ara
1863 583 2057 648 crucis,

469 688 526 732 ut
556 693 653 732 nos
684 677 965 730 mundaret
993 691 1025 728 a
1055 674 1283 737 delictis,
1337 690 1504 743 seque
1539 671 1923 724 immolandum
1957 688 2059 723 no-

468 766 550 820 bis
607 765 846 836 quotidie
900 765 955 816 in
983 763 1136 817 altari
1194 762 1361 815 dedit.
1423 761 1587 829 Regis
1645 761 1825 823 etiam,
1861 758 1985 829 quia
2009 770 2061 813 et

467 855 607 908 bona
637 854 748 918 dat,
781 860 832 906 et
862 852 916 906 in
947 851 1105 906 bonis
1135 850 1292 920 regit.
1331 849 1539 904 Christi
1569 848 1691 902 dico
1720 847 1868 909 Jesu,
1903 845 1956 898 id
1979 853 2061 899 est

468 942 798 1004 Saluatoris,
833 941 925 1012 qui
974 948 1026 993 et
1057 939 1109 992 in
1144 937 1398 1009 praesenti
1452 936 1622 990 salvat
1652 951 1680 988 a
1713 935 1890 999 malis,
1926 943 1976 987 et
2004 933 2058 986 in

468 1029 648 1084 futuro
708 1029 940 1083 salutem
999 1037 1256 1082 aeternam
1312 1026 1535 1079 daturus
1567 1031 1648 1077 est
1689 1023 1820 1076 suis.
1864 1021 2059 1076 Christi

463 1119 592 1172 Jesu
621 1117 765 1180 dico,
797 1117 1033 1172 auctoris
1063 1117 1180 1187 spei
1219 1119 1443 1176 nostrae,
1479 1113 1533 1166 id
1564 1120 1645 1166 est
1675 1109 2058 1180 recuperanda:

464 1205 912 1276 impassibilitatis
943 1212 996 1258 et
1025 1201 1458 1265 immortalitatis,
1511 1217 1641 1271 quas
1673 1215 1772 1269 per
1802 1213 1926 1253 eum
1958 1213 2057 1251 nos

468 1301 896 1364 recuperaturos
929 1308 1234 1362 speramus,
1270 1290 1359 1361 qui
1392 1304 1610 1344 carnem
1641 1296 1882 1341 nostram
1915 1287 1966 1339 in
2001 1302 2060 1340 se

463 1384 630 1438 verbo
683 1382 781 1436 Dei
830 1381 1033 1435 unitam
1067 1379 1250 1434 extulit
1281 1395 1443 1448 supra
1486 1392 1703 1431 omnem
1731 1383 2052 1438 creaturam,

464 1471 596 1526 nihil
627 1485 796 1540 supra
853 1485 975 1523 eam
1005 1467 1320 1538 relinquens
1361 1473 1558 1536 praeter
1594 1464 1924 1518 divinitatem
1956 1461 2058 1515 sibi

465 1561 848 1616 cohaerentem.
912 1558 1047 1625 Spes
1098 1555 1240 1610 enim
1289 1554 1504 1617 dicitur,
1564 1568 1672 1606 non
1716 1552 1783 1605 de
1824 1551 1906 1604 his
1938 1566 2058 1621 quae

465 1647 750 1711 habemus,
775 1643 1284 1713 utjustiﬁcationem
1311 1642 1379 1696 3
1401 1641 1458 1696 1
1483 1640 1542 1696 1
1563 1639 1844 1710 apeccatis
1863 1640 1914 1690 in
1956 1638 2058 1690 ba-

462 1737 683 1806 ptismo,
708 1734 805 1788 sed
824 1734 892 1787 de
914 1733 996 1786 his
1019 1747 1138 1801 quae
1160 1747 1259 1784 nos
1279 1730 1559 1783 habituros
1581 1729 1870 1791 credimus,
1889 1734 1946 1780 ut
1966 1726 2060 1778 im-

461 1823 842 1879 mortalitatem
873 1829 924 1875 et
954 1819 1438 1890 impassibilitatem
1470 1833 1569 1887 per
1599 1815 1892 1872 Christum.
1921 1816 2058 1884 Spes
2077 1847 2129 1906 Β

465 1913 611 1967 enim
666 1919 749 1966 est
803 1908 1134 1980 exspectatio
1183 1906 1375 1961 futura
1407 1905 1562 1960 bonae
1591 1904 1667 1958 rei
1689 1920 1810 1959 cum
1841 1903 2058 1957 deside-

464 2000 568 2055 rio.

533 2087 749 2152 Paulus,
773 2086 1009 2157 inquam,
1036 2083 1310 2155 apostolus
1334 2081 1409 2136 sic
1433 2089 1484 2135 et
1520 2080 1596 2135 sic
1626 2087 1790 2149 Optat,
1817 2078 2051 2144 mandat,

467 2177 555 2232 vel
575 2175 778 2246 aliquid
806 2175 910 2229 tale
943 2173 1220 2227 Timotheo
1241 2171 1359 2238 ﬁlio
1382 2170 1519 2223 bene
1541 2167 1769 2221 imitanti
1791 2184 1869 2230 se,
1894 2182 2054 2237 quem

461 2264 649 2338 genuit
676 2265 738 2318 in
757 2261 884 2331 ﬁde,
920 2259 1066 2332 quia,
1088 2275 1211 2315 cum
1245 2257 1477 2312 inﬁdelis
1495 2264 1657 2321 esset,
1696 2254 1912 2309 ﬁdelem
1931 2270 2054 2308 eum

460 2353 588 2409 fecit
644 2352 784 2406 Filio
829 2349 953 2404 dico
1000 2349 1202 2403 dilecto
1245 2345 1507 2416 peculiari
1537 2353 1589 2400 et
1619 2343 1837 2414 speciali
1867 2343 2050 2407 modo,

460 2441 606 2513 quia,
675 2455 797 2494 cum
871 2437 1049 2491 omnis
1108 2435 1292 2506 utique
1350 2433 1525 2487 ﬁdelis
1593 2431 1904 2502 diligendus
1962 2431 2049 2495 sit,

456 2528 676 2600 quidam
723 2535 902 2580 tamen
933 2525 984 2578 in
1019 2524 1097 2578 eis
1129 2530 1254 2576 sunt
1284 2522 1374 2593 qui
1421 2520 1709 2591 privilegio
1741 2519 1942 2573 amoris
1967 2517 2051 2572 di-

455 2616 661 2688 ligendi
716 2622 858 2668 sunt.
919 2612 1135 2676 Paulus,
1197 2611 1440 2680 inquam,
1502 2609 1718 2662 mandat
1768 2607 2051 2661 Timotheo

455 2706 580 2769 hoc,
615 2703 739 2765 sibi,
774 2701 860 2756 vel
889 2701 1003 2766 tibi,
1053 2700 1354 2763 Timothce,
1400 2699 1606 2769 gratia,
1640 2696 2048 2760 misericordia,

457 2793 512 2844 et
531 2804 673 2859 pax.
707 2787 764 2839 ln
795 2785 914 2838 aliis
943 2799 1144 2854 ponere
1177 2777 1313 2836 solet
1351 2782 1541 2852 gratia
1571 2787 1774 2834 tantum
1804 2783 1861 2833 et
1909 2795 2046 2850 pax,

456 2875 772 2948 signiﬁcans
819 2873 892 2926 ibi
937 2889 1033 2942 per
1076 2871 1323 2941 gratiam,
1371 2869 1517 2940 quod
1564 2869 1653 2923 hic
1697 2884 1796 2938 per
1837 2865 2051 2920 miseri-

459 2963 722 3030 cordiam,
792 2960 1170 3015 remissionem
1231 2957 1438 3012 scilicet
1486 2963 1874 3026 peccatorum;
1926 2969 2047 3024 qua:

453 3051 623 3123 gratia
677 3049 894 3114 dicitur,
953 3047 1081 3119 quia
1141 3045 1309 3118 gratis
1359 3045 1474 3098 sine
1507 3043 1678 3114 pretio
1718 3042 1804 3096 vel
1854 3041 2050 3096 merito

452 3147 637 3195 nostro
694 3137 1050 3191 dimittuntur.
1111 3132 1504 3197 Misericordia,
1556 3129 1806 3184 remissio
1834 3129 2045 3196 dicitur,

453 3227 580 3299 quia
626 3241 735 3281 non
783 3221 1214 3278 misericordiam
1262 3220 1363 3274 Dei
1408 3226 1628 3288 peccata
1671 3217 2034 3272 dimittuntur.
2077 3194 2125 3255 Ο

450 3313 827 3370 Misericordia
875 3312 1073 3382 itaque,
1105 3309 1160 3362 id
1192 3317 1270 3362 ρει
1316 3307 1565 3362 remissio
1612 3313 2046 3375 peccatorum,et

447 3419 574 3474 pax,
625 3401 680 3456 id
739 3409 820 3455 est
877 3396 1240 3468 tranquillitas
1300 3393 1465 3448 animi
1509 3409 1672 3464 quam
1729 3393 1815 3447 hic
1844 3393 2047 3446 habent

451 3490 626 3546 sancti
655 3489 1005 3560 prailibantes
1038 3501 1135 3555 per
1165 3486 1265 3538 hoc
1293 3483 1637 3537 dulcedinem
1675 3489 1892 3536 aeternae
1942 3495 2044 3550 pa-

441 3579 539 3635 cis.
601 3580 746 3645 Haac,
791 3576 1032 3647 inquam,
1083 3570 1456 3626 misericordia
1484 3578 1536 3624 et
1564 3585 1691 3640 pax,
1725 3569 1830 3622 sint
1858 3584 2046 3639 perse-

449 3666 702 3721 verantia
755 3663 871 3717 tibi.
931 3663 1056 3716 Non
1109 3661 1234 3714 ideo
1262 3660 1365 3713 hoc
1394 3665 1558 3728 Optat,
1592 3673 1712 3711 cum
1743 3657 1882 3711 bene
1912 3657 2045 3712 sciat

450 3752 830 3809 remissionem
903 3755 1254 3819 peccatorum
1309 3745 1505 3801 factam
1560 3761 1682 3800 esse
1739 3745 2041 3812 Timotheo,

448 3841 661 3912 sibique
717 3845 928 3909 partem
957 3843 1265 3891 sanctorum
1323 3850 1463 3901 esse,
1500 3834 1596 3888 sed
1625 3841 1682 3887 ut
1714 3832 1768 3887 in
1797 3832 1882 3886 his
1910 3850 2043 3902 per-

446 3935 679 3983 maneat.
736 3927 864 3980 Haec
891 3925 1018 3993 duo,
1050 3923 1440 3978 misericordia
1492 3929 1544 3976 et
1572 3939 1709 3993 pax,
1731 3921 1879 3976 omni
1899 3919 2044 3976 ﬁdeli

446 4014 686 4086 Optanda
740 4021 883 4079 sunt,
945 4021 997 4067 et
1053 4011 1345 4082 provenire
1391 4019 1658 4080 possunt;
1711 4010 1815 4064 hoc
1860 4017 2044 4064 autem

445 4102 751 4170 tertium,id
785 4109 866 4156 est
893 4101 1098 4172 gratia,
1135 4098 1374 4169 praelatis
1405 4105 1609 4152 tantum
1639 4097 1936 4168 Optandum
1960 4105 2043 4152 est

449 4199 502 4247 et
545 4189 838 4262 provenire
882 4196 1079 4259 potest.
1133 4186 1339 4256 Accipit
1373 4185 1515 4241 enim
1547 4202 1644 4256 per
1672 4185 1904 4257 gratiam
1936 4185 2040 4240 do-

447 4279 722 4334 nationem
778 4277 1010 4347 Spiritus
1069 4275 1261 4342 sancti,
1318 4273 1407 4344 qui
1460 4273 1665 4344 utique,
1699 4288 2042 4344 nonaprai-

445 4367 591 4435 latis,
653 4365 750 4420 sed
801 4381 903 4436 per
951 4363 1310 4418 ministerium
1339 4377 1550 4428 eorum,
1585 4361 1704 4416 sine
1733 4359 2042 4416 diﬁ'erentia

446 4455 782 4523 meritorum,
843 4453 957 4509 sive
981 4451 1132 4520 justi,
1167 4450 1281 4506 sive
1311 4449 1491 4518 injusti
1536 4449 1640 4503 sint
1669 4448 1877 4520 praelati
1920 4450 2040 4519 (so-

2165 585 2253 654 qui
2280 585 2411 653 justi
2445 594 2648 650 essent,
2683 585 2736 638 in
2769 593 3140 654 contemptum
3185 585 3450 638 venirent.
3487 585 3652 652 Cujus
3682 584 3759 637 rei

2163 673 2410 725 Christus
2500 674 2730 727 formam
2790 674 3123 743 relinquens,
3219 674 3476 727 suscitato
3534 673 3756 738 Lazaro,

2163 759 2294 813 dixit
2316 761 2594 830 discipulis
2621 779 2632 814 :
2665 761 2898 815 «Solvite
2922 778 3044 815 eum
3067 770 3118 816 et
3135 761 3292 814 sinite
3316 760 3464 815 abire
3483 762 3669 830 (Joan.
3695 776 3753 826 ιι,

2161 850 2274 918 24),
2307 870 2327 896 ι
2367 849 2662 902 ostendens
2705 850 2976 903 neminem
3010 865 3172 918 posse
3203 849 3339 903 solvi
3389 848 3492 902 nisi
3522 864 3618 919 per
3651 849 3758 902 mi-

2161 937 2383 1002 nistros,
2420 937 2616 1007 quibus
2648 938 2763 991 hinc
2810 937 3107 992 ministeria
3138 937 3346 991 credita
3375 945 3516 991 sunt.
3557 938 3756 992 Gratia

2161 1025 2344 1094 utique
2375 1026 2781 1089 misericordia,
2816 1033 2868 1079 et
2895 1043 3034 1097 pax,
3068 1025 3137 1081 sit
3163 1025 3261 1078 tibi
3292 1043 3325 1079 a
3347 1025 3453 1081 Deo
3484 1025 3595 1095 qui,
3627 1041 3754 1080 cum

2161 1113 2306 1166 Deus
2338 1113 2424 1177 sit,
2461 1113 2576 1167 haec
2608 1121 2656 1166 et
2685 1113 2866 1167 omnia
2897 1121 3091 1182 potest.
3126 1115 3232 1168 Deo
3261 1113 3383 1168 dico
3409 1116 3599 1178 Patre,
3634 1113 3749 1184 qui,

2161 1217 2225 1255 ex
2255 1217 2319 1255 eo
2350 1201 2490 1272 quod
2525 1203 2678 1255 Pater
2725 1209 2827 1266 est,
2871 1201 3201 1256 voluntatem
3232 1208 3283 1255 et
3313 1201 3458 1272 piam
3499 1200 3753 1257 affectio-

2160 1305 2282 1342 nem
2315 1289 2458 1343 circa
2481 1297 2532 1344 te
2563 1297 2612 1343 et
2646 1305 2862 1344 omnem
2889 1289 3059 1343 ﬁlium
3109 1290 3288 1344 habet.
3343 1289 3422 1344 Sit
3452 1289 3611 1344 etiam
3660 1289 3757 1344 tibi

2158 1377 2262 1431 hoc
2317 1377 2462 1431 idem
2518 1395 2552 1431 a
2591 1377 2806 1432 Christo
2846 1379 2977 1432 Jesu
3011 1420 3023 1442 ,
3069 1377 3160 1447 qui
3208 1393 3331 1432 cum
3389 1378 3456 1430 sit
3512 1393 3635 1442 rex,
3700 1386 3753 1433 et

2160 1465 2371 1519 salvare
2402 1465 2628 1531 venerit,
2653 1466 2984 1520 voluntatem
3025 1465 3273 1520 similiter
3299 1466 3482 1520 habet.
3513 1467 3553 1520 A
3581 1466 3751 1521 Chri-

2159 1557 2242 1607 sto
2272 1554 2393 1608 dico
2423 1555 2657 1608 Domino
2691 1559 2902 1622 nostro,
2949 1570 3131 1624 quem,
3181 1554 3309 1624 quia
3355 1554 3615 1608 Dominus
3645 1561 3747 1621 est,

2158 1642 2261 1696 hoc
2293 1649 2345 1695 et
2375 1641 2558 1695 omnia
2589 1657 2752 1712 posse
2785 1651 3033 1712 apparet.

2230 1729 2404 1783 Finita
2427 1729 2749 1784 salutatione
2771 1730 2958 1800 incipit
2995 1729 3291 1800 Epistolam
3312 1729 3537 1784 dicens:
3571 1729 3617 1785 Ο
3651 1730 3748 1785 Ti-

2158 1819 2392 1884 mothee,
2418 1817 2491 1871 ita
2521 1817 2604 1872 lac
2624 1818 2874 1882 subaudi,
2889 1821 3035 1874 sicut
3058 1820 3244 1888 rogavi
3267 1823 3337 1884 te,
3369 1818 3461 1871 ubi
3480 1818 3553 1872 ait
3572 1821 3742 1884 sicut,

2157 1912 2306 1958 notat
2339 1905 2708 1975 quantitatem.
2742 1905 2912 1973 Quasi
2956 1906 3161 1960 diceret
3185 1924 3196 1958 :
3217 1907 3337 1977 Ego
3357 1905 3537 1960 multis
3565 1906 3749 1960 modis

2157 1991 2422 2062 frequenti
2454 1993 2769 2062 repetitione
2817 1993 3001 2048 monui
3052 2002 3125 2062 te,
3156 2002 3214 2047 ut
3245 1994 3490 2048 docendo
3521 1993 3745 2048 insiste-

2156 2097 2265 2147 res,
2300 2090 2350 2135 et
2379 2082 2530 2136 sicut
2556 2081 2740 2135 monui
2789 2089 2860 2147 te,
2905 2081 3158 2136 omnibus
3187 2082 3386 2147 modis,
3419 2082 3567 2136 omni
3596 2082 3745 2135 assi-

2155 2168 2356 2223 duitate
2413 2168 2516 2224 fac.
2565 2168 2667 2224 Ubi
2727 2169 2801 2222 ait
2851 2187 2864 2223 :
2916 2171 3135 2239 Rogavi,
3182 2185 3305 2225 cum
3354 2170 3445 2242 qui
3487 2169 3747 2239 praelatus

2156 2264 2290 2320 erat,
2325 2256 2512 2311 dicere
2541 2265 2727 2326 posset
2757 2265 2811 2310 ut
2841 2256 3110 2327 discipulo
3139 2257 3396 2328 praecepi,
3435 2257 3568 2312 satis
3588 2271 3748 2312 com-

2153 2344 2377 2398 mendat
2419 2345 2782 2408 Timotheum,
2830 2344 3110 2400 insinuans
3139 2361 3263 2400 eum
3307 2345 3469 2399 talem
3501 2345 3593 2416 qui
3635 2361 3749 2400 non

2155 2449 2220 2486 ex
2252 2431 2480 2500 imperio
2510 2433 2846 2487 coercendus
2872 2441 3036 2500 esset,
3066 2433 3165 2487 sed
3185 2449 3250 2487 ex
3280 2433 3515 2504 quadam
3545 2433 3749 2502 parita-

2153 2520 2221 2573 tis
2251 2519 2516 2591 dignitate
2546 2521 2928 2574 cohortandus.
2963 2520 3129 2590 Sicut,
3181 2520 3421 2592 inquam,
3462 2520 3658 2593 rogavi
3691 2525 3748 2577 te

2152 2611 2218 2662 ut
2248 2624 2571 2662 remaneres
2600 2609 2803 2678 Ephesi
2833 2609 2903 2663 ad
2924 2609 3284 2663 ordinandum
3314 2608 3389 2662 ibi
3418 2609 3751 2664 ecclesiasti-

2153 2712 2274 2751 cum
2306 2695 2579 2761 ordinum,
2606 2713 2736 2752 cum
2765 2712 2888 2766 ego,
2913 2698 3194 2752 conversis
3221 2697 3563 2767 Ephesianis,
3596 2699 3747 2753 irem

2152 2785 2215 2838 in
2249 2783 2649 2849 Macedoniam,
2688 2791 2745 2837 ut
2792 2785 3118 2840 Macedonas
3149 2785 3319 2840 verbo
3347 2784 3753 2854 praedicationis

2152 2879 2554 2937 converterem,
2607 2871 2661 2924 in
2692 2887 2799 2942 quo
2831 2880 2884 2926 et
2930 2880 2986 2926 tu
3016 2872 3146 2926 mihi
3192 2873 3536 2928 necessarius
3567 2889 3745 2942 esses,

2150 2967 2311 3029 teque
2341 2974 2556 3014 mecum
2585 2959 2785 3014 iturum
2814 2976 2880 3015 ex
2937 2959 3210 3016 voluntate
3235 2959 3506 3027 obtulisti;
3550 2961 3749 3017 videns

2151 3053 2328 3101 tamen
2360 3047 2506 3117 quod
2535 3047 2710 3116 major
2735 3048 3033 3104 necessitas
3063 3048 3419 3115 incumberet,
3451 3049 3634 3103 dimisi
3669 3057 3745 3118 te,

2149 3142 2206 3188 ut
2256 3134 2598 3203 Ephesianos
2651 3135 2968 3191 instrueres.
3028 3137 3130 3192 Hic
3185 3137 3420 3206 primum
3468 3137 3655 3208 incipit
3676 3138 3748 3194 de

2147 3223 2673 3292 pseudodoctoribus
2716 3224 3064 3294 repellendis,
3107 3224 3334 3280 dicens:
3383 3226 3744 3296 Remaneres,

2145 3310 2384 3380 inquam,
2420 3311 2542 3366 ideo
2588 3317 2654 3366 ut
2682 3312 3069 3368 denuntiares.
3106 3313 3369 3368 Nuntiare
3398 3313 3630 3368 dicimus
3658 3315 3749 3369 in-

2146 3405 2226 3452 ter
2253 3414 2451 3469 pares;
2485 3399 2806 3455 denuntiare
2835 3408 3057 3465 autem,.
3091 3407 3146 3454 ut
3175 3417 3207 3454 a
3235 3401 3463 3471 praelato
3489 3401 3746 3460 subditis.

2145 3486 2508 3541 Denuntiares
2565 3488 2750 3558 utique
2806 3488 3156 3560 quibusdam,
3207 3488 3263 3543 id
3313 3496 3394 3544 est
3423 3488 3746 3546 doctoribus

2143 3573 2251 3628 illis
2282 3573 2373 3645 qui
2402 3574 2736 3647 singularem
2784 3575 3090 3630 ductrinam
3132 3576 3396 3632 inducunt
3425 3592 3458 3633 a
3487 3592 3747 3633 commu-

2144 3661 2305 3716 nione
2354 3663 2618 3718 Ecclesiae
2661 3662 3016 3719 declinantes.
3063 3665 3197 3731 Hoc,
3248 3664 3490 3736 inquam,
3521 3664 3746 3721 denun-

2143 3750 2308 3805 tiares
2347 3751 2416 3806 3
2433 3750 2494 3806 1
2511 3751 2586 3806 2
2608 3767 2680 3806 ne
2713 3751 2977 3807 docerent
2997 3753 3173 3808 aliter
3194 3792 3208 3820 ,
3242 3752 3298 3806 id
3327 3761 3410 3808 est
3442 3753 3747 3824 quidquam

2144 3839 2380 3893 alienum
2401 3854 2432 3892 a
2451 3839 2702 3894 doctrina
2721 3854 2845 3894 mea
2867 3856 2971 3910 qua
2987 3839 3256 3910 Ephesios
3277 3840 3456 3905 docui,
3483 3849 3537 3896 et
3557 3848 3613 3896 tu
3633 3843 3746 3898 ad-

2143 3927 2249 3982 huc
2266 3927 2451 3982 doces.
2470 3926 2610 3994 Quia
2633 3927 2678 3981 si
2695 3927 2951 3983 doctores
2973 3936 3024 3983 te
3036 3928 3386 3984 denuntiante
3407 3928 3515 3984 illis
3532 3929 3749 3986 nollent

2143 4014 2424 4082 desistere,
2458 4014 2810 4069 denuntiares
2839 4015 3069 4070 subditis
3091 4029 3188 4072 ‘ne
3234 4017 3601 4073 intenderent
3631 4017 3745 4072 do-

2141 4102 2331 4158 ctrinis
2348 4119 2556 4170 eorum,
2579 4103 2665 4158 vel
2686 4103 2938 4158 audirent
2953 4120 3068 4158 eos.
3086 4104 3250 4173 Cujus
3270 4103 3537 4160 reiforma
3557 4105 3746 4162 adhuc

2143 4198 2392 4245 servatur
2419 4190 2475 4244 in
2495 4191 2761 4246 Ecclesia.
2795 4192 2952 4246 Prius
2983 4191 3127 4247 enim
3155 4208 3446 4263 perversus
3474 4193 3741 4263 praelatus

2143 4279 2213 4332 ab
2243 4278 2486 4334 Ecclesia
2515 4279 2854 4349 prohibetur.
2881 4279 3022 4348 Quia
3051 4280 3098 4334 si
3126 4279 3448 4335 inobediens
3477 4296 3585 4335 non
3605 4296 3740 4338 ces-

2143 4373 2243 4431 sat,
2281 4367 2507 4420 subditis
2538 4367 2733 4422 dehinc
2761 4367 3100 4423 interdicitur
3129 4368 3350 4424 obedire
3383 4368 3479 4423 illi.
3510 4370 3634 4424 Non
3662 4369 3747 4425 in-

2142 4454 2445 4520 tenderent,
2505 4455 2629 4510 dico
2675 4456 2891 4526 fabulis
2939 4456 3593 4528 pseudopraedicatorum,
3643 4459 3743 4529 qui

440 4544 718 4600 lum'nodo
775 4557 909 4612 pura
960 4540 1029 4594 sit
1072 4537 1413 4595 consecratio
1463 4537 1696 4608 eorum),
1746 4537 1906 4591 datur
1951 4536 2110 4602 hisD
2140 4542 2323 4596 dicunt
2377 4542 2851 4599 circumcisionem
2897 4552 2950 4599 et
2978 4552 3165 4600 vetera
3194 4543 3456 4600 sacriﬁcia
3503 4546 3742 4601 tenenda

444 4648 584 4704 quos
637 4629 989 4694 sanctiﬁcant,
1044 4628 1090 4682 si
1136 4626 1317 4682 idonei
1345 4626 1452 4680 sint
1483 4626 1538 4679 in
1567 4626 1765 4697 quibus
1795 4625 2040 4680 habitare

442 4722 641 4776 debeat
695 4718 963 4790 Spiritus;
1001 4737 1022 4767 α
1048 4731 1157 4771 non
1215 4715 1361 4770 enim
1417 4714 1683 4769 habitabit
1713 4713 1767 4766 in
1811 4728 2040 4784 corpore

442 4810 659 4865 subdito
689 4806 930 4879 peccatis
960 4806 978 4875 (
1013 4807 1141 4877 Sap.
1167 4820 1205 4872 ι,
1243 4805 1319 4875 4).
1359 4824 1381 4852 »
1417 4802 1559 4870 Quia
1587 4801 1634 4855 si
1663 4801 1927 4872 qumritur
1943 4817 2040 4856 cur

445 4896 665 4962 subditi,
725 4903 950 4965 propter
997 4901 1240 4964 peccata,
1293 4890 1551 4962 Spiritum
1601 4897 1850 4944 sanctum
1888 4889 2037 4945 acci-

445 5000 579 5056 pere
609 4999 716 5039 non
746 4990 1076 5048 mereantur,
1109 4996 1230 5036 cum
1260 4995 1361 5050 per
1390 4976 1748 5032 ministerium
1781 4978 2036 5047 praelato-

446 5089 570 5126 rum
617 5072 708 5143 qui
753 5079 1067 5141 peccatores
1114 5075 1240 5123 sunt
1286 5066 1653 5137 (solummodo
1677 5065 1826 5133 justa
1847 5066 1915 5120 sit
1943 5083 2035 5120 sa-

445 5161 616 5217 cratio
648 5161 858 5230 eorum)
888 5160 1045 5214 detur
1065 5159 1092 5212 Τ
1120 5157 1202 5211 Ad
1227 5156 1330 5210 hoc
1349 5153 1788 5224 respondendum
1809 5161 1888 5208 est
1909 5155 2039 5226 quia

443 5266 473 5302 a
505 5250 638 5318 Deo,
675 5256 728 5303 et
757 5265 866 5304 non
897 5264 927 5301 a
956 5244 1203 5316 praelato,
1256 5243 1347 5314 qui
1379 5241 1522 5312 quod
1552 5257 1662 5295 non
1688 5242 1878 5296 habuit
1904 5241 2035 5298 dare

444 5353 553 5392 non
599 5336 807 5407 potuit;
864 5336 1020 5389 datur
1065 5340 1246 5385 tamen
1275 5345 1376 5399 per
1403 5328 1764 5384 ministerium
1792 5329 2026 5400 praalati.

440 5427 553 5480 Nec
585 5425 702 5479 sine
734 5437 900 5480 causa
930 5423 1078 5476 Deus
1109 5435 1208 5488 per
1252 5417 1614 5471 ministerium
1646 5418 1748 5474 hoc
1779 5418 1908 5473 dare
1940 5435 2036 5474 vo-

443 5514 560 5581 luit,
621 5528 764 5578 cum,
807 5510 854 5564 si
903 5509 1021 5563 sine
1067 5505 1334 5560 ministris
1365 5505 1593 5576 Spiritus
1624 5514 1842 5562 sanctus
1875 5507 2035 5563 dare-

439 5609 546 5668 tur,
605 5597 1000 5667 unusquisque,
1049 5593 1433 5665 praesumendo
1480 5593 1744 5666 Spiritum
1789 5603 2034 5652 ssnctum

2143 4645 2266 4685 esse
2315 4629 2372 4684 in
2425 4645 2565 4686 nova
2609 4630 2754 4703 lege.
2794 4630 3000 4686 Fabula
3047 4631 3244 4688 dicitur
3270 4631 3403 4688 illud
3441 4632 3535 4687 ubi
3563 4633 3742 4690 verba

2141 4725 2346 4772 tantum
2402 4726 2544 4786 sunt,
2598 4735 2686 4774 res
2734 4727 2915 4776 autem
2946 4735 3055 4775 non
3086 4728 3205 4786 est;
3261 4720 3341 4777 sic
3387 4721 3445 4776 in
3487 4721 3739 4778 doctrina

2141 4821 2351 4861 eorum.
2404 4807 2586 4863 Verba
2635 4807 2857 4878 quidem
2905 4815 3060 4862 erant
3107 4809 3251 4863 nuda
3299 4825 3330 4864 a
3371 4809 3453 4865 rei
3481 4809 3735 4879 veritate,

2139 4893 2269 4964 quia
2301 4894 2642 4950 circumcisio
2671 4903 2725 4949 et
2756 4895 2849 4950 illa
2875 4912 2998 4967 quae
3040 4896 3332 4962 docebant,
3382 4897 3594 4954 salvare
3620 4914 3736 4954 non

2137 4990 2407 5052 poterant.
2427 4983 2796 5051 Intenderent,
2814 4983 3057 5056 inquam,
3077 4984 3274 5040 fabulis
3293 4989 3347 5042 et
3367 4987 3732 5057 genealogiis,

2137 5069 2192 5124 id
2220 5079 2304 5125 est
2334 5071 2679 5127 sermonibus
2708 5072 2778 5127 de
2805 5073 3158 5143 generatione
3207 5088 3308 5129 sua
3331 5072 3506 5130 factis.
3531 5074 3738 5131 Dicunt

2137 5159 2282 5213 enim
2313 5159 2459 5230 quod
2515 5159 2638 5225 sibi,
2672 5160 2815 5214 natis
2844 5161 2912 5216 de
2941 5175 3109 5216 carne
3142 5161 3422 5216 Abraham
3451 5170 3504 5217 et
3532 5162 3731 5233 David,

2136 5245 2283 5300 salus
2326 5246 2500 5301 solum
2549 5248 2874 5318 repromissa
2915 5249 3003 5316 sit,
3055 5257 3109 5304 et
3137 5265 3246 5304 non
3275 5249 3418 5304 aliis.
3453 5250 3735 5306 Genealo-

2136 5333 2262 5405 giis,
2289 5333 2434 5403 dico,
2466 5335 2884 5402 interminatis,
2914 5335 2970 5390 id
2999 5345 3083 5391 est
3111 5337 3399 5408 prohibitis
3425 5353 3494 5393 ne
3531 5337 3731 5409 aliquis

2135 5419 2368 5476 conﬁdat
2397 5422 2454 5476 in
2480 5423 2608 5477 illis.
2641 5423 2740 5479 Vel
2769 5424 3148 5492 interminatis,
3181 5426 3238 5480 id
3270 5434 3351 5481 est
3379 5425 3589 5480 nullum
3621 5435 3733 5482 ter-

2133 5508 2359 5576 minum,
2391 5511 2706 5582 nullumque
2747 5511 2912 5568 ﬁnem
2949 5513 3272 5569 habentibus
3307 5513 3401 5568 ubi
3431 5513 3735 5571 subsistant

2134 5597 2365 5668 probata
2391 5598 2527 5656 sicut
2555 5598 2760 5656 dicunt.
2793 5601 2850 5657 Si
2880 5601 3000 5674 quis
3030 5602 3173 5659 enim
3204 5601 3548 5674 considerat,
3571 5603 3732 5662 vide-
