3932 6506
157 394 240 450 429

731 399 1111 456 EXPOSITIO
1170 399 1244 454 IN
1297 398 1677 455 EPISTOLAS
1733 399 1956 454 PAULI.
1988 429 2056 440 —~
2086 398 2162 452 IN
2215 397 2441 453 EPIST.
2506 391 2670 453 IAD‘
2713 394 2859 451 TIM.

3343 393 3447 448 430

163 520 224 575 bit
248 523 444 578 multos
475 524 631 580 ﬁlios
665 526 896 582 Abrahae
940 525 1240 582 secundum
1287 541 1510 581 carnem
1559 538 1752 595 repro-
1781 526 1837 584 A
1862 523 1931 580 3
1949 524 2010 580 1
2029 524 2098 580 3
2125 530 2176 578 et
2194 540 2295 594 per
2314 524 2417 578 hoc
2431 528 2694 578 errantes.
2716 519 2992 591 Separatio
3009 518 3154 576 enim
3178 518 3457 574 averitate

165 609 315 678 batos,
352 621 412 666 ut
464 615 672 681 Esau;
726 615 963 670 inveniet
1035 615 1196 669 etiam
1253 615 1472 682 multos,
1533 630 1643 668 non
1690 613 1759 666 de

167 716 311 756 carne
339 702 621 757 Abraham
655 703 891 774 genitos,
926 719 1060 775 quos
1094 711 1276 758 tamen
1306 705 1454 758 Deus
1486 701 1669 774 elegit,
1704 707 1761 755 ut

170 790 277 845 Job.

239 880 360 946 Quae
389 880 735 952 genealogiae
763 884 1042 952 prcestant
1063 882 1420 952 quaestiones,
1453 879 1508 933 id
1539 886 1620 933 est
1651 876 1763 931 liti-

173 967 272 1040 gia,
322 976 371 1022 et
426 969 606 1023 nullas
658 969 976 1023 solutiones.
1022 970 1156 1036 Hoc,
1210 969 1453 1039 inquam,
1506 972 1767 1037 praestant

170 1058 339 1128 magis
371 1073 540 1128 quam
569 1056 1028 1126 aediﬁcationem,
1065 1073 1229 1128 quam
1263 1056 1413 1111 nullo
1432 1056 1596 1110 modo
1626 1070 1768 1125 pree-

171 1152 323 1198 stant.
356 1145 455 1200 Hic
483 1145 631 1200 enim
676 1145 854 1218 magis
885 1145 1174 1201 electivum
1205 1152 1287 1199 est
1317 1145 1385 1199 de
1415 1160 1526 1199 non
1555 1141 1771 1214 partici-

167 1232 420 1303 pantibus
448 1247 642 1306 agens.
696 1232 1123 1289 .rEdiﬁcationem
1153 1233 1338 1304 utique
1371 1233 1635 1288 virtutum
1662 1246 1773 1286 non

166 1329 421 1390 prastant
451 1340 466 1387 ;
500 1337 623 1392 quae
666 1320 954 1377 aediﬁcatio
983 1330 1065 1376 est
1111 1337 1222 1376 non
1251 1337 1352 1392 per
1393 1319 1771 1376 circumcisio-

165 1425 315 1476 nem,
349 1409 446 1464 sed
480 1427 602 1482 quae
644 1414 732 1466 est
775 1412 837 1466 in
883 1410 1009 1478 ﬁde,
1041 1410 1095 1464 id
1126 1417 1205 1464 est
1237 1426 1334 1482 per
1360 1408 1546 1464 ﬁdem.
1581 1408 1774 1464 Omnis

164 1497 316 1552 enim
358 1497 671 1566 justiﬁcatio
723 1506 806 1553 est
859 1515 926 1554 ex
976 1497 1101 1565 ﬁde,
1127 1515 1249 1570 quae
1278 1505 1336 1551 ut
1363 1497 1776 1552 fundamentum

159 1586 370 1653 jacitur
401 1605 414 1652 ;
448 1594 500 1641 et
530 1602 697 1657 super
746 1587 890 1641 hanc
923 1587 1080 1658 quasi
1128 1586 1539 1641 fundamentum
1569 1593 1778 1642 caeteras

174 1673 401 1729 virtutes
430 1674 785 1730 aediﬁcantur.
834 1675 1035 1730 Probat
1085 1675 1230 1746 quod
1260 1674 1314 1728 in
1343 1674 1452 1728 ﬁde
1504 1673 1571 1728 sit
1599 1673 1776 1729 aediﬁ-

163 1761 315 1817 catio
342 1762 463 1828 Dei,
496 1763 716 1818 dicens:
751 1763 806 1818 Si
836 1779 902 1818 ex
926 1763 1033 1818 ﬁde
1049 1763 1298 1833 procedit
1317 1762 1464 1817 bona
1489 1761 1778 1818 conscien-

1860 629 2015 668 error
2043 620 2143 667 est.
2178 613 2508 667 Aberrantes
2553 611 2738 682 utique
2777 612 3031 666 conversi
3059 612 3216 677 sunt,
3250 623 3362 662 non
3389 608 3459 663 ad

1860 700 2043 767 ﬁdem,
2076 701 2174 756 sed
2203 703 2267 755 in
2314 701 2724 772 vaniloquium,
2774 699 3058 770 loquentes
3091 713 3210 769 qua:
3240 711 3378 752 vana
3408 704 3462 751 et

1862 790 2071 844 inutilia
2147 797 2290 854 sunt,
2354 787 2824 846 circumcisionem
2893 787 3099 842 scilicet
3171 785 3463 840 tenendam

1867 895 1989 934 esse
2020 879 2283 934 dicentes.
2321 876 2527 945 Quibus
2547 892 2654 932 non
2688 875 2882 931 sufﬁcit
2911 877 3025 930 hazc
3057 889 3197 930 vana
3229 874 3375 944 apud
3405 889 3464 928 se

1865 967 2035 1037 loqui.
2071 967 2187 1032 sed,
2221 966 2367 1037 quod
2397 965 2637 1020 deterius
2667 971 2770 1030 est,
2805 967 3054 1021 volentes
3077 979 3193 1018 esse
3215 963 3466 1018 doctore:

1872 1056 2027 1126 legis,
2063 1055 2117 1108 id
2151 1062 2232 1110 est
2260 1055 2521 1109 docentes
2555 1053 2820 1108 tenendas
2850 1068 2974 1107 esse
3003 1051 3256 1107 carnales
3286 1051 3468 1106 obser-

1870 1143 2082 1199 vantias
2113 1143 2270 1214 legis.
2297 1143 2367 1196 Et
2399 1143 2503 1197 hoc
2533 1141 2665 1196 satis
2694 1141 3059 1212 impudenter,
3091 1156 3208 1196 non
3245 1140 3474 1195 intelli-

1871 1236 2066 1304 gentes
2095 1247 2275 1303 neque
2305 1247 2371 1286 ea
2400 1247 2523 1302 qua:
2548 1232 2879 1302 loquuntur,
2910 1229 2966 1283 id
2997 1236 3079 1284 est
3099 1227 3473 1284 circumcisio-

1872 1337 2019 1388 nem,
2055 1336 2218 1391 quam
2251 1319 2470 1384 docent,
2529 1318 2653 1374 ideo
2703 1318 2802 1373 sub
2850 1317 3020 1373 veteri
3071 1317 3196 1389 lege
3225 1317 3282 1371 in
3309 1331 3477 1373 carne

1875 1408 2136 1476 tenuisse,
2165 1416 2223 1464 ut
2252 1407 2514 1479 ﬁguraret
2551 1405 3025 1462 circumcisionem
3075 1405 3257 1461 cordis
3287 1414 3478 1460 tenen-

1876 1499 2001 1552 dam
2033 1514 2156 1553 esse
2187 1497 2241 1551 in
2272 1505 2518 1567 tempore
2547 1496 2757 1568 gratiae,
2809 1503 2862 1550 et
2905 1511 3017 1551 non
3064 1495 3266 1550 carnis.
3294 1495 3478 1566 Neque

1879 1588 2043 1642 etiam
2070 1586 2443 1658 intelligentes
2475 1585 2785 1656 Scripturas
2816 1585 3207 1655 prophetarum
3239 1583 3305 1639 de
3347 1585 3478 1656 qui-

1881 1675 2000 1740 bus,
2036 1675 2090 1729 id
2120 1683 2201 1729 est
2239 1691 2340 1745 per
2389 1690 2523 1745 quas
2572 1675 2868 1744 afﬁrmant
2915 1672 3385 1728 circumcisionem
3429 1679 3483 1727 et

1880 1771 2070 1820 vetera
2099 1761 2390 1829 sacriﬁcia,
2455 1778 2574 1833 quae
2607 1763 2921 1833 loquuntur,
2979 1761 3212 1816 tenenda
3266 1776 3389 1816 esse
3427 1760 3484 1815 in

164 1851 265 1915 tia,
301 1849 356 1903 id
388 1858 467 1904 est
510 1867 638 1921 spes
675 1865 687 1903 :
719 1867 784 1905 ex
831 1867 928 1921 spe
976 1859 1155 1905 autem
1202 1866 1398 1921 purum
1445 1865 1560 1916 cor,
1611 1857 1664 1905 et
1709 1849 1777 1904 de
1804 1880 1857 1939 Β
1878 1859 2124 1923 tempore
2153 1851 2365 1922 gratiae,
2398 1850 2486 1906 vel
2510 1866 2539 1904 e
2573 1865 2858 1906 converso.
2881 1849 3003 1904 Non
3025 1849 3395 1921 intelligentes
3419 1864 3484 1904 ea

162 1953 312 2008 puro
361 1938 523 1993 corde
568 1938 828 1993 charitas.
876 1939 1136 1995 Charitas
1165 1953 1296 1993 vero
1330 1938 1397 1992 sit
1424 1938 1576 2006 ﬁnis,
1610 1937 1665 1991 id
1695 1946 1777 1993 est
1805 1936 1845 1939 —
1878 1957 2000 2012 qua:
2036 1941 2331 2010 loquuntur
2389 1939 2458 1994 de
2498 1939 2782 2009 prophetis
2829 1939 2900 1992 ad
2943 1937 3288 2008 probandum
3337 1936 3485 2008 quod

168 2027 423 2098 impletio
451 2027 615 2082 totius
643 2029 932 2099 praecepti,
968 2043 1064 2082 seu
1085 2042 1241 2082 novae
1253 2043 1349 2082 seu
1375 2026 1581 2082 veteris
1612 2026 1772 2098 legis.

170 2116 320 2183 Quia
350 2115 396 2169 si
426 2116 528 2171 hoc
569 2116 736 2171 modo
783 2132 848 2171 ex
890 2115 996 2170 ﬁde
1026 2115 1269 2186 sequitur
1311 2115 1488 2170 omnis
1517 2114 1778 2186 praecepti

165 2204 447 2274 impletio,
478 2211 604 2258 tunc
636 2205 691 2258 in
735 2201 842 2258 ﬁde
889 2211 972 2258 est
1001 2204 1178 2258 omnis
1238 2202 1525 2260 zediﬁcatio
1573 2203 1692 2268 Dei,
1726 2211 1780 2257 et

170 2307 291 2347 non
340 2291 490 2346 alibi.
542 2292 650 2348 Sed
679 2291 736 2346 in
767 2291 873 2347 ﬁde
902 2300 985 2347 est
1012 2291 1258 2362 impletio
1305 2292 1470 2347 totius
1514 2291 1774 2357 mandati,

166 2380 344 2450 igitur
373 2388 425 2435 et
451 2379 738 2436 aediﬁcatio
782 2380 900 2434 Dei.
936 2378 1077 2448 Quia
1126 2388 1442 2434 transverso
1472 2379 1666 2435 ordine
1700 2378 1780 2435 sic

164 2468 330 2539 ponit
364 2485 378 2523 :
414 2469 552 2523 Vere
584 2469 649 2522 in
682 2469 791 2537 ﬁde
822 2476 903 2523 est
930 2467 1218 2524 aediﬁcatio
1263 2468 1364 2524 Dei
1397 2487 1411 2536 ;
1445 2469 1579 2532 ﬁnis
1609 2468 1774 2534 enim,

163 2558 225 2611 id
289 2564 377 2612 est
433 2557 558 2627 quia
605 2556 846 2627 impletio
901 2557 1065 2611 totius
1123 2557 1384 2627 praecepti
1437 2556 1638 2612 veteris
1684 2572 1780 2611 seu

167 2661 338 2700 nova:
368 2644 510 2717 legis
540 2649 625 2699 est
669 2645 942 2710 charitas,
975 2645 1031 2699 id
1080 2653 1162 2699 est
1185 2645 1404 2700 dilectio
1434 2644 1534 2699 Dei
1563 2652 1616 2700 et
1643 2659 1778 2715 pro-

167 2733 328 2801 ximi,
390 2733 444 2787 in
503 2749 610 2804 quo
685 2733 943 2788 mandato
1008 2733 1262 2788 universa
1319 2733 1408 2788 lex
1462 2733 1664 2803 pendet
1727 2739 1782 2788 et

167 2822 457 2893 prOphetaa
517 2821 742 2893 (Matth.
787 2836 927 2887 χχιι,
961 2822 1072 2891 40).
1107 2820 1214 2890 Qui
1243 2821 1388 2876 enim
1417 2821 1522 2877 hoc
1549 2821 1778 2876 manda-

167 2918 310 2975 tum,
349 2910 404 2964 id
433 2916 516 2965 est
547 2909 863 2964 charitatem
895 2909 1219 2979 impleverit,
1253 2924 1452 2965 novam
1473 2917 1524 2965 et
1543 2917 1782 2966 veterem

165 2998 359 3071 legem
390 2997 580 3068 procul
639 2997 804 3052 dubio
832 2998 1094 3068 implevit.
1122 2998 1222 3053 Vel
1251 3005 1428 3053 autem
1459 2998 1670 3071 legatur
1707 2997 1784 3052 ibi

168 3087 260 3143 sic
288 3085 671 3142 continuatim.
708 3086 809 3142 Ubi
839 3086 914 3141 ait
933 3087 1205 3157 superius,
1249 3102 1322 3142 ne
1343 3087 1609 3143 docerent
1640 3091 1696 3143 et
1713 3103 1782 3143 ne

168 3174 574 3240 intenderent,
608 3174 782 3229 innuit
803 3175 1067 3246 quosdam
1096 3191 1353 3246 perverse
1376 3183 1426 3230 et
1454 3176 1713 3231 docentes
1731 3183 1784 3230 et

176 3263 557 3319 intendentes.
615 3263 770 3318 Unde
818 3263 895 3318 sic
942 3264 1017 3317 ait
1051 3279 1063 3318 :
1097 3263 1246 3318 Licet
1288 3263 1365 3318 illi
1394 3264 1605 3334 pseudo
1633 3263 1789 3319 aliter

169 3353 416 3408 doceant
443 3366 608 3423 quam
640 3366 764 3423 ego,
798 3359 978 3406 tamen
1006 3353 1162 3421 ﬁnis,
1195 3351 1251 3406 id
1280 3360 1363 3406 est
1391 3352 1569 3406 omnis
1591 3352 1788 3423 imple-

173 3441 255 3495 tio
285 3440 434 3512 legis
464 3439 718 3496 charitas
765 3443 869 3507 cst,
905 3439 1045 3496 sicut
1083 3455 1189 3512 ego
1219 3440 1410 3495 doceo.
1440 3440 1597 3496 Unde
1645 3441 1790 3512 quod

173 3527 287 3599 ipsi
348 3528 552 3583 docent
607 3534 793 3582 vetera
848 3544 958 3584 non
988 3536 1114 3583 sunt
1169 3528 1504 3584 reducenda.
1540 3528 1790 3584 Charitas

172 3617 438 3688 procedit
468 3616 534 3671 de
566 3632 707 3688 puro
753 3615 935 3681 corde,
967 3616 1023 3671 id
1053 3623 1135 3672 est
1163 3616 1232 3672 de
1259 3617 1462 3672 munda
1477 3617 1791 3688 intelligen-

167 3706 253 3759 tia
275 3703 304 3771 ’ς
344 3705 496 3776 quod
527 3703 726 3775 aliquis
755 3721 947 3775 purum
977 3705 1308 3761 intellectum
1338 3706 1531 3761 habeat
1559 3721 1792 3762 conser-

170 3809 322 3848 vans
360 3809 421 3847 se
451 3792 507 3846 in
555 3792 788 3862 puritate
842 3809 949 3865 qua
996 3794 1145 3848 Deus
1204 3792 1510 3864 puriﬁcavit
1564 3810 1690 3849 eum
1739 3795 1795 3848 in

171 3881 482 3953 baptismo.
517 3880 836 3953 Intelligens
873 3880 1210 3952 diligendum
1269 3881 1370 3936 sibi
1402 3897 1524 3937 esse
1573 3891 1793 3937 creato-

171 3986 299 4025 rem
368 3985 548 4038 suum,
599 3984 702 4024 nec
746 3968 802 4023 in
863 3969 1040 4040 aliquo
1086 3968 1490 4025 offendendum.
1553 3970 1798 4026 Charitas

171 4059 355 4114 etiam
381 4056 692 4129 procedens
723 4056 791 4112 de
809 4059 1159 4114 conscientia
1190 4059 1350 4124 bona,
1376 4058 1432 4113 id
1461 4067 1543 4114 est
1571 4059 1640 4114 de
1670 4076 1786 4129 spe.

170 4147 309 4202 Non
344 4146 475 4218 quia
515 4144 850 4202 conscientia
895 4146 965 4200 sit
1011 4145 1157 4201 idem
1205 4147 1350 4220 quod
1399 4163 1546 4219 spes,
1598 4147 1697 4202 sed
1735 4162 1799 4201 ea

172 4234 454 4290 afﬁnitate
511 4250 619 4305 qua
672 4232 749 4288 illi
779 4233 866 4290 cui
893 4233 1051 4290 malae
1110 4235 1460 4291 conscientiae
1511 4235 1799 4306 scrupulus

172 4325 372 4390 abest,
408 4331 464 4378 et
493 4321 693 4394 ubique
719 4322 773 4376 in
805 4322 984 4378 animo
1028 4339 1087 4378 se
1109 4323 1596 4394 circumspectans,
1632 4323 1798 4378 nihil-

174 4429 296 4484 que
331 4411 484 4483 quod
515 4427 641 4466 eum
669 4411 920 4467 mordeat
942 4411 1230 4468 inveniens
1262 4431 1278 4479 ;
1313 4413 1392 4468 sic
1420 4413 1639 4468 tandem
1675 4428 1800 4484 spe-

176 4517 320 4556 rare
354 4499 483 4555 licet
517 4515 530 4553 :
561 4499 654 4572 qui
702 4499 846 4556 enim
890 4515 950 4556 se
995 4509 1348 4573 peccatorem
1393 4502 1677 4573 conspicit,
1727 4501 1800 4555 ti-

1875 2029 2112 2084 tenenda
2143 2028 2251 2082 sint
2290 2043 2352 2082 ea
2382 2043 2505 2098 quae
2535 2027 2750 2082 docent.
2772 2027 2964 2097 Neque
2985 2025 3350 2097 intelligentes
3379 2024 3484 2080 cir-

1875 2117 2268 2173 cumcisionem
2308 2124 2360 2171 et
2401 2115 2693 2181 sacriﬁcia,
2745 2116 2901 2184 cujus
2956 2115 3034 2170 rei
3088 2115 3346 2186 mysteria
3384 2129 3480 2170 es-

1883 2214 2022 2271 sent,
2056 2220 2183 2261 cum
2209 2205 2421 2273 ﬁerent,
2456 2204 2524 2258 de
2556 2203 2752 2275 quibus
2783 2203 2887 2274 ipsi
2916 2203 3186 2258 aﬁirmant
3216 2203 3363 2274 quod
3391 2202 3484 2258 ad«

1882 2295 1987 2348 huc
2016 2293 2254 2348 tenenda
2283 2292 2409 2347 sint.
2446 2291 2586 2360 Quia
2624 2291 2951 2362 improbavit
2979 2299 3191 2362 partem
3221 2291 3483 2347 adversa-

1879 2382 2302 2449 riorum,dicens
2324 2398 2440 2435 non
2461 2379 2874 2451 intelligentes,
2897 2387 3002 2436 etc.
3028 2381 3144 2435 Hoc
3163 2379 3351 2451 utique
3371 2395 3482 2435 non

1881 2470 2170 2539 sufﬁceret,
2230 2468 2336 2523 nisi
2392 2477 2446 2523 et
2498 2477 2710 2538 partem
2768 2485 2920 2522 suam
2969 2467 3392 2536 commendaret,
3427 2475 3482 2524 et

1880 2574 2102 2615 causam
2134 2557 2622 2614 commendationis
2661 2557 2950 2612 insereret.
2986 2558 3178 2612 Posset
3198 2556 3343 2612 enim
3372 2556 3479 2611 ali-

1879 2656 1964 2703 ter
1993 2648 2072 2704 sic
2103 2647 2208 2718 ipsi
2237 2645 2418 2715 objici.
2451 2645 2507 2700 Si
2537 2645 2786 2700 doctrina
2817 2645 3317 2717 pseudodoctorum
3344 2661 3478 2716 per-

1880 2751 2044 2792 versa
2074 2744 2176 2801 est,
2210 2743 2299 2789 tua
2330 2749 2462 2789 vero
2518 2749 2628 2789 non
2658 2734 2854 2789 melius
2906 2734 3281 2805 approbanda,
3332 2733 3478 2790 unde

1879 2824 2078 2880 melius
2107 2823 2496 2879 adhaerendum
2527 2821 2851 2892 tibijudicas
2881 2838 3044 2895 quam
3073 2823 3182 2878 illis
3203 2824 3232 2878 Ἰ
3262 2822 3346 2878 Ad
3375 2823 3480 2878 hoc

1881 2913 2262 2979 refellendum,
2294 2911 2599 2982 improbata
2624 2919 2780 2982 parte
2808 2911 3265 2979 adversariorum,
3299 2910 3482 2966 subdit

1885 3011 1938 3058 et
1964 3002 2230 3074 approbat
2259 3017 2435 3069 suam,
2467 2999 2695 3055 dicens:
2730 3000 2944 3056 Pseudo
2990 3001 3176 3072 utique
3227 3000 3482 3056 doctores

1882 3107 1992 3147 non
2019 3090 2332 3162 intelligunt
2363 3089 2565 3161 legem,
2600 3105 2701 3144 nos
2733 3097 2912 3144 autem
2943 3089 3164 3156 scimus,
3195 3089 3250 3144 id
3288 3097 3372 3145 est
3399 3088 3482 3142 in-

1884 3178 2182 3252 telligimus
2211 3178 2415 3249 legem.
2468 3179 2538 3232 Et
2591 3178 2814 3248 quidam
2860 3178 3094 3248 amplius
3140 3178 3290 3233 addit
3338 3178 3485 3249 quod

1886 3268 2028 3324 valet
2057 3268 2125 3322 ad
2153 3282 2394 3332 causam,
2429 3266 2619 3322 dicens
2654 3281 2665 3320 :
2697 3267 2917 3323 Scimus
2945 3268 3140 3340 utique
3169 3282 3279 3322 non
3307 3266 3486 3322 solum

1886 3356 2086 3428 legem,
2113 3356 2211 3411 sed
2240 3355 2405 3411 etiam
2431 3356 2535 3410 hoc
2583 3355 2649 3409 de
2696 3355 2820 3426 lege
2854 3355 3057 3411 scimus
3089 3357 3220 3427 quia
3278 3357 3373 3411 lex
3403 3359 3489 3412 est

1887 3447 2048 3510 bona,
2083 3444 2137 3498 id
2167 3451 2248 3498 est
2296 3443 2441 3499 utilis
2480 3451 2534 3498 et
2580 3442 2893 3512 justiﬁcans
2925 3443 3276 3514 spiritualiter
3326 3443 3487 3498 intel-

1889 3528 2049 3594 lecta,
2081 3527 2382 3582 secundum
2413 3527 2561 3598 quod
2588 3543 2690 3581 nos
2722 3527 3098 3600 intelligimus.
3134 3527 3260 3596 Sed,
3296 3542 3502 3582 secun—

1891 3617 2018 3671 dum
2051 3615 2326 3671 carnalem
2360 3614 2693 3670 intellectum
2742 3631 2931 3671 eorum
2978 3615 3158 3687 potius
3188 3631 3297 3670 non
3327 3615 3492 3681 bona,

1893 3703 2023 3775 quia
2050 3703 2326 3760 neminem
2347 3703 2626 3772 justiﬁcat,
2660 3712 2714 3758 et
2742 3703 2980 3759 crudelis
3032 3712 3134 3760 est.
3167 3704 3322 3761 Unde
3352 3703 3500 3775 quod

1892 3792 1998 3863 ipsi
2028 3793 2097 3848 de
2127 3792 2252 3865 lege
2283 3792 2612 3864 intelligunt,
2648 3808 2758 3848 non
2810 3801 2893 3848 est
2942 3794 3336 3850 reducendum.
3378 3794 3497 3850 Lex

1894 3881 2079 3952 utique
2109 3881 2255 3936 bona
2283 3889 2385 3947 est,
2418 3883 2468 3936 si
2495 3882 2620 3954 qui:
2639 3885 2844 3937 utatur
2873 3899 2960 3948 ea,
2991 3882 3044 3936 id
3075 3890 3158 3937 est
3187 3881 3501 3953 intelligen-

1896 3968 1968 4024 tia
1999 3969 2116 4037 ejus
2175 3969 2446 4039 legitime,
2481 3969 2537 4024 id
2594 3978 2676 4025 est
2725 3971 3023 4026 secundum
3072 3971 3219 4042 quod
3255 3971 3342 4026 lex
3382 3970 3502 4042 ipsa

1897 4058 2055 4113 docet
2087 4065 2140 4112 et
2169 4058 2435 4128 praecipit,
2472 4057 2699 4124 scilicet,
2753 4067 2806 4114 ut
2836 4059 3192 4130 spiritualiter
3219 4059 3499 4131 intelliga-

1899 4153 2004 4200 tur.
2039 4145 2253 4201 Scimus
2282 4145 2469 4217 utique
2501 4147 2570 4200 de
2601 4146 2724 4220 lege
2752 4149 2899 4218 quod
2949 4148 3093 4204 bona
3121 4155 3222 4214 est,
3255 4150 3499 4205 sciente:

1896 4235 2004 4290 hoc
2037 4233 2221 4299 etiam,
2257 4234 2326 4290 de
2357 4234 2548 4289 eadem
2578 4234 2723 4306 lege,
2749 4237 2881 4307 quia
2922 4237 3016 4293 lex
3064 4244 3218 4292 vetus
3260 4252 3378 4291 non
3415 4241 3501 4292 est

1896 4323 2085 4395 posita
2126 4323 2307 4388 iusto,
2341 4321 2397 4376 id
2423 4331 2508 4377 est
2537 4323 2637 4378 sub
2676 4339 2817 4380 nova
2846 4324 2969 4396 lege
3011 4323 3326 4394 justiﬁcato.
3384 4324 3504 4381 Nec

1900 4411 2066 4466 etiam
2092 4411 2193 4464 sub
2223 4412 2345 4481 ipsa
2376 4411 2546 4467 veteri
2575 4410 2704 4482 lege
2730 4411 2909 4482 posita
2929 4419 3012 4465 est
3031 4411 3188 4467 alicui
3203 4412 3372 4480 justo.
3390 4412 3505 4468 Lex

1900 4500 2044 4555 enim
2077 4499 2202 4554 data
2232 4505 2316 4554 est
2345 4507 2404 4553 ut
2432 4500 2521 4555 vel
2553 4499 2774 4570 puniret
2813 4515 2988 4564 reum,
3023 4500 3110 4555 vel
3140 4515 3373 4572 peccare
3402 4515 3506 4556 vo-

169 4589 456 4645 mendum
483 4589 563 4643 illi
591 4596 674 4644 est
703 4589 773 4644 de
822 4597 1066 4659 peccato,
1123 4605 1232 4644 non
1263 4591 1613 4662 sperandum.
1649 4590 1797 4646 Cha-
1817 4593 1870 4654 D
1900 4588 2103 4646 lentem
2125 4595 2411 4645 coerceret
2440 4605 2510 4643 ne
2541 4587 2901 4660 delinqueret.
2938 4589 3046 4644 Sed
3078 4588 3170 4661 qui
3194 4588 3372 4657 justus
3400 4597 3504 4657 est,

179 4678 330 4733 ritas
363 4677 526 4733 etiam
554 4677 858 4748 procedens
887 4677 952 4733 de
998 4678 1108 4748 ﬁde
1157 4696 1272 4736 non
1320 4681 1476 4749 ﬁcta.
1509 4680 1624 4734 Nos
1653 4678 1802 4734 enim

180 4766 478 4822 credimus
508 4765 786 4821 Christum
805 4781 994 4822 verum
1012 4767 1188 4821 Deum
1218 4775 1271 4822 et
1291 4783 1481 4823 verum
1503 4767 1800 4835 hominem,

183 4871 308 4911 non
358 4853 628 4928 ﬁngentes
679 4854 830 4909 illum
885 4854 973 4910 vel
1024 4855 1301 4912 hominem
1349 4855 1467 4912 sine
1519 4857 1653 4923 Deo,
1716 4855 1805 4912 vel

185 4945 377 4999 Deum
436 4944 554 4999 sine
606 4942 849 4999 homine.
909 4944 977 4998 Et
1005 4951 1062 4998 ut
1091 4943 1312 5015 quidam
1355 4945 1564 5016 pseudo
1621 4944 1807 5001 dicunt

186 5032 456 5088 habuisse
485 5032 760 5088 Christum
791 5047 901 5086 non
931 5047 1141 5100 verum,
1194 5033 1293 5089 sed
1321 5049 1542 5089 aereum
1574 5049 1797 5104 corpus.

190 5121 299 5176 Vel
329 5121 404 5177 ita
435 5139 449 5175 :
482 5121 614 5177 Fide
646 5120 774 5176 dico
802 5127 990 5174 nostra
1019 5121 1242 5176 robusta
1271 5129 1325 5176 et
1355 5121 1650 5178 inviolabili
1697 5138 1808 5177 non

193 5207 344 5278 ﬁcta,
374 5211 426 5266 id
455 5218 539 5267 est
570 5225 682 5264 non
707 5206 895 5277 fragili
922 5207 991 5262 ad
1019 5209 1244 5264 modum
1265 5208 1444 5266 fictilis
1472 5209 1640 5281 vasis,
1668 5209 1809 5266 sicut

191 5307 276 5354 est
307 5299 555 5357 doctrina
585 5295 1124 5371 pseudodoctorum.

267 5390 669 5448 Commendata
699 5391 860 5457 parte
889 5401 1014 5451 sua,
1048 5385 1328 5458 improbat
1364 5395 1576 5460 partem
1605 5387 1808 5443 adver-

190 5482 454 5540 sariorum
485 5482 692 5538 dicens
731 5493 744 5528 :
775 5475 818 5529 Α
842 5475 1035 5547 quibus
1074 5476 1359 5542 charitate,
1405 5477 1640 5546 scilicet,
1673 5491 1810 5532 con-

178 5574 404 5632 scientia
434 5576 614 5639 bona,
650 5573 712 5622 et
744 5563 854 5618 ﬁde
884 5579 897 5618 :
934 5561 1162 5635 quidam
1217 5567 1578 5633 aberrantes,
1628 5565 1683 5619 id
1730 5571 1814 5620 est

165 5667 245 5726 illi
327 5665 703 5742 singularem
784 5651 1086 5709 doctrinam
1172 5655 1494 5713 inducente:
1579 5653 1815 5726 separati

1900 4693 2012 4734 non
2060 4685 2144 4732 est
2200 4677 2542 4733 coercendus
2576 4695 2590 4744 ;
2623 4693 2734 4733 non
2775 4676 2926 4732 enim
2969 4677 3305 4733 voluntatem
3346 4677 3512 4734 habet

1901 4766 2191 4838 peccandi,
2224 4781 2328 4822 nec
2357 4775 2441 4823 est
2468 4783 2570 4839 per
2584 4765 2766 4838 legem
2785 4766 3112 4837 puniendus.
3137 4766 3348 4823 Macula
3366 4765 3514 4822 enim

1903 4854 1960 4909 in
1990 4854 2084 4910 illo
2115 4853 2264 4909 nulla
2295 4863 2380 4910 est
2415 4855 2506 4926 qui
2556 4853 2884 4923 justiﬁeatus
2911 4862 3012 4911 est.
3077 4851 3230 4910 Unde
3279 4863 3328 4911 et
3351 4855 3513 4925 justis

1904 4942 2013 4998 illis
2043 4943 2136 5014 qui
2167 4943 2267 4998 sub
2299 4943 2474 4999 veteri
2501 4943 2627 5015 lege
2657 4942 2898 5010 fuerunt,
2927 4951 3185 5016 quantum
3204 4943 3273 4998 ad
3295 4959 3375 5011 se,
3403 4958 3515 5000 non

1882 5039 2052 5111 esset
2081 5033 2456 5088 necessarium
2481 5040 2693 5100 ,tenere
2739 5031 2942 5104 legem,
3002 5049 3106 5104 qua
3161 5040 3340 5090 tamen
3369 5047 3508 5088 con-

1907 5136 2042 5193 grue
2071 5121 2154 5175 usi
2185 5128 2328 5186 sunt,
2362 5137 2452 5192 ne,
2483 5120 2589 5176 illis
2620 5121 3002 5191 reSpuentibus
3022 5121 3223 5193 legem,
3257 5129 3510 5178 contem-

1906 5208 2022 5280 ptui
2051 5208 2206 5264 ﬁeret
2253 5209 2363 5276 lex,
2414 5209 2599 5280 utique
2645 5210 2962 5265 auctoritate
3018 5226 3209 5266 eorum
3257 5211 3510 5268 devotius

1907 5305 2158 5352 tenerent
2187 5313 2312 5354 eam
2339 5297 2396 5351 hi
2423 5298 2620 5369 quibus
2662 5306 2886 5369 propter
2930 5308 3159 5371 peccata
3203 5301 3515 5356 necessaria

1911 5392 2045 5440 erat.
2080 5385 2210 5440 ldeo
2245 5385 2412 5440 etiam
2462 5386 2597 5454 justi
2651 5394 2938 5442 tenuerunt
2975 5395 3216 5442 veterem
3243 5387 3424 5459 legem
3455 5395 3517 5444 ut

1913 5473 2058 5546 quod
2101 5473 2222 5544 ipsa
2267 5473 2656 5545 praeﬁgurabat
2699 5475 3028 5532 de.Christo
3076 5484 3129 5531 et
3172 5477 3242 5533 de
3269 5485 3516 5548 tempore

1912 5561 2123 5634 gratiae,
2183 5561 2289 5632 ipsi
2347 5571 2736 5619 attestarentur
2803 5563 3080 5634 implendo
3126 5565 3330 5636 legem.
3361 5567 3518 5622 Iusto

1913 5649 2102 5722 utique
2121 5664 2232 5706 non
2261 5658 2346 5706 est
2373 5653 2554 5722 posita
2580 5652 2686 5718 lex,
2713 5651 2812 5709 sed
2841 5654 3092 5722 iurastis,
3119 5653 3175 5708 id
3202 5661 3288 5710 est
3315 5653 3518 5709 Judmis
