3932 6486
512 396 612 449 431

1073 384 1130 441 8.
1170 382 1525 440 BRUNONIS
1563 379 2208 439 CARTHUSIANORUM
2243 383 2726 442 INSTITUTORIS
2764 384 2915 441 OPP.
2957 386 3134 444 PARS
3170 387 3238 445 II.

3695 396 3779 453 432

518 516 713 589 quibus
741 519 867 569 ante
894 510 1075 583 legem
1104 509 1288 564 datam
1325 509 1542 579 Moyses
1580 507 1801 564 moralia
1831 515 2106 578 praecepta
2127 511 2177 569 Α
2210 507 2358 562 Deus
2388 508 2621 563 credidit
2651 509 2783 564 mihi
2830 510 3209 583 Evangelium,
3261 514 3479 585 gratias
3508 530 3612 587 ago
3638 519 3705 586 ei,
3735 526 3778 574 et

513 604 680 669 dedit,
714 617 834 673 quae
864 615 973 655 non
1018 597 1360 653 observando
1396 596 1579 665 injusti
1617 596 1739 651 facti
1769 604 1913 650 sunt.
1949 596 2097 664 lnju-

510 693 607 748 stis
637 690 839 761 utique,
873 692 1062 743 etnon
1093 687 1354 750 subditis,
1387 685 1442 739 id
1472 693 1555 739 est
1582 684 1804 750 Judmis,
1836 684 1925 755 qui
1958 685 2093 752 Deo,

505 779 654 837 danti
682 795 783 849 per
811 779 1054 847 Moysem
1084 774 1283 846 legem,
1318 774 1606 829 noluerunt
1635 773 1793 827 subdi
1822 783 1874 826 ut
1906 774 1976 827 ab
2008 772 2095 827 in-

490 868 712 939 justitiis
742 865 1086 921 recederent.
1120 862 1271 931 Quos
1301 870 1457 917 vocet
1488 862 1716 929 injustos
1740 869 1793 916 et
1822 877 1928 915 non
1959 860 2094 915 sub-

495 958 638 1012 ditos
668 953 912 1025 exponit,
943 953 1132 1009 dicens
1167 969 1181 1005 :
1214 952 1321 1005 Lex
1352 951 1537 1020 utique
1567 949 1745 1020 posita
1771 956 1854 1004 est
1882 950 2090 1019 impiis,

494 1045 553 1101 id
584 1052 667 1100 est
695 1040 1020 1113 irreligiosis
1041 1039 1222 1094 animo
1252 1046 1443 1094 contra
1474 1038 1668 1102 Deum,
1696 1041 1750 1091 et
1779 1036 2096 1108 peccatori-

493 1132 613 1199 bus,
651 1132 705 1186 id
737 1138 819 1186 est
850 1128 993 1201 quod
1022 1127 1329 1199 irreligiose
1351 1126 1608 1196 cogitant,
1627 1124 1936 1195 irreligiose
1957 1140 2095 1194 ope-

496 1221 762 1284 rantibus,
813 1222 869 1274 et
911 1217 1224 1281 sceleratis,
1264 1214 1318 1269 id
1351 1222 1433 1269 est
1482 1213 1560 1269 eis
1601 1213 1694 1284 qui
1723 1213 1968 1267 videntes
2000 1227 2095 1266 sa-

499 1308 744 1366 criﬁcare
774 1305 936 1360 idolis
991 1304 1078 1359 vel
1108 1302 1437 1370 hujusmodi,
1481 1300 1683 1372 placuit
1713 1301 1819 1354 illis
1849 1309 1907 1354 ut
1937 1298 2094 1354 simi-

500 1398 627 1453 liter
656 1394 1094 1467 praevaricarent.
1128 1392 1237 1446 Lex
1258 1390 1413 1445 etiam
1446 1389 1619 1460 posita
1641 1396 1723 1444 est
1736 1390 2093 1444 contamina-

500 1487 597 1555 tis,
626 1484 681 1539 id
711 1492 792 1539 est
821 1482 927 1536 illis
977 1481 1067 1552 qui
1099 1479 1354 1535 violentia
1398 1486 1795 1533 tormentorum
1828 1476 2095 1546 compulsi

497 1582 621 1629 sunt
668 1570 979 1628 sacriﬁcare
1021 1568 1208 1623 idolis.
1267 1568 1395 1622 H336
1440 1575 1672 1637 quatuor
1700 1573 1891 1620 contra
1921 1566 2094 1618 Deum

502 1660 873 1734 principaliter
901 1657 1054 1712 ﬁunt.
1097 1658 1304 1711 Caetera
1335 1672 1457 1726 qua:
1488 1661 1787 1725 sequuntur
1813 1662 2003 1707 contra
2034 1668 2095 1706 se

500 1759 554 1805 et
582 1757 770 1806 contra
800 1747 1110 1819 proximum
1141 1744 1293 1801 ﬁunt.
1326 1759 1434 1797 non
1465 1743 1609 1812 quod
1656 1741 1838 1797 omnia
1869 1748 2095 1810 peccata

2204 611 2313 650 non
2346 597 2474 667 legi,
2509 613 2606 667 pro
2636 598 2740 653 hoc
2770 598 3053 666 beneﬁcio,
3086 608 3139 654 et
3167 615 3264 671 pro
3291 601 3375 656 his
3405 619 3528 674 quae
3554 620 3775 676 sequun-

2201 691 2307 749 tur,
2341 685 2433 756 qui
2450 686 2595 740 Deus
2611 688 2967 743 existimavit
2981 704 3070 743 me
3090 689 3334 756 ﬁdelem.
3360 691 3459 747 Hic
3497 692 3645 748 aiunt
3672 694 3776 765 qui-

2196 772 2321 825 dam
2354 772 2614 829 insidiosa
2643 791 2765 829 esse
2799 776 2966 830 verba
3016 777 3185 843 Pauli,
3218 779 3369 848 quasi
3398 780 3624 836 diceret.
3659 783 3775 839 Inde

2194 860 2404 931 gratias
2433 878 2537 934 ago
2567 863 2683 917 Deo
2714 863 2862 934 quia,
2895 879 3019 918 cum
3054 863 3289 920 inﬁdelis
3317 882 3517 934 essem,
3549 868 3678 926 fecit
3699 887 3774 926 me

2194 945 2430 1003 ﬁdelem.
2467 949 2735 1021 Quodque
2792 951 2993 1023 dignus
3032 968 3211 1008 essem
3258 955 3351 1025 qui
3394 954 3569 1011 fidelis
3600 956 3773 1013 ﬁerem

2194 1036 2535 1103 existimavit,
2570 1038 2624 1092 id
2656 1045 2735 1092 est
2790 1039 3128 1108 providentia
3177 1042 3278 1097 Dei
3308 1059 3429 1115 qua:
3459 1043 3577 1099 falli
3619 1047 3775 1102 nescit

2192 1124 2263 1177 ab
2292 1123 2443 1179 initio
2472 1126 2877 1195 prmordinavit,
2935 1144 3129 1199 meque
3158 1128 3358 1186 factum
3406 1129 3625 1187 ﬁdelem
3651 1147 3773 1190 con-

2194 1210 2433 1277 fortavit,
2463 1212 2517 1267 id
2546 1221 2629 1268 est
2676 1212 2871 1269 fortem
2919 1214 3064 1284 fecit,
3097 1218 3245 1289 quod
3272 1235 3449 1291 neque
3478 1236 3649 1291 mors,
3682 1238 3773 1277 ne-

2193 1316 2299 1370 que
2330 1300 2542 1373 gladius
2572 1302 2771 1372 poterit
2800 1319 2886 1357 me
2918 1320 3175 1374 separare
3207 1322 3237 1360 a
3266 1307 3525 1363 charitate
3555 1311 3691 1379 ejus.
3710 1311 3773 1365 Et

2193 1397 2482 1459 postquam
2512 1390 2644 1443 mihi
2674 1390 2906 1445 credidit
2946 1392 3308 1465 Evangelium
3345 1396 3521 1466 pacis,
3572 1415 3772 1470 ponens

2194 1490 2281 1529 me
2312 1477 2375 1530 in
2394 1479 2737 1543 ministerio,
2771 1478 2824 1532 id
2855 1487 2939 1532 est
2966 1479 3020 1532 in
3050 1480 3170 1550 ipso
3200 1496 3364 1552 Opere
3394 1484 3725 1553 pradicandi
3756 1504 3770 1551 ;

2194 1563 2377 1617 multis
2405 1565 2550 1618 enim
2606 1565 2840 1636 praelatis
2870 1567 3108 1622 creditur
3135 1570 3496 1643 Evangelium
3527 1591 3543 1639 ;
3576 1573 3669 1645 qui
3697 1582 3772 1627 ta-

2192 1666 2319 1704 men
2347 1659 2624 1722 torpentes
2670 1669 2779 1708 non
2827 1654 3136 1710 ministrant
3182 1658 3414 1712 subditis
3460 1661 3609 1731 quod
3659 1677 3772 1717 cre-

2192 1739 2363 1792 ditum
2393 1748 2475 1794 est
2506 1741 2631 1795 illis.
2682 1741 2892 1796 Positus
2950 1760 3069 1798 sum
3124 1744 3179 1799 in
3226 1746 3525 1803 ministerio
3576 1748 3775 1805 Christi

502 1846 695 1893 contra
723 1838 897 1891 Deum
928 1850 1037 1888 non
1079 1832 1203 1897 sint,
1252 1831 1349 1885 sed
1395 1830 1523 1901 quia
1559 1838 1790 1900 quatuor
1831 1829 2091 1897 prmdicta
2115 1858 2164 1917 Β
2192 1828 2344 1893 Jesu,
2378 1828 2433 1882 id
2460 1837 2540 1883 est
2569 1830 2637 1883 ad
2670 1831 2935 1885 honorem
2965 1840 3015 1886 et
3046 1832 3276 1903 gloriam
3298 1834 3496 1890 Christi
3524 1836 3655 1892 Jesu
3675 1838 3773 1892 Do-

503 1927 679 1980 Deum
709 1923 1020 1994 specialiter
1048 1921 1165 1974 sine
1194 1919 1374 1990 aliquo
1421 1917 1601 1971 medio
1631 1917 1880 1973 videntur
1916 1914 2092 1970 offen-
2116 1914 2151 1917 ”
2191 1914 2322 1968 mini
2354 1917 2547 1970 nostri.
2591 1918 2688 1972 Vel
2717 1920 3038 1975 confortavit
3069 1938 3155 1976 me
3185 1922 3238 1976 in
3274 1924 3489 1979 Christo
3516 1924 3644 1979 Jesu
3674 1926 3770 1980 Do-

487 2013 652 2067 dere.
684 2011 865 2066 Posita
894 2017 976 2064 est
1005 2008 1165 2063 etiam
1196 2007 1283 2061 lex
1310 2006 1633 2078 parricidis,
1666 2004 1722 2057 id
1752 2012 1833 2058 est
1863 2003 2091 2057 interfe-

501 2100 746 2156 ctoribus
793 2106 1032 2169 patrum,
1089 2095 1306 2167 quibus,
1367 2109 1491 2148 cum
1539 2092 1765 2146 multum
1803 2092 2085 2158 deberent,

496 2204 567 2245 ex
597 2204 664 2243 eo
696 2186 840 2259 quod
872 2185 1118 2240 homines
1156 2190 1358 2246 essent,
1406 2180 1570 2251 longe
1617 2180 1741 2234 ideo
1784 2179 1959 2251 magis
1986 2195 2086 2249 pa-

498 2286 610 2332 tres
641 2284 824 2341 erant;
858 2272 1181 2329 matricidis
1202 2271 1363 2325 etiam
1382 2269 1630 2323 similiter
1654 2269 1723 2324 3
1741 2267 1894 2323 14
1916 2276 1967 2320 et
1990 2269 2086 2322 ho-

490 2366 739 2431 .micidis,
772 2371 825 2419 et
840 2361 1187 2433 fornicariis,
1212 2358 1266 2413 id
1280 2367 1362 2413 est
1381 2356 1774 2412 maculantibus
1795 2372 1854 2409 se
1876 2355 2087 2410 adulte-

488 2453 587 2519 rio,
622 2452 708 2507 vel
737 2450 980 2523 quolibet
1029 2463 1229 2519 genere
1258 2444 1649 2509 fornicationis,
1681 2452 1733 2499 et
1756 2444 2083 2499 concubito-

490 2542 644 2597 ribus
660 2541 1067 2602 masculorum,
1089 2536 1233 2607 quod
1254 2534 1493 2590 deterius
1513 2541 1615 2597 est,
1631 2532 1829 2603 quibus
1841 2548 1947 2585 non
1970 2531 2081 2585 suf-

2192 2002 2338 2057 mino
2364 2013 2569 2070 nOstro,
2604 2006 2696 2076 qui
2725 2007 2857 2060 mihi
2885 2007 3064 2062 caedes
3093 2010 3385 2077 anhelanti,
3418 2011 3473 2065 in
3505 2012 3592 2067 via
3618 2028 3775 2084 appa-

2192 2090 2322 2145 ruit.
2361 2092 2482 2164 Ego
2513 2093 2696 2164 utique
2726 2094 2902 2150 ﬁdelis
2934 2096 3109 2151 factus
3138 2114 3278 2165 sum,
3320 2107 3463 2167 etc.,
3494 2109 3768 2173 postquam

2188 2178 2456 2234 deserens
2478 2181 2657 2252 legem
2669 2183 2882 2237 subdidi
2900 2200 2986 2238 me
3009 2185 3196 2255 gratiae
3218 2187 3455 2255 Dei.Qui
3474 2191 3635 2260 prius
3655 2205 3768 2245 cum

2186 2282 2364 2321 essem
2394 2269 2496 2322 sub
2540 2270 2664 2341 lege
2710 2271 2764 2324 in
2819 2272 3003 2327 omnia
3046 2274 3189 2328 mala
3237 2275 3629 2346 prmcipitabat.
3675 2278 3772 2333 Fui

2185 2355 2331 2409 enim
2359 2364 2488 2412 tunc
2539 2357 2953 2430 blasphemans,
3000 2361 3274 2416 Christum
3303 2363 3492 2419 dicens
3521 2380 3647 2420 eum
3674 2366 3770 2421 ho-

2185 2444 2388 2498 minem
2418 2445 2534 2499 sine
2564 2447 2699 2515 Deo,
2751 2446 2919 2502 ﬁlium
2967 2448 3107 2503 fabri
3154 2458 3208 2504 et
3237 2451 3454 2507 similia.
3489 2454 3587 2509 Fui
3617 2454 3772 2509 etiam

2184 2538 2516 2602 persecutor
2545 2535 2907 2605 quorumlibet
2930 2536 3201 2605 justorum
3217 2540 3431 2609 (Actor.
3454 2555 3536 2609 ix,
3574 2543 3646 2611 1).
3680 2541 3771 2597 Fui

487 2628 600 2692 ﬁcit
629 2646 688 2685 se
718 2627 1010 2693 maculare,
1044 2625 1148 2679 nisi
1178 2624 1341 2678 etiam
1387 2629 1737 2691 corrumpant
1785 2620 1922 2674 alios
1953 2639 1967 2686 ;
2028 2627 2081 2674 et
2184 2620 2348 2673 etiam
2379 2624 2839 2691 contumeliosus,
2873 2625 3000 2696 quia
3043 2625 3089 2679 si
3135 2642 3271 2697 quos
3313 2629 3772 2699 comprehendere

481 2718 798 2791 plagiariis,
831 2716 884 2770 id
914 2722 997 2770 est
1026 2714 1218 2785 plagas
1261 2711 1506 2782 proximo
1536 2708 1889 2764 inferentibus
1922 2727 1936 2774 ;
1971 2707 2075 2774 vel,
2178 2715 2428 2776 poteram
2485 2710 2828 2765 contumeliis
2859 2719 2911 2765 et
2952 2712 3267 2768 verberibus
3295 2714 3600 2771 aﬂiciebam
3636 2736 3652 2783 ;
3681 2717 3772 2773 sed

489 2806 789 2880 plagiariis
844 2803 1000 2876 quasi
1057 2799 1402 2872 plagiosipis,
1462 2798 1516 2852 id
1547 2805 1629 2852 est
1658 2797 1876 2868 plagam
1906 2796 1975 2850 de
2016 2811 2076 2850 re
2178 2795 2269 2865 qui
2298 2796 2435 2851 adeo
2480 2813 2768 2867 perversus
2826 2800 2927 2853 sub
2972 2800 3095 2871 lege
3126 2817 3307 2869 eram,
3341 2804 3523 2858 statim
3555 2812 3615 2859 ut
3641 2805 3773 2861 hanc

482 2895 607 2949 viva
637 2892 1013 2957 inferentibus,
1064 2896 1121 2943 ut
1169 2888 1215 2942 si
1266 2888 1389 2958 quis
1437 2885 1707 2940 furaretur
1734 2884 1877 2955 patri
1909 2882 2077 2938 ﬁlium

489 2998 671 3047 suum,
720 2981 810 3036 vel
857 2976 1183 3048 hujusmodi.
1218 2974 1571 3031 Mendacibus
1601 2972 1759 3027 etiam
1793 2972 1886 3043 qui
1913 2970 2073 3025 falla-

481 3070 582 3126 ciis
610 3069 942 3132 incumbunt,
1003 3064 1257 3136 quodque
1302 3062 1585 3117 mendacio
1633 3060 1787 3114 Pauli
1832 3060 2073 3114 deterius

482 3166 567 3213 est
593 3158 861 3229 perjuris,
893 3154 978 3209 his
1007 3161 1060 3208 et
1092 3151 1398 3220 hujusmodi
1427 3149 1602 3220 posita
1634 3156 1717 3203 est
1734 3148 1840 3203 lex.
1872 3147 2073 3202 Praiter

480 3246 600 3301 haec
629 3245 795 3300 etiam
820 3241 1071 3313 imposita
1100 3247 1183 3295 est
1210 3238 1284 3293 illi
1313 3239 1362 3293 si
1391 3238 1523 3311 quid
1550 3237 1708 3293 aliud
1737 3252 1771 3292 a
1799 3235 2073 3306 pradictis

483 3334 631 3406 quod
659 3334 996 3388 adversatur
1036 3344 1190 3384 same
1220 3326 1515 3391 doctrinae,
1548 3324 1602 3379 id
1650 3332 1733 3379 est
1761 3323 1992 3378 naturali
2020 3330 2073 3378 et

480 3421 675 3477 morali
705 3420 836 3493 legi.
872 3417 1094 3473 Moralia
1125 3415 1271 3471 enim
1310 3421 1581 3485 praecepta
1628 3412 1766 3467 sicut
1792 3412 1849 3465 in
1876 3410 2068 3478 veteri,

455 3510 564 3577 .sic
619 3509 674 3564 in
720 3524 859 3564 nova
916 3506 1040 3578 lege
1070 3503 1392 3576 perdurant.
1431 3502 1587 3558 Unde
1616 3500 1691 3555 ait
1723 3517 1736 3557 :
1774 3501 1906 3567 Qum
1937 3514 2074 3554 sana

480 3597 728 3655 doctrina
755 3600 840 3653 est
870 3593 1181 3651 secundum
1210 3591 1598 3659 Evangelium,
1631 3588 1687 3643 id
1716 3595 1799 3642 est
1829 3587 2074 3658 sequitur

477 3702 675 3742 novam
706 3685 907 3756 legem.
942 3679 1307 3752 Evangelium
1333 3678 1457 3733 dico
1481 3677 1693 3748 gloria,
1728 3675 1783 3730 id
1814 3683 1897 3730 est
1927 3674 2073 3745 quod

486 3773 752 3846 praedicat
782 3771 1086 3844 gloriosum
1116 3769 1308 3822 Deum.
1342 3765 1442 3820 Vel
1467 3763 1827 3835 Evangelium
1857 3762 2067 3834 gloriae,

478 3862 535 3916 id
563 3869 647 3917 est
675 3860 823 3932 quod
868 3856 1221 3929 sequentibus
1268 3870 1329 3909 se
1376 3853 1469 3908 dat
1498 3860 1754 3908 aeternam
1801 3850 2064 3921 gloriam.

481 3948 687 4005 Gloria)
717 3947 838 4003 dico
872 3947 969 4001 Dei
998 3945 1165 4001 beati.
1219 3940 1450 4010 Qualem
1499 3940 1642 3996 enim
1687 3938 2072 3994 beatitudinem

475 4038 626 4093 Deus
654 4036 836 4100 habet,
870 4033 1038 4089 talem
1065 4032 1136 4086 ab
1165 4046 1230 4086 eo
1261 4028 1498 4084 habituri
1542 4036 1667 4083 sunt
1703 4028 1897 4083 sancti.
1931 4027 2072 4082 Bea-

480 4134 573 4180 tus
611 4124 755 4179 enim
803 4122 1000 4179 dicitur
1044 4120 1132 4176 cui
1174 4118 1310 4173 nihil
1355 4117 1538 4173 deficit
1570 4135 1584 4181 ;
1618 4116 1821 4172 sanctis
1868 4122 2070 4181 autem,

481 4229 605 4270 cum
635 4211 850 4268 Christo
876 4209 1011 4265 nihil
1047 4207 1351 4264 defuturum
1400 4214 1500 4262 est.
1553 4206 1667 4262 Hoc
1697 4220 1897 4260 nomen
1927 4204 2074 4258 Deus

480 4299 931 4369 nulloadjectivo
977 4297 1202 4370 indiget,
1250 4304 1309 4352 ut
1346 4295 1557 4350 dicatur
1599 4294 1806 4358 beatus,
1854 4291 1941 4348 vel
1969 4291 2074 4346 ali-

482 4391 613 4463 quid
643 4390 860 4455 horum,
893 4387 992 4442 sed
1021 4394 1078 4440 ut
1107 4387 1357 4440 innueret
1381 4381 1682 4451 cujusmodi
1707 4380 1939 4453 gloriam
1969 4380 2075 4434 ha-

479 4479 692 4534 biturus
746 4477 817 4533 sit
865 4478 1015 4532 Deus
1065 4482 1119 4529 et
1172 4474 1399 4529 daturus
1446 4471 1559 4526 suis
1604 4468 1859 4541 apposuit
1901 4467 2072 4537 beati,

2189 2882 2369 2937 dimisi
2397 2890 2729 2942 consecutus
2766 2902 2894 2941 sum
2913 2889 3381 2955 misericordiam,
3408 2891 3462 2946 id
3483 2900 3567 2947 est
3588 2893 3772 2948 remis-

2182 2968 2395 3025 sionem
2424 2981 2796 3041 peccatorum.
2836 2975 2916 3030 De
2945 2976 3048 3031 hoc
3076 2985 3259 3031 autem
3301 2988 3629 3035 consecutus
3657 2995 3771 3037 sum

2180 3057 2632 3127 misericordiam,
2666 3061 2809 3132 quia,
2862 3063 2917 3117 id
2958 3071 3040 3118 est
3081 3065 3223 3136 quod
3252 3068 3519 3137 ignorans
3556 3072 3693 3139 feci,
3721 3068 3772 3123 id

2182 3153 2264 3199 est
2291 3146 2609 3218 ignoranter
2664 3150 2904 3218 peccavi,
2965 3159 3018 3206 et
3072 3152 3202 3223 quia
3229 3154 3502 3210 Christum
3545 3156 3772 3227 ignora-

2100 3205 2148 3267 Ο
2176 3205 2344 3300 Ι)θωῖ
2356 3235 2480 3289 ideo
2508 3237 2572 3290 in
2613 3205 3025 3295 iricredulitate
3055 3205 3767 3315 manebainlvﬁic—qu‘iavpro

2173 3322 2322 3391 quod
2351 3322 2582 3393 legimus
2615 3342 2630 3390 ;
2664 3340 2773 3380 non
2823 3325 2968 3381 enim
3015 3326 3286 3384 sufﬁceret
3331 3330 3407 3385 ad
3443 3346 3684 3396 causam,
3713 3339 3770 3387 ut

2172 3409 2302 3480 quia
2330 3410 2652 3482 ignoranter
2681 3415 3011 3483 peccaverit,
3032 3415 3155 3471 ideo
3173 3417 3605 3475 misericordiam
3635 3436 3766 3477 con-

2173 3506 2392 3553 secutus
2423 3499 2511 3554 sit.
2561 3500 2683 3556 Alio
2738 3503 2901 3557 modo
2933 3511 3111 3559 tamen
3152 3504 3278 3577 quia
3303 3505 3507 3578 legitur
3533 3508 3607 3563 ad
3638 3524 3766 3564 cau-

2171 3601 2310 3641 sam.
2342 3586 2512 3655 Quasi
2559 3588 2766 3644 diceret
2812 3591 3007 3662 aliquis
3040 3607 3054 3646 :
3087 3593 3166 3647 Tu
3212 3593 3341 3648 olim
3370 3595 3471 3649 sub
3501 3594 3648 3668 lege,
3681 3596 3764 3652 le-

2173 3688 2299 3745 gem
2328 3675 2671 3745 przedicabas
2699 3678 3011 3735 tenendam.
3058 3681 3137 3735 Tu
3167 3697 3316 3747 vero,
3357 3682 3546 3739 relicta
3576 3685 3764 3740 eadem

2168 3760 2315 3832 lege,
2348 3762 2530 3835 legem
2560 3765 2829 3835 praedicas
2860 3767 3292 3840 relinquendam.
3327 3770 3423 3825 Cui
3452 3786 3591 3843 ergo
3618 3772 3771 3829 credi

2172 3850 2386 3917 debeat,
2420 3852 2509 3907 vel
2539 3852 2636 3907 tibi
2664 3853 2767 3908 sub
2795 3854 2938 3926 lege,
2970 3856 3058 3913 vel
3089 3857 3186 3912 tibi
3220 3873 3332 3914 non
3361 3858 3464 3914 sub
3491 3859 3621 3932 lege
3652 3877 3774 3917 am-

2174 3937 2432 4011 bigimus.

2247 4027 2451 4082 Contra
2479 4027 2583 4085 hoc
2613 4028 2714 4086 ait:
2748 4030 2878 4085 Mihi
2893 4030 2997 4086 sub
3016 4031 3142 4105 lege
3160 4048 3272 4089 non
3290 4032 3389 4090 fuit
3407 4034 3768 4108 credendum,

2174 4113 2297 4185 quia
2326 4114 2584 4186 ignorans
2611 4116 2736 4186 feci,
2751 4126 2804 4173 et
2815 4118 2943 4189 quia
2960 4119 3231 4191 ignoravi,
3245 4121 3448 4194 ideo;in
3464 4123 3768 4181 increduli-

2172 4208 2282 4257 tate
2317 4202 2388 4259 3
2405 4202 2465 4260 1
2482 4204 2554 4260 5
2586 4205 2782 4260 mansi.
2813 4207 2929 4263 Nec
2949 4208 3126 4264 solum
3146 4209 3598 4281 misericordiam,
3621 4214 3680 4269 id
3691 4221 3776 4270 est

2173 4290 2553 4347 remissionem
2580 4300 2924 4364 peccatorum
2955 4306 3281 4354 consecutus
3317 4314 3458 4366 sum,
3478 4300 3577 4356 sed
3608 4302 3772 4357 etiam

2174 4379 2364 4447 gratia
2394 4382 2619 4437 Domini
2636 4384 2822 4438 nostri
2836 4384 3143 4441 abundavit
3171 4388 3236 4441 in
3257 4403 3346 4443 me
3368 4404 3535 4459 super
3551 4389 3771 4446 miseri-

2175 4466 2418 4522 cordiam
2452 4484 2466 4524 :
2499 4468 2624 4539 quia
2654 4478 2707 4524 et
2735 4478 2960 4541 peccata
3003 4472 3231 4542 remisit,
3276 4482 3330 4530 et
3384 4476 3586 4531 multas
3636 4477 3771 4533 alias

480 4567 643 4640 quasi
679 4566 884 4622 diceret
916 4582 930 4619 :
966 4563 1156 4620 Gloria
1201 4577 1367 4634 quam
1412 4561 1561 4615 Deus
1603 4557 1765 4612 habet
1795 4565 1849 4612 et
1876 4556 1987 4625 dat,
2021 4554 2148 4615 etD
2174 4554 2384 4625 gratias
2411 4555 2578 4624 dedit,
2610 4565 2668 4611 ut
2695 4558 3061 4630 cognitionem
3110 4560 3308 4618 divinae
3343 4564 3617 4633 essentia,
3651 4574 3764 4623 etc.

481 4656 585 4711 sibi
614 4662 667 4711 et
698 4655 1112 4727 quibuscunque
1159 4650 1269 4716 dat,
1310 4646 1522 4704 sufficit.
1555 4648 1624 4702 Et
1652 4645 1775 4717 quia
1807 4660 1943 4701 sana
1971 4644 2075 4700 do-

481 4744 661 4802 ctrina
688 4752 742 4798 et
796 4739 1157 4812 Evangelium
1211 4753 1272 4793 se
1324 4735 1559 4791 invicem
1589 4740 1919 4805 sequuntur,
1950 4733 2077 4789 ideo

479 4834 600 4889 haec
629 4838 833 4887 tantum
876 4827 1111 4884 tenenda
1151 4832 1275 4880 sunt
1332 4831 1386 4879 et
1430 4838 1540 4878 non
1570 4821 1933 4879 reinducenda
1962 4821 2077 4877 cir-

482 4918 746 4977 cumcisio
775 4926 828 4973 et
856 4924 1063 4973 vetera.
1113 4914 1214 4969 Hic
1259 4911 1561 4984 ingreditur
1589 4911 1883 4967 ostendere
1930 4908 2078 4981 quod

487 5008 616 5080 quia
645 5006 870 5063 recessit
898 5019 932 5060 a
956 5002 1126 5059 veteri
1174 5001 1316 5073 lege,
1362 5000 1546 5056 omnia
1576 5000 1717 5055 bona
1746 4997 1850 5053 sibi
1879 4996 2078 5053 collata

490 5097 632 5163 sint;
664 5096 751 5150 cui
780 5093 893 5166 legi
947 5090 1184 5165 quandiu
1223 5089 1470 5156 adhaesit,
1503 5104 1718 5160 semper
1745 5087 1801 5141 in
1827 5084 2079 5158 praecipi-

491 5186 622 5241 tium
649 5184 915 5239 malorum
942 5180 1073 5236 ruit.

560 5273 715 5330 Unde
737 5271 816 5327 sic
826 5272 900 5326 ait
921 5287 935 5324 :
966 5269 1117 5339 Quod
1136 5266 1491 5339 Evangelium
1510 5264 1793 5322 creditum
1810 5260 2072 5331 estmihi,

480 5362 537 5418 id
566 5369 648 5417 est
676 5359 927 5433 praevidit
973 5356 1355 5414 misericordia
1403 5354 1503 5409 Dei
1551 5368 1641 5407 me
1682 5351 1957 5417 idoneum,
1991 5348 2076 5405 cui

480 5450 727 5507 crederet
783 5446 1163 5520 Evangelium.
1219 5441 1581 5515 Evangelium
1638 5447 1822 5495 autem
1870 5438 2075 5493 bonum

481 5538 727 5594 nuntium
755 5537 972 5604 dicitur,
1013 5552 1086 5593 eu
1135 5533 1283 5590 enim
1330 5531 1535 5585 bonum
1566 5528 1894 5599 ;angelium
1941 5540 2074 5583 vero

485 5628 780 5685 nuntium.
810 5626 965 5683 Unde
978 5622 1211 5695 angelus
1230 5618 1474 5676 nuntius
1489 5614 1704 5673 dicitur.
1717 5617 1786 5673 Et
1803 5615 1929 5672 ideo
1949 5613 2075 5686 quia

2179 4642 2278 4700 Vel
2306 4642 2479 4699 aliter.
2512 4645 2651 4699 Dum
2679 4655 3000 4716 persecutor
3038 4662 3191 4704 eram
3236 4649 3504 4708 Ecclesia:
3549 4652 3769 4722 Christi,

2175 4731 2405 4786 multum
2432 4732 2606 4787 zelum
2632 4733 2772 4806 legis
2799 4734 2981 4803 habui,
3014 4736 3115 4793 sed
3155 4744 3340 4794 tamen
3381 4754 3527 4797 nunc
3569 4756 3771 4813 super-

2177 4819 2469 4876 abundavit
2494 4821 2667 4893 gratia
2694 4822 2796 4877 Dei
2825 4823 2881 4877 in
2908 4837 3017 4891 me,
3050 4824 3179 4896 quia
3207 4826 3253 4880 si
3275 4833 3425 4881 tanta
3442 4828 3773 4899 oportuisset

2174 4923 2264 4963 me
2289 4908 2402 4978 pati
2430 4925 2533 4980 pro
2562 4909 2734 4965 veteri
2763 4909 2887 4984 lege
2915 4920 3116 4983 quanta
3160 4929 3264 4985 pro
3311 4914 3526 4972 Christo
3564 4917 3766 4988 patior,

2173 4996 2361 5067 utique
2390 4996 2733 5054 defecissem.
2767 4999 2977 5055 Caetera
3019 5000 3160 5057 sicut
3208 5001 3357 5059 dicta
3386 5012 3531 5059 sunt.
3562 5005 3769 5076 Super-

2170 5084 2487 5154 abundavit,
2534 5085 2774 5158 inquam,
2807 5087 2988 5159 gratia
3017 5105 3149 5145 cum
3192 5090 3303 5161 ﬁde
3331 5096 3389 5147 et
3418 5092 3726 5152 dilectione
3746 5114 3766 5150 :

2174 5172 2300 5243 quia
2328 5171 2466 5228 ﬁdes
2494 5180 2549 5228 et
2577 5174 2793 5231 dilectio
2822 5175 2924 5232 Dei
2966 5191 3185 5248 semper
3230 5188 3519 5236 creverunt
3545 5181 3601 5236 in
3630 5198 3722 5238 me
3754 5200 3769 5250 ;

2174 5277 2295 5333 qua:
2323 5259 2459 5316 ﬁdes
2488 5269 2542 5317 et
2570 5262 2791 5319 dilectio
2821 5268 2906 5323 est
2933 5265 3000 5320 in
3021 5265 3239 5324 Christo
3259 5269 3408 5336 Iesu,
3431 5268 3487 5323 id
3506 5277 3589 5325 est
3600 5270 3773 5327 habe-

2175 5355 2263 5403 tur
2289 5365 2391 5420 per
2436 5349 2706 5406 Christum
2754 5351 2961 5419 Jesum,
3015 5361 3070 5408 et
3115 5369 3224 5410 non
3255 5371 3355 5426 per
3377 5355 3580 5429 legem.
3612 5359 3770 5417 Hanc

2173 5445 2354 5493 autem
2382 5438 2815 5495 misericordiam
2842 5456 3002 5512 quam
3030 5457 3135 5513 ego
3162 5452 3485 5501 consecutus
3514 5462 3656 5514 sum,
3688 5447 3772 5503 fa-

2173 5525 2278 5583 cile
2298 5534 2380 5581 est
2409 5535 2463 5583 et
2490 5543 2590 5583 vos
2639 5529 2921 5600 consequi.
2971 5530 3042 5587 Ut
3079 5531 3223 5587 enim
3265 5540 3586 5604 peccatores
3628 5534 3770 5593 salvi

2172 5612 2383 5685 ﬁerent,
2414 5615 2660 5677 Christus
2688 5616 2846 5673 Iesus
2871 5616 2932 5673 in
2975 5618 3119 5676 hunc
3146 5620 3297 5677 venit
3340 5620 3625 5680 mundum.
3659 5623 3769 5681 Sed
