3932 6424
151 328 258 382 433

803 318 1183 376 EXPOSITIO
1222 313 1296 374 IN
1333 313 1710 375 EPISTOLAS
1747 317 1971 375 PAULI.
2010 346 2080 358 —
2118 315 2193 370 IN
2230 316 2448 371 EPIST.
2489 317 2512 371 Ι
2550 316 2644 371 AD
2673 315 2813 370 TIM.

3357 320 3462 374 434

157 455 452 519 antequam
481 447 590 501 hoc
618 445 782 511 dicat,
831 444 1097 516 praeponit
1125 443 1648 500 commendationem
1678 443 1758 498 rei
1781 445 1832 504 Α
1861 455 1970 498 uno
1997 438 2273 506 militaret,
2322 439 2604 511 implesset
2633 439 2778 512 quod
2808 439 3037 505 dixerat,
3087 441 3326 512 milites,
3356 443 3454 499 sed

154 552 326 608 quam
355 536 605 591 dicturus
635 541 717 589 est
745 533 826 589 sic
858 551 871 588 :
906 535 1095 591 Sermo
1142 535 1250 588 iste
1279 549 1438 604 quem
1469 533 1625 588 vobis
1646 548 1764 587 ma-

157 624 360 679 nifesto
384 666 398 689 ,
449 631 535 677 est
565 623 780 692 ﬁdelis,
826 621 882 676 id
911 630 990 676 est
1019 621 1142 674 talis
1173 621 1256 676 cui
1291 621 1424 676 ﬁdes
1454 620 1763 674 adhibenda

156 713 247 782 sit,
283 724 336 767 et
365 712 458 784 qui
487 713 629 767 bene
657 712 726 765 sit
754 709 1050 766 credibilis.
1091 710 1206 764 Nec
1244 709 1418 764 solum
1450 708 1628 765 ﬁdelis
1657 717 1757 774 est,

159 803 258 857 sed
290 802 468 857 etiam
491 801 696 871 dignus
716 801 1060 871 acceptione,
1093 797 1150 852 id
1179 805 1262 852 est
1286 797 1378 869 qui
1407 797 1759 867 acceptabilis

159 906 285 945 esse
316 890 532 944 debeat.
567 888 701 943 Sunt
730 887 873 942 enim
923 887 1077 941 multi
1128 902 1408 940 sermones
1445 885 1756 950 credibiles,

159 994 268 1034 non
298 987 481 1032 tamen
511 976 829 1048 acceptione
859 975 1009 1047 digni
1034 1013 1048 1043 ,
1102 975 1228 1045 quia
1257 973 1490 1029 inutiles.
1536 974 1634 1028 Hic
1663 989 1760 1028 au-

162 1075 268 1122 tem
299 1081 484 1121 sermo
509 1107 523 1134 ,
557 1074 610 1121 et
636 1064 912 1121 credibilis
933 1107 948 1130 ,
983 1073 1033 1119 et
1066 1070 1321 1133 acceptus
1343 1101 1358 1129 ,
1411 1062 1540 1134 quia
1589 1061 1754 1116 utilis.

158 1156 373 1226 Dignus
421 1155 606 1226 utique
635 1153 952 1224 acceptione
994 1167 1103 1206 non
1151 1166 1259 1205 una
1289 1151 1374 1206 vel
1421 1151 1475 1206 in
1499 1165 1608 1205 uno
1641 1149 1758 1205 solo

156 1251 408 1314 tempore
436 1251 494 1298 ut
522 1249 678 1297 vetus
703 1241 810 1308 lex,
832 1240 927 1295 sed
944 1241 1118 1306 omni,
1142 1239 1199 1294 id
1228 1247 1311 1294 est
1339 1246 1392 1294 et
1422 1238 1476 1292 in
1506 1238 1760 1309 praesenti

154 1339 206 1386 et
235 1332 291 1385 in
327 1331 536 1396 futuro,
579 1339 634 1385 et
671 1329 965 1385 secundum
1006 1343 1206 1399 corpus
1241 1335 1293 1382 et
1314 1327 1610 1383 secundum
1643 1326 1760 1381 aui-

156 1436 299 1474 mam
321 1461 335 1483 ,
391 1419 520 1490 quia
566 1419 620 1473 in
669 1417 820 1473 omni
847 1426 1108 1488 tempore,
1139 1424 1192 1470 et
1220 1416 1520 1471 secundum
1550 1423 1758 1469 utrum-

157 1525 264 1579 que
293 1509 490 1564 salvat.
526 1508 643 1576 Hic,
676 1507 916 1578 inquam,
951 1513 1033 1560 est
1064 1504 1155 1559 ille
1186 1519 1383 1569 sermo,
1408 1507 1558 1576 quia,
1596 1503 1649 1558 id
1677 1511 1759 1559 est

157 1597 304 1669 quod
343 1597 603 1652 Christus
633 1595 792 1650 Jesus
813 1595 970 1650 venit
994 1595 1058 1648 in
1085 1593 1364 1648 mundum
1388 1591 1557 1656 hunc,
1591 1592 1647 1646 id
1676 1599 1760 1647 est

155 1685 292 1740 adeo
321 1684 749 1755 despicabilem,
791 1691 844 1738 et
875 1683 927 1736 in
958 1698 1063 1754 quo
1091 1689 1166 1737 tot
1193 1680 1439 1736 miserias
1472 1697 1593 1735 eum
1646 1680 1759 1751 pati

1863 539 1921 585 ut
1951 546 2169 600 semper
2197 537 2249 583 et
2277 526 2332 582 in
2362 529 2616 583 omnibus
2647 544 2708 583 se
2730 528 2868 584 velle
2887 544 3010 584 eum
3030 529 3260 586 militare
3281 538 3461 587 osten-

1859 620 2042 674 deret:
2065 619 2134 688 3
2153 617 2212 674 1
2227 617 2304 672 6
2321 617 2528 672 addidit
2541 617 2815 673 militiam
2846 617 3070 686 bonam,
3086 618 3141 673 id
3154 627 3232 674 est
3245 619 3452 676 utilem.

1860 707 1999 764 Utile
2029 707 2172 762 enim
2204 707 2307 761 erit
2337 707 2416 761 sic
2447 713 2497 761 te
2527 706 2778 760 militare.
2809 707 3170 773 Commendo,
3204 708 3450 781 inquam,

1859 800 1925 852 ut
1954 797 2169 851 milites
2198 795 2254 849 in
2283 794 2390 849 illis
2419 795 2738 865 prophetiis,
2789 795 2844 849 id
2877 801 2958 850 est
2979 795 3034 849 in
3064 795 3212 850 omni
3244 796 3454 853 visione

1859 892 1910 939 et
1940 884 2214 939 intellectu
2263 899 2424 955 quem
2465 882 2640 938 habes
2684 883 2753 938 de
2801 883 2938 939 Deo.
2986 885 3274 955 PrOphetia
3311 886 3457 942 enim

1858 975 1994 1029 visio
2017 993 2035 1040 ;
2073 974 2341 1043 propheta
2364 972 2558 1027 videns
2581 972 2798 1027 dicitur.
2823 973 3017 1027 Milites
3037 989 3234 1028 moneo
3255 989 3460 1030 secun-

1859 1063 1994 1116 dum
2017 1062 2348 1134 prophetias
2379 1061 2761 1132 precedentes
2791 1061 2852 1115 in
2881 1065 2956 1126 te,
2980 1061 3034 1115 id
3056 1070 3136 1117 est
3155 1061 3455 1118 secundum

1861 1149 2008 1221 quod
2041 1158 2286 1219 tempore
2315 1148 2643 1220 praecedenti
2674 1149 2899 1204 edoctus
2929 1165 2988 1204 es
3018 1149 3073 1203 in
3102 1150 3272 1205 sacris
3301 1150 3453 1206 Scri-

1859 1238 2054 1308 pturis.
2107 1237 2424 1292 Timotheus
2463 1237 2608 1291 enim
2650 1245 2807 1307 patre
2847 1237 3084 1309 gentilis,
3119 1246 3294 1294 matre
3323 1253 3458 1294 vero

1859 1326 2170 1380 Christiana
2201 1325 2379 1381 editus
2407 1325 2554 1394 (Act.
2578 1339 2697 1394 xvr,
2735 1325 2808 1397 l),
2842 1326 2912 1380 ab
2941 1326 3060 1396 ipsa
3080 1326 3310 1398 pueritia
3342 1335 3457 1380 tra-

1859 1414 2005 1468 ditus
2036 1424 2114 1469 est
2148 1415 2324 1470 sacris
2353 1413 2548 1468 litteris
2577 1413 2922 1469 imbuendus.
2958 1414 3114 1470 Unde
3145 1415 3220 1469 ait
3247 1431 3457 1471 secun-

1859 1502 1990 1558 dum
2011 1504 2338 1576 prophetias
2362 1504 2425 1557 in
2450 1507 2504 1559 te
2525 1501 2928 1575 praecedentes.
2959 1503 3055 1558 Vel
3075 1503 3229 1559 aliter
3252 1519 3264 1559 :
3285 1503 3456 1558 Com-

1858 1592 2059 1646 mendo
2094 1592 2188 1646 tibi
2234 1599 2290 1645 ut
2335 1592 2537 1646 milites
2564 1592 2867 1647 secundum
2897 1591 3212 1663 prophetias
3242 1607 3454 1661 praece-

1860 1675 2054 1730 dentes
2105 1673 2157 1729 in
2199 1683 2273 1742 te,
2319 1675 2373 1729 id
2424 1683 2505 1730 est
2535 1677 2603 1730 de
2635 1684 2707 1730 te.
2744 1676 2948 1746 Spiritu
2981 1676 3123 1731 enim
3154 1677 3456 1747 prophetize

155 1774 414 1844 oportuit.
471 1772 661 1838 Venit,
690 1772 914 1842 inquam
935 1814 948 1836 ,
991 1772 1172 1826 salvos
1190 1772 1378 1841 facere
1414 1773 1752 1842 peccatores,
1776 1797 1829 1859 Β
1861 1764 2108 1830 edoctus,
2143 1764 2418 1835 assumpsi
2457 1773 2507 1818 te
2540 1764 2592 1818 in
2623 1779 2760 1834 Opus
2787 1764 3097 1836 Evangelii.
3119 1763 3254 1819 Vide
3273 1772 3454 1819 autem

155 1862 245 1932 qui
276 1863 322 1915 si
353 1877 458 1932 per
479 1862 657 1932 legem
697 1859 896 1915 salvari
924 1867 1166 1930 possent,
1191 1858 1387 1912 frustra
1417 1859 1563 1912 Deus
1603 1857 1759 1912 Chri-
1781 1852 1823 1859 ”
1860 1868 1928 1907 ne
1960 1853 2353 1925 degenerando
2383 1869 2416 1908 a
2453 1852 2558 1907 ﬁde
2606 1853 2931 1908 mendacem
2972 1852 3147 1907 facias.
3174 1852 3454 1923 Spiritum,

155 1959 295 2004 stum
327 1967 488 2004 suum
519 1950 573 2004 in
599 1949 850 2004 miserias
875 1948 1032 2016 hujus
1058 1947 1244 2001 mundi
1266 1947 1583 2016 deponeret.
1612 1948 1754 2014 Quo-

157 2057 284 2094 rum
304 2047 666 2110 peccatorum
688 2053 794 2108 ego
814 2045 862 2091 et
887 2036 1195 2108 quicunque
1216 2035 1410 2107 legalis
1439 2037 1678 2106 primus,
1701 2033 1758 2088 id

155 2134 234 2183 est
263 2127 578 2198 praecipuus
610 2135 666 2182 et
712 2126 1034 2181 deterrimus
1082 2141 1226 2179 sum.
1262 2123 1574 2178 Deteriores
1613 2122 1758 2176 enim

157 2215 358 2271 invenit
389 2217 541 2270 Deus
571 2215 809 2279 Judzeos,
842 2213 953 2285 legi
982 2212 1323 2268 adhaerentes
1343 2256 1356 2281 ,
1389 2226 1551 2283 quam
1583 2227 1756 2283 quos-

155 2321 367 2375 cunque
393 2304 642 2376 exleges.

224 2393 383 2460 Quod
415 2409 588 2463 supra
619 2391 799 2464 posuit
825 2392 1096 2459 absolute,
1131 2392 1218 2447 hic
1239 2390 1388 2462 ponit
1413 2407 1536 2446 cum
1565 2407 1752 2457 causa,

159 2481 342 2536 dicens
366 2499 380 2536 :
407 2482 561 2537 Licet
590 2481 918 2536 deterrimus
947 2480 1001 2534 in
1032 2479 1411 2550 peccatoribus
1439 2496 1644 2544 essem,
1667 2487 1754 2532 ta-

161 2586 279 2624 men
310 2574 652 2626 consecutus
683 2585 808 2624 sum
843 2569 1308 2633 misericordiam,
1333 2569 1472 2632 ideo,
1497 2572 1564 2623 ut
1590 2567 1753 2623 Chri-

160 2663 274 2714 stus
294 2661 456 2716 Iesus
478 2661 542 2714 in
566 2675 652 2714 me
670 2659 874 2729 primo,
901 2657 955 2711 id
971 2666 1049 2711 est
1071 2657 1304 2711 maxime
1326 2664 1636 2727 peccatore,
1667 2656 1754 2711 vel

161 2747 408 2817 primum,
440 2747 498 2801 id
516 2755 601 2802 est
620 2747 856 2800 maxime
886 2746 1203 2800 ostenderet
1246 2747 1622 2816 patientiam;
1645 2760 1755 2798 non

161 2835 212 2888 in
241 2837 479 2906 qualibet
511 2851 622 2889 una
653 2851 732 2902 re,
767 2835 864 2888 sed
891 2834 1294 2888 omnimodam.
1338 2833 1562 2887 Pertulit
1609 2833 1754 2887 enim

163 2939 244 2978 me
274 2925 777 2995 blasphemantem,
827 2930 1271 2994 persequentem,
1319 2930 1370 2976 et
1398 2920 1753 2976 contumelias

161 3013 356 3067 sanctis
401 3012 749 3068 inferentem.
804 3011 1036 3067 Omnem
1068 3010 1253 3082 utique
1294 3010 1607 3081 patientiam
1655 3026 1751 3064 os-

163 3101 324 3155 tendit
353 3101 404 3154 in
435 3116 558 3166 me,
591 3099 665 3155 ad
687 3100 1153 3169 informationem
1202 3115 1395 3154 eorum
1436 3100 1531 3169 qui
1573 3100 1751 3154 credi-

165 3190 275 3244 turi
295 3195 430 3244 sunt
454 3190 568 3258 illi,
593 3189 648 3242 id
671 3197 753 3243 est
782 3196 839 3242 ut
858 3204 957 3258 per
979 3203 1064 3242 me
1093 3187 1532 3242 doceretuemini
1553 3187 1750 3257 despe-

163 3277 378 3331 randum
406 3320 419 3342 ,
474 3286 700 3348 propter
728 3275 1112 3330 immanitatem
1145 3275 1433 3340 scelerum,
1467 3276 1595 3347 quin
1625 3292 1749 3331 cre-

163 3364 243 3418 dat
271 3365 322 3419 in
353 3381 498 3421 eum.
533 3365 802 3420 Credituri
833 3372 956 3418 sunt
985 3364 1128 3418 enim
1159 3364 1236 3418 illi
1264 3365 1327 3419 in
1357 3367 1532 3419 vitam
1578 3369 1742 3419 (eter-

165 3470 309 3522 nam,
341 3455 393 3508 id
425 3463 508 3509 est
538 3461 599 3508 ut
628 3469 727 3524 per
756 3452 915 3508 ﬁdem
946 3454 1084 3508 hanc
1116 3453 1347 3507 habeant
1375 3453 1540 3506 vitam
1585 3461 1750 3507 aeter-

165 3558 297 3597 nam.
331 3544 398 3597 Et
426 3541 867 3614 quandoquidem
900 3542 1146 3596 Christus
1189 3542 1402 3596 salvare
1437 3549 1751 3610 peccatores

167 3631 326 3697 venit,
378 3631 449 3686 ad
481 3631 632 3703 quod
660 3629 748 3684 lex
778 3629 1113 3686 insufﬁciens
1142 3629 1273 3696 fuit,
1329 3631 1545 3685 Christo
1574 3630 1753 3701 igitur

169 3722 276 3791 regi
320 3721 658 3776 saeculorum
688 3719 814 3774 inde
862 3719 929 3772 sit
961 3722 1138 3774 honor
1162 3724 1216 3774 et
1237 3719 1417 3788 gloria
1447 3739 1464 3773 :
1495 3718 1622 3790 quia
1651 3734 1753 3773 nec

168 3807 284 3877 legi,
316 3825 414 3864 nec
446 3809 536 3862 alii
586 3815 786 3878 praeter
814 3807 1083 3862 Christum
1113 3807 1342 3862 debetur
1388 3807 1514 3861 inde
1551 3806 1748 3876 gratia.

230 3899 330 3951 Aut
359 3898 440 3952 sic
469 3896 837 3952 continuatur.
871 3895 1114 3950 Christus
1151 3896 1206 3949 in
1246 3911 1333 3950 me
1365 3895 1602 3951 ostendit
1629 3911 1752 3949 om-

170 3999 279 4038 nem
309 3984 626 4055 patientiam
651 4002 666 4048 ;
698 3983 777 4038 illi
807 3992 986 4038 autem
1017 3982 1233 4038 Christo
1263 3983 1399 4054 Regi
1431 3983 1752 4038 saeculorum

169 4071 495 4137 immortali,
538 4072 598 4127 id
625 4081 707 4126 est
735 4070 1071 4137 immutabili,
1104 4071 1196 4142 qui
1227 4087 1446 4141 semper
1473 4071 1526 4125 in
1557 4071 1752 4126 eodem

172 4167 261 4227 est,
291 4165 344 4216 et
363 4161 658 4228 invisibili,
683 4159 738 4214 id
767 4167 849 4214 est
870 4159 1024 4228 cujus
1049 4159 1308 4214 deitatem
1333 4159 1479 4214 nulla
1507 4166 1752 4216 creatura

174 4247 354 4304 suiﬁcit
382 4249 730 4319 intelligere;
782 4247 904 4303 huic
952 4249 1068 4302 Deo
1094 4247 1336 4303 Creatori
1381 4247 1483 4302 soli
1512 4247 1752 4318 (salvare

173 4336 300 4391 enim
330 4337 480 4392 solus
509 4341 748 4408 p0test),
783 4336 906 4391 huic
937 4344 1081 4391 tanto
1120 4344 1172 4391 et
1217 4336 1311 4390 tali
1348 4338 1425 4391 sit
1472 4337 1648 4392 honor
1696 4340 1752 4391 et

171 4426 350 4494 gloria.
379 4426 566 4480 Honor
595 4424 820 4490 dicitur,
877 4432 934 4479 ut
964 4425 1032 4480 de
1061 4424 1347 4480 virtutibus
1368 4468 1380 4492 ,
1427 4425 1747 4493 humilitate,

1859 1941 1950 2011 qui
1979 1949 2035 1996 ut
2065 1950 2118 1996 te
2149 1942 2410 2013 eligerem
2451 1942 2634 1996 docuit
2681 1958 2786 1996 me.
2841 1941 3069 1996 Militare
3119 1941 3306 2010 debes,
3342 1949 3456 1995 tum

1859 2030 1981 2100 quia
2015 2029 2211 2084 bonum
2243 2037 2294 2085 et
2325 2031 2454 2084 utile
2483 2039 2566 2084 est
2601 2045 2612 2083 :
2645 2038 2755 2084 tum
2798 2031 2925 2101 quia
2968 2030 3108 2086 bene
3147 2037 3322 2101 potes,
3356 2030 3458 2084 ha-

1858 2119 1991 2173 bens
2017 2119 2186 2186 ﬁdem
2214 2135 2314 2189 per
2362 2135 2518 2189 quam
2560 2118 2720 2188 plene
2763 2117 3088 2187 justiﬁcatus
3135 2135 3215 2184 es,
3245 2118 3456 2173 habens

1856 2208 2031 2262 etiam
2055 2209 2467 2263 conscientiam
2489 2209 2690 2263 bonam
2711 2228 2730 2274 ;
2749 2224 2859 2262 non
2871 2208 3012 2261 enim
3028 2208 3122 2261 tibi
3136 2206 3456 2277 praedicanti

1854 2295 2023 2364 objici
2052 2304 2232 2366 potest
2263 2296 2405 2367 quod
2440 2296 2578 2350 bene
2609 2296 2808 2350 doceas
2837 2303 2888 2350 et
2917 2295 3058 2350 male
3090 2296 3259 2351 vivas.
3291 2295 3452 2350 Modo

1853 2384 2139 2455 paulisper
2198 2385 2488 2439 revertitur
2545 2385 2612 2438 ad
2668 2385 3154 2454 pseudodoctores,
3216 2384 3450 2438 dicens:

1854 2490 2027 2544 quam
2056 2473 2256 2527 bonam
2289 2473 2678 2528 conscientiam
2702 2473 2930 2544 quidam
2959 2472 3294 2544 repulerunt
3313 2490 3345 2527 a
3367 2487 3448 2530 se.

1857 2561 1960 2628 Qui
1993 2562 2136 2616 enim
2168 2577 2428 2631 perverse
2458 2561 2569 2632 agit
2600 2569 2650 2615 et
2669 2561 2972 2626 docet,non
2994 2561 3157 2616 habet
3178 2560 3320 2614 unde
3343 2561 3449 2614 sibi

1854 2650 1991 2704 bene
2045 2650 2300 2705 conscius
2347 2650 2416 2702 sit
2452 2664 2463 2702 :
2498 2657 2549 2703 et
2580 2649 2708 2720 quia
2751 2650 3070 2719 repulerunt
3118 2650 3279 2716 hanc,
3325 2649 3450 2705 ideo

1853 2741 2355 2810 naufragaverunt
2387 2740 2540 2792 circa.
2555 2738 2742 2807 ﬁdem,
2771 2737 2822 2791 id
2841 2746 2924 2791 est
2945 2737 3227 2809 fregerunt
3253 2753 3447 2792 navem

1853 2843 2027 2896 suam,
2079 2827 2478 2882 circumeuntes
2526 2825 2708 2892 ﬁdem,
2755 2834 2807 2880 et
2839 2841 2946 2880 non
2975 2826 3348 2898 ingredientes
3377 2827 3443 2880 ad

1852 2931 1992 2969 eam.
2054 2918 2141 2971 Ea:
2179 2916 2376 2987 quibus
2426 2914 2949 2984 pseudodoctoribus
2997 2914 3447 2985 naufragantibus

1851 3007 1938 3058 est
1961 3005 2290 3075 Hymenaeus
2311 3007 2366 3058 et
2381 3003 2704 3058 Alexander
2725 3000 2997 3072 principes
3021 3018 3207 3056 eorum
3232 3002 3323 3073 qui
3345 3003 3450 3058 cir-

1853 3092 2240 3148 cumcisionem
2290 3091 2557 3146 reducere
2597 3091 2869 3154 volebant,
2919 3108 3052 3164 quos
3097 3106 3202 3163 ego
3233 3092 3446 3146 tradidi

1852 3182 2081 3236 Satanae
2111 3182 2158 3250 (Ι
2189 3179 2311 3235 Cor.
2344 3195 2399 3242 v,
2421 3183 2494 3249 5),
2528 3179 2581 3233 id
2609 3189 2690 3234 est
2721 3180 2972 3250 separavi
3002 3180 3443 3235 excommunica-

1851 3277 1936 3323 tos
1965 3269 2034 3322 ab
2064 3268 2329 3324 Ecclesia.
2378 3269 2494 3322 Nec
2541 3268 2665 3322 ideo
2695 3276 2750 3322 ut
2797 3269 2850 3322 in
2874 3276 3138 3324 aeternum
3166 3275 3395 3338 pereant
3428 3285 3441 3320 :

1852 3358 1949 3411 sed
1978 3361 2044 3412 ut
2075 3357 2152 3410 sic
2200 3358 2427 3412 discant
2477 3373 2592 3412 non
2627 3357 3034 3428 blasphemare,
3068 3357 3123 3410 id
3145 3364 3227 3411 est
3255 3364 3312 3410 ut
3339 3357 3446 3412 hoc

1851 3445 2016 3500 modo
2047 3445 2275 3500 correcti
2307 3453 2360 3499 et
2406 3445 2750 3514 pcenitentes,
2800 3445 3080 3516 quiescant
3108 3461 3141 3498 a
3168 3444 3447 3515 perversi-

1852 3542 1962 3588 tate
1996 3550 2113 3601 sua,
2148 3541 2200 3587 et
2224 3534 2336 3601 jam
2381 3549 2489 3587 non
2521 3533 2963 3602 blasphemantes
2995 3531 3311 3587 auferantur
3339 3532 3446 3586 ite-

1853 3638 1976 3676 rum
2005 3622 2239 3686 Satanae,
2273 3621 2475 3691 recepti
2506 3621 2559 3675 in
2591 3621 2765 3676 sinum
2806 3621 3087 3676 Ecclesize.
3129 3621 3268 3674 Nota
3298 3618 3447 3688 quod

1853 3709 2320 3765 excommunicare
2367 3717 2449 3764 est
2494 3710 2712 3764 tradere
2755 3710 2984 3774 Satanae,
3037 3707 3163 3780 quia
3193 3723 3314 3762 cum
3347 3724 3447 3762 ex-

1853 3799 2281 3854 communicatur
2346 3799 2487 3870 quis,
2552 3798 2764 3853 Satanan
2814 3798 3057 3865 traditur,
3130 3797 3284 3865 cujus
3331 3803 3450 3851 erat

1855 3888 2168 3960 priusquam
2198 3902 2298 3957 per
2323 3886 2648 3958 baptismum
2675 3885 3088 3956 justiﬁcaretur.

2478 4083 2704 4141 CAPUT
2731 4086 2799 4140 Il.

1928 4269 1950 4299 α
1987 4248 2236 4304 Obsecro
2265 4247 2430 4318 igitur
2469 4245 2701 4316 primum
2751 4247 2990 4302 omnium
3040 4246 3153 4302 ﬁeri
3179 4246 3446 4303 obsecra-

1856 4361 1876 4384 «ι
1916 4337 2111 4402 tiones,
2146 4336 2442 4403 orationes,
2488 4334 2902 4405 postulationes,
2945 4335 3242 4407 gratiarum
3271 4335 3446 4390 actio-

1857 4447 1878 4475 ι
1914 4441 2034 4490 nes,
2071 4440 2172 4495 pro
2201 4424 2451 4480 omnibus
2483 4423 2812 4491 hominibus,
2847 4439 2950 4494 pro
2982 4423 3226 4495 regibus,
3261 4430 3314 4478 et
3343 4439 3446 4494 pro

172 4513 460 4580 prudentia,
513 4521 565 4568 et
597 4513 926 4582 hujusmodi,
973 4529 1094 4584 quae
1123 4513 1287 4568 homo
1314 4521 1493 4584 potest
1523 4513 1745 4568 habere.
1778 4509 1882 4570 Dc:
1919 4513 2171 4569 omnibus
2226 4512 2319 4584 qui
2366 4513 2420 4566 in
2474 4511 2799 4567 sublimitate
2848 4518 2974 4565 sunt
3037 4511 3334 4580 constituti,
3388 4518 3445 4566 ut

173 4599 340 4656 Gloria
367 4602 562 4657 dicitur
585 4601 656 4655 de
686 4601 768 4655 his
797 4617 918 4672 quae
940 4601 1037 4656 Dei
1067 4601 1242 4656 solum
1275 4609 1400 4656 sunt
1427 4609 1478 4656 et
1506 4617 1613 4655 non
1654 4602 1753 4656 ho-

175 4689 338 4757 minis,
371 4699 749 4762 utresurgere
779 4691 935 4744 tertia
964 4690 1072 4755 die,
1097 4697 1149 4744 et
1179 4690 1507 4758 hujusmodi.
1541 4691 1747 4758 Honor,

177 4774 398 4847 inquam,
431 4778 508 4833 illi
540 4778 612 4832 sit
640 4785 693 4832 et
718 4778 889 4851 gloria
918 4780 981 4832 in
1031 4780 1238 4834 saecula
1268 4779 1611 4849 praesentium
1643 4795 1752 4835 ειε-

177 4866 414 4921 culorum
442 4866 814 4930 consecutiva,
849 4873 902 4921 et
928 4867 1031 4922 hoc
1060 4867 1204 4938 quod
1237 4882 1430 4938 precor
1459 4883 1646 4933 amen,
1697 4866 1754 4921 id

179 4959 251 5006 est
287 4962 430 5010 certe
478 4955 552 5009 ita
598 4954 721 5009 erit.
773 4953 1229 5026 Quandoquidem
1272 4971 1339 5009 ex
1382 4954 1596 5010 Christo
1623 4956 1753 5010 Jesu

182 5041 339 5096 omnis
358 5043 607 5108 salvatio,
636 5051 690 5098 et
715 5059 779 5097 ex
821 5045 942 5114 lege
982 5043 1146 5110 nulla,
1190 5043 1348 5107 ideo,
1389 5059 1419 5098 ο
1463 5043 1745 5099 Timotheo

183 5129 274 5194 ﬁli,
304 5131 627 5187 commendo
669 5132 769 5186 tibi
790 5131 893 5188 hoc
909 5135 1278 5203 praeceptum,
1314 5138 1372 5185 ut
1401 5131 1455 5185 in
1503 5132 1754 5187 omnibus

185 5217 342 5285 palam
371 5219 438 5275 sit
485 5228 537 5275 te
568 5219 703 5274 nulli
732 5235 896 5290 posse
924 5235 1153 5291 parcere
1181 5219 1266 5274 vel
1295 5219 1531 5276 tolerare
1568 5219 1621 5274 in
1652 5221 1756 5274 hac

189 5320 252 5358 re.
283 5307 388 5362 Hoc
431 5308 576 5363 enim
624 5318 960 5379 praeceptum
990 5316 1072 5362 est
1121 5308 1264 5380 quod
1305 5308 1616 5379 transgredi
1646 5324 1756 5363 non

187 5391 312 5454 licet.
344 5412 661 5468 summaque
707 5396 804 5450 tibi
833 5395 1141 5452 obedientia
1185 5397 1641 5462 commendatum,
1691 5401 1759 5452 ut

189 5483 378 5538 milites
407 5484 744 5542 excludendo
774 5484 845 5539 ab
873 5485 1120 5542 Ecclesia
1137 5485 1632 5555 pseudodoctores;
1657 5485 1759 5539 mi-

186 5566 322 5636 lites,
368 5574 524 5629 etiam
553 5573 896 5644 disponendo
926 5573 1090 5628 alium
1147 5573 1573 5631 ecclesiasticum
1601 5575 1757 5629 ordi-

188 5671 316 5725 nem,
345 5661 536 5718 milites
567 5662 753 5735 utique
784 5663 985 5720 bonam
1004 5663 1301 5718 militiam.
1325 5662 1383 5718 Si
1404 5662 1576 5719 semel
1594 5663 1680 5719 vel
1700 5663 1756 5723 in

1857 4627 1879 4649 α
1917 4602 2157 4675 quietam
2197 4609 2249 4656 et
2297 4600 2646 4672 tranquillam
2692 4600 2860 4654 vitam
2909 4613 3163 4670 agamus,
3214 4599 3270 4652 in
3300 4598 3449 4653 omni

1855 4712 1879 4738 α
1916 4691 2118 4762 pietate
2148 4696 2200 4744 et
2229 4689 2496 4744 castitate.
2543 4689 2657 4743 Hoc
2688 4687 2830 4742 enim
2861 4687 3064 4742 bonum
3096 4694 3180 4741 est
3209 4694 3261 4742 et
3287 4701 3456 4743 acce-

1861 4802 1882 4829 α
1918 4787 2068 4850 ptum
2109 4793 2295 4833 coram
2332 4777 2612 4832 Salvatore
2647 4783 2838 4831 nostro
2859 4775 3002 4838 Deo,
3032 4774 3122 4846 qui
3143 4790 3334 4830 omnes
3354 4775 3454 4830 ho-

1859 4889 1882 4918 (
1919 4867 2094 4922 mines
2123 4867 2238 4921 vult
2276 4866 2456 4922 salvos
2485 4864 2626 4930 ﬁeri,
2657 4872 2709 4919 et
2738 4865 2806 4919 ad
2838 4863 3177 4935 agnitionem
3208 4863 3454 4919 veritatis

1859 4980 1880 5004 α
1918 4955 2126 5011 venire.
2161 4956 2314 5011 Unus
2346 4955 2492 5009 enim
2520 4955 2686 5019 Deus,
2723 4969 2858 5008 unus
2889 4960 2941 5008 et
2972 4952 3242 5008 Mediator
3269 4952 3371 5007 Dei
3401 4959 3456 5008 et

1859 5068 1879 5091 οι
1917 5043 2196 5099 hominum
2243 5044 2407 5099 homo
2439 5042 2690 5098 Christus
2718 5042 2896 5107 Jesus,
2930 5041 3020 5112 qui
3049 5041 3198 5096 dedit
3225 5040 3451 5096 redem-

1863 5157 1883 5180 «
1919 5133 2160 5203 ptionem
2214 5131 2563 5202 semetipsum
2617 5145 2718 5200 pro
2765 5129 3037 5185 omnibus.
3090 5129 3256 5199 Cujus
3295 5129 3456 5185 testi-

1861 5242 1882 5271 «
1919 5219 2163 5275 monium
2196 5220 2532 5290 temporibus
2562 5218 2674 5273 suis
2705 5215 3082 5274 conﬁmiatum
3123 5226 3226 5287 est,
3259 5218 3316 5273 in
3346 5232 3454 5290 quo

1861 5331 1884 5360 «
1921 5308 2129 5380 positus
2160 5325 2280 5362 sum
2311 5323 2416 5380 ego
2447 5307 2771 5378 praedicator
2800 5313 2852 5360 et
2881 5306 3161 5377 apostolus
3193 5306 3268 5377 (II
3297 5309 3441 5362 Tim.

1862 5416 1881 5449 ι
1917 5412 1955 5464 ι,
1992 5397 2106 5465 tl).
2149 5396 2446 5451 Veritatem
2485 5395 2630 5461 dico,
2663 5411 2773 5449 non
2803 5394 3066 5460 mentior;
3099 5395 3289 5450 doctor
3313 5411 3457 5467 gen-

1862 5509 1883 5534 a
1921 5485 2052 5541 tium
2085 5484 2138 5537 in
2177 5483 2284 5539 ﬁde
2315 5493 2368 5538 et
2399 5483 2646 5538 veritate.
2693 5483 2830 5537 Volo
2861 5498 2996 5553 ergo
3027 5482 3175 5538 viros
3205 5498 3369 5537 orare
3398 5482 3454 5537 in

1862 5596 1883 5620 «
1920 5571 2070 5628 omni
2112 5572 2253 5639 loco,
2283 5573 2524 5627 levantes
2554 5587 2719 5642 puras
2749 5585 2942 5625 manus
2978 5570 3095 5626 sine
3140 5571 3222 5625 ira
3252 5578 3303 5624 et
3333 5571 3450 5626 dis-

1865 5681 1888 5712 ι
1923 5658 2251 5731 ceptatione.
2296 5659 2552 5717 Similiter
2599 5667 2653 5716 et
2689 5659 2829 5730 (al.,
2872 5660 3078 5729 autem)
3109 5656 3364 5716 mulieres
3391 5656 3446 5712 in
