3932 6410
473 325 581 382 435

1010 325 1066 378 8.
1119 320 1472 378 BRUNONIS
1519 319 2167 379 CARTHUSIANORUM
2209 318 2690 376 INSTITUTORIS
2729 319 2886 377 OPP.
2934 321 3112 377 PARS
3160 323 3226 376 II.

3664 323 3766 377 L36

478 467 501 495 ι
535 446 723 502 habitu
751 453 937 501 ornato
975 460 1098 501 cum
1129 444 1464 500 verecundia
1485 452 1538 499 et
1560 443 1856 500 sobrietate
1876 458 2073 499 ornan—
2092 443 2148 502 Α
2178 448 2438 513 quantum
2477 441 2532 495 in
2580 458 2640 496 se
2678 450 2778 510 est,
2826 442 2882 496 in
2912 443 3028 498 Deo
3057 459 3166 498 non
3197 452 3456 509 remanet,
3492 444 3592 499 sed
3620 444 3774 498 beni-

479 556 502 586 ‹
539 542 621 589 tes
652 551 729 599 se,
763 549 872 589 non
906 533 960 587 in
989 533 1145 588 tortis
1190 532 1452 599 crinibus,
1499 541 1591 587 aut
1618 548 1762 600 auro,
1797 539 1888 587 aut
1916 548 2069 586 mar-

481 646 502 670 οι
536 623 741 695 garitis,
765 622 849 676 vel
868 628 1017 676 veste
1041 620 1280 691 pretiosa
1302 622 1352 692 (1
1368 624 1522 676 Petr.
1548 622 1705 691 111,3)
1741 637 1752 675 :
1787 621 1904 689 sed,
1929 619 2072 691 quod

481 733 504 762 ι
539 711 694 766 decet
739 709 1014 774 mulieres,
1049 711 1426 779 promittentes
1476 709 1729 780 pietatem
1775 725 1874 779 per
1907 722 2074 779 opera

482 821 504 850 ι
541 800 700 853 bona.
732 798 925 852 Mulier
974 798 1027 851 in
1061 797 1274 852 silentio
1317 797 1494 852 discat
1536 813 1660 852 cum
1711 797 1856 851 omni
1887 797 2071 864 subje-

484 910 505 934 ει
543 887 740 942 ctione.
774 887 988 941 Docere
1019 893 1199 940 autem
1222 885 1435 940 mulieri
1457 901 1564 939 non
1589 885 1840 955 permitto
1872 885 1922 955 (I
1951 887 2071 940 Cor.

485 1001 506 1024 ι
539 989 658 1041 xxv,
693 974 803 1044 3t),
835 990 1016 1044 neque
1046 973 1314 1027 dominari
1344 974 1399 1026 in
1429 973 1625 1032 virum.
1652 973 1748 1026 sed
1771 989 1892 1027 esse
1912 972 1964 1025 in
1996 972 2074 1025 si-

493 1081 513 1113 (
543 1062 730 1118 lentio.
767 1062 941 1116 Adam
985 1061 1128 1116 enim
1176 1061 1384 1132 primus
1426 1060 1687 1115 formatus
1718 1069 1799 1115 est
1832 1062 1996 1129 (Gen.
2035 1077 2074 1127 ι,

488 1175 509 1198 α
542 1152 655 1220 27),
693 1149 892 1205 deinde
921 1150 1056 1217 Eva,
1109 1157 1161 1204 et
1192 1149 1362 1202 Adam
1391 1164 1499 1204 non
1531 1157 1613 1203 est
1640 1150 1916 1213 seductus,
1951 1164 2076 1202 mu-

490 1260 512 1288 ε
546 1239 646 1294 lier
677 1246 854 1294 autem
902 1238 1122 1293 seducta
1175 1237 1228 1291 in
1257 1237 1699 1308 przevaricatione
1732 1236 1849 1291 fuit.
1886 1237 2078 1291 Salva-

491 1351 512 1373 ιι
545 1328 689 1381 bitur
715 1333 896 1381 autem
926 1342 1026 1395 per
1055 1324 1284 1379 ﬁliorum
1316 1325 1722 1397 generationem
1755 1325 1800 1378 si
1830 1339 2079 1394 perman-

491 1437 514 1465 α
550 1414 678 1469 serit
726 1413 1167 1484 (permanserint)
1198 1413 1252 1466 in
1281 1412 1406 1480 ﬁde,
1441 1422 1491 1468 et
1520 1413 1831 1480 dilectione,
1866 1421 1918 1467 et
1948 1427 2077 1466 san-

494 1527 514 1550 «
554 1502 877 1558 ctiﬁeatione
906 1516 1028 1557 cum
1057 1500 1370 1556 sobrietate.
1410 1522 1431 1552 ι

1134 1657 1450 1698 EXPOSITIO.

2170 530 2431 602 gnitatem
2465 531 2563 584 Dei
2595 530 2855 599 injustitia
2884 531 3175 601 impiorum
3206 533 3423 586 avertit.

2242 618 2396 672 Unde
2427 617 2481 670 in
2512 619 2626 672 Deo
2658 618 2854 688 duplex
2888 619 3139 674 voluntas
3161 619 3562 675 consideratur.
3588 621 3777 676 Altera

2171 705 2522 776 benignitatis
2553 714 2604 759 et
2627 706 2950 773 clementiae,
2975 722 3081 778 qua
3111 723 3302 762 omnes
3333 707 3445 763 vult
3473 709 3659 764 salvos
3690 708 3785 764 fie-

2171 794 2253 859 ri;
2281 795 2442 848 altera
2481 803 2563 848 est
2613 794 2864 849 voluntas
2902 796 3124 863 justitim
3167 797 3288 862 Dei,
3341 812 3450 867 qua
3477 796 3652 852 malos
3683 813 3781 852 re-

2173 882 2386 951 probat,
2433 883 2604 936 bonos
2650 883 2820 954 eligit.
2875 884 3188 938 Secundum
3224 892 3406 938 autem
3443 885 3787 940 voluntatem

2176 969 2526 1038 benignitatis
2557 971 2678 1037 Dei,
2728 971 2977 1042 praecipit
3020 973 3314 1042 Apostolus
3343 987 3502 1028 orare
3528 988 3627 1043 pro
3654 989 3784 1028 om-

2177 1056 2357 1123 nibus,
2424 1065 2482 1111 ut
2531 1058 2678 1129 quod
2730 1060 2877 1113 Deus
2923 1059 3012 1128 pie
3053 1059 3187 1128 vult,
3236 1069 3287 1114 et
3330 1077 3449 1126 nos,
3495 1061 3785 1132 sequendo

2178 1145 2434 1214 pietatem
2465 1147 2600 1213 ejus,
2633 1145 2883 1210 velimus,
2919 1155 3085 1218 utque
3118 1147 3366 1202 voluntas
3396 1147 3496 1202 Dei
3525 1147 3619 1202 ﬁat
3645 1163 3782 1203 ore-

2181 1248 2321 1297 mus,
2357 1233 2501 1302 quod
2533 1233 2578 1286 si
2625 1249 2732 1288 non
2761 1233 2934 1300 ﬁeret,
2967 1250 3000 1288 a
3027 1234 3315 1290 clementia
3358 1237 3458 1290 Dei
3487 1236 3788 1291 dissentire

2182 1320 2510 1374 videremur.
2547 1320 2644 1374 Vel
2696 1322 2852 1376 aliter
2891 1323 3255 1392 praecedentia
3283 1322 3556 1395 legamus,
3590 1332 3648 1378 ut
3680 1324 3790 1379 de-

2182 1408 2354 1462 missa
2384 1408 2585 1462 mentio
2618 1409 2672 1462 in
2703 1409 2788 1462 his
2822 1425 2930 1464 non
2965 1410 3051 1465 sit.
3109 1409 3338 1467 Obsecro
3375 1412 3502 1480 ﬁeri
3530 1412 3795 1468 obsecra-

2187 1497 2389 1562 tiones,
2423 1495 2480 1550 id
2511 1505 2593 1551 est
2638 1498 3017 1566 adjurationes
3066 1498 3208 1563 illas,
3259 1507 3316 1553 ut
3345 1498 3399 1553 in
3427 1500 3659 1568 ltetania,
3696 1501 3796 1554 ubi

2187 1584 2466 1652 adjuratur
2496 1601 2594 1655 per
2622 1586 2955 1655 passionem,
3009 1602 3106 1656 per
3137 1587 3594 1642 resurrectionem
3620 1596 3676 1643 et
3707 1589 3793 1642 si-

2186 1673 2406 1737 militer,
2441 1673 2594 1742 quasi
2644 1673 2688 1726 si
2727 1674 2849 1744 quis
2898 1674 3171 1742 adjuraret
3221 1676 3392 1729 Deum
3423 1691 3519 1745 pro
3551 1691 3792 1731 conver-

567 1770 858 1840 Postquam
890 1767 1085 1823 Paulus
1115 1764 1395 1822 admonuit
1423 1763 1762 1817 Timotheum
1793 1768 1851 1815 ut
1879 1760 2084 1815 milita-
2114 1791 2168 1853 B
2191 1761 2344 1815 sione
2375 1761 2662 1828 cujuslibet
2711 1761 3132 1827 sceleratissimi,
3167 1763 3310 1834 quod
3350 1763 3439 1817 vix
3469 1779 3502 1817 a
3530 1764 3646 1818 Deo
3677 1765 3794 1818 im-

496 1865 596 1922 ret,
632 1865 1027 1928 consequenter
1068 1855 1305 1910 insinuat
1351 1852 1406 1905 in
1451 1851 1645 1924 quibus
1689 1865 1812 1904 eum
1850 1849 2086 1904 militare

498 1945 794 2014 praecipiat,
842 1945 1032 1999 dicens
1069 1962 1081 1997 :
1109 1939 1562 2011 Quandoquidem
1594 1938 1844 1992 Christus
1874 1938 2087 1992 salvare

500 2040 820 2104 peccatores
879 2032 1025 2087 venit
1073 2031 1129 2084 in
1180 2030 1325 2084 hunc
1365 2027 1645 2095 mundum,
1693 2026 1746 2080 in
1800 2025 1952 2094 cujus
2011 2025 2089 2079 rei

500 2120 864 2191 prmdicandae
927 2118 1226 2174 ministerio
1291 2133 1379 2170 me
1435 2114 1728 2179 constituit,
1790 2121 1844 2168 ut
1902 2121 1954 2168 et
1996 2128 2092 2182 per

503 2225 627 2263 eum
676 2207 992 2275 salvemini,
1043 2214 1095 2262 et
1141 2203 1456 2276 praedicatio
1513 2219 1633 2257 mea
1671 2202 1726 2256 in
1769 2201 1924 2257 vobis
1973 2201 2092 2254 fru-

503 2296 719 2352 ctiﬁcet.
773 2296 974 2367 Igitur,
1025 2295 1078 2349 id
1119 2302 1200 2349 est
1249 2299 1474 2364 propter
1519 2291 1636 2346 hiec
1667 2290 1965 2361 praemissa,
1998 2291 2093 2344 ob—

506 2401 661 2441 secro
701 2393 759 2440 ut
807 2385 991 2439 oretis.
1031 2382 1149 2438 Nisi
1197 2382 1342 2436 enim
1373 2381 1521 2435 Deus
1549 2395 1646 2450 per
1675 2378 1931 2448 Spiritum
1961 2393 2093 2432 san-

505 2475 654 2525 ctum
703 2476 962 2538 operetur
1018 2467 1074 2521 in
1128 2465 1384 2522 cordibus
1447 2462 1663 2531 vestris,
1713 2477 1896 2516 sermo
1942 2477 2096 2516 meus

511 2555 584 2613 3
601 2556 662 2612 1
682 2557 748 2612 ’7
765 2555 967 2610 inutilis
984 2554 1105 2610 erit.
1122 2553 1364 2609 Obsecro
1380 2551 1547 2624 igitur
1556 2551 1805 2623 primum
1817 2551 2092 2615 omnium,

498 2645 552 2699 id
585 2653 666 2699 est
687 2644 1026 2716 potissimum
1047 2651 1171 2698 ante
1190 2642 1368 2698 omnia
1389 2641 1515 2709 ﬁeri
1535 2641 1961 2704 obsecrationes,
1987 2645 2090 2692 etc.

505 2733 645 2801 Quia
675 2733 810 2787 vidit
855 2732 1149 2803 Apostolus
1180 2731 1234 2784 in
1260 2729 1406 2785 omni
1437 2744 1640 2800 genere
1670 2726 1930 2781 orationis
1959 2740 2098 2796 prat-

504 2822 691 2878 valere
737 2820 1159 2877 celebrationem
1207 2819 1408 2886 missae,
1469 2816 1525 2870 in
1582 2832 1688 2886 qua
1734 2813 2001 2869 memoria
2039 2812 2099 2866 ﬁt

502 2909 775 2981 passionis
803 2908 1021 2976 Christi,
1070 2923 1170 2978 per
1219 2921 1384 2978 quam
1425 2920 1585 2960 omne
1611 2903 1892 2958 hominum
1923 2918 2098 2972 genus

503 2999 846 3067 redemptum
895 3003 996 3062 est,
1046 2995 1170 3050 ideo
1220 3009 1344 3049 cum
1373 3000 1426 3048 et
1473 2992 1595 3046 aliis
1623 2991 1802 3046 modis
1833 2991 2100 3045 orandum

502 3086 590 3156 sit,
621 3085 726 3141 hoc
755 3100 929 3156 genus
959 3083 1242 3148 orationis,
1275 3081 1399 3152 quia
1430 3080 1732 3150 praevalere
1761 3079 1915 3144 vidit,
1951 3093 2099 3148 prae-

504 3137 704 3246 posuit,
738 3173 926 3226 dicens
961 3187 973 3225 :
1010 3170 1246 3225 Primum
1277 3168 1540 3236 omnium,
1575 3167 1630 3221 id
1661 3175 1740 3221 est
1763 3174 1888 3221 ante
1917 3166 2099 3221 omnia
2121 3137 2170 3200 Ο

505 3261 733 3320 obsecro
764 3258 883 3315 ﬁeri
930 3258 1354 3315 obsecrationes.
1390 3258 1685 3313 Orationes
1706 3255 1826 3309 illas
1857 3271 1976 3327 quae
2005 3255 2102 3309 ob-

508 3349 857 3418 secrationes,
891 3347 946 3403 id
977 3354 1060 3403 est
1103 3348 1252 3418 juxta
1280 3353 1332 3401 et
1361 3353 1652 3416 antequam
1684 3359 1880 3414 corpus
1909 3343 2103 3398 Domi-

507 3438 690 3495 nicum
720 3445 982 3501 sacratur,
1035 3435 1351 3507 praecedunt
1389 3434 1471 3506 (ut
1513 3434 1568 3487 in
1597 3432 1868 3503 principio
1897 3432 2103 3501 missae)

509 3535 670 3585 vocat
698 3525 1122 3592 obsecrationes,
1157 3523 1311 3595 quasi
1333 3523 1487 3592 juxta
1517 3521 1876 3576 saerationem
1909 3521 2106 3576 dictas.

513 3615 798 3672 Orationes
828 3621 1006 3669 autem
1037 3620 1091 3668 et
1115 3612 1548 3684 postulationes,
1584 3618 1636 3664 et
1663 3610 1984 3681 gratiarum
2013 3626 2107 3665 ac-

515 3706 696 3761 tiones
723 3703 844 3758 ﬁeri
874 3703 1125 3757 obsecro.
1159 3700 1450 3755 Orationes
1476 3705 1634 3754 vocat
1653 3714 1847 3768 preces
1878 3697 2020 3763 illas,
2051 3696 2108 3751 in

518 3793 734 3864 quibus,
770 3806 894 3847 cum
934 3790 1209 3855 dicuntur,
1261 3787 1560 3842 substantia
1589 3787 1678 3840 illa
1705 3786 1864 3856 panis
1894 3794 1946 3841 et
1975 3786 2104 3852 vini,

518 3880 576 3935 in
622 3879 775 3934 altari
816 3878 1080 3948 apposita,
1124 3875 1319 3930 transit
1364 3875 1419 3930 in
1472 3891 1674 3946 corpus
1701 3883 1752 3929 et
1784 3874 2108 3947 sanguinem

521 3967 742 4024 Christi.
794 3966 1189 4022 Postulationes
1230 3971 1384 4020 vocat
1427 3980 1619 4034 preces
1658 3980 1779 4034 quae
1821 3962 1957 4016 ﬁunt
1987 3969 2111 4032 post

524 4055 980 4121 communionem,
1004 4063 1060 4108 ut
1087 4053 1219 4107 illud
1250 4067 1262 4106 :
1301 4075 1322 4100 α
1349 4051 1554 4107 Perﬁce
1577 4052 1632 4106 in
1653 4051 1829 4117 nobis,
1855 4051 2105 4117 Domine,

523 4145 668 4216 quod
695 4151 782 4198 tua
821 4151 1006 4198 sancta
1053 4141 1350 4207 continent,
1403 4164 1424 4188 η
1457 4141 1512 4194 id
1543 4149 1624 4195 est
1672 4149 1957 4211 postquam
2009 4154 2110 4194 nos

520 4231 717 4304 pavisti
746 4233 851 4287 hoc
879 4245 1106 4300 corpore
1136 4237 1189 4283 et
1217 4228 1483 4301 sanguine
1513 4236 1623 4296 tuo,
1656 4235 1823 4282 restat
1851 4228 1954 4282 hoc
1986 4242 2112 4297 qua-

526 4321 572 4374 si
601 4337 664 4376 ex
695 4320 899 4384 debito,
949 4327 1003 4372 ut
1035 4317 1180 4389 quod
1209 4317 1296 4387 pie
1328 4317 1538 4387 coepisti
1570 4315 1846 4387 perﬁcias,
1878 4331 2112 4386 pascens

522 4424 623 4466 nos
653 4406 983 4463 indeﬁcienti
1032 4405 1154 4462 cibo
1199 4405 1390 4477 gloriae
1429 4413 1532 4459 tua:
1564 4405 1617 4458 in
1648 4404 1819 4468 coelis,
1852 4403 1995 4474 quod
2025 4403 2114 4458 hic

2191 1849 2390 1920 petrari
2419 1865 2583 1919 posse
2617 1848 2921 1916 videretur;
2953 1850 3120 1920 impio
3150 1859 3331 1905 autem
3351 1851 3443 1906 illo
3469 1868 3568 1922 per
3587 1869 3793 1922 preces

2186 1937 2317 2005 justi
2349 1952 2615 1991 converso
2666 1936 2888 2001 faceret,
2934 1938 3114 2006 justus
3154 1939 3431 1994 orationes
3472 1955 3569 2010 pro
3608 1956 3696 2004 eo,
3732 1949 3796 1995 ut

2194 2025 2338 2079 Deus
2368 2041 2489 2079 cum
2521 2023 2626 2079 ﬁde
2647 2025 2798 2079 daret
2820 2025 2894 2079 illi
2911 2026 3139 2080 virtutes
3159 2043 3279 2097 quae
3300 2035 3617 2098 sequuntur.
3651 2028 3796 2095 Qui-

2194 2113 2296 2166 bus
2328 2113 2564 2183 acceptis
2601 2113 2715 2181 jam
2763 2121 3031 2168 restarent
3077 2113 3476 2184 postulationes
3507 2116 3668 2184 (sicut
3701 2116 3794 2169 di-

2194 2210 2338 2256 ctum
2370 2205 2472 2270 est)
2504 2218 2601 2271 pro
2623 2201 2828 2256 caelesti
2850 2202 3024 2273 gloria
3046 2218 3168 2272 quae
3180 2203 3294 2272 jam
3315 2203 3535 2258 habenti
3555 2204 3793 2260 virtutes

2194 2289 2442 2344 debetur.
2477 2291 2582 2344 Pro
2611 2290 2696 2344 his
2726 2297 2908 2344 autem
2928 2290 3202 2357 omnibus,
3227 2291 3280 2344 id
3303 2299 3385 2345 est
3402 2293 3792 2362 conversione,

2193 2377 2544 2448 possessione
2592 2377 2868 2443 virtutum,
2898 2378 3253 2433 concessione
3282 2379 3519 2434 coelestis
3573 2379 3796 2452 gloriae,

2198 2473 2495 2536 sequuntur
2543 2465 2838 2537 gratiarum
2882 2466 3160 2531 actiones;
3207 2467 3352 2538 quod
3395 2467 3523 2523 fecit
3550 2469 3801 2523 Justinus

2197 2553 2502 2624 presbyter,
2536 2554 2644 2624 qui,
2678 2562 2930 2624 suscepto
2973 2555 3163 2624 spiritu
3211 2555 3483 2609 Laurentii
3529 2554 3583 2608 in
3613 2556 3795 2622 cmlis,

2197 2642 2253 2695 in
2281 2642 2549 2696 actionem
2579 2641 2881 2714 gratiarum
2930 2641 3256 2697 sacriﬁcium
3285 2642 3462 2696 laudis
3491 2643 3607 2697 Deo
3635 2644 3800 2697 obtu-

2197 2729 2275 2784 lit.
2312 2729 2558 2784 Obsecro
2587 2738 2768 2784 autem
2797 2731 2901 2786 hoc
2930 2728 3050 2785 ﬁeri
3078 2746 3180 2802 pro
3209 2730 3459 2785 omnibus
3477 2731 3802 2786 hominibus

2199 2818 2361 2885 (sicut
2389 2819 2594 2873 dictum
2627 2818 2749 2889 est).

2271 2905 2406 2973 Quia
2446 2905 2695 2960 fortassis
2742 2914 2994 2977 putarent
3039 2908 3260 2978 quidam
3309 2923 3418 2964 non
3467 2924 3589 2964 esse
3628 2924 3800 2964 oran-

2199 2993 2327 3048 dum
2358 3010 2458 3064 pro
2510 2995 2848 3065 principibus
2892 3003 2945 3050 et
2973 2996 3237 3065 tyrannis,
3270 2995 3363 3068 qui
3389 3005 3646 3066 premunt
3676 2998 3795 3052 Ec-

2200 3082 2422 3138 clesiam
2453 3083 2573 3152 Dei,
2624 3083 2869 3155 adjungit
2902 3101 2914 3137 :
2950 3084 3039 3139 Sic
3070 3084 3192 3140 dico
3239 3087 3506 3140 orandum
3535 3101 3637 3156 pro
3666 3101 3800 3140 om-

2203 3171 2381 3238 nibus,
2431 3179 2487 3225 ut
2530 3187 2633 3226 nec
2679 3173 2838 3226 etiam
2883 3181 3262 3242 persecutores
3299 3174 3560 3228 Ecclesiae
3609 3175 3802 3230 exclu-

2204 3259 2350 3326 dam,
2375 3259 2474 3314 sed
2502 3268 2655 3314 orate
2703 3260 2863 3314 etiam
2890 3276 2992 3331 pro
3023 3261 3260 3332 regibus,
3311 3266 3368 3317 et
3405 3278 3506 3332 pro
3533 3265 3802 3320 omnibus

2204 3350 2300 3420 qui
2320 3349 2382 3402 in
2427 3347 2779 3404 sublimitate
2809 3349 3056 3403 saeculari
3086 3355 3240 3414 sunt,
3284 3366 3382 3405 seu
3411 3350 3659 3416 ducibus,
3695 3368 3800 3407 seu

2205 3436 2540 3490 consulibus.
2575 3438 2639 3490 Et
2669 3452 2770 3507 pro
2799 3437 2880 3492 eis
2908 3453 3005 3492 vos
3033 3453 3196 3492 orare
3227 3453 3336 3492 non
3357 3438 3531 3493 solum
3550 3438 3809 3508 proﬁciet

2207 3524 2332 3592 illis,
2371 3525 2469 3579 sed
2495 3524 2659 3579 etiam
2699 3524 2873 3579 vobis.
2914 3525 3000 3580 Ad
3030 3527 3146 3582 haec
3175 3531 3272 3593 ut,
3313 3526 3419 3581 illis
3448 3543 3478 3580 a
3508 3529 3805 3598 tyrannide

2207 3629 2306 3668 sua
2337 3613 2696 3678 cessantibus,
2731 3629 2964 3684 agamus
2983 3614 3159 3668 vitam
3189 3616 3438 3685 quietam
3468 3630 3502 3668 a
3531 3631 3803 3685 persecu-

2208 3701 2374 3767 tione,
2406 3716 2508 3754 nec
2536 3701 2590 3754 in
2619 3715 2728 3754 una
2757 3716 2833 3766 re,
2868 3701 2966 3756 sed
2995 3703 3174 3756 etiam
3207 3705 3598 3773 tranquillam,
3631 3703 3685 3758 id
3717 3714 3808 3759 est

2207 3789 2262 3843 in
2284 3789 2428 3844 omni
2459 3805 2519 3843 re
2550 3789 2802 3859 quietam.
2823 3789 3207 3860 Tranquillitas
3228 3791 3489 3845 Ecclesiae
3505 3791 3806 3860 plurimum

2208 3877 2428 3948 prodest
2459 3876 2786 3947 quibusdam
2817 3877 3203 3947 tenerioribus,
3235 3878 3327 3949 qui
3357 3878 3411 3932 in
3441 3894 3574 3949 pace
3602 3881 3808 3936 Eccle-

2211 3966 2305 4019 siae
2329 3965 2766 4033 justiﬁcationem
2813 3980 2969 4019 suam
3019 3974 3373 4032 conservant;
3409 3982 3546 4036 quos
3589 3967 3637 4021 si
3683 3975 3808 4023 tor-

2209 4061 2394 4108 menta
2421 4053 2976 4124 comprehenderent,
3009 4053 3252 4108 fortassis
3299 4069 3332 4108 a
3360 4053 3465 4110 ﬁde
3495 4055 3805 4112 recederet.

2216 4142 2285 4196 3
2304 4142 2362 4196 1
2381 4141 2455 4196 8
2506 4143 2573 4196 Et
2601 4142 2725 4196 ideo
2755 4142 3019 4196 orandum
3050 4159 3172 4197 esse
3202 4143 3331 4198 dicit
3357 4159 3460 4213 pro
3497 4145 3722 4214 regibus
3751 4155 3813 4200 et

2212 4230 2563 4300 principibus.
2597 4233 2836 4300 Agamus
2869 4231 2991 4286 dico
3010 4231 3175 4286 vitam
3198 4231 3538 4301 tranquillam
3560 4234 3622 4287 in
3644 4237 3811 4290 omni

2209 4320 2446 4389 pietate,
2477 4317 2532 4372 id
2577 4325 2657 4372 est
2705 4318 2990 4390 religione,
3040 4323 3097 4373 et
3146 4318 3202 4373 in
3241 4320 3388 4373 omni
3427 4322 3714 4387 castitate,
3749 4321 3811 4376 id

2214 4415 2296 4460 est
2325 4407 2379 4459 in
2411 4406 2717 4478 integritate
2747 4405 2909 4473 ﬁdei;
2944 4424 3065 4477 qua
3095 4406 3141 4461 si
3169 4408 3478 4477 persecutio
3498 4407 3807 4478 ingrueret,

525 4497 579 4552 in
610 4497 767 4552 altari
796 4483 1145 4566 praelibamus
1191 4493 1486 4548 Postulatio
1535 4493 1678 4547 enim
1710 4491 1926 4558 dicitur,
1960 4489 2112 4561 quasi
2134 4496 2185 4556 D
2215 4510 2322 4548 non
2350 4494 2428 4548 sic
2460 4495 2512 4548 in
2541 4493 2793 4548 omnibus
2831 4495 3041 4566 integra
3070 4495 3417 4564 perduraret,
3455 4496 3578 4550 ideo
3607 4512 3810 4553 moneo

526 4585 701 4640 oratio
731 4583 872 4639 facta
918 4584 986 4638 de
1017 4600 1077 4637 re
1119 4599 1240 4654 quae
1263 4583 1373 4650 jam
1404 4581 1777 4635 misericordia
1808 4580 1895 4634 vel
1923 4579 2114 4634 merito

525 4673 773 4728 debetur.
804 4672 1115 4728 Gratiarum
1158 4671 1396 4726 actiones
1425 4677 1604 4733 vocat,
1637 4676 1694 4721 ut
1721 4667 1854 4721 illud
1886 4667 2029 4738 quod
2059 4666 2117 4721 in

525 4761 633 4815 ﬁne
670 4760 854 4815 missa:
901 4759 1096 4815 dicitur
1123 4760 1527 4815 Benedicamus
1567 4755 1817 4821 Domino,
1855 4756 1962 4810 Deo
1989 4773 2116 4826 gra-

525 4852 656 4904 tias.
689 4850 755 4904 Ut
787 4849 891 4903 hoc
937 4849 1179 4903 dicentes
1233 4847 1520 4900 innuamus
1567 4851 1736 4897 totum
1766 4843 2112 4897 referendum

522 4953 646 4992 esse
676 4936 865 5007 gratiae
895 4937 994 4991 Dei
1025 4936 1169 5007 quod
1197 4935 1363 4999 dedit,
1399 4940 1451 4986 et
1483 4932 1626 5002 quod
1657 4931 1713 4984 in
1743 4939 2000 4985 aeternum
2028 4931 2118 4985 da-

519 5033 675 5080 turus
697 5032 796 5078 est.
820 5025 946 5079 Haec
959 5031 1138 5079 autem
1161 5023 1389 5078 obsecro
1411 5020 1527 5075 ﬁeri
1547 5036 1648 5092 pro
1669 5020 1924 5074 omnibus
1945 5021 2119 5074 homi-

520 5110 705 5179 nibus,
738 5119 794 5166 ut
824 5111 957 5166 salvi
984 5111 1114 5166 ﬁant
1142 5127 1207 5165 ex
1238 5109 1510 5164 voluntate
1546 5107 1666 5161 Dei.
1705 5106 1865 5174 Quod
1896 5107 1941 5160 si
1971 5124 2116 5177 quaz-

518 5200 657 5255 ritur
689 5215 784 5255 cur
814 5215 914 5270 pro
948 5199 1201 5254 omnibus
1247 5197 1430 5264 jubeat
1459 5211 1617 5250 orare
1651 5194 1959 5264 Apostolus,
1994 5210 2116 5249 cum

516 5289 734 5359 quidam
765 5303 794 5340 a
826 5289 939 5341 Deo
988 5284 1265 5356 reprobati
1314 5283 1440 5348 sint,
1493 5298 1590 5352 pro
1637 5283 1832 5354 quibus
1875 5283 1969 5352 qui
1999 5291 2118 5336 orat

515 5376 730 5430 videtur
761 5373 1039 5429 oﬁ'endere
1090 5375 1281 5433 Deum,
1339 5371 1428 5440 qui
1477 5387 1572 5426 eos
1603 5371 1882 5440 reprobat.
1917 5371 2118 5424 Contra

515 5464 634 5519 haec
663 5463 858 5518 dicitur
889 5461 1031 5531 quod
1055 5462 1201 5514 Deus
1225 5459 1444 5529 quidem
1470 5475 1534 5513 ex
1571 5458 1902 5529 benignitate
1933 5466 1986 5513 et
2017 5459 2120 5514 cle-

518 5551 723 5606 mentia
755 5564 850 5604 sua
877 5548 1005 5603 velit
1037 5563 1250 5604 omnem
1285 5547 1553 5602 hominem
1577 5547 1782 5602 salvum
1807 5545 1945 5612 ﬁeri,
1970 5547 2116 5618 quia,

2213 4597 2370 4637 orare
2401 4597 2496 4651 pro
2526 4581 2796 4636 omnibus.
2834 4584 2938 4637 Hoc
2991 4584 3144 4637 enim
3174 4589 3229 4636 ut
3280 4591 3468 4638 oretur
3494 4599 3596 4654 pro
3625 4587 3813 4640 omni-

2215 4671 2317 4724 bus
2347 4669 2573 4736 bonum,
2606 4670 2661 4723 id
2693 4678 2775 4724 est
2803 4669 2932 4725 utile
2963 4675 3046 4726 est
3077 4671 3146 4725 ad
3191 4670 3494 4741 profectum
3524 4672 3810 4740 Ecclesiae,

2215 4763 2268 4813 et
2303 4757 2408 4812 tale
2437 4758 2639 4812 bonum
2661 4759 2805 4828 quod
2829 4758 2897 4811 sit
2916 4763 3211 4830 acceptum
3231 4767 3280 4813 et
3303 4767 3515 4831 gratum
3534 4761 3667 4815 Deo.
3691 4762 3816 4818 Nec

2217 4846 2350 4900 sicut
2382 4846 2437 4898 in
2467 4854 2707 4915 tempore
2738 4845 2971 4916 placeat,
3021 4856 3074 4900 et
3105 4847 3159 4900 in
3209 4855 3452 4917 tempore
3499 4849 3806 4918 displiceat,

2217 4934 2314 4987 sed
2345 4934 2422 4986 sic
2451 4941 2732 5003 acceptum
2763 4941 2820 4988 ut
2851 4934 2918 4987 sit
2949 4950 3137 4990 coram
3156 4937 3282 5001 Deo,
3317 4936 3370 4990 id
3399 4944 3479 4990 est
3506 4945 3563 4990 ut
3592 4953 3814 5008 semper

2216 5029 2428 5076 maneat
2459 5022 2513 5075 in
2542 5022 2714 5076 oculis
2745 5021 3072 5092 beneplaciti
3112 5024 3247 5091 ejus.
3299 5025 3413 5078 Deo
3459 5025 3582 5080 dico
3611 5027 3812 5082 Salva-

2221 5112 2338 5163 tore
2368 5113 2580 5175 nostro,
2625 5110 2720 5180 qui
2750 5110 3023 5179 quomodo
3054 5126 3154 5164 nos
3186 5110 3434 5177 salvavit,
3469 5114 3589 5166 vult
3618 5129 3811 5170 omnes

2219 5198 2472 5252 homines
2503 5199 2682 5252 salvos
2714 5199 2860 5266 ﬁeri,
2896 5199 3195 5252 secundum
3217 5199 3550 5254 voluntatem
3572 5201 3814 5272 benigni-

2218 5284 2339 5337 tatis
2389 5301 2521 5351 suze,
2572 5285 2708 5339 sicut
2757 5301 2921 5354 supra
2953 5285 3152 5339 dictum
3182 5294 3282 5340 est.
3317 5289 3383 5342 Et
3415 5296 3469 5341 ut
3499 5287 3633 5342 salvi
3662 5288 3808 5356 ﬁant,

2219 5371 2331 5426 vult
2361 5387 2552 5425 omnes
2569 5373 2759 5427 venire
2780 5373 2852 5426 ad
2869 5374 3216 5442 agnitionem
3239 5377 3517 5437 veritatis,
3538 5376 3590 5429 id
3613 5385 3696 5430 est
3725 5395 3812 5432 ve—

2217 5475 2294 5514 rae
2327 5458 2451 5513 ﬁdei
2492 5476 2590 5530 per
2628 5475 2788 5530 quam
2819 5460 2920 5514 iter
2949 5469 3029 5514 est
3058 5462 3125 5515 ad
3155 5462 3406 5517 salutem.
3443 5463 3638 5518 Probat
3667 5466 3809 5534 quod

2218 5548 2370 5603 dixit.
2409 5549 2545 5602 Vere
2576 5549 2723 5602 Deus
2771 5549 2883 5602 vult
2912 5564 3102 5604 omnes
3135 5549 3314 5604 salvos
3345 5550 3496 5616 ﬁeri;
3531 5552 3676 5622 quod
3706 5569 3806 5624 pa-
