3932 6426
178 338 290 396 ι3¹7

869 344 1242 403 EXPOSITIO
1273 345 1347 400 IN
1384 344 1764 402 EPISTOLAS
1811 342 2038 399 PAULI.
2071 372 2140 383 —
2169 343 2244 397 IN
2276 343 2493 398 EPIST.
2545 343 2568 396 Ι
2605 341 2700 414 ᾼΙ)
2747 341 2887 396 ΤΙΜ.

3432 338 3536 390 438

189 475 272 522 tet
296 484 369 524 ex
401 485 496 536 eo,
533 473 681 544 quia
710 489 858 528 unus
887 476 972 528 est
1015 473 1178 538 Deus,
1209 470 1267 524 id
1317 479 1400 526 est
1445 479 1662 527 creator
1708 485 1831 526 orn-
1859 469 1914 528 A
1935 467 2133 524 dicant.
2161 467 2304 536 Quia
2335 467 2380 522 si
2409 465 2662 537 discipuli
2704 465 2815 520 mei
2847 464 2959 521 veri
3008 471 3168 533 sunt,
3204 468 3418 518 constat
3447 476 3537 515 me

202 557 388 614 nium.
423 559 692 632 Cumque
725 562 868 615 Deus
923 560 1162 616 omnium
1207 567 1418 615 creator
1461 559 1566 626 sit,
1619 574 1730 614 non
1759 565 1841 613 est

211 662 383 702 causa
427 664 610 720 quare
660 649 1049 721 benignitatem
1099 663 1252 702 suam
1285 655 1450 720 neget
1479 647 1591 716 uni,
1652 655 1702 701 et
1750 647 1842 701 det

222 735 386 790 alteri
449 744 746 804 creaturae,
790 752 953 809 quam
1001 736 1200 808 impius
1269 737 1455 808 utique
1505 735 1609 791 sibi
1651 742 1835 818 negat,

227 823 360 895 quia
388 824 556 895 impie
586 825 723 897 agit,
757 825 905 880 salva
935 832 987 880 et
1015 825 1233 896 integra
1261 824 1591 895 perdurante
1620 823 1687 878 ad
1715 839 1838 878 om-

225 928 334 967 nes
362 912 703 983 benignitate
735 913 852 968 Dei.
879 913 1009 968 Inde
1031 912 1191 968 etiam
1211 913 1394 984 palam
1421 919 1503 968 est
1523 913 1670 984 quod
1691 913 1840 966 Deus

227 1001 366 1056 velit
393 1017 586 1056 omnes
615 1002 797 1056 salvos
827 999 966 1069 ﬁeri,
999 1001 1124 1073 quia
1151 1017 1290 1056 unus
1325 1009 1407 1057 est
1434 1001 1713 1057 mediator
1741 1002 1841 1056 Dei

227 1094 289 1145 et
329 1091 650 1154 hominum,
683 1097 737 1145 et
763 1104 869 1145 non
901 1089 1085 1159 plures
1133 1089 1482 1144 mediatores.
1517 1089 1673 1144 Unde
1702 1104 1838 1144 con-

225 1185 344 1232 stat
369 1179 491 1249 quia
521 1178 778 1233 omnibus
820 1193 974 1249 aeque
1021 1177 1151 1233 velit
1193 1176 1479 1248 proﬁcere,
1539 1177 1711 1231 factus
1757 1184 1841 1232 est

225 1267 477 1321 omnium
508 1266 796 1321 mediator.
847 1265 1091 1320 Christus
1136 1267 1403 1320 mediator
1443 1265 1661 1332 dicitur,
1712 1265 1840 1336 quia

223 1355 347 1408 duo
369 1362 610 1409 extrema
641 1362 695 1408 et
723 1369 756 1408 a
785 1370 844 1409 se
868 1369 1096 1424 prorsus
1141 1354 1336 1418 divisa,
1389 1355 1565 1408 Deum
1610 1353 1836 1418 scilicet,

219 1442 288 1496 in
327 1458 434 1513 quo
465 1442 641 1496 omnis
663 1442 889 1511 justitia,
923 1450 976 1498 et
1037 1442 1171 1496 nihil
1218 1441 1511 1510 injustitiae,
1561 1449 1614 1496 et
1656 1441 1838 1496 homi-

223 1545 384 1596 nem,
420 1531 472 1584 in
503 1547 610 1602 quo
643 1531 820 1586 omnis
851 1530 1114 1600 injustitia
1142 1538 1196 1585 et
1228 1530 1361 1584 nihil
1403 1530 1652 1598 justitiaa,
1701 1545 1838 1585 con-

224 1619 438 1674 cordes
467 1619 594 1674 fecit
622 1636 725 1690 per
753 1627 1086 1690 assumptam
1116 1618 1217 1673 sibi
1251 1619 1654 1684 humanitatem,
1680 1618 1838 1687 justi-

226 1706 411 1763 ficans
440 1707 737 1764 hominem.
773 1709 969 1763 Probat
1015 1707 1196 1763 adhuc
1242 1710 1416 1762 Deum
1461 1707 1600 1762 velle
1647 1723 1838 1761 omnes

223 1796 434 1850 salvari
463 1796 654 1851 dicens
689 1811 702 1850 :
735 1796 832 1851 Hic
861 1804 1040 1850 autem
1072 1795 1360 1865 mediator,
1401 1811 1521 1850 cum
1553 1795 1607 1849 in
1637 1795 1838 1850 deitate

225 1884 511 1957 gloriosus
541 1892 708 1950 esset,
741 1885 903 1940 homo
925 1884 1100 1939 factus
1128 1891 1229 1948 est,
1253 1892 1363 1938 tam
1384 1884 1505 1939 vilis
1531 1899 1618 1938 res
1645 1891 1698 1938 et
1727 1891 1839 1937 tam

226 1972 629 2028 contumeliosa
668 1973 817 2044 quod
846 1989 1124 2043 nunquam
1173 1971 1347 2038 ﬁeret,
1381 1972 1486 2026 nisi
1533 1973 1696 2027 vellet
1726 1972 1840 2026 sal-

225 2075 368 2115 vare
414 2061 682 2117 homines.
737 2061 834 2116 Hic
879 2069 1060 2116 autem
1105 2061 1376 2115 mediator
1423 2068 1506 2115 est
1557 2060 1836 2127 Christus,

225 2148 528 2204 immolans
559 2146 889 2205 sacriﬁcium
940 2165 1040 2219 pro
1087 2149 1245 2203 nobis
1302 2149 1655 2219 semetipsum
1682 2149 1798 2203 Deo
1823 2189 1836 2216 ,

226 2243 289 2290 et
320 2252 418 2291 rex
450 2236 695 2308 dirigens
725 2252 824 2292 nos
853 2237 921 2291 ad
971 2237 1348 2292 salvationem.
1398 2237 1497 2292 Hic
1537 2245 1718 2291 autem
1759 2244 1842 2290 est

221 2325 396 2380 Jesus
418 2325 664 2380 'salvator
692 2341 854 2396 quem
884 2325 986 2380 hoc
1017 2341 1214 2380 nomen
1233 2325 1486 2397 designat
1507 2325 1840 2380 Salvatorem

227 2413 500 2479 omnium,
555 2415 652 2486 qui
700 2413 952 2468 Christus
993 2414 1151 2468 Jesus
1177 2413 1332 2468 dedit
1373 2414 1835 2486 redemptionem,

223 2516 337 2557 nec
367 2515 562 2555 aurum
592 2501 679 2557 vel
711 2509 997 2574 argentum
1023 2544 1035 2567 ,
1070 2502 1167 2557 sed
1212 2503 1580 2574 semetipsum
1610 2502 1840 2572 pretium

227 2589 389 2645 dedit
417 2605 518 2660 pro
550 2591 812 2646 omnibus
842 2590 1196 2644 redimendis.

311 2678 422 2732 Sed
470 2677 594 2733 licet
641 2693 753 2734 non
796 2678 1047 2733 omnibus
1090 2678 1325 2748 pretium
1373 2677 1504 2732 illud
1552 2677 1834 2748 profuerit,

230 2765 366 2837 quia
427 2765 481 2819 in
527 2766 804 2837 impietate
865 2766 1311 2836 perduraverunt,
1365 2766 1612 2820 Christus
1661 2774 1837 2821 tamen

227 2854 472 2924 pretium
502 2854 670 2918 dedit,
705 2854 850 2925 quod
880 2853 1150 2910 suﬁiciens
1180 2862 1326 2909 esset
1375 2855 1530 2908 saluti
1574 2855 1833 2923 omnium,

231 2942 281 2996 si
313 2958 508 2998 omnes
539 2943 666 2997 boni
697 2959 820 2998 esse
857 2943 1082 2998 vellent.
1145 2945 1212 2998 Et
1258 2943 1382 3013 quia
1437 2959 1539 3014 pro
1586 2943 1838 2998 omnibus

230 3030 669 3100 redemptionem
717 3031 885 3097 dedit,
936 3046 1128 3086 omnes
1175 3047 1330 3102 aeque
1373 3031 1585 3086 salvare
1631 3031 1799 3086 voluit
1818 3048 1846 3098 ,'

229 3120 402 3188 cujus
425 3117 503 3172 rei
532 3118 784 3189 (scilicet,
819 3119 965 3190 quod
995 3133 1184 3174 omnes
1212 3118 1324 3173 vult
1370 3119 1550 3174 salvos
1586 3118 1722 3188 ﬁeri)
1757 3125 1838 3175 te-

1942 556 2223 612 doctorem
2257 571 2448 611 eorum
2481 570 2592 609 non
2614 571 2736 609 esse
2760 554 3100 608 mendacem.
3117 551 3254 620 Quia
3281 548 3543 620 praedica-

1940 651 2112 700 torem
2145 653 2198 699 et
2225 643 2544 715 Apostolum
2575 659 2634 697 se
2663 642 2926 708 nominat,
2959 657 3066 696 non
3097 638 3344 695 elationis
3373 637 3541 692 verba

1940 741 2082 798 sunt,
2117 733 2215 787 sed
2245 741 2304 786 ut
2344 749 2442 803 per
2488 732 2627 787 hanc
2674 730 3050 786 auctoritatem
3093 727 3362 783 dictorum
3407 741 3540 781 suo-

1939 837 2062 876 rum
2092 820 2254 877 ﬁdem
2305 820 2645 876 corroboret.

2015 909 2256 966 319
2288 909 2555 980 Quoniam
2604 907 2824 981 quidem
2875 905 3205 961 sufﬁcienter
3250 903 3538 976 probatum

1941 1005 2022 1054 est
2042 999 2313 1053 orandum
2344 1014 2467 1053 esse
2500 1012 2600 1068 pro
2632 996 2885 1051 omnibus
2914 994 3242 1058 hominibus,
3268 1010 3392 1064 ergo
3420 994 3540 1048 volo

1940 1104 2132 1145 omnes
2160 1088 2324 1150 viros,
2359 1094 2412 1142 et
2443 1086 2702 1141 mulieres
2732 1101 2915 1151 orare,
2947 1092 3004 1138 ut
3024 1083 3324 1138 secundum
3353 1080 3544 1137 volun-

1939 1183 2103 1230 tatem
2134 1175 2234 1229 Dei
2265 1175 2563 1230 salventur.
2616 1173 2752 1229 Volo
2795 1173 2980 1244 utique
3036 1171 3184 1227 viros
3229 1185 3386 1225 orare
3432 1184 3544 1224 non

1938 1271 2147 1318 tantum
2178 1263 2233 1316 in
2261 1263 2514 1332 ecclesia,
2551 1262 2645 1316 sed
2670 1262 2830 1316 etiam
2850 1262 2913 1315 in
2939 1262 3096 1315 omni
3118 1260 3253 1323 loco,
3279 1259 3544 1313 habentes

1936 1368 2113 1423 puras
2145 1368 2372 1416 manus,
2397 1359 2502 1406 etc.
2538 1350 2637 1406 Hic
2686 1351 2844 1405 docet
2893 1349 3083 1420 quales
3131 1364 3190 1401 se
3239 1361 3543 1418 praaparare

1939 1441 2174 1495 debeant
2211 1439 2279 1494 ad
2317 1440 2607 1494 orandum.
2657 1439 2823 1492 Puras
2869 1453 3065 1492 manus
3111 1443 3267 1492 vocat
3311 1434 3544 1489 mundas

1940 1527 2275 1596 affectiones,
2329 1535 2386 1582 ut
2429 1527 2561 1582 nihil
2623 1527 2791 1582 velint
2833 1526 2953 1580 dari
3002 1524 3104 1579 sibi
3136 1539 3169 1579 a
3212 1525 3348 1590 Deo,
3399 1521 3545 1594 quod

1940 1617 2112 1670 Deum
2144 1615 2277 1671 dare
2318 1614 2473 1670 nefas
2524 1615 2612 1680 sit,
2646 1614 2743 1668 sed
2797 1614 3027 1669 maxime
3069 1612 3308 1668 omnium
3356 1611 3542 1665 salva-

1939 1704 2140 1759 tionem
2172 1704 2472 1774 postulent.
2531 1705 2712 1758 Purus
2749 1702 2871 1758 dico
2926 1704 3174 1758 levantes
3212 1717 3311 1771 per
3356 1699 3541 1754 incre-

1869 1825 1920 1885 B
1939 1799 2124 1846 menta
2154 1792 2282 1846 boni
2312 1791 2495 1862 operis
2517 1787 2567 1846 et
2589 1791 2692 1861 pizc
2733 1789 3012 1856 orationis,
3047 1797 3098 1844 et
3127 1790 3233 1844 hoc
3269 1789 3393 1844 sine
3431 1790 3540 1852 ira,

1940 1879 1995 1933 id
2026 1887 2108 1934 est
2138 1880 2254 1934 sine
2285 1880 2409 1935 odio
2450 1879 2700 1950 proximi.
2736 1877 2841 1946 Qui
2870 1878 3011 1932 enim
3060 1878 3173 1932 odit
3217 1875 3542 1946 proximum,

1941 1967 2011 2022 ab
2038 1967 2240 2022 unitate
2258 1967 2518 2023 Ecclesiae
2531 1983 2590 2021 se
2607 1966 2884 2036 discerpit.
2907 1968 2971 2020 Et
2987 1965 3104 2019 sine
3115 1966 3297 2036 discep
3308 1965 3541 2028 tatione,

1940 2055 1996 2109 id
2028 2063 2111 2109 est
2132 2056 2249 2110 sine
2276 2055 2600 2119 difﬁdentia,
2622 2063 2792 2123 orate,
2826 2052 2951 2108 facti
2974 2053 3109 2107 tales
3131 2051 3320 2124 quales
3352 2051 3547 2105 timore

1939 2145 2148 2214 peccati
2178 2159 2288 2198 non
2325 2151 2575 2214 oporteat
2606 2142 2908 2213 disceptare
2937 2157 3007 2196 an
3034 2142 3181 2196 Deus
3224 2141 3448 2194 daturus
3479 2139 3548 2192 sit

1941 2231 2096 2286 vobis
2148 2232 2294 2302 quod
2364 2231 2563 2302 petitis,
2617 2246 2808 2286 necne.
2850 2228 3016 2298 Quasi
3078 2229 3326 2284 diceret:
3381 2227 3545 2282 Orate

1941 2335 2064 2375 cum
2102 2320 2393 2376 dilectione
2431 2321 2528 2375 Dei
2567 2328 2619 2374 et
2660 2319 2913 2390 proximi.
2938 2319 3195 2374 Mulieres
3223 2319 3398 2373 etiam
3421 2331 3546 2371 cum

1939 2408 2069 2462 viris
2099 2409 2222 2463 volo
2255 2425 2434 2476 orare,
2470 2408 2718 2463 similiter
2765 2407 2882 2461 sine
2927 2406 3008 2461 ira
3054 2414 3106 2461 et
3151 2403 3546 2474 disceptatione

1940 2497 2235 2552 existentes
2264 2498 2325 2552 in
2351 2497 2570 2562 habitu,
2593 2512 2703 2551 non
2735 2495 2824 2567 qui
2844 2503 2996 2550 ornet
3015 2495 3154 2561 illas,
3191 2493 3288 2548 sed
3320 2497 3542 2560 ornato,

1937 2584 1993 2639 id
2021 2593 2104 2640 est
2133 2585 2222 2656 qui
2252 2594 2472 2640 ornetur
2500 2585 2570 2639 ab
2596 2585 2724 2651 illis,
2759 2583 2904 2655 quod
2951 2591 3096 2637 tanta
3127 2582 3196 2636 sit
3241 2580 3546 2637 reverentia

1937 2673 2223 2728 mulierum
2255 2681 2311 2728 ut
2343 2673 2503 2728 etiam
2532 2689 2714 2727 earum
2759 2672 3084 2727 vestimenta
3130 2670 3416 2726 videantur
3445 2685 3542 2724 or-

1937 2770 2081 2828 nata,
2118 2762 2244 2832 quia
2274 2769 2476 2816 sancta:
2518 2760 2777 2815 mulieres
2820 2760 2927 2814 illis
2972 2767 3210 2814 utantur.
3262 2760 3544 2812 Manantes

1938 2868 2068 2907 cum
2099 2851 2456 2914 verecundia,
2484 2848 2880 2921 utpudibundae
2897 2848 3081 2902 omnia
3100 2847 3313 2912 faciant,
3337 2851 3392 2902 et
3415 2861 3538 2901 cum

1937 2939 2241 2994 sobrietate
2260 2938 2386 3008 cibi,
2417 2946 2579 3010 potus
2610 2946 2664 2992 et
2693 2937 3006 2992 verborum.
3049 2936 3185 2990 Cum
3217 2935 3339 2990 aliis
3368 2935 3541 2990 virtu-

1938 3028 2081 3081 tibus
2110 3029 2210 3081 has
2243 3027 2380 3081 duas
2410 3026 2645 3081 maxime
2676 3025 3022 3081 commendat
3043 3023 3380 3089 mulieribus,
3415 3023 3543 3094 quia

1939 3115 2073 3170 vidit
2118 3131 2214 3170 eas
2259 3115 2494 3170 maxime
2559 3115 2809 3169 laborare
2851 3113 3045 3169 morbo
3090 3111 3440 3183 impudicitiae
3489 3118 3543 3166 et

228 3207 573 3263 stimonium
593 3207 996 3274 conﬁrmat-am
1013 3214 1117 3274 est,
1139 3207 1263 3278 quia
1287 3207 1430 3278 quod
1452 3209 1731 3278 propheta»
1761 3216 1834 3262 te~
1862 3179 1908 3239 Ο
1937 3203 2397 3274 intemperantite.
2419 3203 2674 3258 Mulieres
2700 3203 2824 3258 dico
2845 3205 3116 3258 amantes
3137 3217 3192 3256 se
3209 3217 3324 3256 non
3354 3200 3408 3254 in
3425 3208 3538 3255 tor-

230 3293 365 3348 stati
392 3302 516 3348 sunt
543 3303 668 3350 ante
699 3295 975 3350 Christum
1004 3296 1073 3350 de
1102 3311 1168 3350 eo
1199 3295 1496 3361 Salvatore,
1540 3294 1831 3351 conﬁrma-

233 3381 314 3436 vit
344 3382 613 3448 Christus,
645 3383 923 3454 implendo
950 3383 1134 3439 omnia
1181 3401 1301 3455 quae
1330 3383 1400 3438 de
1441 3400 1501 3438 se
1548 3385 1832 3455 prophetae

226 3467 612 3536 praedixerant.
646 3468 773 3523 Haec
801 3475 978 3522 autem
1001 3484 1100 3538 per
1119 3468 1487 3539 impletionem
1515 3467 1833 3524 conﬁrmata

229 3562 361 3608 sunt
392 3556 732 3626 temporibus
760 3557 879 3611 suis
899 3599 916 3622 ,
948 3557 1004 3611 id
1033 3564 1116 3612 est
1161 3556 1419 3628 congruis
1443 3599 1456 3621 ,
1490 3563 1547 3610 ut
1577 3557 1832 3612 nativitas

225 3642 427 3697 Christi
459 3644 694 3714 quodam
731 3652 971 3714 tempore
1019 3645 1074 3698 in
1119 3645 1246 3706 alio,
1298 3644 1483 3715 passio
1534 3653 1586 3700 et
1631 3654 1832 3701 caetera

225 3730 298 3786 de
328 3731 544 3786 Christo
575 3732 810 3787 diversis
841 3733 1196 3804 temporibus.
1230 3733 1349 3787 Nisi
1380 3733 1525 3787 enim
1556 3733 1829 3788 Christum

227 3819 538 3874 testimonia
592 3821 978 3891 prophetarum
1026 3821 1458 3891 praacessissent,
1506 3838 1698 3892 parum
1745 3823 1830 3878 vel

227 3907 366 3962 nihil
395 3909 713 3964 crederetur
741 3909 810 3975 ei,
847 3911 989 3981 quod
1039 3909 1184 3965 idem
1231 3910 1421 3976 innuit,
1462 3927 1584 3964 cum
1615 3911 1830 3966 duobus

226 3995 512 4067 discipulis
558 4005 682 4068 post
726 3998 1186 4054 resurrectionem
1249 4014 1520 4070 apparens
1566 3999 1684 4054 ait:
1723 4020 1745 4050 ι
1782 4000 1827 4055 Ο

225 4084 376 4140 stulti
406 4093 459 4140 et
487 4086 621 4141 tardi
652 4087 820 4142 corde
851 4087 920 4141 ad
950 4087 1288 4143 credendum
1318 4087 1373 4140 in
1402 4088 1487 4142 his
1516 4104 1638 4159 qua:
1665 4086 1828 4144 locuti

228 4182 354 4230 sunt
373 4176 656 4245 propheta:
678 4177 833 4244 (Luc.
853 4190 1014 4240 xxrv,
1037 4177 1150 4245 25),
1177 4199 1198 4224 ιι
1224 4184 1327 4231 etc.
1354 4175 1512 4244 Quod
1530 4175 1691 4231 etiam
1711 4176 1828 4246 ipse

223 4261 358 4316 alibi
388 4261 444 4315 in
473 4259 774 4331 Evangelio
801 4259 876 4314 ait
908 4277 920 4313 :
955 4260 1014 4315 In
1044 4260 1147 4315 hoc
1193 4268 1275 4314 est
1321 4260 1547 4314 verbum
1589 4276 1781 4314 verum
1809 4277 1823 4314 :

226 4350 376 4421 quod
407 4349 545 4404 alius
571 4355 655 4402 est
684 4347 774 4420 qui
805 4348 1056 4412 seminat,
1090 4355 1142 4403 et
1171 4348 1308 4402 alius
1337 4347 1428 4419 qui
1458 4348 1609 4403 metit
1640 4350 1822 4417 (Joan.

226 4454 306 4507 tv,
367 4438 478 4508 37).
518 4458 540 4486 ι
603 4437 883 4507 Propheta:
938 4437 1156 4507 quidem
1204 4437 1626 4503 seminaverunt,
1675 4437 1828 4492 Chri-

1936 3293 2002 3347 tis
2023 3293 2294 3359 crinibus,
2321 3298 2420 3348 aut
2446 3310 2610 3360 auro,
2636 3295 2737 3348 aut
2757 3292 3108 3362 margaritis,
3133 3290 3217 3346 vel
3238 3293 3385 3345 veste
3404 3305 3539 3360 pre-

1937 3383 2102 3446 tiosa,
2139 3381 2193 3436 id
2223 3389 2306 3436 est
2337 3397 2450 3436 non
2482 3381 2762 3435 studentes
2785 3379 2950 3435 cultui
2971 3394 3282 3450 corporum,
3318 3378 3415 3432 sed
3440 3393 3541 3448 per

1936 3469 2077 3524 bona
2097 3485 2265 3540 Opera
2286 3485 2407 3542 quae
2429 3468 2562 3524 foris
2584 3476 2902 3540 Operantur,
2926 3469 3326 3539 promittentes
3356 3467 3539 3538 pieta-

1937 3561 2071 3624 tem,
2105 3559 2161 3612 id
2190 3566 2270 3613 est
2301 3558 2354 3612 in
2386 3557 2671 3630 propatulo
2710 3556 2983 3611 mittentes
3029 3555 3348 3627 religionem
3377 3570 3536 3608 men-

1933 3646 2000 3700 tis
2028 3663 2128 3718 per
2149 3649 2350 3702 bonam
2368 3647 2752 3719 operationem
2774 3644 3063 3699 exhibitam
3087 3642 3238 3697 foris.
3281 3643 3340 3696 In
3371 3657 3538 3698 oran-

1932 3733 2004 3787 do
2035 3733 2158 3788 volo
2192 3733 2340 3787 viros
2364 3741 2412 3787 et
2435 3733 2689 3788 mulieres
2716 3731 2921 3785 similes
2943 3747 3066 3786 esse
3091 3750 3104 3796 ;
3142 3729 3238 3785 sed
3259 3729 3313 3784 in
3333 3730 3538 3785 docen-

1932 3822 2024 3888 do,
2058 3821 2143 3877 vel
2182 3821 2571 3892 interrogando
2628 3820 2754 3875 volo
2803 3819 3096 3874 dissimiles
3141 3834 3284 3873 esse.
3338 3819 3538 3874 Mulier

1933 3909 2078 3964 enim
2109 3912 2311 3978 discat,
2346 3909 2529 3964 audiat
2572 3925 2882 3964 sermonem
2911 3908 2966 3962 in
3015 3907 3265 3973 ecclesia,
3305 3922 3415 3961 non
3445 3906 3535 3961 in-

1934 3998 2281 4068 terrogando,
2317 4014 2497 4068 neque
2526 3997 2933 4068 respondendo,
2967 3997 3064 4051 sed
3094 3997 3162 4050 sit
3193 3998 3253 4051 in
3283 3996 3531 4062 silentio,

1931 4095 1984 4142 et
2013 4087 2059 4140 si
2090 4088 2144 4140 in
2173 4087 2354 4158 aliquo
2386 4087 2620 4151 haesitat,
2653 4102 2776 4140 cum
2807 4086 3018 4140 venerit
3061 4086 3304 4150 domum,
3354 4084 3533 4139 virum

1931 4175 2249 4247 interroget.
2282 4175 2468 4229 Discat
2497 4181 2677 4228 autem
2707 4174 2762 4227 in
2792 4173 3008 4228 silentio
3049 4190 3180 4229 cum
3211 4174 3370 4227 omni
3398 4173 3532 4227 sub-

1921 4264 2190 4335 jectione,
2219 4271 2343 4333 post
2371 4263 2515 4318 viros
2545 4263 2741 4317 stando
2773 4262 2949 4332 capite
2993 4262 3193 4326 velato,
3225 4269 3447 4331 aspectu
3477 4260 3532 4314 in

1929 4359 2132 4405 terram
2165 4349 2292 4405 ﬁxo.
2327 4351 2460 4405 Cum
2493 4350 2637 4404 enim
2677 4350 2730 4403 in
2776 4349 3006 4404 ecclesia
3045 4349 3419 4413 convenimus,
3453 4347 3529 4402 ibi

1927 4439 2104 4494 Judici
2134 4446 2611 4510 reprmsentamur,
2648 4453 2808 4508 quem
2841 4454 2940 4508 per
2978 4436 3356 4491 seductionem
3401 4452 3530 4489 mu-

227 4535 345 4582 stus
375 4533 557 4581 autem
584 4539 710 4580 cum
739 4524 997 4594 apostolis
1027 4525 1142 4579 suis
1172 4525 1396 4580 seminis
1443 4525 1652 4581 fructus
1701 4526 1819 4581 col-
1851 4534 1903 4593 1)
1927 4527 2076 4582 lieris
2107 4527 2160 4580 in
2201 4528 2335 4580 iram
2366 4525 2786 4598 provocavimus
2814 4545 2826 4591 ;
2862 4525 3016 4593 cujus
3043 4525 3120 4578 rei
3162 4541 3372 4579 memor
3401 4540 3526 4578 mu-

223 4615 378 4687 legit.
412 4615 494 4669 Ad
524 4614 670 4668 idem
701 4613 1060 4684 probandum,
1097 4614 1241 4684 quod
1280 4614 1427 4668 Deus
1474 4614 1588 4669 vult
1629 4630 1821 4670 omnes

223 4704 405 4760 salvos
435 4702 574 4770 ﬁeri,
609 4701 984 4758 auctoritatem
1015 4717 1172 4756 suam
1206 4701 1444 4768 adducit,
1485 4703 1674 4758 dicens
1709 4719 1722 4758 :
1757 4704 1821 4758 In

223 4808 347 4866 quo,
382 4791 438 4846 id
467 4799 551 4846 est
581 4789 635 4844 in
668 4805 774 4861 qua
807 4806 862 4844 re
882 4790 1252 4860 praedicanda,
1277 4791 1482 4846 scilicet
1503 4792 1646 4862 quod
1673 4793 1821 4846 Deus

222 4897 317 4952 pro
347 4879 522 4935 salute
555 4879 799 4934 omnium
829 4878 1059 4948 pretium
1113 4878 1326 4934 dederit
1370 4879 1720 4951 semetipsum
1770 4888 1822 4935 et

223 4977 416 5025 caetera
448 4984 572 5040 quae
601 4966 889 5038 praemissa
919 4975 1061 5032 sunt,
1086 4982 1191 5039 ego
1216 4969 1434 5038 positus
1464 4985 1588 5022 sum
1611 4968 1819 5040 pradi-

223 5063 376 5115 cator
400 5074 430 5112 a
459 5058 599 5121 Deo,
634 5063 693 5109 ut
721 5055 823 5109 hoc
863 5055 1150 5125 praadicem
1200 5055 1472 5122 omnibus,
1506 5065 1559 5111 et
1605 5071 1822 5126 magum

223 5146 490 5220 dignitatis
520 5143 874 5216 prredicator,
907 5142 1034 5213 quia
1083 5143 1242 5197 etiam
1286 5145 1586 5215 Apostolus
1618 5145 1688 5199 ad
1719 5145 1821 5200 hoc

223 5234 626 5306 pmdicandum
655 5231 1004 5296 constitutus,
1041 5238 1091 5284 et
1119 5247 1223 5302 ego
1264 5232 1456 5301 procul
1503 5231 1670 5286 dubio
1700 5233 1821 5289 dico

219 5327 506 5390 veritaten,
543 5335 652 5376 nec
682 5319 738 5373 in
770 5318 1012 5390 qualibet
1053 5333 1161 5373 una
1208 5327 1364 5388 parte
1407 5320 1502 5374 sed
1545 5321 1618 5374 ita
1675 5321 1821 5391 quod

217 5431 315 5470 non
343 5412 547 5469 alicubi
601 5408 877 5472 mentior,
927 5414 979 5460 et
1023 5422 1127 5476 ego
1169 5407 1281 5475 jam
1330 5408 1651 5462 constitutus
1701 5425 1821 5463 sum

211 5504 385 5560 doctor
411 5501 687 5575 gentium
721 5497 785 5550 in
805 5495 914 5563 ﬁde
936 5497 992 5548 et
1013 5496 1272 5561 veritate,
1298 5495 1353 5550 id
1375 5504 1457 5550 est
1485 5496 1599 5564 jam
1621 5497 1821 5551 multos

211 5593 497 5666 discipulos
530 5584 728 5651 docui,
763 5581 857 5654 qui
888 5580 1080 5638 ﬁdeles
1125 5591 1249 5638 sunt
1281 5592 1333 5639 et
1363 5584 1645 5640 veritatem
1672 5601 1818 5657 prae-

1921 4615 2042 4680 lier,
2079 4615 2223 4688 quod
2253 4615 2415 4669 totius
2445 4613 2764 4685 perditionis
2810 4620 2998 4668 auctor
3042 4612 3224 4678 fuerit,
3287 4612 3342 4667 in
3397 4628 3530 4679 pra:-

1924 4703 2095 4758 sentia
2125 4703 2330 4759 Judicis
2363 4703 2589 4756 multum
2622 4701 2785 4757 debet
2816 4701 3191 4757 verecundari.
3226 4701 3294 4756 Ut
3323 4701 3526 4767 discat,

1923 4793 2168 4849 concedo
2196 4791 2430 4847 mulieri.
2466 4795 2666 4846 Docere
2695 4794 2890 4846 autem
2929 4789 3105 4844 virum
3136 4789 3385 4843 doctrina
3416 4789 3526 4860 spi-

1924 4881 2066 4936 ritali
2087 4881 2216 4936 illud
2235 4882 2404 4940 nullo.
2419 4880 2581 4936 modo
2598 4880 2869 4952 permitto
2891 4879 3141 4946 mulieri,
3157 4894 3334 4950 neque
3355 4878 3525 4932 domi-

1922 4971 2052 5024 nari
2073 4969 2252 5041 aliquo
2283 4969 2509 5040 spiritali
2557 4967 2797 5022 dominio
2828 4968 2890 5022 in
2926 4968 3132 5032 virum,
3180 4967 3274 5021 sed
3303 4983 3523 5038 semper

1922 5075 2038 5114 esse
2061 5075 2169 5113 non
2199 5058 2375 5113 solum
2406 5059 2467 5112 in
2498 5057 2726 5112 silentio
2773 5055 3145 5128 interrogandi
3177 5055 3262 5110 vel
3293 5070 3525 5126 respon-

1923 5147 2106 5214 dendi,
2139 5147 2236 5200 sed
2268 5147 2426 5201 etiam
2459 5145 2512 5200 in
2561 5145 2776 5200 silentio
2831 5143 3214 5200 confabulandi
3261 5161 3387 5201 cum
3418 5145 3524 5199 ali-

1924 5251 2032 5306 quo
2059 5234 2112 5288 in
2153 5234 2383 5290 ecclesia

1993 5323 2122 5376 Ideo
2150 5323 2345 5378 mulier
2373 5339 2480 5378 non
2532 5322 2695 5377 debet
2743 5320 3011 5377 dominari
3050 5320 3104 5375 in
3145 5321 3337 5389 virum,
3386 5323 3520 5394 quia

1922 5411 2098 5464 Adam
2130 5412 2349 5482 primus
2368 5413 2648 5481 formatus
2670 5414 2774 5474 est,
2799 5409 2999 5463 deinde
3012 5409 3142 5464 Eva.
3168 5408 3316 5463 Ordo
3337 5417 3520 5464 autem

1923 5498 2216 5553 oreationis
2245 5515 2434 5554 eorum
2467 5499 2644 5568 signat
2684 5499 2860 5553 virum
2908 5497 3107 5550 debere
3155 5497 3420 5551 dominari
3468 5497 3522 5551 in

1922 5585 2224 5654 mulierem,
2259 5603 2368 5643 non
2399 5585 2686 5644 mulierem
2716 5585 2768 5639 in
2799 5584 2990 5640 virum.
3033 5585 3166 5640 Cum
3217 5584 3361 5640 enim
3393 5592 3519 5642 ante
