3932 6412
431 360 536 414 439
966 344 1022 399 S.
1063 337 1419 397 BRUNONIS
1450 336 2099 397 CARTHUSIANORUM
2141 336 2628 395 INSTITUTORIS
2669 338 2823 396 OPP.
2871 338 3049 394 PARS
3092 338 3163 393 II.
3622 344 3733 398 440

433 475 729 539 hominem,
764 470 851 527 vel
872 468 1063 525 eodem
1092 472 1366 521 momento
1399 479 1522 521 cum
1568 463 1807 528 homine,
1857 463 2024 532 Deus,
2048 462 2097 522 Α
2136 482 2158 512 ι
2190 462 2446 533 primum,
2515 472 2569 519 et
2616 464 2695 519 sic
2740 463 3066 532 ministrent,
3115 461 3323 518 nullum
3369 463 3579 520 crimen
3628 466 3736 521 ha-

434 566 480 621 si
509 564 687 628 vellet,
721 574 909 617 creare
938 563 1122 627 posset
1152 554 1456 620 mulierem,
1490 568 1601 607 non
1657 553 1773 607 sine
1803 567 1860 607 re
1889 558 2029 606 tem-
2135 573 2158 598 ι
2195 551 2404 606 bentes.
2436 552 2691 607 Mulieres
2721 551 2967 607 similiter
3007 550 3255 621 pudicas,
3289 567 3399 607 non
3426 553 3731 611 detrahen-

434 668 569 725 pore
600 648 957 721 posteriorem
988 643 1101 699 viro
1132 642 1276 708 fecit,
1312 642 1435 696 ideo
1463 641 1637 696 adhuc
1687 638 1886 694 mulier
1921 654 2032 693 non
2135 661 2158 686 α
2192 646 2293 704 tes,
2348 640 2581 706 sobrias,
2635 640 2824 695 ﬁdeles
2871 640 2927 694 in
2983 639 3255 697 omnibus.
3302 640 3573 697 Diacones
3622 643 3734 698 sint

435 740 596 794 debet
626 738 679 791 in
712 736 883 790 virum
912 730 1218 796 dominari;
1252 730 1448 785 etenim
1480 730 1655 785 Adam
1696 744 1809 783 non
1842 731 1928 786 (st
1954 743 2034 782 se.
2136 727 2352 807 “unius
2381 729 2567 783 uxoris
2598 729 2721 795 viri,
2757 729 2848 801 qui
2891 727 3018 783 ﬁliis
3065 729 3178 783 suis
3226 728 3367 784 bene
3397 732 3641 801 praesint,
3677 740 3733 787 et

436 829 640 884 ductus
672 823 763 878 illo
794 822 956 876 modo
989 836 1095 891 quo
1135 818 1346 884 mulier,
1379 826 1436 872 ut
1481 818 1732 872 crederet
1761 832 1819 871 se
1866 823 2029 887 gustu
2136 838 2158 864 α
2194 818 2307 871 suis
2340 817 2612 872 domibus.
2645 817 2749 886 Qui
2776 818 2920 873 enim
2952 818 3092 872 bene
3119 817 3561 885 ministraverint,
3596 837 3731 891 gra-

431 915 580 987 pomi
610 912 727 967 ﬁeri
759 913 951 975 Deum,
999 908 1096 962 sed
1126 906 1183 961 in
1230 908 1335 962 hoc
1381 904 1601 977 quidem
1632 905 1887 959 seductus
1934 903 2031 957 fuit
2134 928 2156 951 α
2192 906 2320 959 dum
2362 906 2465 960 sibi
2514 907 2712 961 bonum
2759 906 3059 977 acquirent,
3094 913 3147 961 et
3191 907 3420 962 multum
3471 908 3730 964 ﬁduciam

430 1004 573 1076 quia,
611 1000 870 1055 suadente
904 996 1005 1051 sibi
1036 995 1260 1050 muliere
1307 1010 1467 1066 quam
1516 994 1662 1048 Deus
1708 993 1765 1047 in
1820 992 2030 1059 adjuto-
2136 1016 2158 1039 α
2192 994 2248 1047 in
2277 994 2383 1048 ﬁde
2413 1010 2535 1066 qum
2564 1003 2647 1049 est
2673 996 2727 1049 in
2759 995 2970 1050 Christo
2998 995 3148 1049 Jesu.
3200 996 3329 1051 Haec
3378 996 3475 1050 tibi
3521 998 3726 1063 scribo,

428 1093 567 1147 rium
599 1089 700 1144 sibi
730 1088 973 1150 dederat,
1009 1092 1298 1155 utrumque
1329 1081 1652 1137 existimavit
1680 1097 1844 1151 posse
1888 1080 2025 1146 ﬁeri,
2135 1104 2156 1129 ι
2193 1080 2268 1136 ﬁli
2315 1082 2613 1151 Timothee,
2662 1098 2889 1153 sperans
2934 1098 3023 1137 me
3081 1082 3267 1138 venire
3315 1084 3385 1138 ad
3413 1092 3464 1139 te
3509 1085 3635 1141 cito.
3671 1086 3731 1142 Si

427 1189 478 1235 et
507 1177 662 1233 uxori
694 1194 753 1231 se
783 1190 993 1229 morem
1035 1188 1253 1245 gerere,
1285 1179 1338 1226 et
1394 1170 1588 1242 patrati
1633 1169 1857 1225 sceleris
1912 1177 2029 1224 acta
2139 1189 2159 1220 ι
2192 1177 2370 1225 autem
2402 1171 2709 1237 tardavero,
2742 1179 2799 1225 ut
2828 1171 2968 1227 scias
2997 1172 3273 1242 quomodo
3314 1180 3566 1242 oporteat
3592 1181 3647 1229 te
3675 1174 3734 1229 in

427 1266 744 1340 poenitentia
772 1280 805 1319 a
836 1264 950 1317 Deo
982 1278 1041 1317 se
1069 1276 1231 1331 posse
1273 1259 1489 1314 veniam
1534 1258 1801 1314 obtinere.
1853 1258 2029 1312 Adam
2136 1280 2158 1309 ι
2194 1258 2358 1313 domo
2388 1259 2489 1313 Dei
2521 1260 2855 1326 conversari,
2904 1275 3023 1330 quae
3060 1266 3141 1313 est
3172 1259 3417 1315 Ecclesia
3449 1260 3549 1315 Dei
3595 1261 3727 1327 vivi,

427 1372 535 1411 non
557 1363 637 1409 est
656 1354 934 1417 seductus,
959 1351 1373 1405 mulierautem
1393 1347 1623 1403 seducta
1635 1347 1773 1418 fuit,
1798 1347 2027 1401 credens
2135 1368 2158 1397 ι
2202 1346 2455 1402 columna
2485 1355 2538 1402 et
2591 1346 2988 1403 ﬁrmamentum
3036 1348 3298 1403 veritatis.
3346 1350 3414 1403 Et
3441 1348 3732 1405 manifeste

429 1461 489 1499 se
512 1442 629 1498 ﬁeri
660 1442 805 1497 Deos
838 1449 893 1494 ut
925 1454 1151 1508 serpens
1174 1442 1432 1504 suaserat,
1456 1436 1519 1490 in
1536 1436 2025 1507 praevaricatione,
2135 1456 2157 1485 ι
2192 1451 2453 1506 magnum
2486 1443 2567 1490 est
2596 1436 2815 1506 pietatis
2860 1444 3289 1503 sacramentum,
3320 1438 3466 1508 quod
3496 1431 3729 1494 manife-

429 1531 484 1586 id
515 1540 594 1585 est
625 1531 678 1583 in
708 1537 830 1585 actu
856 1526 1089 1600 peccati,
1123 1525 1332 1581 scilicet
1371 1524 1427 1578 in
1472 1524 1805 1579 comestione
1857 1523 2024 1593 pomi.

2135 1545 2156 1570 α
2186 1530 2386 1578 statum
2419 1532 2501 1579 est
2533 1524 2588 1578 in
2616 1539 2803 1589 carne,
2838 1532 2892 1580 et
2940 1523 3291 1593 justiﬁcatum
3322 1532 3404 1579 est
3430 1525 3485 1579 in
3515 1525 3727 1597 spiritu,

427 1621 497 1676 Et
527 1626 749 1690 propter
781 1624 857 1672 tot
886 1630 1081 1671 causas
1118 1613 1316 1668 mulier
1361 1627 1579 1682 semper
1626 1610 1816 1681 subjici
1864 1611 2029 1665 debet
2135 1633 2157 1657 α
2191 1612 2439 1681 apparuit
2470 1613 2699 1684 angelis,
2734 1612 3084 1683 praedicatum
3113 1621 3196 1667 est
3233 1613 3505 1685 gentibus,
3539 1613 3726 1669 credi—

425 1707 565 1772 viro,
591 1722 699 1762 non
729 1703 1012 1777 prmferri;
1046 1701 1284 1772 spiritali
1298 1700 1609 1772 praelatione
1629 1699 1771 1770 dico,
1805 1698 1851 1753 si
1882 1699 2029 1755 enim
2134 1723 2146 1747 ι
2191 1706 2303 1755 tum
2335 1707 2417 1755 est
2446 1700 2501 1755 in
2530 1701 2753 1769 mundo,
2787 1709 3125 1773 assumptum
3155 1709 3238 1756 est
3269 1702 3325 1755 in
3361 1700 3554 1773 gloria.
3594 1726 3615 1750 ιι

425 1810 615 1850 servos
647 1794 829 1859 habet,
871 1792 996 1846 licet
1025 1791 1164 1845 bene
1208 1789 1472 1843 dominari
1518 1788 1574 1842 in
1622 1788 1730 1842 illis
1780 1786 2029 1842 smculari
2059 1810 2113 1872 Β

423 1882 685 1939 dominio.
738 1882 923 1936 Potest
982 1879 1144 1935 etiam
1191 1878 1388 1933 mulier
1433 1877 1749 1932 mulieribus
1799 1875 2030 1946 spiritali

423 1972 589 2028 modo
619 1985 880 2041 praesse,
915 1968 1013 2023 sed
1044 1967 1159 2022 viro
1189 1982 1493 2038 nunquam.
1530 1967 1613 2021 Ne
1661 1973 1841 2019 autem
1868 1964 2030 2020 alicui
2202 1964 2491 2035 Postquam
2523 1965 2967 2019 communitatem
2996 1964 3259 2021 Ecclesia
3291 1966 3569 2022 admonuit
3596 1983 3727 2024 ora-

425 2060 707 2115 videretur
735 2056 1021 2112 mulierem
1048 2070 1157 2110 non
1204 2071 1369 2125 posse
1418 2054 1639 2120 salvari,
1696 2053 1820 2125 quia
1864 2068 2027 2109 causa
2127 2066 2205 2119 re,
2241 2059 2292 2106 et
2323 2066 2395 2107 ex
2424 2052 2528 2107 hoc
2558 2052 2833 2123 publicum
2865 2061 3201 2125 praeceptum
3230 2055 3285 2109 in
3331 2055 3580 2111 omnibus
3627 2058 3726 2113 de-

422 2147 585 2204 fuerit
614 2146 775 2202 totius
807 2144 1147 2216 perditionis,
1183 2151 1235 2199 et
1278 2142 1405 2217 quia
1452 2143 1597 2198 idem
1648 2142 1845 2196 Paulus
1890 2142 2027 2196 adeo
2127 2139 2221 2208 dit,
2256 2140 2441 2194 subdit
2468 2141 2719 2212 quaedam
2767 2142 2944 2197 divisa
2993 2150 3283 2213 praecepta,
3335 2160 3457 2215 quae
3502 2160 3611 2199 non
3654 2146 3726 2202 de

421 2237 721 2293 detestatus
750 2234 819 2289 sit
869 2232 1171 2300 mulierem,
1220 2231 1402 2287 subdit
1446 2232 1517 2287 de
1563 2231 1736 2286 salute
1792 2232 1909 2300 ejus
1939 2229 2027 2284 di-
2126 2228 2376 2282 omnibus
2407 2236 2593 2299 agant,
2629 2229 2837 2285 scilicet
2889 2230 2957 2285 de
2995 2231 3301 2286 sacerdotio
3332 2239 3384 2287 et
3412 2232 3722 2301 diaconatu,

422 2323 765 2381 censzLicet
810 2321 1003 2377 mulier
1048 2322 1273 2377 seducta
1320 2320 1387 2375 sit
1434 2336 1544 2375 non
1593 2320 1819 2375 seducto
1867 2318 2021 2385 viro,
2124 2316 2403 2370 insinuans
2432 2317 2657 2388 quales,
2689 2326 2743 2372 et
2772 2318 3047 2389 quomodo
3076 2319 3145 2373 ad
3174 2319 3309 2374 istos
3363 2320 3586 2375 ordines
3616 2322 3727 2377 sint

431 2418 625 2469 tamen
647 2410 842 2466 mulier
869 2410 1200 2466 salvabitur.
1233 2410 1355 2464 Non
1389 2408 1567 2464 solum
1595 2408 1749 2480 virgo
1779 2406 1865 2462 vel
1895 2422 2026 2463 con-
2122 2404 2496 2474 promovendi.
2521 2404 2678 2472 Quod
2701 2414 3034 2477 praeceptum
3054 2407 3180 2478 quia
3200 2407 3334 2463 vidit
3357 2423 3651 2464 onerosum
3672 2418 3728 2465 et

421 2501 620 2569 tinens,
654 2500 751 2555 sed
773 2499 935 2554 etiam
959 2498 1167 2554 vadens
1186 2514 1289 2569 per
1307 2499 1730 2569 generationem
1749 2497 2021 2565 ﬁliorum,
2124 2491 2347 2547 difﬁcile
2378 2493 2723 2563 quibusdam,
2749 2503 3040 2565 antequam
3071 2503 3334 2566 proponat
3354 2499 3721 2564 commendat,

420 2589 475 2644 id
496 2596 578 2644 est
600 2588 764 2645 etiam
784 2587 1103 2659 nupta.Hac
1116 2585 1424 2641 conditione
1437 2585 1559 2639 dico
1577 2583 1816 2640 320
1829 2586 1879 2639 si
1896 2600 2024 2655 per-
2124 2580 2314 2635 dicens
2349 2596 2360 2635 :
2390 2581 2487 2636 Hic
2515 2599 2698 2638 sermo
2738 2599 2899 2654 quem
2948 2583 3187 2638 dicturus
3235 2592 3360 2639 sunt
3404 2586 3588 2653 ﬁdelis
3616 2594 3720 2652 est,

417 2678 699 2733 manserit
730 2677 793 2732 in
823 2676 953 2745 ﬁde,
986 2679 1041 2731 et
1072 2675 1217 2746 quod
1242 2690 1425 2729 sanam
1449 2672 1611 2728 ﬁdem
1641 2673 1858 2740 habeat,
1890 2673 2024 2729 etin
2124 2667 2178 2721 id
2210 2676 2292 2722 est
2324 2669 2475 2725 credi
2503 2670 2686 2739 debet,
2718 2678 2771 2725 et
2801 2671 3004 2725 nemini
3048 2679 3128 2727 est
3160 2687 3447 2728 onerosus.
3482 2674 3581 2730 Hic
3607 2674 3723 2729 uti-

420 2765 725 2821 dilectione
756 2763 929 2818 Deiet
949 2761 1202 2834 proximi,
1228 2766 1282 2817 et
1303 2762 1358 2817 in
1380 2762 1832 2830 sanctiﬁcatione
1861 2777 2022 2832 quam
2124 2773 2228 2830 que
2257 2765 2343 2811 est
2376 2774 2554 2813 sermo
2580 2775 2741 2830 quem
2763 2760 3087 2815 commendo
3120 2777 3133 2814 :
3165 2765 3384 2832 Oportet
3401 2763 3723 2833 episcopum

417 2852 631 2923 accepit
659 2851 715 2907 in
762 2851 1053 2922 baptismo.
1105 2850 1466 2906 Permanserit
1513 2849 1637 2905 dico
1686 2849 1741 2902 in
1769 2848 1854 2903 his
1891 2866 2022 2905 cum
2122 2862 2239 2901 esse
2269 2848 2839 2917 irreprehemibiiem.
2873 2848 2970 2903 Hic
2989 2855 3170 2903 autem
3189 2864 3292 2919 per
3311 2850 3626 2921 episcopum
3645 2851 3721 2905 si-

416 2941 735 3006 sobrietate,
763 2954 927 3010 quam
956 2938 1079 2993 ideo
1110 2938 1304 3009 repetit
1341 2937 1563 3008 quodin
1593 2938 1697 2993 hac
1726 2936 2021 3007 plurimum
2121 2932 2341 3006 gniﬁcat
2395 2936 2753 2991 sacerdotem.
2816 2935 3099 3006 Superﬁuc
3159 2936 3303 2992 enim
3359 2937 3719 3008 Timotheum,

415 3027 627 3084 soleant
674 3042 904 3098 peccare
951 3026 1229 3092 mulieres,
1281 3025 1405 3081 ideo
1455 3025 1775 3097 conjugatas
1823 3024 2021 3079 salvari
2122 3022 2212 3093 qui
2244 3022 2603 3092 Ephesiorum
2631 3024 2921 3094 episcopus
2949 3032 3082 3091 erat,
3126 3025 3195 3079 de
3240 3025 3545 3081 ordinando
3593 3027 3718 3097 epi-

416 3131 583 3188 posse
611 3115 763 3182 dixit,
798 3113 941 3187 quia,
975 3113 1023 3167 si
1052 3113 1121 3168 de
1151 3113 1455 3184 virginibus
1484 3112 1571 3168 vel
1620 3112 1797 3168 viduis
1843 3112 2019 3167 solum
2043 3165 2088 3188 n
2122 3126 2289 3181 scopo
2319 3111 2569 3181 Ephesiis
2597 3112 2900 3180 instrueret,
2952 3128 3075 3168 cum
3125 3129 3191 3168 eo
3234 3113 3309 3168 ibi
3338 3114 3706 3185 episcopante,

418 3165 669 3270 dixisset,
727 3165 1011 3273 putjaretur
1064 3201 1397 3256 intellexisse
1446 3200 1648 3257 salvari
1697 3216 1805 3255 non
1852 3165 2089 3272 posseC
2120 3198 2286 3253 alium
2313 3199 2515 3255 ibidem
2564 3200 2867 3270 episcopari
2916 3201 3215 3256 absurdum
3264 3211 3429 3268 esset,
3461 3218 3563 3259 nec
3592 3219 3715 3259 cre-

418 3291 759 3363 conjugatas,
790 3307 910 3362 quas
939 3306 1059 3346 cum
1088 3288 1364 3345 salvandaa
1395 3289 1521 3359 sint,
1544 3297 1756 3345 constat
1786 3306 1886 3360 per
1914 3290 2018 3345 hoc
2118 3286 2356 3342 dendum
2389 3294 2487 3342 est.
2522 3288 2784 3343 Praeterea
2815 3289 2862 3343 si
2904 3290 2973 3343 de
3023 3290 3344 3345 diaconibus
3387 3300 3718 3362 praeceptum

418 3379 489 3437 de
518 3379 693 3436 salute
722 3379 997 3452 virginum
1042 3386 1094 3434 et
1141 3378 1446 3434 viduarum.
1496 3378 1595 3433 Vel
1641 3377 2016 3433 continuemus
2117 3376 2266 3432 daret
2296 3378 2689 3448 (praetermisso
2717 3379 3039 3434 sacerdotali
3070 3379 3263 3434 ordine
3309 3380 3400 3451 qui
3430 3382 3719 3453 praecedit)

416 3466 575 3524 aliter
606 3486 621 3523 :
651 3467 1045 3524 Licetmulieri
1065 3484 1180 3523 non
1201 3467 1511 3538 permittam
1541 3468 1736 3523 docere
1756 3466 1812 3521 in
1831 3466 2015 3522 Eccle-
2115 3466 2383 3521 absonum
2428 3466 2710 3522 videretur
2746 3474 2799 3522 et
2846 3467 3278 3524 inordinabiliter
3324 3468 3547 3525 factum.
3599 3472 3720 3527 Nec

417 3556 519 3624 sia,
553 3564 732 3612 tamen
758 3557 1090 3622 salvabiiur,
1121 3556 1176 3611 id
1199 3564 1279 3610 est
1296 3556 1496 3627 poterit
1517 3556 1870 3611 salvationem
1901 3572 2013 3610 me-
2115 3554 2311 3609 mirum
2340 3555 2385 3609 si
2414 3571 2512 3625 per
2550 3555 2863 3626 episc0pum
2913 3556 3093 3629 signat
3132 3558 3534 3628 presbyterum,
3584 3574 3712 3615 cum

417 3644 526 3700 reri
553 3661 654 3717 per
681 3646 1109 3717 generationem
1142 3645 1413 3713 ﬁliorum,
1454 3644 1509 3698 id
1557 3651 1637 3699 est
1666 3643 2014 3714 Spiritualiter
2114 3642 2171 3696 in
2198 3643 2301 3698 hac
2326 3644 2521 3699 eadem
2550 3644 2814 3714 Epistola,
2862 3661 2962 3715 per
3015 3646 3393 3716 presbyterum
3442 3646 3719 3717 signiﬁcet

412 3732 733 3789 instruendo
763 3732 910 3787 domi
941 3731 1081 3786 ﬁlios
1111 3748 1258 3797 suos,
1320 3731 1616 3787 salvabitur
1659 3733 1762 3788 hac
1792 3732 1916 3804 lege
1968 3735 2014 3787 si
2115 3731 2449 3802 episcopum.
2483 3733 2550 3787 Et
2582 3731 2708 3802 quia
2740 3732 3009 3788 volentem
3039 3734 3344 3805 episcopari
3366 3734 3718 3805 irreprehen-

415 3820 703 3893 (quantum
732 3820 788 3874 in
816 3819 911 3874 illa
932 3819 1057 3889 erit)
1080 3818 1176 3874 ﬁlii
1205 3820 1322 3888 ejus
1350 3822 1774 3894 permanserint
1797 3822 1860 3875 in
1880 3822 2008 3889 ﬁde,
2114 3819 2329 3874 sibilem
2360 3836 2482 3874 esse
2514 3836 2741 3875 necesse
2774 3829 2874 3886 est,
2909 3821 3033 3876 ideo
3064 3824 3113 3877 si
3142 3824 3271 3895 quis
3287 3823 3565 3879 desiderat
3596 3827 3718 3897 epi-

415 3908 804 3975 etdilectione,
828 3909 1516 3977 etsanctiﬁcatione,cum
1532 3910 1851 3976 sobrietate,
1874 3909 2011 3965 sicut
2112 3913 2426 3979 scopulum,
2459 3908 2515 3963 id
2555 3917 2635 3963 est
2684 3925 2848 3980 super
2894 3910 2995 3964 sibi
3037 3911 3361 3966 commissos
3405 3911 3712 3980 intendere,

413 3996 617 4052 dictum
664 4003 765 4051 est.
2113 3994 2202 4049 hic
2232 3995 2507 4051 desiderat
2537 4012 2645 4051 non
2695 4012 2919 4068 aurum,
2958 4014 3068 4053 non
3116 3998 3349 4065 divitias,
3382 4001 3715 4069 nonjucun-

2109 4082 2333 4138 ditatem
2400 4085 2601 4153 saeculi,
2673 4086 2771 4140 sed
2819 4102 2975 4155 opus,
3038 4087 3092 4141 id
3150 4095 3234 4142 est
3305 4087 3554 4143 laborem
3614 4090 3713 4145 bo-

2109 4120 2333 4138 “¹“⁵“““¹
2400 4120 2601 4153 “Vm”
2673 4120 2771 4140 DV“
2819 4120 2975 4155 υμιω,
3038 4120 3092 4141 lu
3150 4120 3234 4142 ῠδι
3305 4120 3554 4143 ιαυυιειιι
3614 4120 3713 4145 υυ-

2108 4188 2269 4239 num,
2316 4172 2372 4227 id
2430 4181 2513 4227 est
2548 4172 2734 4228 utilem
2804 4175 2904 4229 sibi
2961 4182 3015 4230 et
3068 4174 3154 4229 his
3210 4191 3375 4245 supra
3430 4192 3565 4247 quos
3620 4176 3713 4231 in-

470 4272 509 4321 _¢
543 4251 744 4308 Fidelis
775 4267 974 4308 sermo.
1008 4252 1063 4307 Si
1114 4253 1235 4325 quis
1284 4253 1661 4325 episcopatum
1710 4254 2003 4325 desiderat,
2109 4259 2297 4315 tendit.
2367 4260 2674 4331 Episcopus
2720 4260 2862 4317 enim
2937 4264 3417 4336 superintenden:
3490 4264 3708 4336 dicitur,

416 4360 439 4390 ι
470 4339 673 4394 bonum
704 4355 840 4423 Opus
879 4340 1170 4397 desiderat.
1224 4342 1449 4412 Oportet
1497 4342 1641 4397 enim
1689 4343 2006 4414 episcOpum
2108 4363 2306 4418 scopos
2354 4349 2497 4403 enim
2547 4351 2813 4415 intentio,
2850 4350 2937 4421 epi
2976 4367 3147 4423 super
3197 4351 3602 4423 interpretatur.
3644 4355 3716 4409 Et

423 4451 443 4475 α
477 4418 1009 4498 irreprehensibilem
1056 4445 1178 4485 esse
1224 4430 1382 4485 unius
1431 4430 1618 4486 uxoris
1661 4430 1855 4497 virum,
1909 4447 2004 4486 so-
2107 4436 2360 4507 quoniam
2464 4437 2555 4509 qui
2647 4438 2924 4493 desiderat
2999 4440 3406 4511 episcopatum,
3493 4444 3711 4511 operari

410 4538 433 4563 α
470 4515 669 4583 brium,
720 4524 987 4584 ornatum,
1036 4518 1377 4588 prudentem,
1427 4519 1704 4590 pudicum,
1760 4519 2003 4590 hospita-
2029 4515 2081 4576 D
2117 4524 2347 4581 321
2390 4525 2590 4580 bonum
2623 4526 2916 4595 desiderat,
2947 4544 3080 4600 ergo
3127 4536 3340 4598 oportet
3370 4529 3708 4600 episcopum,

409 4624 432 4655 ι
466 4603 596 4674 lem,
645 4604 941 4674 doctorem,
995 4621 1103 4661 non
1153 4606 1507 4675 vinolentum,
1556 4623 1667 4662 non
1713 4623 2009 4677 percusso-
2110 4612 2166 4668 id
2196 4620 2277 4667 est
2307 4629 2535 4669 necesse
2565 4622 2647 4669 est
2674 4615 2948 4671 volentem
2978 4616 3285 4686 episc0pari
3314 4632 3437 4672 esse
3467 4617 3707 4688 irrepre-

408 4711 433 4744 ι
467 4708 602 4762 rem,
648 4693 745 4749 sed
794 4694 1125 4763 modestum,
1175 4710 1284 4749 non
1332 4693 1653 4767 litigiosum,
1686 4711 1797 4750 non
1849 4696 2007 4767 cupi-
2108 4699 2450 4769 hensibilem,
2486 4703 2614 4773 quia
2646 4702 2691 4757 si
2722 4703 3253 4776 sitreprehensibilis
3283 4706 3523 4778 quandiu
3555 4707 3610 4761 in
3638 4723 3708 4764 eo

404 4802 429 4830 ι
463 4780 612 4848 dum,
646 4780 744 4836 sed
776 4797 889 4837 suae
916 4781 1098 4836 domui
1130 4781 1269 4837 bene
1299 4783 1672 4853 przepositum,
1723 4781 1862 4839 ﬁlios
1910 4784 2007 4839 ha-
2108 4796 2207 4853 est,
2243 4789 2445 4844 bonum
2473 4790 2691 4861 operari
2719 4793 2925 4863 nequit.
2971 4793 3515 4863 lrreprehensibilem
3547 4805 3707 4852 vocat

404 4890 427 4916 α
462 4868 683 4924 bentem
749 4868 997 4923 subditos
1045 4883 1166 4925 cum
1233 4869 1383 4924 omni
1451 4869 1713 4926 castitate.
1781 4871 1837 4925 Si
1884 4872 2005 4944 quis
2106 4876 2305 4931 nullius
2350 4877 2646 4933 criminalis
2702 4895 2880 4947 reum,
2939 4880 3052 4952 qui,
3114 4882 3275 4936 etiam
3321 4882 3448 4938 licet
3494 4884 3706 4939 crimen

401 4979 424 5004 α
461 4965 640 5012 autem
684 4956 869 5011 domui
893 4972 1005 5011 suae
1033 4972 1275 5026 praeesse
1323 4958 1517 5023 nescit,
1570 4959 1843 5029 quomodo
1892 4960 2002 5016 Ec-
2103 4979 2213 5018 non
2243 4966 2456 5033 habeat,
2489 4966 2725 5022 custodit
2756 4983 2815 5023 se
2862 4968 2941 5025 sic
2989 4970 3135 5040 quod
3165 4985 3267 5026 nec
3315 4970 3370 5024 in
3418 4986 3485 5025 eo
3522 4971 3707 5044 aliqua

400 5065 424 5096 ι
460 5044 644 5099 clesia:
670 5044 771 5099 Dei
820 5043 1160 5115 diligentiam
1190 5044 1465 5100 habebit?
1491 5047 1613 5101 Non
1646 5048 1998 5120 neophytum,
2103 5051 2344 5107 criminis
2394 5055 2608 5109 occasio
2654 5054 2924 5123 videatur,
2978 5058 3124 5112 unde
3172 5058 3493 5113 criminosus
3530 5043 3703 5130 suspi-

400 5154 421 5180 α
459 5147 528 5186 ne
557 5131 614 5185 in
646 5131 961 5201 superbiam
991 5131 1185 5202 elatus,
1219 5132 1273 5186 in
1318 5132 1579 5201 judicium
1627 5134 1831 5191 incidat
1877 5137 1999 5191 dia-
2101 5148 2273 5195 cetur.
2309 5142 2467 5197 Hunc
2498 5150 2681 5197 autem
2712 5143 3049 5215 episcopum,
3085 5145 3138 5198 id
3177 5153 3258 5200 est
3307 5147 3580 5203 volentem
3608 5164 3703 5203 sa-

396 5242 419 5268 α
456 5219 588 5274 holi.
627 5218 855 5289 Oportet
884 5227 1064 5274 autem
1097 5228 1150 5275 et
1196 5220 1347 5275 illum
1400 5223 1765 5279 testimonium
1796 5225 2001 5281 habere
2099 5228 2343 5285 cerdotio
2372 5229 2546 5302 fungi,
2582 5239 2795 5301 oportet
2825 5231 2994 5286 fuisse
3025 5235 3211 5289 virum
3261 5236 3434 5290 unius
3478 5237 3699 5305 uxoris,

396 5328 420 5359 ι
457 5307 659 5362 bonum
691 5307 758 5361 ab
788 5307 873 5361 his
902 5307 992 5379 qui
1024 5306 1154 5363 foris
1182 5317 1324 5378 sunt,
1358 5317 1416 5365 ut
1436 5327 1545 5366 non
1566 5311 1620 5366 in
1642 5313 1997 5383 opprobrium
2099 5318 2246 5388 quod
2275 5334 2436 5372 unam
2464 5326 2672 5373 tantum
2702 5336 2927 5375 uxorem
2960 5322 3112 5391 (dum
3141 5322 3243 5376 sibi
3274 5324 3493 5378 uxorari
3522 5324 3697 5395 licuit)

395 5416 418 5446 ι
453 5395 673 5463 incidat,
709 5404 762 5450 et
791 5394 845 5449 in
876 5395 1131 5467 laqueum
1169 5398 1392 5454 diaboli.
1445 5400 1719 5455 Diaconos
1750 5401 1998 5457 similiter
2095 5404 2360 5461 habuerit.
2394 5407 2516 5461 Non
2549 5407 2694 5478 quod
2724 5407 2777 5461 in
2812 5409 3125 5479 episcopatu
3173 5426 3296 5465 eam
3343 5412 3561 5479 habeat,
3607 5394 3700 5469 vel

316 5556 321 5559 _
393 5506 415 5532 α
450 5483 699 5555 pudicos,
732 5500 844 5539 non
872 5484 1162 5557 bilingues,
1216 5503 1325 5543 non
1359 5489 1527 5543 multo
1580 5489 1707 5545 vino
1756 5490 1989 5559 deditos,
2096 5495 2241 5563 quod
2273 5494 2319 5549 si
2347 5494 2553 5549 nullam
2582 5495 2792 5560 habuit,
2827 5497 3099 5568 repudiari
3147 5498 3358 5565 debeat,
3392 5501 3489 5554 sed
3517 5501 3698 5573 magis

392 5592 416 5623 ι
451 5587 562 5627 non
590 5578 749 5644 turpe
777 5572 987 5628 lucrum
1018 5582 1308 5642 sectantes,
1361 5576 1628 5632 habentes
1671 5577 1992 5648 mysterium
2092 5580 2284 5651 accipi.
2337 5582 2466 5638 Ideo
2516 5582 2635 5638 viro
2680 5583 2968 5639 multarum
3024 5601 3255 5640 uxorum
3308 5595 3472 5659 negat
3509 5572 3697 5644 sacer-

393 5682 415 5709 u
449 5659 578 5719 ﬁdei
606 5660 662 5718 in
692 5662 1026 5721 conscientia
1052 5679 1208 5738 pura.
1239 5664 1310 5721 Et
1355 5663 1412 5720 hi
1459 5672 1642 5722 autem
1686 5665 1991 5738 probentur
2088 5669 2315 5739 dolium,
2348 5670 2495 5744 quia,
2530 5670 2625 5728 illo
2674 5670 2850 5727 soluto
2880 5688 2911 5728 a
2951 5673 3133 5745 priore
3182 5690 3373 5743 uxore,
3425 5691 3551 5733 cum
3598 5693 3695 5735 se-

2773 1864 3095 1905 EXPOSI‘I’IO.
