3932 6426
173 362 264 417 ut

813 352 1193 410 EXPOSI’I‘IO
1233 353 1307 409 IN
1342 349 1726 409 EPISTOLAS
1763 349 1989 407 PAULI.
2021 380 2087 392 —
2130 353 2204 408 IN
2248 352 2468 410 EPIST.
2518 352 2542 408 Ι
2577 351 2672 408 AD
2711 350 2853 406 TlM.

3389 356 3496 412 442

179 483 372 540 cundas
401 481 626 552 nuptias
657 479 943 545 contraxit,
968 478 1227 535 indicavit
1258 494 1318 534 se
1350 477 1630 534 continere
1675 489 1786 530 non
1805 476 1860 536 A
1890 481 2110 548 oportet
2139 494 2256 534 esse
2283 479 2536 550 pudicos,
2563 476 2619 532 id
2679 485 2760 532 est
2811 478 3066 535 custodes
3111 477 3398 544 castitatis,
3449 487 3502 535 et

183 588 358 645 posse,
389 569 828 626 incontinentem
856 576 1035 622 autem
1061 567 1363 638 episcopari
1393 583 1502 621 non
1546 565 1692 620 licet.
1722 565 1792 619 Et

185 670 240 716 ut
271 656 772 730 irreprehensibilis
797 657 902 722 sit,
941 661 1159 729 Oportet
1195 658 1516 728 episcoPum
1551 670 1667 710 esse
1699 669 1792 707 so-

187 751 364 806 brium
388 755 444 803 et
466 747 662 812 verbo,
697 753 750 800 et
780 760 964 816 opere.
991 745 1341 800 Prudentem
1357 744 1519 798 etiam
1541 743 1632 814 qui
1655 742 1794 797 sciat

187 839 251 893 de
294 839 559 891 thesauro
611 833 854 906 pectoris
885 832 966 887 sui
995 848 1192 888 novam
1231 840 1285 889 et
1312 840 1554 888 veterem
1609 831 1792 903 legem

194 926 440 999 proferre
455 966 467 979 .

259 1016 491 1085 Oportet
515 1013 680 1067 etiam
700 1028 829 1066 eum
861 1026 983 1066 esse
1014 1027 1131 1066 non
1158 1010 1534 1078 vinolentum,
1554 1008 1672 1080 jugi
1702 1023 1794 1079 po-

193 1104 392 1158 tatione
419 1101 768 1156 dissolutum.
793 1102 912 1156 Non
933 1099 1095 1154 etiam
1115 1115 1498 1170 percussorem
1519 1095 1794 1168 corporali

191 1190 566 1264 percussione,
601 1189 763 1243 habet
790 1188 933 1243 enim
965 1187 1232 1258 spiritalia
1263 1203 1435 1252 arma,
1467 1187 1666 1258 quibus
1714 1184 1794 1240 uti

189 1281 344 1334 debet
372 1287 563 1334 contra
593 1277 959 1344 adversarios,
993 1276 1217 1331 verbum
1247 1275 1456 1331 scilicet
1482 1275 1600 1339 Dei,
1622 1289 1794 1345 quare

190 1383 292 1423 non
324 1374 545 1438 oportet
575 1382 700 1421 eum
727 1365 803 1419 uti
846 1364 1226 1436 corporalibus
1255 1363 1440 1418 armis.
1495 1364 1619 1418 Non
1658 1379 1792 1434 per-

188 1471 488 1521 cussorem,
514 1455 611 1510 sed
638 1455 974 1519 modestum,
1009 1453 1060 1506 id
1090 1459 1172 1507 est
1203 1452 1368 1508 totius
1396 1450 1792 1506 moderationis

186 1545 488 1601 custodem.
527 1542 756 1614 Oportet
787 1557 911 1597 eum
948 1557 1071 1596 esse
1103 1558 1218 1598 non
1261 1540 1590 1610 litigiosum,
1624 1539 1680 1594 id
1710 1546 1794 1593 est

184 1649 288 1688 non
354 1632 667 1687 convicium
723 1646 820 1701 pro
877 1629 1125 1686 convicio
1182 1629 1519 1694 reddentem,
1563 1628 1661 1682 sed
1722 1627 1794 1682 ad

185 1721 362 1778 omnia
391 1721 710 1792 patientem.
744 1721 865 1775 Non
894 1719 1056 1774 etiam
1095 1718 1384 1791 cupidum,
1414 1733 1484 1771 ne
1523 1716 1793 1787 cupiditas

1894 566 2327 638 nonbilingues,
2379 567 2434 621 id
2487 575 2570 622 est
2609 581 2719 621 non
2763 566 2902 622 inter
2943 568 3141 624 fratres
3196 567 3502 624 discordias

1895 653 2248 720 seminantes,
2283 672 2398 711 non
2443 656 2658 711 deditos
2694 657 2878 710 multo
2913 659 3063 718 vino,
3114 672 3222 730 quo
3279 656 3500 728 quidem

1895 743 2078 798 sobrie
2101 743 2226 799 licet
2254 744 2330 798 uti
2364 763 2379 812 ;
2412 761 2528 800 non
2549 748 2834 800 sectantes
2857 749 3020 818 turpe
3049 746 3296 811 lucrum,
3317 753 3376 799 ut
3396 759 3499 801 nec

1894 831 2164 898 fenerent,
2219 848 2322 888 nec
2372 833 2758 906 negotientur;
2787 833 3056 890 habentes
3101 833 3262 889 etiam
3291 837 3502 905 myste-

1892 923 2066 990 rium,
2100 921 2154 975 id
2185 929 2268 975 est
2286 929 2555 977 secretum
2587 923 2742 991 ﬁdei,
2781 929 2838 976 ut
2895 929 3231 993 cognoscant
3279 922 3372 977 illa
3405 937 3498 976 se-

1894 1017 2042 1064 creta
2094 1009 2220 1064 fidei
2279 1018 2502 1076 nostrzn,
2565 1027 2689 1082 quae
2748 1009 3065 1080 simplicitas
3112 1010 3260 1082 vulgi
3300 1025 3501 1081 capere

1891 1113 2003 1152 non
2033 1096 2244 1153 sufﬁcit.
2281 1099 2644 1154 Diaconorum
2674 1099 2817 1154 enim
2863 1098 3098 1154 ofﬁcium
3128 1107 3208 1154 est
3255 1115 3500 1172 evange-

1891 1186 2060 1241 lizare
2135 1187 2340 1242 verbun
2404 1186 2504 1241 Dei
2558 1187 2810 1258 populo:
2847 1187 3089 1244 322
3139 1187 3193 1242 in
3238 1188 3392 1256 cujus
3421 1187 3501 1242 rei

1893 1276 2115 1347 signum
2138 1276 2370 1330 traditur
2389 1276 2468 1330 eis
2486 1276 2846 1347 Evangelium
2875 1277 2944 1330 ad
2973 1276 3286 1350 legendum.
3313 1275 3502 1344 Quare

1893 1371 2106 1435 oportet
2129 1365 2209 1419 eis
2239 1371 2368 1419 nota
2396 1380 2520 1419 esse
2557 1379 2762 1421 arcana
2791 1363 2918 1420 fidei
2965 1364 3056 1436 qui
3108 1364 3178 1419 de
3217 1364 3324 1421 fide
3372 1373 3502 1421 sunt

1893 1452 2126 1508 docturi.
2162 1454 2230 1507 Et
2259 1452 2386 1507 licet
2413 1454 2532 1509 hac
2575 1453 2759 1508 omnia
2803 1453 3055 1519 habeant,
3105 1461 3288 1509 tamen
3347 1461 3500 1511 ante-

1894 1557 2056 1612 quam
2076 1541 2415 1608 ordinentur,
2449 1543 3022 1614 probenturprimum
3057 1541 3498 1615 interrogationi-

1892 1631 1994 1684 bus
2016 1630 2140 1695 illis,
2174 1629 2373 1701 quibus
2404 1637 2528 1684 ante
2558 1631 2782 1685 ordines
2835 1631 3012 1686 solent
3040 1631 3392 1704 interrogari,
3443 1639 3503 1688 ut

1892 1718 2045 1772 illud.
2080 1718 2174 1773 Vis
2209 1735 2433 1774 servare
2487 1718 2786 1774 castitatem
2821 1727 2876 1774 et
2921 1718 3166 1775 similia?
3195 1719 3262 1773 Hi
3309 1719 3496 1791 utique

184 1810 474 1882 prohibeat
503 1825 628 1864 eum
661 1808 802 1864 bona
830 1807 1095 1863 Ecclesim
1144 1821 1378 1879 erogare
1407 1805 1463 1860 in
1492 1821 1786 1876 pauperes,
1809 1833 1862 1894 B
1891 1807 2208 1879 probentur,
2261 1816 2315 1862 et
2381 1807 2629 1862 similiter
2677 1808 2995 1863 sacerdotes
3042 1808 3111 1862 de
3164 1808 3360 1880 quibus
3393 1808 3499 1865 hoc

182 1916 409 1972 quorum
442 1897 772 1970 patrimonia
802 1904 945 1966 sunt,
977 1912 1087 1952 non
1134 1895 1360 1967 propria
1387 1895 1787 1966 episcoporum.

183 1987 408 2059 Oportet
441 1986 611 2042 etiam
641 2002 763 2040 eum
803 1985 970 2039 fuisse
1001 1986 1137 2040 bene
1183 1986 1552 2056 praepositum
1600 1983 1791 2038 domui

182 2093 310 2140 suae,
334 2075 484 2147 quod
513 2075 781 2145 privatam
809 2073 1072 2128 familiam
1104 2087 1259 2127 suam
1308 2073 1450 2127 bene
1489 2071 1791 2128 coercuerit

182 2180 213 2219 a
241 2165 554 2237 quibusque
605 2163 784 2229 vitiis;
817 2178 920 2217 nec
968 2161 1143 2217 solum
1181 2161 1445 2232 reliquam
1500 2160 1785 2227 familiam,

1891 1911 1999 1950 non
2015 1894 2373 1967 praemiserat.
2411 1898 2482 1952 Et
2511 1899 2592 1952 sic
2622 1895 2843 1951 demum
2872 1895 3106 1951 ordinati
3134 1897 3494 1964 ministrent,

1889 1984 1945 2039 id
1966 1991 2049 2040 est
2077 2000 2168 2039 res
2185 1983 2449 2040 Ecclesiae
2469 1983 2520 2038 in
2556 1984 2884 2040 necessariis
2914 1984 3104 2040 usibus
3148 1984 3495 2050 distribuant,

1890 2080 1948 2128 ut
1977 2074 2032 2128 in
2062 2072 2198 2128 cibis
2228 2088 2530 2144 pauperum
2553 2081 2604 2129 et
2635 2072 2923 2128 similibus.

1963 2162 2232 2217 Statutum
2261 2161 2406 2216 enim
2458 2161 2558 2217 fuit
2607 2161 2768 2217 etiam
2819 2162 2875 2216 in
2903 2162 3170 2233 primitiva
3228 2162 3494 2228 Ecclesia,

182 2254 274 2308 sed
302 2254 475 2309 etiam
498 2253 649 2322 ﬁlios
671 2253 969 2307 habentem
989 2252 1260 2319 subditos,
1291 2250 1348 2305 id
1379 2257 1460 2305 est
1486 2249 1578 2321 qui
1607 2264 1709 2304 nec
1732 2249 1788 2305 in
1889 2259 1947 2305 ut
1977 2251 2053 2304 illi
2085 2259 2294 2321 septem
2312 2250 2530 2306 diaconi
2555 2266 2646 2305 res
2663 2250 3060 2307 ecclesiasticas
3080 2259 3134 2306 et
3168 2251 3498 2307 domesticas

182 2342 301 2396 ﬁliis
333 2341 666 2398 coercendis
694 2348 922 2411 paterna
957 2338 1241 2394 affectione
1268 2339 1530 2410 deceptus
1553 2338 1638 2393 sit.
1671 2339 1790 2393 Nec
1889 2339 2274 2410 disponerent,
2319 2339 2652 2411 pauperibus
2707 2339 3078 2395 ministrarent
3108 2341 3254 2407 (Act.
3305 2355 3382 2406 vr,
3414 2341 3491 2410 2),

184 2432 253 2485 ita
282 2431 407 2486 dico
427 2437 492 2484 ut
517 2437 643 2501 post
673 2437 941 2500 patratum
962 2428 1150 2484 vitium
1181 2427 1483 2483 correxerit
1525 2443 1659 2494 eos;
1691 2426 1787 2481 sed
1889 2437 2017 2497 etc.,
2051 2435 2109 2482 ut
2164 2428 2396 2499 apostoli
2452 2428 2762 2496 hujusmodi
2827 2429 2975 2484 curis
3031 2427 3210 2496 soluti,
3269 2427 3498 2482 liberius

185 2535 302 2576 cum
342 2521 508 2576 omni
527 2521 814 2583 castitate,
849 2517 905 2571 id
935 2524 1018 2571 est
1047 2516 1192 2572 omni
1222 2515 1531 2588 integritate
1549 2524 1782 2580 servata,
1888 2525 2147 2572 vacarent
2179 2516 2573 2587 praedicationi.
2612 2517 2770 2572 Unde
2799 2517 2978 2572 adhuc
3027 2517 3072 2571 si
3103 2517 3228 2585 jure
3283 2515 3362 2585 fit,
3396 2531 3497 2588 per

185 2609 300 2680 quia
317 2609 460 2663 adeo
484 2607 761 2662 districtus
811 2605 908 2660 fuit
935 2605 988 2658 in
1043 2605 1289 2660 custodia
1347 2604 1582 2658 filiorum
1640 2604 1786 2675 quod
1886 2621 2082 2660 manus
2113 2605 2472 2660 diaconorum
2513 2604 2814 2660 ministeria
2853 2605 3253 2660 distribuuntur
3293 2605 3495 2661 Eccle-

183 2697 248 2752 ad
294 2705 476 2753 actum
527 2695 750 2750 sceleris
807 2696 886 2750 eis
942 2694 1236 2765 pervenire
1294 2709 1403 2748 non
1462 2693 1629 2749 licuit.
1694 2693 1786 2749 Sic
1887 2694 2112 2750 siarum.
2145 2693 2448 2748 Ministrent
2469 2693 2594 2749 dico
2617 2710 2735 2749 non
2771 2693 3041 2750 habentes
3059 2695 3246 2750 ullum
3271 2695 3494 2750 crimen

187 2786 445 2842 scientem
479 2800 728 2855 prmesse
762 2783 947 2837 domui
979 2798 1108 2848 suae,
1126 2783 1326 2837 bonum
1357 2781 1511 2836 estin
1542 2782 1791 2837 sacerdo-
1886 2791 2028 2847 actu,
2066 2798 2169 2839 nec
2209 2782 2374 2837 etiam
2421 2782 2754 2853 suspicione,
2814 2789 2960 2836 tanta
3003 2782 3150 2837 enim
3205 2782 3489 2854 vigilantia

182 2874 305 2928 tium
343 2873 677 2944 promoveri.
714 2872 822 2927 Sed
851 2873 900 2926 si
926 2873 1050 2944 quis
1093 2873 1274 2927 nescit
1303 2886 1539 2942 praeesse
1559 2871 1786 2941 privatae
1886 2873 2089 2927 debent
2108 2887 2168 2925 se
2197 2870 2638 2941 circumspicere,
2685 2871 2832 2942 quod
2860 2870 3206 2926 occasionem
3253 2887 3362 2927 non
3390 2871 3495 2926 ha-

181 2963 367 3019 domui
397 2979 538 3027 sum,
574 2961 629 3014 in
659 2976 762 3032 qua
781 2975 956 3030 pauca
975 2959 1320 3030 disponenda
1342 2967 1486 3026 sunt,
1519 2959 1784 3031 quomodo
1888 2962 2013 3015 beat
2061 2959 2254 3026 hostis,
2307 2960 2394 3014 vel
2446 2959 2711 3030 suspicari
2755 2959 3037 3015 criminale
3075 2959 3204 3031 quid
3245 2959 3315 3015 de
3362 2959 3490 3014 illis.

181 3050 265 3106 hic
292 3051 521 3106 habebit
543 3052 920 3122 diligentiam,
953 3049 1007 3104 id
1030 3058 1110 3104 est
1131 3048 1446 3120 diligentem
1478 3049 1785 3104 custodiam
1884 3050 2009 3104 Non
2043 3049 2310 3104 habentes
2332 3048 2559 3116 crimen,
2594 3047 2737 3102 idem
2757 3055 2841 3103 est
2862 3049 3008 3119 quod
3040 3065 3203 3120 supra
3245 3049 3321 3104 ait
3351 3051 3496 3105 irre-

181 3139 439 3196 Ecclesiaz
471 3141 591 3207 Dei,
625 3139 678 3192 in
710 3153 817 3210 qua
845 3145 920 3193 tot
950 3146 1001 3193 et
1044 3144 1194 3192 tanta
1231 3137 1583 3208 procuranda
1599 3137 1785 3191 sunt?
1818 3191 1861 3210 η
1884 3138 2340 3210 prehensibilem.
2389 3137 2488 3192 Hic
2506 3137 2699 3191 inserit
2712 3144 3047 3208 praaceptum
3083 3137 3152 3193 de
3172 3136 3495 3192 mulieribus

182 3227 387 3282 Praeter
418 3227 683 3298 praedicta
714 3234 924 3297 Oportet
951 3243 1075 3281 eum
1103 3244 1219 3281 non
1242 3242 1366 3280 esse
1415 3227 1780 3298 neophytum,
1816 3225 1863 3252 ν
1884 3234 2010 3282 ante
2039 3234 2232 3296 etpost
2264 3241 2435 3296 agens
2464 3225 2534 3280 de
2575 3225 2916 3290 diaconibus,
2953 3225 3098 3298 quod
3146 3225 3494 3281 intersertum

181 3315 231 3369 id
260 3325 341 3371 est
362 3316 582 3371 noviter
614 3330 960 3380 conversum,
997 3331 1087 3379 ne,
1125 3315 1169 3370 si
1198 3315 1373 3370 adhuc
1402 3314 1553 3368 rudis
1592 3314 1645 3368 in
1676 3313 1783 3369 fide
1883 3315 1988 3369 nisi
2017 3315 2088 3370 ad
2109 3314 2372 3370 diaconos
2401 3314 2752 3385 aliquomodo
2780 3314 3069 3385 pertineat,
3103 3314 3496 3371 inconveniens

179 3413 566 3474 promoveatur
597 3404 649 3458 in
709 3404 1090 3470 sacerdotium,
1124 3405 1314 3459 elatus
1359 3406 1422 3459 in
1463 3403 1784 3476 superbiam
1881 3404 1971 3460 hic
2003 3404 2138 3458 ordo
2160 3403 2399 3458 videtur.
2440 3404 2509 3459 Ut
2549 3410 2728 3458 autem
2769 3403 2917 3474 quod
2970 3403 3044 3458 ait
3076 3403 3144 3458 de
3177 3403 3496 3459 mulieribus

179 3494 467 3566 cogitando
496 3509 702 3559 secum,
746 3493 802 3548 Si
854 3493 1019 3548 modo
1061 3508 1170 3548 non
1225 3508 1405 3547 essem
1465 3507 1780 3559 conversus,
1883 3493 2273 3549 convenienter
2312 3493 2574 3547 insertum
2642 3491 2934 3560 judicetur,
3008 3493 3087 3548 sic
3132 3492 3494 3563 exponimus:

179 3598 282 3637 non
311 3590 460 3638 esset
489 3590 684 3654 praeter
723 3598 811 3637 me
862 3583 952 3654 qui
996 3581 1163 3638 sciret
1197 3597 1438 3652 praeesse
1496 3581 1778 3646 Ecclesiae,

179 3671 251 3727 sic
282 3671 654 3743 superbiendo
682 3672 905 3727 incidat
935 3672 997 3726 in
1019 3672 1325 3742 judicium,
1359 3670 1413 3724 id
1443 3678 1526 3726 est
1554 3671 1782 3726 damna-

178 3761 373 3815 tionem
403 3760 645 3828 diaboli,
679 3760 770 3831 qui
799 3776 899 3830 per
956 3759 1267 3830 superbiam
1327 3759 1615 3814 damnatus
1660 3759 1778 3826 fuit,

181 3857 235 3902 ut
263 3858 315 3905 et
334 3849 424 3904 hic
456 3851 766 3920 neophytus
797 3848 1044 3904 similiter
1081 3864 1182 3919 per
1212 3848 1522 3918 superbiam
1555 3849 1781 3903 damne-

179 3946 278 3992 tur.
309 3939 506 4010 Neque
561 3940 680 3993 hiec
728 3937 906 3992 solum
971 3937 1288 3993 necessaria
1361 3945 1487 3992 sunt
1526 3937 1624 4001 illi,
1682 3938 1781 3992 sed

178 4029 344 4082 etiam
366 4031 608 4098 oportet,
630 4027 682 4080 id
706 4034 788 4082 est
814 4041 1042 4082 necesse
1065 4033 1146 4080 est
1165 4027 1334 4081 illum
1348 4025 1549 4082 habere
1571 4026 1780 4082 bonum

179 4118 589 4182 testimonium,
623 4131 731 4170 non
776 4114 950 4170 solum
984 4130 1016 4169 a
1047 4113 1316 4181 fidelibus,
1347 4115 1445 4170 sed
1493 4117 1670 4171 etiam
1713 4115 1780 4170 ab

177 4205 256 4259 his
284 4209 378 4277 qui
408 4209 550 4260 sunt
569 4205 729 4275 foris,
767 4203 822 4258 id
851 4212 934 4258 est
952 4211 1102 4258 extra
1118 4202 1300 4270 fidem,
1326 4203 1532 4260 scilicet
1560 4204 1630 4258 ab
1651 4203 1779 4257 inﬁ-

175 4292 400 4360 delibus,
429 4299 496 4350 ut
525 4310 640 4348 non
663 4293 882 4347 incidat
905 4294 967 4346 in
989 4293 1368 4364 opprobrium,
1392 4292 1518 4363 quia
1550 4292 1593 4346 si
1617 4293 1779 4348 modo

182 4380 425 4437 infideles
454 4381 679 4436 videant
726 4380 878 4434 illum
918 4380 1258 4436 sacerdotem
1309 4379 1528 4446 factum,
1575 4381 1778 4451 pradi-

173 4478 379 4525 cantem
408 4471 643 4525 verbum
675 4469 804 4535 Dei,
868 4469 1241 4524 conviciantur
1294 4469 1342 4524 ei
1380 4469 1624 4525 dicentes
1656 4484 1668 4524 :
1700 4470 1779 4524 Tu

1882 3583 2143 3638 Mulieres
2176 3597 2295 3653 quae
2335 3589 2517 3651 nupta:
2545 3579 2746 3636 fuerint
2787 3581 2871 3634 his
2903 3581 2996 3652 qui
3043 3581 3099 3635 in
3147 3581 3496 3637 diaconatum

1880 3676 2291 3741 promoventur,
2324 3670 2600 3725 similiter
2619 3676 2834 3740 oportet
2854 3685 2979 3725 esse
3027 3669 3285 3741 pudicas,
3320 3668 3374 3724 id
3411 3678 3496 3726 est

1881 3775 2111 3815 necesse
2139 3766 2222 3814 est
2270 3757 2511 3830 profiteri
2547 3758 2868 3826 castitatem,
2912 3758 3052 3812 sicut
3077 3758 3223 3813 viros
3269 3773 3484 3813 earum.

1881 3848 2076 3904 Melius
2106 3848 2249 3902 enim
2281 3855 2429 3903 esset
2463 3855 2520 3902 ut
2540 3863 2664 3902 cum
2693 3847 2825 3901 viris
2866 3847 2922 3901 in
2953 3847 3199 3903 castitate
3252 3846 3494 3920 conjugii

1880 3945 2184 4007 manerent,
2238 3951 2400 4010 quam
2435 3943 2704 4008 separatas
2763 3952 2796 3991 a
2825 3936 2960 3992 viris
3016 3935 3290 4008 impudice
3335 3936 3494 3993 vive-

1879 4033 2022 4081 rent.

1950 4117 2019 4170 Et
2038 4114 2162 4170 ideo
2212 4114 2314 4171 viri
2358 4131 2545 4170 earum
2575 4130 2688 4171 non
2729 4113 3071 4186 recipiantur
3109 4115 3166 4170 in
3218 4114 3491 4183 Ecclesia,

1879 4203 1987 4258 nisi
2017 4211 2070 4259 et
2098 4203 2352 4259 mulieres
2383 4219 2571 4260 eorum
2601 4202 2964 4275 profiteantur
2992 4204 3320 4273 castitatem,
3354 4219 3491 4277 quas

1879 4307 1988 4348 non
2009 4292 2186 4347 solum
2217 4293 2446 4363 pudicas
2497 4309 2621 4348 esse
2643 4301 2874 4364 oportet,
2929 4294 3027 4349 sed
3057 4293 3222 4349 etiam
3259 4309 3376 4349 non
3397 4293 3492 4350 de-

1881 4382 2194 4447 trahentes,
2228 4380 2357 4452 quia
2378 4381 2424 4435 si
2454 4381 2778 4436 detractioni
2819 4389 3035 4450 vacant,
3067 4380 3262 4435 melius
3299 4380 3492 4436 fuisset

1880 4486 2003 4524 esse
2035 4485 2158 4526 cum
2188 4469 2338 4535 viris,
2374 4469 2467 4541 qui
2512 4470 2855 4540 corrigerent
2896 4485 3012 4525 eas.
3051 4469 3283 4541 Oportet
3327 4469 3489 4525 etiam

173 4559 256 4628 qui
277 4559 438 4630 paulo
469 4566 598 4613 ante
631 4557 918 4624 furabaris,
957 4558 1324 4624 adulterabas,
1359 4565 1486 4627 etc.,
1513 4559 1692 4628 jactas
1718 4566 1771 4614 te
1793 4555 1844 4614 D
1877 4575 1970 4614 eas
1992 4575 2115 4613 esse
2145 4558 2357 4616 sobrias
2388 4558 2444 4613 in
2473 4558 2621 4627 cibo,
2645 4558 2700 4613 in
2736 4566 2865 4629 potu
2895 4566 2947 4613 et
2975 4559 3032 4613 in
3085 4558 3302 4613 vestitu.
3336 4558 3487 4614 Sicut

173 4648 328 4702 modo
383 4647 707 4719 magistrum
738 4654 1007 4712 nostrum,
1042 4647 1095 4700 in
1127 4647 1281 4716 cujus
1311 4662 1404 4702 ore
1436 4647 1600 4702 etiam
1632 4648 1771 4703 bona

171 4735 592 4807 contemptibilia
625 4743 765 4790 sunt.
801 4735 900 4791 Hic
929 4743 1105 4790 autem
1137 4737 1242 4792 hoc
1270 4735 1526 4802 audiens,
1569 4752 1770 4792 accen-

173 4839 260 4878 sus
286 4825 364 4879 ira
419 4825 631 4879 alterna
659 4824 850 4879 reddat
883 4824 1195 4894 Opprobria,
1234 4833 1287 4880 et
1331 4825 1438 4881 hoc
1473 4826 1639 4881 modo
1681 4826 1770 4880 in-

172 4912 308 4967 cidat
337 4914 392 4967 in
418 4913 677 4984 laqueum
727 4912 951 4978 diaboli,
996 4913 1085 4984 qui
1115 4913 1184 4967 iis
1205 4913 1346 4968 dolis
1393 4913 1601 4969 laborat
1651 4914 1770 4970 illa-

171 5016 362 5071 queare
391 5017 541 5057 eum.
604 4999 785 5069 Quare
831 5009 1044 5071 oportet
1091 5018 1214 5056 eum
1271 5002 1361 5074 qui
1417 5010 1772 5074 promovetur

171 5087 222 5142 in
239 5089 630 5156 sacerdotium,
665 5089 822 5144 etiam
855 5105 976 5145 cum
1000 5089 1238 5144 inﬁdelis
1264 5090 1382 5158 fuit,
1409 5091 1532 5146 aine
1550 5091 1772 5163 querela

172 5187 539 5233 conversatum
572 5177 741 5232 fuisse
770 5177 908 5233 inter
939 5195 1088 5233 suos.

238 5265 435 5334 Quales
464 5267 816 5338 presbyteros
842 5276 1094 5338 Oportere
1126 5283 1249 5323 esse
1270 5268 1524 5335 diximus,
1559 5276 1772 5340 oportet

174 5368 286 5407 esse
314 5356 576 5411 diaconos
607 5355 840 5420 sobrios,
875 5364 928 5410 et
975 5363 1170 5411 caetera
1201 5373 1320 5428 qum
1364 5373 1471 5412 non
1530 5357 1768 5427 reponit.

174 5439 269 5495 Per
296 5443 397 5499 hoc
436 5443 585 5515 quod
613 5443 686 5496 ait
713 5443 962 5499 similiter
990 5444 1342 5517 intelligenda
1373 5462 1492 5518 esse
1530 5445 1586 5500 in
1616 5446 1772 5502 ordi-

171 5529 378 5586 natione
447 5531 804 5586 diaconorum
857 5531 1200 5603 significavit,
1247 5534 1338 5604 qui
1381 5535 1516 5590 ordo
1574 5549 1768 5604 parum

174 5617 430 5690 dignitate
459 5621 790 5692 discrepata
829 5621 1164 5678 sacerdotio.
1206 5623 1496 5690 Diaconos,
1531 5622 1772 5695 inquam,

1872 4647 2034 4702 etiam
2073 4648 2267 4716 ﬁdeles
2321 4649 2385 4703 in
2425 4648 2701 4712 omnibus,
2756 4647 2812 4702 id
2861 4655 2944 4702 est
2987 4645 3427 4716 justificationem
3455 4663 3488 4702 a

1870 4736 2134 4808 peccatis,
2163 4753 2323 4808 quam
2380 4752 2481 4808 per
2517 4735 2683 4792 fidem
2731 4743 3080 4808 acceperunt,
3132 4735 3340 4793 salvam
3385 4752 3491 4809 per

1872 4825 2052 4881 omnia
2083 4827 2473 4882 custodientes.
2507 4826 2606 4882 Vel
2633 4826 2746 4881 ita:
2780 4825 2996 4882 Fideles
3015 4825 3125 4880 sint
3139 4825 3482 4894 inomnibus,

1873 4915 2018 4986 quod
2047 4915 2092 4969 si
2123 4915 2254 4987 quid
2303 4915 2373 4971 de
2418 4915 2807 4971 ecclesiasticis
2852 4914 3206 4972 committitur
3260 4915 3367 4971 illis
3405 4915 3490 4987 (ut

1871 5003 2186 5058 ministrare
2213 5003 2572 5076 pauperibus)
2617 5002 2854 5060 fideliter
2909 5011 3293 5078 exsequantur.
3345 5006 3485 5061 Dia-

1873 5109 2040 5148 cones
2065 5093 2226 5148 etiam
2243 5094 2385 5159 sint,
2411 5093 2467 5148 id
2487 5101 2570 5148 est
2597 5093 2925 5149 fuerintviri
2948 5094 3124 5150 unius
3154 5094 3376 5163 uxoris,
3389 5096 3488 5168 qui

1873 5182 2014 5252 ﬁliis
2052 5183 2174 5238 suis
2203 5183 2339 5238 bene
2363 5186 2649 5255 praesunt,
2683 5187 2741 5238 et
2785 5185 2902 5239 suis
2933 5183 3207 5248 domibus,
3247 5182 3390 5239 sicut
3418 5183 3488 5240 de

1876 5271 2136 5342 episcopo
2167 5270 2267 5325 fuit
2293 5271 2619 5342 expositum.
2655 5270 2754 5326 Vel
2784 5271 2830 5326 si
2861 5271 3038 5342 placet
3076 5271 3332 5327 mulieres
3364 5272 3487 5327 dia-

1875 5359 2127 5425 conissae,
2176 5359 2382 5414 scilicet
2439 5359 2722 5425 moniales,
2787 5359 3039 5416 similiter
3091 5367 3306 5431 oportet
3361 5377 3487 5417 esse

1877 5447 2123 5518 pudicas,
2165 5455 2294 5514 etc.,
2322 5447 2462 5504 sicut
2491 5448 2636 5504 dicta
2684 5455 2828 5503 sunt.
2887 5449 2971 5502 Ne
3024 5457 3202 5504 autem
3262 5449 3487 5505 cuilibet

1877 5535 2102 5591 difficile
2132 5551 2255 5591 esse
2274 5537 2553 5591 videretur
2580 5536 2657 5592 sic
2689 5553 2749 5591 se
2780 5552 3096 5608 preparare
3112 5552 3210 5608 pro
3231 5537 3487 5592 habendo

1876 5625 2190 5696 diaconatu,
2214 5626 2290 5679 ait
2325 5639 2338 5680 :
2370 5625 2494 5680 Non
2551 5624 2620 5679 sit
2675 5624 2831 5679 vobis
2885 5640 3179 5682 onerosum
3235 5624 3372 5680 tales
3431 5631 3486 5680 et
