3932 6448
447 380 551 435 H3

995 380 1053 436 S.
1094 378 1450 436 BRUNONIS
1488 378 2135 436 CARTHUSIANORUM
2172 376 2655 436 INSTITUTORIS
2684 378 2845 461 ΑΟΡΡ.
2886 378 3064 436 PARS
3101 379 3168 435 Il.

3641 381 3746 443 ιιι

446 505 585 561 tales
613 504 729 561 fieri
761 512 816 560 ut
873 505 1018 561 hunc
1054 504 1297 561 ordinem
1346 503 1748 574 conscendatis,
1797 506 1927 578 quia
1955 505 2051 577 qui
2076 505 2131 565 Δ
2149 510 2393 558 mentum
2413 503 2785 576 praedicatum
2806 507 2891 560 est
2910 504 3170 574 gentibus
3196 503 3263 558 ab
3292 503 3574 576 apostolis,
3614 520 3743 560 cre-

447 594 583 650 bene
611 601 665 648 et
692 593 951 666 religiose
972 594 1437 649 ministraverint
1456 594 1511 648 in
1532 593 1843 660 diaconatu,
1860 594 2046 665 acqui-

449 687 582 738 rent
608 699 713 755 per
737 682 842 737 hoc
872 682 977 737 sibi
1007 682 1281 752 majorem
1320 682 1582 753 gradum,
1620 682 1842 747 bonum,
1876 680 1930 735 id
1962 689 2045 735 est

449 770 636 825 utilem
666 768 788 836 sibi,
821 769 1261 840 presbyteratum
1276 770 1486 826 scilicet
1515 786 1612 825 seu
1641 769 2035 840 episcopatum.

449 858 518 913 Et
548 858 592 912 si
625 857 765 913 forte
813 873 922 913 non
981 865 1210 929 accepto
1266 857 1458 927 majori
1497 857 1673 930 gradu
1720 856 2041 922 moriantur,

452 945 582 1017 qnia
609 946 749 1001 bene
803 945 1251 1001 ministraverunt
1306 945 1361 1000 in
1404 946 1714 1011 diaconatu,
1765 944 2049 1016 acquirent

457 1034 727 1103 multam,
761 1032 816 1088 id
839 1041 922 1089 est
950 1033 1263 1104 multiplicis
1310 1033 1440 1088 boni
1495 1032 1784 1102 ﬁduciam,
1843 1032 2047 1088 scilicet

455 1122 696 1177 caelestis
730 1137 743 1175 :
776 1123 840 1177 in
867 1122 996 1191 ﬁde,
1014 1121 1069 1176 id
1098 1129 1180 1176 est
1203 1120 1486 1190 justiﬁcari
1507 1138 1606 1192 per
1633 1120 1798 1176 fidem
1826 1125 2045 1194 quaeest

454 1212 519 1265 in
552 1209 770 1265 Christo
785 1212 934 1266 Jesu.
960 1209 1058 1264 Vel
1078 1210 1169 1276 ita,
1198 1217 1257 1263 ut
1281 1209 1569 1281 quamdam
1599 1209 1866 1280 privatam
1886 1208 2047 1264 fidem

455 1296 843 1369 intelligamus.
879 1299 969 1354 Sic
998 1298 1275 1369 acquirent
1304 1296 1559 1353 fiduciam
1587 1298 1642 1352 in
1672 1296 1798 1365 fide,
1830 1305 2049 1369 quaeest

457 1385 514 1440 in
544 1385 759 1441 Christo
788 1386 939 1453 Jesu,
994 1386 1049 1440 id
1083 1394 1166 1440 est
1194 1386 1249 1440 in
1286 1401 1523 1457 persona
1550 1384 1689 1440 Filii.
1736 1385 1885 1440 Licet
1937 1400 2047 1440 non

451 1473 507 1528 in
536 1489 645 1529 una
674 1489 910 1545 persona
939 1474 1095 1544 plena
1126 1472 1262 1528 fides
1293 1474 1380 1539 sit,
1415 1474 1513 1529 sed
1542 1472 1597 1527 in
1627 1474 1817 1528 tribus.
1863 1472 2048 1528 Fidem

449 1562 721 1633 privatam
748 1562 802 1617 in
832 1562 1046 1618 Christo
1076 1562 1222 1626 dicit,
1246 1561 1395 1634 quod
1424 1578 1523 1633 per
1545 1562 1972 1631 redemptionem
1997 1569 2050 1616 et

454 1658 673 1719 cmtera,
708 1667 829 1723 quae
857 1650 1080 1721 propria
1108 1665 1358 1721 personae
1407 1649 1525 1705 Filii
1555 1657 1712 1703 sunt:
1736 1650 1960 1704 confidit
1989 1665 2049 1704 se

452 1738 674 1794 salvari.
699 1740 806 1795 Hoc
828 1739 895 1793 de
916 1737 1108 1793 ordine
1131 1736 1454 1792 sacerdotali
1471 1736 1756 1792 etlevitico
1787 1746 1839 1791 et
1854 1744 2051 1793 caetera

452 1826 632 1883 scribo
665 1827 786 1892 tibi,
808 1828 895 1895 fili
953 1826 1254 1891 Timothee,
1303 1841 1539 1898 sperans
1558 1841 1648 1881 me
1695 1834 1873 1881 tamen
1901 1826 2051 1897 (licet
2077 1853 2131 1914 B

451 1915 616 1969 modo
654 1914 750 1969 tibi
781 1914 1163 1982 scribam)cito
1193 1916 1385 1970 venire
1406 1915 1478 1969 ad
1511 1918 1585 1971 te.

523 2002 627 2058 Ubi
656 2002 729 2056 ait
756 2019 815 2057 se
849 2003 1089 2059 scribere
1111 2016 1237 2057 cum
1265 2001 1371 2057 cito
1400 2002 1469 2056 sit
1497 2010 1777 2067 venturus,
1825 2002 2051 2057 multam

454 2091 836 2146 necessitatem
875 2091 956 2156 (ut
984 2090 1340 2145 observentur
1386 2106 1449 2145 ea
1506 2106 1627 2162 qua:
1661 2090 1907 2145 scribens
1942 2092 2049 2145 im-

452 2179 630 2250 perat)
660 2195 760 2249 per
788 2179 894 2234 hoc
922 2177 1112 2232 innuit.
1147 2176 1265 2232 Cito
1302 2177 1520 2249 quidem
1577 2194 1739 2249 spero
1782 2194 1870 2233 me
1911 2195 2049 2234 ven-

450 2273 631 2321 turum
661 2267 733 2321 ad
761 2273 852 2333 te;
884 2267 979 2322 sed
1012 2267 1061 2322 si
1084 2266 1222 2322 forte
1257 2267 1572 2333 tardavero,
1627 2266 1822 2333 scribo,
1856 2270 1922 2322 ut
1952 2282 2052 2337 per

454 2355 560 2411 hoc
580 2357 729 2411 scias
763 2355 1027 2428 quomodo
1061 2361 1316 2430 oporteat
1350 2361 1403 2412 te
1440 2358 1763 2413 conversari
1790 2356 1853 2410 in
1892 2357 2049 2412 domo

454 2445 573 2510 Dei,
597 2444 651 2498 id
673 2451 756 2499 est
784 2452 985 2516 quanta
1012 2445 1292 2516 vigilantia
1312 2444 1589 2501 custodire
1620 2444 1819 2499 debeas
1837 2442 2045 2508 fideles,

454 2531 509 2586 in
530 2532 725 2603 quibus
745 2533 892 2588 Deus
920 2540 980 2587 ut
1008 2533 1063 2587 in
1083 2533 1247 2589 domo
1267 2533 1490 2588 habitat.
1509 2532 1577 2586 Et
1608 2531 1732 2604 quia
1760 2532 1953 2586 domus
1981 2532 2051 2586 de

454 2620 644 2691 paucis
674 2620 782 2677 dici
812 2622 1004 2691 possit,
1037 2622 1188 2676 addit
1220 2639 1233 2675 :
1269 2622 1401 2689 Qum
1428 2621 1623 2675 domus
1663 2624 1747 2675 est
1778 2621 2048 2689 Ecclesia,

454 2708 511 2764 id
540 2716 623 2765 est
650 2708 706 2763 in
727 2726 831 2781 qua
860 2710 1007 2765 Deus
1036 2710 1234 2765 multos
1254 2710 1323 2765 ad
1356 2708 1519 2765 fidem
1561 2708 1895 2765 convocavit.
1947 2709 2053 2764 Ec-

451 2797 617 2852 clesia
645 2797 768 2854 dico
797 2799 897 2854 Dei
920 2800 1048 2867 vivi,
1082 2798 1138 2853 id
1167 2806 1249 2854 est
1270 2798 1362 2870 qui
1390 2798 1550 2853 vitam
1581 2805 1859 2862 aaternam,
1890 2812 2051 2868 quam

452 2885 635 2950 habet,
668 2886 761 2941 dat
793 2902 906 2941 suae
936 2886 1220 2942 Ecclesiae.
1253 2886 1385 2955 Quae
1412 2885 1658 2941 Ecclesia
1687 2892 1769 2939 est
1798 2885 2054 2940 columna

458 2974 760 3030 secundum
790 2974 1059 3045 quosdam
1099 2973 1288 3030 firmos
1335 2982 1388 3029 et
1428 2974 1662 3029 directos
1699 2972 1756 3027 in
1782 2971 1911 3039 fide,
1958 2973 2053 3044 qui

457 3063 726 3118 columna
755 3061 1006 3117 dicuntur
1033 3070 1294 3134 quantum
1350 3062 1422 3116 ad
1471 3077 1549 3115 se.
1600 3062 2053 3116 Firmamentum

458 3149 622 3204 etiam
652 3151 915 3205 veritatis
946 3149 1215 3217 dicuntur,
1268 3156 1527 3221 quantum
1563 3149 1633 3203 ad
1681 3148 1817 3203 alios
1845 3147 2054 3204 debiles

458 3237 516 3292 in
535 3237 661 3304 fide,
694 3238 806 3309 qui,
841 3237 944 3292 nisi
988 3237 1336 3293 ﬁrmarentur
1385 3236 1636 3309 exemplo
1695 3245 1748 3293 et
1795 3238 2052 3292 exhorta-

456 3325 606 3381 tione
643 3326 888 3393 istorum,
949 3325 1245 3381 titubarent
1282 3326 1337 3380 in
1367 3325 1514 3393 fide;
1547 3326 1603 3379 in
1651 3341 1756 3397 qua
1803 3325 2055 3381 Ecclesia

465 3414 702 3471 323
734 3423 815 3469 est
841 3422 1263 3485 sacramentum,
1311 3414 1366 3469 id
1409 3422 1489 3469 est
1519 3413 1764 3470 Christus
1811 3431 1824 3468 :
1857 3418 1915 3470 et
1953 3416 2051 3471 hoc

456 3508 882 3561 sacramentum
891 3505 1144 3576 pietatis,
1158 3503 1214 3557 id
1226 3510 1308 3557 est
1319 3503 1481 3558 totius
1492 3502 1770 3575 religionis
1780 3519 2052 3573 magnum

398 3624 403 3629 -
458 3597 562 3660 est,
584 3592 708 3665 quia
734 3592 1124 3664 magnitudinis
1152 3592 1269 3661 ejus
1298 3607 1410 3646 non
1440 3599 1523 3646 est
1560 3590 1702 3645 finis.
1750 3593 1841 3646 Est
1870 3591 2052 3662 utique

457 3682 561 3737 hoc
589 3689 992 3737 sacramentum
1011 3681 1067 3735 in
1096 3695 1163 3736 ea
1189 3679 1553 3744 manifestum,
1578 3678 1634 3733 id
1673 3686 1751 3733 est
1783 3694 2052 3750 apparens

459 3786 557 3841 per
583 3770 755 3824 multa
784 3769 1051 3825 miracula
1082 3786 1203 3841 quae
1230 3777 1485 3840 Operatur
1509 3769 1658 3823 Deus
1682 3784 1781 3838 per
1808 3768 2055 3823 membra

461 3856 752 3914 Ecclesiae.
793 3857 1037 3913 Christus
1083 3856 1153 3913 ab
1174 3872 1240 3912 ea
1261 3857 1609 3912 similitudine
1653 3863 2052 3911 sacramentum

462 3945 676 4015 dicitur,
710 3945 867 4002 sicuti
897 3945 999 4000 sub
1028 3945 1199 4002 veteri
1256 3946 1379 4018 lege
1436 3945 1679 4018 quaedam
1711 3951 2055 4000 sacramenta

461 4033 518 4088 in
537 4034 738 4105 templo
786 4034 1213 4090 recondebantur
1269 4051 1388 4106 quae
1447 4050 1559 4090 non
1614 4033 1810 4089 licebat
1863 4031 2053 4087 videre

460 4116 680 4193 populo,
716 4121 869 4177 sicin
900 4121 1117 4178 Christo
1148 4122 1275 4178 licet
1311 4123 1477 4177 multa
1533 4122 1837 4185 videantur,
1869 4127 2053 4175 tamen

460 4210 631 4265 multa
650 4209 704 4264 in
733 4226 798 4266 eo
828 4211 1100 4267 absconsa
1131 4219 1253 4266 sunt
1300 4227 1419 4283 quae
1461 4210 1606 4265 nulla
1627 4216 1874 4265 creatura
1895 4224 2051 4264 com-

458 4299 803 4370 prehendere
831 4299 1042 4355 sufl‘icit.
1073 4301 1476 4356 Sacramenlum
1505 4306 1687 4353 autem
1724 4314 1813 4352 res
1850 4303 2051 4367 myste-

458 4387 556 4442 riis
584 4387 823 4444 involuta
887 4388 1102 4444 dicitur.
1162 4388 1322 4456 Quod
1382 4395 1799 4454 sacramentum,
1860 4384 1917 4439 id
1972 4391 2053 4439 est

459 4475 723 4543 Christus,
756 4478 1191 4549 manifestatum
1218 4481 1302 4533 est
1328 4478 1392 4532 in
1429 4491 1623 4542 carne,
1658 4475 1784 4545 quia
1812 4488 1913 4543 per
1933 4488 2052 4527 ver-

460 4565 593 4619 bum
616 4565 718 4621 Dei
741 4565 1101 4634 incarnatum,
1133 4566 1307 4621 deitas
1338 4563 1738 4638 quodammodo
1787 4577 1889 4632 per
1921 4576 2050 4616 car-

446 4670 583 4719 ,nem
610 4654 839 4709 visibilis
869 4655 1014 4711 facta
1035 4663 1155 4722 est;
1189 4671 1330 4726 quae,
1372 4653 1476 4708 nisi
1518 4651 1575 4705 in
1608 4666 1802 4716 carne,
1835 4649 2052 4720 penitus

456 4742 743 4797 invisibilis
803 4750 937 4798 erat.
1004 4743 1119 4798 Hoc
1183 4743 1307 4798 ideo
1365 4747 1783 4805 sacramentum,
1856 4738 1912 4791 id
1969 4744 2052 4792 est

459 4830 702 4886 Christus
719 4833 1103 4903 justi/iculum
1119 4835 1221 4896 est,
1241 4845 1350 4885 non
1379 4829 1524 4901 quod
1536 4834 1820 4899 peccatum
1837 4825 2051 4880 habue-

460 4920 547 4989 rit,
602 4920 699 4974 sed
743 4921 906 4975 homo
961 4920 1053 4976 ille
1109 4935 1273 4991 quem
1332 4919 1480 4973 Deus
1533 4915 1824 4986 assumpsit
1872 4914 2052 4982 justus

460 5006 638 5063 factus
670 5014 752 5063 est
778 5010 842 5064 in
859 5010 1085 5081 spiritu,
1117 5007 1173 5062 id
1202 5014 1283 5062 est
1303 5022 1403 5077 per
1432 5004 1700 5075 spiritum,
1723 5002 1928 5059 scilicet
1957 5017 2054 5072 per

463 5095 715 5151 deitatem
760 5097 1032 5152 counitam
1063 5095 1185 5160 sibi,
1220 5094 1345 5166 quia
1391 5109 1515 5148 cum
1562 5093 1652 5147 alii
1707 5090 1956 5146 homines
1986 5105 2051 5144 ex

460 5184 895 5255 concupiscentia
968 5183 1148 5241 carnis
1214 5181 1611 5252 concipiuntur,
1681 5180 1924 5235 Christus
1978 5192 2053 5231 ex

459 5273 746 5329 dilectione
774 5273 943 5343 patris
988 5277 1284 5341 conceptus
1316 5278 1416 5325 est.
1467 5271 1581 5325 Hoc
1620 5270 1817 5325 iterum
1862 5280 2051 5321 sacra-

457 5370 697 5417 mentum
720 5363 987 5433 apparuit
1008 5361 1244 5431 angelis,
1296 5358 1348 5413 id
1398 5367 1480 5414 est
1526 5358 1652 5414 fecit
1704 5373 1763 5412 se
1808 5354 2052 5411 Christus

459 5449 721 5523 cognosci
740 5449 809 5502 ab
824 5449 1059 5520 angelis,
1084 5465 1183 5519 per
1202 5449 1318 5504 haec
1340 5464 1460 5520 quae
1480 5448 1644 5502 homo
1660 5446 1834 5502 factus
1855 5458 2051 5515 opera-

458 5546 544 5594 tus
575 5546 659 5593 est
687 5537 742 5592 in
763 5536 940 5591 terris.
969 5536 1065 5591 His
1121 5536 1264 5592 enim
1300 5536 1453 5603 visis,
1511 5536 1739 5591 multum
1795 5533 2049 5605 profece-

460 5634 584 5681 runt
625 5623 807 5698 angeli
863 5624 931 5679 de
986 5625 1297 5700 cognitione
1356 5625 1478 5693 Dei,
1531 5638 1640 5680 non
1688 5624 1832 5679 enim
1869 5627 2053 5682 omnia

456 5713 718 5791 mysteria
756 5712 995 5771 revelata
1056 5714 1267 5773 fuerant
1321 5713 1447 5769 illis.
1499 5715 1615 5771 Hoc
1656 5713 1819 5770 etiam
1864 5729 2051 5771 sacra-

2146 590 2330 645 ditum
2350 595 2434 647 est
2456 591 2617 647 etiam
2648 593 2710 647 in
2737 592 2967 657 mundo,
2997 591 3233 646 mundus
3253 592 3399 647 enim
3423 593 3536 661 jam
3566 591 3744 648 credit

2143 678 2203 732 in
2232 678 2522 734 Christum.
2554 682 2921 753 Assumptum
2954 684 3041 735 est
3084 680 3246 735 etiam
3274 681 3337 736 in
3384 681 3588 752 gloria,
3649 680 3743 735 ubi

2146 767 2299 822 sedet
2326 768 2381 822 in
2413 769 2636 829 dextera
2664 769 2856 836 Patris,
2891 768 3301 825 occurrentibus
3332 768 3409 823 illi
3440 768 3658 841 angelis
3684 768 3742 823 in

2147 854 2235 910 die
2266 857 2605 913 ascensionis
2636 872 2768 913 sum.
3614 870 3617 877 '

2774 998 2998 1053 CAPUT
3028 997 3118 1053 IV.

2223 1132 2246 1162 ι
2281 1111 2513 1182 Spiritus
2542 1121 2721 1168 autem
2771 1112 3058 1168 manifeste
3114 1114 3263 1181 dicit,
3311 1112 3438 1185 quia
3466 1112 3522 1167 in
3550 1113 3744 1169 novis-

2153 1222 2176 1246 α
2211 1199 2363 1254 simis
2392 1200 2730 1270 temporibus
2757 1201 3039 1256 discedent
3069 1202 3291 1273 quidam
3319 1216 3353 1256 a
3380 1200 3507 1268 fide,
3561 1209 3744 1257 atten-

2155 1310 2177 1335 ιι
2214 1288 2405 1342 dentes
2427 1288 2707 1358 spiritibus
2724 1289 2945 1353 erroris,
2970 1296 3024 1343 et
3042 1288 3302 1343 doctrinis
3321 1289 3740 1356 daemoniorum,

2153 1398 2176 1423 α
2212 1376 2266 1429 in
2298 1376 2574 1446 hypocrisi
2616 1376 2954 1448 loquentium
2990 1376 3355 1444 mendacium,
3388 1385 3443 1433 et
3470 1377 3746 1434 canteria-

2153 1486 2175 1509 α
2213 1471 2317 1517 tam
2352 1464 2663 1518 habentium
2687 1481 2842 1519 suam
2885 1465 3294 1534 conscientiam,
3342 1465 3746 1537 prohibentium

2154 1571 2177 1601 ι
2212 1551 2442 1617 nubere,
2492 1552 2769 1608 abstinere
2795 1569 2826 1607 a
2865 1553 3002 1609 cibis
3045 1569 3184 1625 quos
3214 1554 3363 1609 Deus
3391 1554 3614 1620 creavit,
3672 1554 3747 1609 ad

2155 1662 2178 1686 α
2211 1640 2619 1711 percipiendum
2640 1657 2763 1696 cum
2793 1642 3093 1713 gratiarum
3146 1642 3357 1698 actione
3384 1640 3655 1709 fidelibus,
3690 1650 3747 1698 et

2155 1747 2178 1777 ι
2212 1727 2299 1781 his
2327 1729 2419 1800 qui
2449 1738 2825 1800 cognoverunt
2853 1731 3153 1785 veritatem.
3185 1730 3325 1798 Quia
3350 1729 3529 1786 omnis
3585 1746 3745 1786 crea-

2155 1824 2330 1870 «tura
2389 1817 2490 1872 Dei
2545 1818 2689 1873 bona
2746 1829 2847 1884 est,
2907 1826 2961 1874 et
3014 1819 3148 1873 nihil
3192 1818 3544 1886 rejiciendum
3598 1821 3749 1890 quod

2155 1922 2176 1947 «ι
2212 1916 2336 1954 cum
2368 1901 2662 1971 gratiarum
2716 1902 2930 1958 actione
2984 1902 3307 1973 percipitur.
3369 1901 3748 1959 Sanctificatur

2155 2009 2177 2038 ι
2212 1987 2354 2043 enim
2385 2004 2484 2058 per
2529 1989 2757 2043 verbum
2799 1989 2899 2044 Dei
2957 1998 3010 2043 et
3062 1991 3384 2046 orationem.
3433 1990 3563 2046 Haec
3606 2006 3745 2062 pro-

2154 2098 2176 2122 α
2214 2091 2425 2145 ponens
2478 2075 2764 2142 fratribus,
2825 2078 2999 2131 bonus
3051 2078 3161 2132 eris
3244 2077 3493 2133 minister
3548 2078 3749 2134 Christi

2154 2185 2176 2209 α
2214 2164 2363 2229 Jesu,
2410 2164 2678 2219 enutritus
2717 2165 2905 2220 verbis
2962 2165 3089 2221 fidei
3144 2175 3196 2221 et
3247 2166 3406 2222 bona
3463 2148 3744 2233 doctrinas,

2155 2267 2377 2322 «quam
2432 2261 2714 2309 assecutus
2774 2269 2854 2308 es.
2913 2255 3129 2325 Ineptas
3193 2262 3376 2309 autem
3431 2262 3484 2309 et
3553 2254 3747 2310 inanes

2155 2361 2177 2385 α
2211 2338 2451 2411 [aniles.,
2484 2341 2526 2395 i.
2561 2357 2611 2396 e.
2640 2340 3017 2415 infructuosas]
3048 2342 3261 2397 fabulas
3289 2342 3471 2398 devita
3499 2343 3574 2413 (II
3603 2344 3744 2398 Tim.

2155 2449 2176 2473 α
2214 2442 2273 2493 ιι,
2301 2429 2413 2498 23).
2449 2430 2659 2484 Exerce
2690 2438 2873 2485 autem
2904 2430 3134 2501 teipsum
3163 2431 3233 2485 ad
3271 2431 3548 2502 pietatem.
3606 2431 3749 2486 Nam

2155 2536 2177 2561 α
2214 2515 2516 2585 corporalis
2545 2517 2857 2573 exercitatio
2880 2519 2947 2572 ad
2976 2519 3251 2575 modicum
3273 2518 3420 2573 utilis
3440 2527 3540 2575 est.
3563 2518 3748 2574 Pietas

2156 2624 2178 2649 α
2217 2610 2397 2657 autem
2428 2605 2497 2658 ad
2528 2605 2705 2659 omnia
2737 2606 2883 2660 utilis
2912 2614 3017 2667 est.
3072 2606 3493 2676 promissionem
3539 2606 3748 2662 habens

2157 2712 2178 2736 σε
2214 2690 2355 2757 vitae,
2390 2708 2512 2762 qua:
2541 2708 2687 2749 nunc
2719 2701 2821 2759 est,
2853 2702 2906 2748 et
2934 2692 3144 2750 futuras.
3204 2694 3403 2749 Fidelis
3432 2710 3633 2760 sermo,
3696 2703 3751 2751 et

2157 2799 2181 2828 ι
2215 2778 2361 2833 omni
2390 2781 2705 2851 acceptione
2735 2782 2960 2853 dignus.
3001 2783 3060 2836 In
3097 2782 3386 2838 hoc.enim
3430 2782 3751 2838 laboramus

2158 2888 2180 2913 ι
2216 2874 2269 2920 ει
2299 2867 2693 2935 maledicimur,
2737 2870 2865 2941 quia
2897 2886 3179 2940 speramus
3225 2870 3282 2924 in
3309 2870 3483 2926 Deum
3537 2870 3746 2938 vivum,

2158 2976 2179 3000 «ι
2216 2954 2310 3024 qui
2383 2964 2466 3010 est
2534 2955 2776 3012 salvator
2832 2958 3075 3013 omnium
3152 2957 3451 3028 hominum,
3507 2959 3750 3015 maxime

2160 3062 2182 3091 ι
2217 3041 2485 3099 fidelium.
2516 3045 2757 3116 Praecipe
2770 3047 2887 3101 haec
2898 3053 2951 3101 et
2961 3047 3115 3101 doce.
3129 3048 3303 3101 Nemo
3318 3046 3750 3103 adolescentiam

2159 3152 2181 3176 «ι
2218 3136 2365 3185 tuam
2408 3140 2752 3200 contemnat;
2785 3134 2882 3188 sed
2939 3134 3249 3205 exemplum
3322 3142 3440 3190 esto
3500 3134 3748 3191 ﬁdelium

2081 3202 2128 3263 Ο
2157 3238 2179 3267 ι
2214 3218 2269 3272 in
2302 3220 2491 3286 verbo,
2526 3221 2581 3275 in
2609 3221 3042 3288 conversatione,
3092 3202 3146 3277 in
3195 3223 3473 3289 charitate,
3505 3223 3562 3278 in
3613 3222 3747 3291 fide,

2156 3328 2176 3353 ιι
2213 3306 2267 3360 in
2298 3308 2559 3364 castitate.
2591 3310 2730 3364 Dum
2760 3310 2921 3366 venio
2956 3311 3173 3366 attende
3218 3310 3455 3379 lectioni,
3487 3312 3749 3368 exhorta-

2158 3415 2180 3445 ι
2215 3394 2347 3449 tioni
2377 3403 2431 3451 et
2460 3397 2743 3453 doctrinae.
2775 3398 2900 3453 Noli
2925 3398 3209 3471 negligere
3251 3399 3505 3471 gratiam,
3544 3416 3669 3472 quae
3689 3401 3750 3455 in

2157 3504 2179 3529 ιι
2215 3489 2267 3538 te
2297 3492 2424 3551 est;
2472 3502 2595 3556 quas
2637 3486 2766 3541 data
2821 3495 2902 3541 est
2933 3486 3031 3541 tibi
3072 3502 3170 3557 per
3220 3488 3563 3558 prophetiam
3619 3504 3749 3545 cum

2157 3598 2179 3622 α
2214 3572 2558 3643 impositione
2651 3590 2909 3629 manuum
2970 3574 3276 3645 presbyteri
3355 3574 3747 3649 [presbyterii].

2157 3685 2180 3717 ι
2214 3665 2344 3719 Haec
2380 3661 2671 3727 meditare,
2744 3662 2802 3716 in
2842 3663 2928 3717 his
2987 3671 3125 3729 esto,
3182 3670 3239 3717 ut
3296 3661 3572 3734 profectus
3624 3671 3754 3720 tuus

2157 3773 2181 3804 ι
2218 3749 2536 3806 manifestus
2592 3750 2661 3804 sit
2714 3750 2985 3805 omnibus.
3045 3751 3277 3806 Attende
3334 3751 3480 3807 enim
3535 3751 3633 3806 tibi
3692 3761 3754 3808 et

2157 3863 2178 3887 α
2217 3838 2499 3901 doctrinae,
2533 3838 2673 3892 insta
2701 3838 2756 3892 in
2786 3838 2913 3892 illis.
2955 3839 3072 3894 Hoc
3121 3840 3266 3893 enim
3296 3838 3502 3894 faciens
3546 3847 3602 3894 et
3635 3839 3750 3895 tei-

2157 3952 2178 3975 «ι
2215 3943 2373 4000 psum
2404 3926 2610 3981 salvum
2641 3925 2828 3992 facies,
2863 3934 2917 3982 et
2945 3942 3041 3982 eos
3071 3927 3163 3998 qui
3189 3935 3242 3983 te
3268 3927 3508 3982 audiunt.
3548 3950 3571 3976 ι»

2790 4100 3109 4141 ΕΧΡΟΞΙΤῘΟ.

2247 4219 2329 4273 Ne
2366 4217 2532 4273 modo
2561 4216 2874 4273 Timotheus
2920 4218 3182 4287 objiceret
3240 4217 3406 4273 Paulo
3439 4233 3452 4273 :
3487 4218 3754 4291 quoniam

2154 4314 2362 4362 tantum
2414 4308 2817 4361 sacramentum
2873 4306 2953 4376 (ut
2980 4306 3081 4376 ais)
3112 4308 3166 4360 in
3196 4306 3444 4363 Ecclesia
3472 4314 3573 4373 est,
3635 4323 3755 4364 non

2150 4394 2375 4448 multum
2404 4410 2492 4448 me
2520 4394 2749 4465 vigilare
2779 4401 2991 4464 oportet
3018 4409 3115 4464 pro
3162 4394 3403 4450 custodia
3451 4394 3586 4464 ejus,
3620 4396 3755 4466 quia

2151 4498 2252 4553 per
2274 4483 2379 4537 hoc
2409 4489 2814 4537 sacramentum
2846 4480 3179 4538 sufficienter
3212 4483 3561 4538 custodiatur.
3593 4482 3752 4538 Con-

2079 4553 2229 4624 Dtra
2280 4571 2383 4626 hoc
2410 4571 2609 4625 Paulus
2646 4570 2716 4624 ait
2751 4585 2764 4624 :
2800 4569 2952 4625 Scias
2998 4570 3147 4625 omni
3190 4570 3472 4642 vigilantia
3517 4585 3755 4627 conser-

2152 4658 2384 4713 vandam
2406 4674 2529 4713 esse
2558 4657 2860 4713 Ecclesiam
2890 4658 3108 4727 Christi,
3163 4659 3286 4729 quia
3314 4660 3377 4713 in
3423 4660 3752 4716 novissimis

2155 4746 2491 4818 temporibus
2519 4747 2806 4801 discedent
2826 4747 3053 4818 quidam
3072 4764 3105 4801 a
3124 4746 3256 4815 ﬁde.
3279 4747 3394 4802 Hoc
3436 4753 3613 4802 autem
3633 4763 3755 4804 non

2152 4835 2345 4890 leviter
2374 4849 2406 4888 a
2438 4833 2679 4905 quolibet
2700 4834 2905 4904 accepi,
2940 4835 3038 4889 sed
3069 4836 3316 4907 Spiritus
3345 4842 3566 4891 sanctus
3586 4835 3752 4893 dia-it

2151 4922 2297 4977 mihi
2333 4939 2448 4978 non
2480 4922 2580 4976 sub
2600 4922 2870 4993 aliquibus
2895 4922 3106 4995 figuris,
3139 4923 3237 4977 sed
3266 4926 3589 4994 manifeste,
3613 4924 3752 4994 quia

2152 5011 2207 5066 in
2228 5009 2538 5066 novissimis
2570 5010 2908 5080 temporibus
2937 5011 3219 5066 discedent
3256 5011 3473 5082 quidam
3506 5011 3750 5067 haeretici

2153 5114 2187 5153 a
2215 5097 2323 5154 fide
2354 5098 2962 5168 Christi,attendentes
2992 5100 3287 5171 spiritibus
3318 5102 3543 5165 erroris,
3576 5100 3632 5153 id
3663 5109 3756 5155 est
3800 5106 3809 5111 ”

2152 5185 2489 5241 daemonibus
2516 5185 2860 5257 loquentibus
2890 5203 2987 5256 per
3015 5202 3114 5241 ora
3152 5187 3519 5253 seductorum,
3569 5195 3754 5241 atten-

2152 5275 2344 5329 dentes
2386 5290 2495 5329 non
2552 5281 2760 5329 tantum
2814 5275 3117 5330 rationibus
3173 5291 3382 5341 eorum,
3436 5275 3532 5330 sed
3581 5275 3756 5332 etiam

2154 5363 2447 5429 doctrinis,
2472 5362 2525 5417 id
2538 5370 2621 5417 est
2631 5363 3025 5418 assertionibus
3041 5363 3410 5418 doctrinarum
3430 5363 3751 5419 earumdem

2153 5452 2579 5516 daemoniorum,
2603 5452 2954 5522 loquentium
2970 5451 3331 5507 mendacium
3347 5453 3409 5507 in
3442 5453 3749 5523 hypocrisi,

2151 5540 2207 5594 id
2237 5546 2319 5595 est
2347 5539 2403 5593 in
2430 5539 2768 5594 simulatione
2798 5540 3082 5609 boni,cum
3100 5556 3229 5595 vere
3260 5540 3387 5594 mali
3409 5540 3534 5605 sint,
3555 5545 3612 5595 et
3644 5540 3751 5598 ha-

2152 5629 2406 5685 bentium
2432 5643 2594 5682 suam
2614 5629 3040 5694 conscientiam,
3054 5628 3108 5682 id
3139 5635 3219 5683 est
3235 5626 3475 5683 324
3498 5637 3744 5685 mentem

2152 5730 2305 5772 suam
2329 5715 2489 5770 totuis
2518 5713 2650 5769 mali
2678 5715 2972 5784 consciam,
2993 5718 3393 5784 cauteriafam,
3418 5715 3472 5770 id
3502 5724 3585 5771 est
3613 5716 3754 5774 foris
3784 5742 3799 5753 -
