3932 6492
199 382 308 436 445

883 377 1262 436 EXPOSITIO
1299 379 1374 434 IN
1409 376 1790 434 EPISTOLAS
1826 376 2052 434 PAULI.
2085 407 2154 418 —
2184 378 2260 434 IN
2297 379 2512 436 EPIST.
2555 380 2578 435 Ι
2613 381 2708 436 AD
2746 382 2888 436 ΤῘΜ.

3441 381 3542 436 446

211 503 525 560 manifesta
581 503 870 559 adustione
917 503 1208 576 signatam.
1241 501 1559 558 Cauteriare
1593 519 1622 556 a
1651 517 1836 567 caveo,
1874 502 1925 562 Α
1945 501 2001 555 in
2030 501 2158 570 fide,
2192 502 2372 558 sciens
2404 504 2548 575 quod
2586 503 2643 558 in
2699 504 2970 560 Christum
3000 504 3228 561 credere
3275 511 3538 576 oporteat.

224 611 408 659 caves,
455 593 692 659 dicitur,
731 591 1028 648 cauterium
1060 591 1204 647 enim
1248 591 1460 647 adustio
1491 591 1585 646 illa
1622 591 1840 657 dicitur,

233 700 355 756 quae
400 681 464 736 fit
526 681 890 752 deprehensis
938 679 1166 748 furibus,
1200 687 1260 734 ut
1287 680 1378 751 qui
1434 679 1671 735 viderint
1699 679 1840 745 illos,

236 788 334 843 per
361 772 468 826 hoc
501 769 726 843 signum
757 775 984 824 caveant
1015 768 1120 823 sibi
1151 768 1219 822 ab
1269 767 1396 834 illis,
1431 768 1668 823 scientes
1699 767 1846 838 quod

244 860 390 915 fures
421 867 572 914 sunt.
607 859 692 913 Ab
721 873 783 912 ea
812 857 1164 912 similitudine
1195 857 1326 912 dicit
1355 858 1686 912 habentium
1716 873 1847 913 con-

244 951 554 1005 scientiam
611 948 1014 1013 cauteriatam,
1067 946 1192 1017 quia
1243 945 1450 1000 dolosa:
1497 945 1697 1000 mentis
1735 961 1850 1001 suae

247 1036 499 1109 quaedam
531 1035 690 1106 signa
720 1034 851 1089 foris
884 1033 1150 1100 emittunt,
1209 1050 1308 1105 per
1336 1035 1441 1089 hoc
1499 1034 1628 1105 quia
1657 1033 1850 1104 prohi-

245 1126 376 1181 bent
404 1125 638 1180 nubere.
664 1124 792 1179 Hac
821 1130 903 1178 est
933 1121 1078 1177 enim
1107 1131 1334 1178 coctura
1380 1122 1475 1176 illa
1536 1139 1658 1193 quae
1691 1122 1850 1176 nobis

246 1214 424 1285 aperit
454 1213 659 1267 malum
715 1211 1060 1267 conscientiae
1099 1227 1309 1278 eorum,
1365 1211 1509 1283 quod
1548 1212 1851 1282 prohibent

242 1303 476 1371 nubere,
492 1301 548 1354 id
581 1308 664 1355 est
691 1300 834 1371 quod
853 1299 1172 1370 prmcipiunt
1202 1315 1310 1354 non
1343 1300 1553 1354 nubere
1587 1317 1600 1353 :
1635 1306 1685 1353 et
1714 1315 1852 1369 pra:-

247 1389 568 1462 cipientium
589 1389 766 1443 adhuc
781 1390 1066 1444 abstinere
1093 1405 1129 1443 a
1157 1389 1292 1444 cibis
1314 1403 1448 1456 quos
1470 1391 1617 1443 Deus
1639 1389 1853 1442 creavit

249 1478 327 1534 ad
354 1477 787 1550 percipiendum
809 1477 1087 1545 ﬁdelibus,
1119 1485 1173 1531 et
1203 1477 1306 1532 hoc
1330 1493 1460 1532 cum
1484 1477 1710 1532 actio-ne
1732 1493 1855 1546 gra-

252 1568 494 1634 tiarum,
521 1565 652 1637 quia
708 1565 777 1620 de
823 1566 924 1620 hoc
960 1565 1188 1636 agendae
1217 1573 1342 1620 sunt
1396 1565 1585 1637 gratiae
1617 1565 1855 1620 creatori

251 1657 392 1722 Deo,
438 1670 510 1709 ne
567 1653 705 1709 forte
736 1653 782 1707 si
829 1653 945 1708 sine
1009 1653 1389 1709 benedictione
1446 1653 1855 1724 perciperemus

251 1744 428 1816 (quod
456 1759 604 1813 saepe
636 1742 879 1797 auditum
905 1742 1010 1809 est)
1062 1742 1310 1797 diabolus
1339 1757 1462 1796 cum
1484 1742 1551 1796 iis
1591 1742 1854 1812 ingrede-

251 1842 428 1888 retur.
461 1832 682 1887 Creavit
710 1831 894 1902 utique
925 1831 990 1885 ad
1041 1831 1450 1902 percipiendum
1487 1829 1759 1897 ﬁdelibus,
1797 1835 1856 1886 et

257 1923 363 1988 his,
397 1921 452 1976 id
493 1929 576 1976 est
636 1920 796 1975 etiam
843 1920 1053 1975 eisdem
1082 1919 1283 1974 talibus
1337 1922 1433 1992 qui
1477 1924 1857 1991 cognoverunt

253 2013 578 2079 veritatem,
612 2011 756 2064 hanc
784 2009 991 2064 scilicet
1018 2008 1144 2080 quia
1174 2007 1353 2063 omnis
1373 2015 1620 2064 creatura
1649 2007 1768 2073 Dei,
1803 2008 1858 2061 in

255 2115 324 2156 eo
354 2099 502 2171 quod
531 2115 562 2153 a
593 2099 711 2153 Deo
741 2105 922 2154 creata
949 2105 1062 2163 est,
1124 2097 1270 2152 bona
1300 2104 1351 2152 et
1409 2097 1555 2151 utilis
1585 2103 1683 2150 ‘est
1711 2096 1860 2151 omni

256 2189 363 2244 hoc
394 2186 678 2251 credenti;
711 2186 757 2240 si
780 2193 962 2240 autem
991 2185 1297 2262 nocivaest
1328 2185 1508 2255 alicui,
1541 2192 1596 2239 ut
1613 2185 1856 2249 coluber,

255 2285 554 2348 propterea
582 2275 641 2329 ﬁt
662 2275 789 2347 quia
813 2290 922 2330 non
944 2273 1175 2331 credidit
1203 2274 1400 2330 bonam
1433 2290 1555 2329 esse
1585 2273 1688 2327 sibi
1718 2275 1861 2329 hanc

257 2374 568 2421 creaturam
598 2364 717 2431 Dei,
755 2371 830 2428 ut,
866 2363 913 2417 si
955 2363 1118 2418 modo
1161 2363 1410 2418 crederet
1439 2363 1563 2434 quis
1595 2378 1707 2416 non
1737 2377 1862 2417 esse

258 2455 465 2510 bonum
497 2469 558 2508 se
587 2452 877 2509 comedere
905 2467 1125 2507 carnem
1147 2451 1310 2506 etiam
1341 2451 1566 2518 licitam,
1595 2459 1647 2506 et
1677 2458 1862 2506 tamen

260 2543 592 2608 comederet,
624 2548 899 2612 peccaret,
934 2540 1059 2612 quia
1087 2548 1328 2596 uteretur
1357 2555 1424 2595 eo
1482 2540 1629 2611 quod
1657 2540 1862 2594 bonum

262 2648 386 2688 esse
416 2630 704 2685 dubitaret.
738 2631 1124 2700 Cognoverunt
1156 2628 1320 2684 etiam
1351 2626 1543 2683 ﬁdeles
1572 2628 1708 2681 nihil
1738 2643 1862 2683 esse

261 2719 641 2789 rejiciendum.
676 2718 1016 2773 Determinat
1045 2718 1192 2789 quod
1207 2717 1337 2772 dicit
1357 2732 1464 2771 non
1482 2716 1858 2786 rejiciendum.

265 2809 406 2864 Illud
435 2807 644 2864 scilicet
674 2806 823 2878 quod
852 2806 1166 2878 percipitur,
1189 2805 1244 2860 id
1274 2813 1358 2861 est
1383 2804 1528 2877 quod
1558 2804 1864 2875 percipien-

265 2898 397 2953 dum
427 2905 512 2952 est
555 2911 678 2952 cum
719 2895 933 2951 actione
989 2894 1305 2967 gratiarum,
1334 2909 1445 2948 non
1486 2893 1630 2948 enim
1686 2893 1862 2948 omnis

265 3001 398 3042 caro
445 2985 785 3041 comedenda
814 2991 914 3039 est.
966 2984 1288 3054 Percipere,
1340 2983 1580 3054 inquam,
1616 2989 1668 3036 et
1698 2997 1865 3054 agere

265 3074 478 3147 gratias
506 3075 710 3130 bonum
739 3080 840 3142 est,
873 3075 1006 3145 quia
1033 3079 1283 3128 creatura
1310 3071 1399 3126 illa
1445 3087 1565 3143 quae
1596 3071 1652 3125 in
1681 3071 1865 3126 cibum

269 3164 522 3230 sumitur,
540 3163 942 3231 sanctiﬁcatur
960 3177 1060 3234 per
1082 3161 1329 3227 verbum,
1358 3160 1410 3214 id
1440 3168 1523 3215 est
1547 3176 1649 3230 per
1671 3159 1863 3214 Filium

270 3253 399 3308 Dei.
444 3253 549 3307 Per
601 3250 795 3306 Filium
853 3249 999 3305 enim
1029 3257 1079 3304 et
1107 3249 1288 3304 omnia
1343 3249 1566 3319 creavit,
1599 3256 1653 3304 et
1683 3247 1866 3303 omnia

270 3348 458 3398 creata
481 3339 856 3397 sanctificavit.
901 3337 1278 3394 Sanctificatur
1315 3340 1493 3394 etiam
1527 3354 1628 3410 per
1656 3339 1865 3392 oratio-

270 3446 425 3495 nem,
461 3430 515 3484 id
545 3438 628 3485 est
682 3437 735 3483 et
778 3445 878 3500 per
928 3427 1370 3484 benedictionem
1417 3443 1536 3499 quae
1575 3425 1862 3498 praecedit,

272 3525 331 3576 et
349 3536 453 3593 per
467 3519 787 3591 gratiarum
815 3519 1099 3572 actionem
1164 3532 1285 3588 quae
1317 3516 1579 3587 sequitur.

348 3609 520 3674 Nota,
570 3623 694 3662 cum
729 3607 798 3661 de
856 3614 1102 3676 tempore
1159 3605 1476 3660 Antichristi
1529 3605 1871 3660 Timotheum

271 3697 476 3753 Paulus
529 3696 775 3761 instruat,
826 3695 1002 3748 innuit
1068 3694 1316 3749 membra
1398 3693 1713 3749 Antichristi
1769 3710 1872 3764 per

273 3787 445 3860 longa
470 3794 716 3856 tempora
747 3791 909 3855 caput
938 3799 1098 3838 suum
1124 3784 1459 3854 praecedere.
1507 3781 1684 3837 Innuit
1711 3782 1870 3836 etiam

277 3875 428 3947 quod
466 3875 583 3930 haec
629 3873 912 3928 instructio
968 3872 1117 3927 omni
1171 3871 1454 3937 Ecclesiae,
1489 3879 1542 3926 et
1571 3871 1874 3926 secundum

276 3963 464 4020 omnia
491 3962 674 4018 futura
700 3969 947 4032 tempora
1004 3960 1147 4016 facta
1195 3961 1282 4016 sit.
1314 3963 1438 4016 [hec
1471 3977 1591 4032 quae
1622 3960 1872 4031 superius

275 4054 421 4109 dicta
458 4060 600 4120 sunt,
632 4051 835 4122 nuptiis
865 4066 972 4105 non
1005 4051 1316 4118 detrahere,
1352 4050 1533 4115 cibos,
1567 4065 1703 4121 quos
1726 4051 1874 4104 Deus

276 4143 348 4197 ad
377 4141 786 4213 percipiendum
820 4138 1072 4194 fidelibus
1104 4139 1329 4204 creavit,
1364 4153 1473 4193 non
1507 4138 1792 4209 derogare,
1825 4146 1878 4193 et

279 4240 475 4287 caztera
504 4229 784 4300 praemissa
816 4235 870 4282 tu
905 4243 1242 4300 praponens,
1277 4227 1332 4281 id
1363 4235 1445 4281 est
1471 4226 1526 4282 in
1584 4227 1874 4297 propatulo

277 4335 490 4392 ponens
516 4319 793 4390 fratribus
814 4359 828 4386 ,
860 4316 985 4372 licet
1015 4316 1095 4372 sic
1148 4316 1506 4387 proponendo
1552 4316 1876 4386 quibusdam

279 4408 518 4463 videaris
545 4406 706 4462 nimis
737 4405 1003 4461 remissus
1035 4413 1088 4460 et
1117 4405 1409 4476 indulgens
1438 4404 1763 4474 carnalitati,
1797 4405 1878 4461 sic

279 4507 463 4552 tamen
489 4497 600 4551 eris
615 4497 881 4550 minister
901 4494 1112 4549 Christi
1135 4496 1262 4550 Jesu
1284 4495 1478 4559 bonus,
1509 4493 1560 4548 id
1595 4502 1676 4548 est
1695 4494 1878 4549 utilior

1944 590 2252 645 Enutritum
2281 591 2444 646 etiam
2501 593 2643 647 bona
2683 592 2955 662 doctrina,
2989 593 3043 647 id
3076 601 3156 648 est
3184 593 3543 649 instructione

1943 694 2182 734 morum.
2207 680 2360 735 Talia
2380 695 2626 750 propone
2648 681 2944 750 fratribus;
2977 681 3074 738 sed
3094 681 3306 736 fabulas
3331 681 3542 752 ineptas

1948 785 2069 839 quae
2099 769 2301 822 nullam
2357 769 2637 824 veritatem
2682 771 2908 838 habent,
2966 778 3024 825 ut
3070 771 3139 826 de
3183 771 3546 841 prohibitione

1947 857 2193 912 ciborum
2225 865 2277 912 et
2304 858 2617 928 nuptiarum
2645 877 2658 924 ;
2690 859 2914 929 fabulas
2959 860 3185 930 ineptas
3214 861 3390 915 etiam
3419 861 3548 914 ina-

1948 963 2068 1013 nes,
2094 946 2150 1000 id
2182 953 2263 1001 est
2283 946 2520 1013 inutiles,
2553 963 2694 1018 quae,
2728 946 2856 1002 licet
2875 947 3114 1003 veritatis
3140 947 3548 1002 similitudinem

1949 1042 2168 1090 teneant
2198 1075 2214 1102 ,
2247 1042 2304 1088 ut
2354 1035 2620 1090 reducere
2677 1035 3152 1092 circumcisionem
3176 1078 3190 1106 ,
3224 1036 3343 1091 sine
3399 1036 3548 1090 omni

1949 1123 2176 1178 utilitate
2207 1131 2390 1178 tamen
2421 1131 2544 1177 sunt
2570 1143 2584 1190 ;
2617 1123 2741 1178 illas
2770 1139 2881 1178 non
2911 1123 3087 1179 solum
3145 1125 3286 1180 sicut
3315 1139 3550 1195 praemo-

1950 1212 2049 1266 nui
2076 1212 2393 1278 interdicas,
2427 1212 2525 1266 sed
2546 1211 2753 1280 devita,
2785 1212 2828 1266 si
2851 1212 2973 1284 quis
2993 1212 3120 1267 inde
3140 1219 3321 1269 tecum
3339 1220 3550 1269 secreto

1950 1300 2081 1354 velit
2138 1301 2455 1368 discutere;
2488 1317 2590 1356 nec
2636 1300 2799 1356 etiam
2851 1301 3001 1356 solus
3059 1301 3280 1356 studeas
3335 1302 3389 1356 in
3420 1301 3548 1368 illis,

1953 1389 2051 1461 sed
2073 1389 2253 1459 potius
2284 1406 2486 1446 exerce
2517 1398 2587 1457 te,
2611 1405 2714 1445 nec
2747 1389 2962 1460 partim,
2997 1389 3095 1444 sed
3117 1392 3360 1461 teipsum
3379 1397 3552 1445 totum

1953 1486 2006 1532 et
2034 1493 2288 1548 corpore,
2321 1486 2377 1533 et
2404 1479 2585 1533 animo
2615 1479 2687 1533 ad
2707 1479 2986 1550 pietatem
3011 1523 3023 1544 ,
3059 1478 3112 1532 id
3143 1488 3223 1533 est
3252 1478 3320 1533 ad
3358 1478 3554 1535 doctri-

1953 1581 2080 1620 nam
2103 1574 2155 1620 et
2185 1567 2490 1622 custodiam
2520 1565 2821 1638 religionis,
2856 1575 3021 1638 utque
3043 1575 3190 1622 totus
3219 1566 3430 1622 fortiter
3450 1582 3553 1623 va-

1955 1671 2084 1711 care
2114 1656 2295 1726 possis
2340 1656 2544 1726 pietati,
2578 1672 2646 1710 ne
2679 1672 2840 1726 supra
2870 1655 3096 1711 modum
3153 1671 3373 1712 carnem
3405 1663 3554 1711 tuam

1956 1743 2200 1816 afﬂigere
2230 1745 2384 1800 velis.
2415 1745 2554 1798 Nam
2585 1745 2704 1800 haec
2733 1746 3040 1816 corporalis
3081 1747 3424 1800 exercitatio
3459 1759 3558 1816 per

1883 1859 1937 1920 Β
1953 1832 2161 1920 jejunia
2190 1834 2357 1888 utilis
2387 1833 2628 1904 quidem,
2672 1833 2770 1888 sed
2799 1840 3056 1904 respectu
3086 1833 3301 1904 pietatis
3332 1832 3405 1889 ad
3431 1849 3558 1888 mo-

1960 1919 2152 1975 dicum
2182 1921 2344 1976 valet.
2366 1921 2509 1989 Quid
2532 1921 2677 1975 enim
2697 1922 2920 1992 prodest
2949 1921 3232 1992 praelatum
3251 1921 3331 1976 sic
3349 1937 3407 1976 se
3432 1921 3560 1976 afﬂi-

1957 2025 2108 2079 gere,
2143 2016 2199 2063 ut
2227 2027 2340 2079 prae
2370 2010 2649 2064 debilitate
2679 2010 2860 2066 carnis
2908 2009 3252 2065 instructioni
3307 2010 3557 2065 subdito-

1958 2114 2078 2151 rum
2114 2098 2351 2154 325
2379 2107 2620 2171 nequeat
2662 2100 2900 2155 vacare?
2928 2098 3159 2154 Afﬂictio
3188 2099 3435 2170 corporis
3462 2115 3560 2170 pa-

1960 2203 2082 2240 rum
2112 2195 2195 2242 est
2221 2187 2369 2242 utilis
2397 2202 2410 2241 :
2443 2189 2628 2260 pietas
2679 2192 2896 2256 autem,
2929 2187 2985 2242 id
3013 2195 3097 2242 est
3126 2205 3191 2243 ex
3220 2188 3421 2259 pietate
3450 2187 3560 2242 mi-

1961 2275 2251 2331 serationis
2281 2275 2567 2331 intendere
2604 2275 2842 2332 filiorum
2890 2276 3232 2332 instructioni
3267 2292 3279 2330 :
3311 2278 3447 2343 haec,
3471 2277 3560 2331 in-

1962 2380 2145 2435 quam,
2179 2364 2357 2435 pietas
2414 2366 2581 2421 utilis
2611 2369 2694 2420 est
2723 2385 2742 2433 ,-
2773 2380 2881 2420 non
2939 2365 3006 2419 ad
3054 2365 3331 2437 quaedam,
3365 2365 3462 2420 sed
3489 2366 3562 2420 ad

1962 2454 2174 2508 omnia.
2209 2454 2340 2508 Ideo
2362 2454 2429 2508 de
2477 2452 2771 2509 afﬂictione
2817 2454 3064 2524 corporis
3109 2453 3452 2509 Timotheum
3483 2453 3562 2509 sic

1963 2541 2201 2612 quodam
2231 2541 2394 2597 modo
2455 2542 2738 2613 redarguit
2774 2557 2786 2596 :
2822 2542 2950 2613 quia
2978 2550 3208 2598 noverat
3263 2557 3387 2596 eum
3422 2541 3561 2597 adeo

1957 2630 2226 2699 jejunare,
2261 2638 2312 2685 et
2343 2645 2376 2684 a
2410 2637 2540 2701 potu
2561 2630 2673 2685 vini
2704 2647 2762 2685 se
2781 2631 3055 2700 cohibere,
3081 2631 3225 2702 quod
3247 2631 3562 2686 stomachus

1965 2719 2081 2787 ejus
2099 2719 2223 2773 ideo
2250 2718 2631 2773 debilitaretur
2663 2733 2675 2772 :
2710 2735 2878 2790 quare
2897 2719 3142 2789 praecipit
3162 2719 3239 2773 illi
3259 2719 3312 2773 in
3335 2734 3563 2790 sequen-

1964 2807 2110 2860 tibus
2141 2807 2218 2860 uti
2248 2807 2394 2862 vino.
2422 2805 2556 2875 Qua:
2577 2807 2752 2877 pietas
2780 2815 2862 2862 est
2892 2807 3100 2863 habens
3128 2808 3564 2878 promissionem

1962 2897 2096 2951 vitae
2117 2913 2239 2968 qua:
2257 2913 2414 2952 nunc
2437 2900 2538 2961 est,
2568 2895 2619 2949 id
2645 2903 2729 2950 est
2747 2895 3061 2951 vitationem
3081 2895 3211 2950 mali
3228 2904 3280 2951 et
3301 2911 3563 2968 augmen-

1965 2992 2082 3038 tum
2117 2983 2364 3054 justitiae,
2416 3000 2539 3055 qua:
2569 2984 2624 3038 in
2672 2985 2773 3040 hac
2803 2985 2918 3039 vita
2958 2984 3088 3040 licet
3133 2985 3357 3040 habere.
3390 2984 3565 3040 Habet

1966 3073 2129 3128 etiam
2159 3072 2590 3143 promissionem
2647 3075 2866 3144 futurae
2890 3080 2943 3128 et
2969 3081 3247 3144 perpetuae
3289 3073 3430 3129 vitae.
3465 3073 3566 3130 Hic

1965 3169 2145 3217 autem
2173 3178 2374 3229 sermo,
2411 3178 2574 3232 quem
2641 3161 2752 3216 dixi
2808 3162 3092 3217 intendere
3121 3162 3331 3233 pietati,
3365 3179 3466 3218 nec
3493 3163 3570 3217 ita

1969 3265 2171 3321 corpus
2204 3249 2468 3322 afﬂigere,
2501 3258 2557 3304 ut
2588 3250 2916 3321 impediatur
2945 3250 3142 3322 pietas,
3174 3251 3357 3320 ﬁdelis
3386 3259 3487 3321 est,
3512 3257 3568 3307 et

1970 3347 2050 3395 est
2083 3340 2288 3412 dignus
2319 3341 2476 3395 omni
2520 3341 2846 3412 acceptione
2881 3360 2899 3395 :
2931 3340 3057 3411 quia
3087 3340 3392 3396 confortato
3441 3356 3568 3396 cor-

1969 3444 2104 3500 pore
2135 3428 2345 3484 fovetur
2365 3429 2540 3500 pietas
2572 3428 2716 3482 utilis
2746 3428 2814 3483 ad
2844 3429 3047 3484 omnia.
3094 3427 3357 3500 Quodque
3405 3443 3568 3486 acce—

1969 3526 2119 3588 ptum
2156 3534 2279 3572 esse
2301 3517 2496 3572 debeat
2527 3533 2786 3572 exercere
2805 3517 2872 3572 ad
2891 3518 3144 3588 pietatem
3165 3525 3388 3588 apparet
3406 3517 3565 3573 inde:

1973 3606 2102 3678 quia
2131 3607 2195 3661 in
2226 3608 2346 3676 hoc‘,
2378 3605 2433 3660 id
2466 3613 2548 3660 est
2577 3606 2631 3659 in
2658 3605 2859 3677 pietate
2917 3607 3236 3662 laboramus
3265 3621 3387 3672 nos,
3417 3606 3570 3662 cibos

1973 3695 2041 3750 de
2080 3695 2270 3750 labore
2298 3711 2557 3749 manuum
2607 3703 2937 3766 qumrentes.
2988 3695 3378 3750 Maledicimur
3406 3695 3572 3750 etiam

1979 3785 2049 3839 ab
2075 3783 2385 3839 infidelibus
2421 3799 2434 3837 :
2466 3783 2591 3839 ideo
2617 3785 2750 3856 quia
2805 3800 3099 3857 speramus
3134 3783 3480 3839 intendentes
3507 3785 3572 3840 in

1902 3936 1904 3939 l
1974 3875 2150 3929 Deum
2181 3874 2389 3938 vivum,
2426 3873 2519 3944 qui
2547 3872 2708 3928 vitam
2732 3879 2990 3928 aeternam
3036 3887 3202 3945 quam
3231 3873 3397 3928 habet
3423 3873 3577 3929 dabit

1975 3961 2326 4034 sperantibus
2359 3962 2411 4016 in
2445 3978 2524 4017 se.
2551 3963 2610 4016 In
2650 3978 2716 4018 eo
2755 3963 2952 4018 merito
2993 3962 3320 4034 sperandum
3351 3971 3434 4017 est
3480 3964 3575 4035 qui

1977 4055 2063 4107 est
2093 4052 2353 4108 Salvator
2369 4054 2626 4107 omnium
2645 4052 2962 4119 hominum,
3011 4051 3278 4108 bonorum
3307 4060 3361 4108 et
3397 4052 3576 4108 malo-

1976 4156 2100 4195 rum
2129 4139 2428 4195 salvatione
2468 4140 2749 4212 temporali
2785 4156 2796 4194 :
2832 4141 2960 4212 quia
2995 4163 3016 4187 «ι
3053 4140 3226 4196 solem
3267 4157 3424 4195 suum
3454 4140 3578 4196 facit

1978 4229 2111 4283 oriri
2153 4245 2320 4300 super
2342 4229 2518 4298 justos
2549 4238 2602 4284 et
2642 4229 2872 4298 iniustos
2897 4229 3120 4296 (Matth.
3145 4245 3200 4296 ν,
3219 4230 3328 4298 45).
3358 4249 3380 4278 ι
3407 4229 3576 4285 Cum-

1978 4335 2085 4389 que
2117 4317 2186 4372 sit
2203 4317 2444 4372 omnium
2477 4318 2735 4384 Salvator,
2770 4320 3027 4373 maxime
3058 4325 3241 4372 tamen
3281 4326 3334 4372 et
3389 4317 3580 4388 praeci-

1977 4423 2084 4478 pue
2115 4407 2373 4476 ﬁdelium
2403 4411 2503 4474 est,
2541 4406 2732 4478 quibus
2765 4407 2926 4462 vitam
2948 4414 3204 4461 aeternam
3225 4406 3392 4472 dabit,
3414 4423 3578 4479 quam

1981 4495 2202 4567 negabit
2231 4496 2411 4567 impiis
2446 4512 2458 4548 :
2491 4512 2630 4567 quos
2653 4504 2831 4550 tamen
2862 4496 2915 4550 in
2948 4496 3051 4550 hoc
3081 4495 3284 4550 mundo
3313 4495 3485 4550 salvat
3522 4496 3577 4551 in

276 4586 385 4640 illis
417 4585 508 4656 qui
537 4584 754 4639 modum
792 4583 962 4637 nimia
1006 4582 1342 4638 districtione
1383 4583 1706 4638 excedentes
1745 4599 1872 4653 pro-
1899 4577 1955 4639 D
1979 4584 2363 4656 temporalibus
2391 4584 2577 4638 bonis.
2610 4583 2882 4653 Quoniam
2901 4584 3119 4656 quidem
3150 4600 3406 4639 exercere
3437 4591 3486 4639 te
3507 4585 3576 4640 ad

281 4676 468 4729 bibent
496 4674 725 4741 nubere,
759 4680 811 4727 et
839 4672 915 4726 uti
958 4672 1288 4727 carnalibus.
1332 4671 1420 4726 Sic
1477 4671 1647 4726 debes
1676 4688 1880 4742 propo-

283 4779 433 4828 nere,
468 4771 581 4816 tum
609 4761 737 4832 quia
768 4761 847 4816 sic
877 4761 1072 4825 bonus,
1107 4760 1160 4814 id
1193 4767 1275 4815 est
1291 4760 1436 4815 utilis
1467 4760 1594 4825 eris,
1614 4769 1879 4831 prmterca

283 4853 404 4925 quia
422 4859 577 4924 potes
602 4869 617 4918 ;
649 4857 704 4904 tu
726 4849 871 4904 enim
893 4851 1206 4918 enutritus,
1226 4849 1280 4904 id
1299 4857 1380 4904 est
1404 4857 1550 4904 extra
1575 4850 1880 4904 rudimenta

283 4952 334 4998 et
367 4941 683 4996 nutrituram
715 4938 977 5010 puerilem
999 4939 1209 5008 positus
1239 4939 1430 4993 doctus
1452 4955 1512 4994 es
1529 4940 1704 4994 verbis
1726 4939 1877 5008 ﬁdei.

284 5031 437 5085 Nosti
469 5030 614 5085 enim
645 5028 699 5082 in
737 5043 928 5100 quem,
992 5035 1045 5081 et
1087 5027 1360 5099 quomodo
1389 5035 1442 5083 te
1472 5035 1723 5098 oporteat
1753 5043 1881 5082 cre-

286 5120 431 5174 dere.
453 5117 737 5174 Enutritus
768 5116 926 5172 etiam
955 5131 1014 5170 es
1041 5116 1224 5171 verbis
1237 5117 1391 5172 bona:
1412 5117 1706 5184 doctrinae,
1722 5116 1776 5170 id
1799 5125 1883 5172 est

286 5209 467 5264 utilem
485 5223 701 5263 morum
749 5205 1157 5260 instructionem
1190 5205 1458 5270 didicisti,
1491 5223 1659 5278 quam
1681 5206 1882 5261 doctri-

287 5316 406 5354 nam
433 5297 682 5370 plenarie
711 5298 1008 5350 assecutus
1030 5311 1086 5349 es
1117 5311 1219 5364 per
1248 5310 1335 5349 me
1357 5336 1370 5362 ,
1404 5295 1494 5365 qui
1526 5303 1578 5349 et
1621 5303 1671 5350 te
1701 5295 1884 5364 bapti-

291 5389 422 5452 zavi,
456 5397 508 5443 ct
531 5402 653 5458 qua:
689 5385 873 5439 adhuc
894 5381 1144 5438 docenda
1163 5390 1316 5437 erant
1344 5381 1674 5438 sufficienter
1702 5383 1881 5439 docui.

289 5478 384 5534 Hic
407 5477 548 5532 enim
573 5473 900 5530 Timotheus
921 5478 1136 5526 amatre
1167 5469 1313 5525 fideli
1335 5471 1525 5525 litteris
1546 5473 1721 5528 sacris
1742 5473 1889 5526 addi-

287 5567 499 5622 scendis
517 5581 658 5638 puer
680 5561 921 5616 traditus
956 5567 1056 5625 est,
1103 5575 1212 5614 non
1245 5567 1429 5614 tamen
1451 5560 1626 5616 donec
1662 5576 1694 5615 a
1719 5561 1888 5615 Paulo

284 5656 579 5728 baptizatus
628 5660 750 5718 est;
787 5656 841 5706 et
871 5647 997 5703 ideo
1053 5647 1182 5705 dicit
1237 5663 1360 5703 eum
1413 5650 1706 5706 enutritum
1766 5664 1889 5706 esse

1979 4674 2236 4746 pietatem
2267 4674 2468 4728 bonum
2500 4681 2610 4739 est,
2646 4681 2699 4727 et
2728 4689 2830 4727 nos
2887 4673 2943 4726 in
2972 4673 3164 4728 eodem
3222 4673 3533 4729 laboramus
3560 4691 3574 4729 :

1981 4779 2119 4835 quos
2151 4771 2335 4818 tamen
2355 4763 2407 4817 in
2440 4763 2543 4818 hoc
2573 4763 2776 4817 mundo
2806 4761 3004 4816 imitari
3035 4762 3226 4818 debes.

2051 4854 2130 4908 Tu
2162 4852 2328 4924 igitur
2359 4852 2600 4908 vacando
2630 4851 2812 4922 pietati
2847 4852 3093 4922 praecipe
3119 4851 3204 4905 his
3235 4851 3329 4923 qui
3377 4851 3576 4922 sciunt,

1982 4942 2079 4997 sed
2110 4942 2250 5012 pigri
2297 4949 2422 4995 sunt
2477 4942 2546 4996 ad
2596 4941 2931 5010 operandum
2967 4955 2979 4993 :
3013 4941 3130 4996 haec
3189 4940 3398 4997 scilicet
3434 4959 3580 5012 pra:-

1981 5038 2139 5101 cepta
2169 5047 2288 5101 quze
2318 5029 2604 5100 prmmissa
2625 5036 2768 5083 sunt.
2804 5029 2860 5084 Si
2879 5029 2968 5101 qui
2997 5028 3160 5085 etiam
3182 5031 3580 5086 suntnescien-

1983 5128 2081 5186 tes,
2118 5119 2250 5176 doce
2279 5135 2375 5174 eos
2403 5127 2455 5174 et
2482 5120 2587 5174 hoc
2617 5127 2912 5190 utrumque
2943 5133 3066 5174 cum
3112 5126 3260 5173 tanta
3288 5120 3580 5176 severitate

1985 5218 2036 5264 et
2051 5209 2391 5273 munditia,ut
2403 5225 2568 5263 nemo
2581 5212 2913 5264 contemnat
2926 5212 3086 5262 tuam
3099 5209 3541 5266 adolescentiam
3561 5232 3580 5277 ;

1984 5305 2042 5351 ut
2071 5299 2330 5352 honestas
2352 5297 2476 5352 vitm
2506 5305 2558 5351 et
2588 5296 2808 5350 habitus
2845 5303 3058 5351 aetatem
3096 5305 3245 5351 tuam
3292 5297 3452 5352 annis
3489 5299 3583 5368 ju-

1986 5385 2217 5441 venilem
2261 5385 2506 5455 moribus
2537 5385 2736 5441 faciant
2783 5393 3069 5441 maturam.
3101 5387 3304 5449 Nemo,
3340 5386 3580 5458 inquam,

1986 5481 2038 5528 te
2071 5482 2422 5529 contemnat:
2469 5475 2562 5529 sed
2591 5479 2707 5529 esto
2752 5475 3080 5546 exemplum
3129 5490 3470 5546 quorumque
3511 5477 3584 5545 ﬁ-

1988 5563 2204 5619 delium
2236 5564 2296 5618 in
2328 5565 2485 5620 verbo
2518 5582 2535 5618 :
2571 5563 2624 5616 in
2653 5561 2956 5617 humilitate
2984 5562 3267 5635 alloquens
3297 5578 3490 5617 omnes
3518 5566 3582 5619 in

1988 5654 2439 5718 conversatione,
2463 5650 2716 5707 omnibus
2736 5649 2913 5706 omnia
2927 5649 3099 5707 factus
3121 5654 3182 5706 in
3207 5651 3511 5717 charitate,
3528 5651 3584 5709 id
