3932 6426
419 345 526 401 ιιι-ι

967 347 1024 401 S.
1064 345 1420 404 BRUNONIS
1458 345 2100 404 CARTHUSIANORUM
2148 347 2634 406 INSTITUTORIS
2671 347 2823 405 OPP.
2867 348 3040 404 PARS
3079 348 3146 404 Il.

3605 349 3710 402 448

423 477 510 525 est
536 468 593 525 in
621 469 912 527 dilectione
941 469 1175 541 proximi
1201 472 1266 526 in
1295 471 1424 540 ﬁde,
1463 471 1520 526 id
1549 478 1632 526 est
1659 471 1715 526 in
1739 469 2009 540 jnstiﬁca-
2030 471 2084 532 Α
2119 492 2141 516 «
2177 471 2316 525 Nam
2344 487 2463 542 quae
2493 471 2548 526 in
2603 471 2816 527 deliciis
2862 478 2946 527 est
2973 470 3164 527 vivens
3184 513 3197 539 ,
3231 477 3443 526 mortua
3501 477 3605 526 est.
3637 471 3708 525 Et

425 557 574 614 tione
593 574 935 629 permanens.
968 559 1034 613 Et
1054 561 1118 614 in
1133 561 1422 625 castitate,
1457 575 1577 630 qua:
1606 559 1778 613 virtus
1795 573 2013 631 gemma

425 645 682 702 virtutum
711 655 794 702 est
817 647 871 700 in
893 647 1114 714 juvene.
1149 647 1276 702 Ideo
1308 647 1377 702 de
1398 647 1642 702 castitate
1655 648 1910 716 juvenem
1934 646 2014 699 in-

425 734 604 800 struit,
634 734 1003 790 adolescentia
1033 735 1177 790 enim
1207 743 1340 790 aetas
1397 743 1481 790 est
1528 735 1705 807 magis
1762 735 2014 790 lascivire

429 830 692 892 appetens
721 838 886 894 quam
929 823 1052 878 alia.
1099 824 1168 877 Et
1197 831 1255 877 ut
1312 823 1386 877 sis
1438 823 1743 894 exemplum
1775 823 2015 877 ﬁdelium

429 912 660 966 attende
683 912 932 977 lectioni,
964 911 1019 965 id
1049 920 1132 966 est
1161 911 1381 967 assidue
1420 912 1640 967 revolve
1673 927 1878 966 sacram
1911 926 2016 980 pa-

428 998 636 1070 ginam,
667 999 803 1055 dum
829 1041 842 1065 ,
875 999 929 1054 id
961 1007 1043 1054 est
1099 1000 1274 1054 donec
1329 1015 1433 1071 ego
1484 1003 1665 1056 venio.
1727 1001 2018 1070 Postquam

432 1086 577 1141 enim
607 1087 677 1141 ad
733 1096 786 1142 te
854 1103 1061 1142 venero
1119 1087 1449 1142 sufﬁcienter
1500 1087 1734 1142 monebo
1764 1095 1816 1142 te
1849 1105 1861 1140 :
1896 1087 2021 1141 viva

432 1174 577 1229 enim
607 1191 712 1230 vox
739 1175 914 1248 magis
943 1176 1144 1230 animat
1203 1191 1581 1247 quemcunque
1616 1191 1779 1247 quam
1811 1175 1968 1230 lectio
2005 1188 2018 1228 :

434 1262 534 1318 sed
561 1270 745 1318 tamen
770 1263 923 1318 multi
955 1264 1084 1318 satis
1113 1264 1308 1329 sciunt,
1357 1264 1469 1334 qui,
1504 1263 1606 1317 nisi
1628 1263 1860 1318 lectione
1882 1262 2022 1319 inci-

435 1357 695 1416 tarentur,
729 1360 1004 1422 torperent
1034 1353 1162 1406 dum
1191 1352 1426 1407 monitor
1455 1367 1644 1407 eorum
1671 1352 1891 1407 abesset
1915 1371 1928 1416 ;
1973 1359 2026 1406 et

435 1438 562 1494 ideo
591 1439 665 1493 ait
698 1456 710 1494 :
745 1439 978 1495 Attende
1012 1439 1248 1504 lectioni,
1284 1449 1337 1494 et
1363 1441 1581 1495 attende
1609 1440 2021 1504 exhortationi,

437 1526 492 1580 id
521 1535 601 1582 est
621 1528 910 1582 exhortare
939 1545 1035 1583 eos
1064 1529 1155 1599 qui
1185 1528 1330 1583 docti
1359 1537 1502 1594 sunt,
1526 1536 1577 1582 et
1602 1536 1780 1583 tamen
1803 1528 1872 1582 ad
1901 1543 2031 1597 ope-

437 1615 669 1670 randum
687 1615 852 1688 pigri.
885 1617 1117 1671 Attende
1157 1616 1318 1670 etiam
1348 1617 1623 1672 doctrina;
1648 1658 1662 1685 ,
1696 1616 1750 1670 id
1780 1622 1860 1670 est
1891 1615 2028 1671 doce

439 1718 536 1758 eos
565 1704 657 1773 qui
685 1704 934 1759 nesciunt
964 1723 978 1758 :
1009 1713 1062 1758 et
1094 1712 1152 1758 ut
1172 1705 1228 1758 in
1256 1704 1340 1758 his
1373 1704 1626 1759 attentior
1652 1703 1747 1771 sis,
1782 1705 1902 1759 noli
1930 1719 2029 1758 ne-

2125 580 2146 603 «
2183 559 2286 614 hoc
2315 560 2574 630 praecipe,
2601 568 2659 614 ut
2687 559 3193 630 irreprehensibiles
3225 559 3351 614 sint.
3378 558 3432 614 Si
3457 559 3577 630 quis
3607 573 3710 612 au-

2124 669 2144 693 u
2183 654 2288 701 tem
2341 663 2563 702 suorum
2613 650 2688 715 (et
2733 647 2965 702 maxime
3013 647 3464 717 domesticorum)
3520 662 3708 701 curam

2126 757 2146 780 α
2185 751 2292 788 non
2323 736 2505 802 habet,
2539 735 2700 790 fidem
2732 734 2971 808 negavit,
3007 743 3055 791 et
3089 743 3173 790 est
3215 733 3419 789 inﬁdeli
3449 734 3714 789 deterior.

2127 845 2147 868 α
2189 823 2359 877 Vidua
2416 824 2650 895 eligatur
2697 839 2807 878 non
2861 823 3040 877 minus
3083 823 3366 894 sexaginta
3421 837 3711 886 annorum,

2128 935 2148 958 u
2185 928 2307 983 quae
2364 911 2526 967 fuerit
2583 912 2744 966 unius
2800 912 2899 966 viri
2939 927 3094 975 uxor,
3128 912 3183 964 in
3235 910 3493 980 operibus
3551 909 3712 964 bonis

2128 1023 2148 1046 α
2185 1000 2548 1056 testimonium
2579 1001 2786 1055 habens
2820 1018 2832 1053 :
2867 1000 2912 1054 si
2943 999 3084 1055 filios
3106 999 3376 1063 educavit,
3413 998 3460 1052 si
3479 997 3714 1068 hospitio

2127 1111 2148 1134 ι
2185 1089 2410 1158 recepit,
2434 1089 2477 1142 si
2508 1096 2818 1143 sanctorum
2841 1087 3010 1158 pedes
3047 1087 3198 1152 lavit,
3230 1087 3273 1141 si
3306 1085 3715 1141 tribulationem

2130 1199 2151 1223 u
2184 1176 2510 1247 patientibus
2552 1176 2997 1238 subministravit,
3031 1176 3076 1229 si
3124 1190 3284 1229 omne
3332 1190 3472 1244 opus
3509 1174 3715 1229 bonum

2129 1286 2152 1314 ι
2189 1264 2474 1319 subsecuta
2511 1269 2611 1318 est.
2645 1264 3119 1318 Adolescentiores
3158 1270 3342 1317 autem
3389 1261 3580 1318 viduas
3610 1261 3716 1315 de-

2131 1373 2152 1402 ι
2189 1352 2318 1406 vita.
2353 1352 2484 1405 Cum
2518 1353 2661 1406 enim
2692 1352 2974 1407 luxuriatae
3019 1349 3235 1418 fuerint,
3269 1350 3325 1404 in
3357 1350 3571 1404 Christo
3609 1365 3718 1403 nu—

2132 1463 2153 1486 u
2190 1440 2317 1494 bere
2363 1440 2548 1493 volunt
2582 1457 2594 1494 :
2628 1440 2890 1494 habentes
2936 1439 3363 1504 damnationem,
3396 1437 3522 1509 quia
3599 1437 3719 1507 pri-

2132 1550 2152 1573 «
2188 1543 2333 1581 mam
2390 1526 2549 1582 fidem
2594 1528 2802 1582 irritam
2854 1527 3116 1582 fecerunt.
3194 1525 3365 1581 Simul
3428 1534 3608 1580 autem
3668 1532 3724 1580 et

2133 1635 2155 1664 ι
2190 1615 2380 1670 otiosae
2410 1615 2626 1671 discunt
2643 1615 2872 1671 circuire
2892 1615 3088 1669 domos
3121 1631 3134 1667 :
3167 1629 3277 1668 non
3307 1613 3481 1668 solum
3507 1613 3721 1677 otiosa,

2133 1723 2154 1752 ι
2191 1704 2289 1757 sed
2317 1711 2369 1758 et
2427 1704 2672 1758 verbosas
2715 1712 2768 1758 et
2814 1704 3066 1769 curiosm,
3099 1701 3386 1773 loquentes
3444 1717 3564 1772 quae
3610 1717 3722 1756 non

435 1791 645 1861 gligere
663 1793 912 1862 gratiam
943 1792 1174 1862 Spiritus
1200 1791 1370 1846 sancti
1390 1809 1511 1864 qua:
1529 1796 1612 1846 est
1644 1794 1707 1846 in
1732 1796 1784 1847 te
1806 1791 2024 1846 collata.
2047 1820 2101 1881 Β
2134 1815 2155 1838 «ι
2201 1799 2432 1861 oportet.
2483 1787 2618 1846 Volo
2667 1807 2802 1863 ergo
2843 1791 3088 1860 juniores
3143 1791 3350 1845 nubere
3369 1833 3381 1854 ,
3416 1787 3558 1843 filios
3585 1804 3722 1859 pro-

443 1878 687 1933 Gratiam
730 1879 855 1934 dico
908 1878 1293 1949 pontificalem,
1324 1897 1446 1952 quae
1503 1879 1639 1934 data
1668 1883 1756 1935 est
1801 1881 1901 1935 tibi
1927 1895 2031 1950 per

439 1968 826 2040 prophetiam,
859 1967 914 2021 id
943 1976 1025 2022 est
1068 1984 1168 2038 per
1211 1967 1630 2037 pra-visionem;
1663 1967 1854 2038 spiritu
1884 1968 2030 2021 enim

440 2055 742 2126 prophetia:
798 2055 1140 2125 prmdoctus,
1173 2055 1283 2110 vidi
1314 2063 1365 2110 te
1422 2055 1675 2110 idoneum
1734 2055 2031 2125 pontificali

441 2143 630 2216 gratiae
661 2158 674 2197 :
707 2151 759 2199 et
788 2145 907 2199 hac
936 2144 1060 2198 data
1090 2153 1171 2198 est
1204 2143 1300 2197 tibi
1328 2161 1456 2199 cum
1516 2145 1872 2216 impositione
1902 2161 2030 2200 ma-

441 2247 625 2287 nuum
650 2232 1010 2303 presbyterii,
1045 2232 1097 2285 id
1129 2240 1211 2286 est
1265 2232 1508 2302 episcopi
1537 2232 1627 2302 qui
1657 2233 2030 2288 consecrando

443 2326 496 2374 te
523 2318 860 2390 episcopum,
889 2335 1082 2373 manus
1111 2320 1206 2374 tibi
1235 2319 1509 2390 imposuit.
1555 2319 1651 2375 Vel
1683 2320 2025 2391 presbyterii,

441 2406 498 2461 id
554 2415 636 2461 est
691 2407 1099 2479 presbyteratus
1132 2425 1145 2462 :
1178 2408 1306 2479 quia
1352 2408 1477 2463 licet
1521 2424 1661 2462 unus
1727 2408 2032 2477 specialiter

443 2510 637 2550 manus
665 2496 908 2566 imponat
935 2504 988 2550 et
1018 2503 1321 2561 consecret,
1361 2504 1542 2550 tamen
1571 2496 1754 2550 caeteri
1786 2496 2029 2566 episcopi

442 2583 536 2654 qui
555 2591 734 2638 astant
763 2585 1016 2639 eumdem
1052 2600 1177 2640 cum
1207 2584 1300 2638 illo
1331 2593 1671 2640 consecrant.

511 2667 654 2722 Nota
683 2669 829 2738 quod
856 2684 957 2738 per
985 2667 1384 2737 impositionem
1415 2683 1609 2722 manus
1641 2667 1867 2737 Spiritus
1897 2683 2030 2722 san-

441 2763 561 2811 ctus
589 2754 748 2810 datur
780 2773 792 2809 :
826 2771 934 2811 non
965 2756 1088 2810 ideo
1119 2755 1177 2809 ﬁt
1207 2757 1334 2827 quin
1368 2756 1483 2810 sine
1513 2757 1616 2811 hoc
1645 2764 1830 2826 posset
1860 2756 1978 2810 dari
2013 2774 2028 2818 ;

443 2845 543 2899 sed
571 2843 693 2899 ideo
723 2860 915 2898 manus
945 2843 1256 2913 imponitur,
1287 2852 1344 2897 ut
1375 2844 1590 2914 plenam
1640 2844 2032 2912 subjectionem

443 2948 541 3003 per
568 2933 672 2988 hoc
695 2932 869 2988 discat
898 2933 1152 3010 exhibere
1182 2934 1298 2988 Deo
1330 2940 1382 2988 et
1410 2933 1781 2987 consecratori
1813 2949 1912 2987 suo
1943 2933 2033 2986 ille

443 3020 537 3092 qui
567 3028 830 3076 sacratur.
856 3021 1011 3076 Unde
1041 3029 1276 3076 sacratur
1324 3021 1412 3074 ille
1461 3021 1604 3074 hanc
1661 3020 2033 3089 praelationem

443 3109 603 3163 habet
632 3124 796 3178 super
843 3124 967 3162 eum
1011 3124 1174 3178 quem
1231 3116 1549 3174 consecrat,
1584 3109 1728 3177 quod
1760 3124 2032 3178 nunquam

2136 1903 2157 1926 u
2193 1895 2401 1946 creare,
2435 1888 2636 1934 matres
2680 1880 2913 1934 familias
2942 1895 3084 1945 esse,
3146 1878 3348 1932 nullam
3373 1877 3722 1933 occasionem

2135 1990 2156 2014 α
2193 1967 2326 2022 dare
2363 1968 2672 2022 adversario
2692 1968 2964 2023 maledicti
2996 1967 3190 2039 gratia.
3241 1967 3362 2021 Jam
3393 1965 3538 2020 enim
3565 1981 3722 2036 quaa-

2135 2079 2155 2102 u
2193 2057 2312 2110 dam
2345 2072 2626 2112 conversae
2666 2064 2789 2111 sunt
2819 2064 2964 2110 retro
3009 2064 3133 2126 post
3186 2055 3464 2110 Satanam.
3511 2054 3567 2109 Si
3598 2053 3721 2124 quis

2135 2166 2156 2190 α
2193 2143 2368 2199 ﬁdelis
2401 2145 2561 2199 habet
2581 2145 2792 2208 viduas,
2826 2144 3198 2198 subministret
3238 2143 3343 2197 illis
3373 2150 3557 2197 utnon
3589 2158 3721 2212 gra-

2135 2254 2156 2277 u
2192 2240 2349 2286 vetur
2394 2233 2630 2288 ecclesia
2664 2247 2676 2287 :
2710 2240 2768 2286 ut
2801 2233 2885 2286 his
2920 2249 3038 2304 qua:
3060 2248 3186 2286 vere
3210 2232 3386 2286 vidua:
3405 2239 3529 2285 sunt
3565 2228 3721 2284 suﬂi-

2136 2344 2157 2367 «
2196 2321 2319 2375 ciat.
2353 2320 2457 2389 Qui
2485 2321 2625 2375 bene
2648 2329 2886 2392 praesunt
2913 2320 3241 2390 presbyteri,
3281 2319 3484 2389 duplici
3514 2319 3725 2372 honore

2137 2432 2158 2455 «
2202 2409 2354 2480 digni
2403 2410 2723 2474 habeantur,
2773 2409 3006 2463 maxime
3039 2409 3130 2478 qui
3178 2407 3422 2462 laborant
3471 2406 3524 2460 in
3553 2406 3725 2460 verbo

2136 2520 2157 2543 «ι
2194 2506 2246 2551 et
2279 2499 2538 2556 doctrina.
2592 2498 2729 2552 Dicit
2767 2497 2912 2552 enim
2969 2497 3282 2565 Scriptura:
3314 2496 3434 2549 Non
3471 2493 3726 2566 alligabis

2138 2617 2158 2640 α
2195 2592 2270 2664 [in
2296 2587 2468 2658 frena]
2494 2602 2556 2641 os
2585 2587 2710 2640 bovi
2749 2584 3015 2638 trituranti
3046 2586 3232 2654 (Deut.
3267 2598 3405 2648 xxv,
3438 2584 3508 2648 4;
3550 2583 3576 2636 Ι
3598 2581 3722 2636 Cor.

2138 2704 2159 2727 α
2194 2697 2274 2744 1x,
2306 2683 2382 2747 9).
2413 2678 2481 2732 Et
2515 2691 2527 2729 :
2562 2676 2771 2746 Dignus
2827 2681 2910 2726 est
2957 2673 3245 2742 operarius
3300 2670 3550 2725 mercede
3601 2684 3724 2724 sua.

2138 2793 2159 2815 ιι
2197 2768 2476 2823 Adversus
2506 2764 2882 2834 presbyterum
2905 2761 3302 2816 accusationem
3325 2760 3434 2813 noli
3459 2758 3726 2828 recipere,

2138 2881 2159 2905 α
2197 2857 2300 2910 nisi
2325 2855 2424 2908 sub
2455 2853 2666 2907 duobus
2695 2859 2788 2906 aut
2818 2851 2990 2904 tribus
3013 2849 3238 2904 testibus
3259 2850 3444 2918 (Deut.
3480 2861 3600 2911 Xlx,
3637 2849 3726 2910 15.

2139 2969 2160 2992 «
2198 2946 2308 3012 45).
2343 2944 2642 2997 Peccantes
2674 2955 2858 2994 coram
2887 2939 3136 2993 omnibus
3157 2952 3347 3008 argue,
3383 2943 3440 2988 ut
3469 2942 3522 2989 et
3541 2934 3728 2990 caeteri

2140 3057 2161 3080 «
2199 3033 2448 3085 timorem
2505 3029 2758 3082 habeant.
2805 3028 2999 3080 Testor
3052 3041 3237 3080 coram
3283 3025 3398 3078 Deo
3427 3030 3479 3077 et
3509 3022 3730 3076 Christo

2141 3143 2162 3167 «ι
2197 3121 2345 3185 Jesu,
2381 3126 2433 3172 et
2490 3117 2676 3172 electis
2731 3115 2945 3186 angelis
2997 3114 3133 3181 ejus,
3186 3121 3243 3167 ut
3286 3113 3403 3167 haac
3449 3110 3729 3166 custodias

445 3196 514 3250 ab
543 3211 608 3250 θο
637 3168 778 3250 “lim
799 3168 1151 3264 ἱυάίοθδίίυῖο
1203 3197 1495 3266 ΡΓΟΡῘιθίίθι
1527 3168 1690 3251 titiam
1733 3196 1826 3250 illa
1874 3168 2037 3266 (illam
2058 3168 2105 3228 Ο
2139 3231 2161 3259 ι
2719 3168 2853 3258 nihil
2913 3168 3132 3258 faciens.
3153 3201 3209 3254 in
3265 3200 3482 3254 alteram
3513 3206 3728 3269 partem

447 3283 602 3349 dixit,
626 3283 750 3355 quia
779 3299 886 3339 non
918 3283 992 3338 ita
1023 3285 1186 3339 modo
1234 3292 1412 3355 potest
1452 3283 1590 3348 ﬁeri,
1624 3300 1732 3339 non
1780 3283 1925 3338 enim
1955 3285 2035 3340 sic

447 3373 609 3428 modo
639 3371 909 3442 spiritales
941 3380 1065 3427 sunt
1122 3372 1383 3443 episcopi,
1419 3372 1476 3426 fit
1505 3381 1686 3427 tamen
1736 3373 2034 3427 secundum

447 3461 594 3532 quod
620 3469 798 3532 potest
827 3459 944 3515 fieri
977 3477 988 3515 :
1023 3461 1113 3514 ubi
1142 3461 1234 3532 qui
1263 3461 1668 3516 consecrandus
1696 3469 1778 3516 est
1798 3477 2034 3530 praesen-

446 3558 589 3605 tatur
634 3549 1024 3615 consecratori,
1058 3558 1111 3604 et
1142 3549 1434 3620 requiritur
1489 3550 1558 3603 de
1603 3548 1708 3603 fide
1739 3558 1790 3602 et
1822 3549 2034 3604 caeteris

446 3647 505 3694 ut
533 3638 693 3693 habet
732 3637 900 3694 Ordo.
935 3639 1000 3693 Et
1031 3638 1111 3707 (ut
1140 3654 1433 3693 conserves
1475 3636 1709 3709 gratiam
1749 3654 1870 3707 quae
1899 3636 1954 3690 in
1984 3646 2035 3692 te

445 3727 549 3796 est)
578 3727 855 3782 meditare
887 3727 1002 3782 hwc
1031 3743 1152 3796 qum
1209 3741 1405 3780 moneo
1440 3741 1452 3779 :
1486 3734 1538 3780 et
1579 3730 1693 3781 esto
1723 3728 1786 3780 in
1818 3727 1903 3781 his
1936 3742 2036 3796 per

443 3813 816 3884 operationem
841 3811 1080 3868 326
1103 3818 1169 3868 ut
1224 3813 1304 3868 sic
1335 3813 1649 3868 meditando
1677 3821 1729 3866 et
1759 3813 2035 3882 operando

442 3900 736 3971 profectus
761 3901 891 3951 tuus
918 3899 1260 3967 manifestas
1292 3899 1366 3952 sit
1398 3898 1672 3961 omnibus,
1704 3905 1759 3952 et
1788 3897 2035 3967 exemplo

447 3993 541 4040 tuo
570 3983 876 4056 proficiant.
912 3985 1090 4056 thue
1147 3985 1226 4040 sic
1271 3984 1536 4056 proiicere
1581 3985 1785 4055 possis,
1816 3985 2036 4040 attende

445 4073 546 4128 tibi
575 4072 862 4139 subtiliter,
896 4073 1109 4145 corrige
1139 4073 1306 4128 vitam
1330 4082 1494 4139 tuam,
1518 4081 1569 4128 et
1606 4081 1658 4128 te
1680 4073 1920 4144 undique
1939 4073 2039 4129 cir-

446 4167 762 4232 cumspecto
792 4162 1025 4216 attende
1052 4160 1344 4227 doctrinae,
1373 4161 1428 4215 id
1461 4169 1543 4216 est
1571 4161 1706 4216 doce
1735 4160 1892 4215 alios.
1921 4160 2036 4215 Vita

447 4249 594 4304 enirn
624 4256 716 4303 tua
745 4249 790 4303 si
821 4249 890 4303 sit
919 4248 1210 4304 laudabilis
1239 4249 1677 4320 praedicationem
1705 4256 1846 4303 tuam
1880 4264 2035 4304 com-

445 4336 744 4402 mendabit,
777 4345 830 4392 et
859 4337 982 4392 ideo
1006 4338 1161 4393 insta
1199 4340 1261 4393 in
1289 4339 1424 4403 illis,
1458 4337 1512 4392 id
1540 4345 1620 4392 est
1651 4337 1706 4390 in
1738 4335 2036 4392 directione

447 4422 573 4477 vita:
619 4429 672 4476 et
701 4421 945 4477 doctrina
973 4421 1329 4476 subditorum.
1376 4423 1484 4476 Hoc
1515 4422 1670 4476 enim
1699 4423 1948 4490 faciens,
1981 4419 2036 4474 id

2140 3319 2162 3348 ι
2187 3295 2533 3351 declinando.
2567 3295 2756 3347 Manus
2785 3292 2892 3347 cito
2937 3290 3141 3346 nomini
3171 3287 3512 3359 imposueris,
3547 3301 3731 3357 neque

2139 3408 2160 3436 ε
2197 3382 2678 3441 communicaveris
2715 3379 2954 3452 peccatis
2986 3378 3198 3433 alienis.
3233 3377 3486 3447 Teipsum
3517 3382 3730 3430 castum

2140 3497 2160 3519 «ε
2195 3472 2428 3529 custodi.
2458 3470 2581 3526 Noli
2613 3470 2790 3524 adhuc
2831 3483 3028 3538 aquam
3074 3466 3283 3530 bibere,
3318 3465 3414 3519 sed
3446 3463 3570 3518 vino
3600 3479 3731 3518 mo-

2139 3586 2161 3609 «ι
2197 3562 2319 3618 dico
2349 3569 2503 3615 utere
2532 3565 2754 3629 propter
2795 3556 3126 3611 stomachum
3157 3563 3306 3608 tuum
3365 3559 3416 3607 et
3475 3550 3734 3622 frequen-

2139 3672 2162 3701 ι
2196 3658 2278 3703 tes
2308 3659 2428 3703 tuas
2461 3646 2817 3701 inﬁrmitates.
2853 3643 3224 3711 Quorumdam
3281 3640 3562 3696 hominum
3591 3655 3732 3710 pec-

2139 3746 2314 3792 «cata
2368 3733 2656 3790 manifesta
2714 3739 2857 3797 sunt,
2918 3729 3285 3801 praecedentia
3320 3728 3390 3782 ad
3440 3726 3728 3795 judicium,

2141 3849 2162 3871 υ
2200 3823 2560 3895 quorumdam
2604 3829 2784 3875 autem
2817 3827 2870 3874 et
2899 3819 3324 3888 subsequuntur.
3351 3814 3607 3870 Similiter
3627 3830 3733 3868 au-

2139 3937 2160 3960 ιι
2198 3922 2305 3968 tem
2339 3920 2391 3966 et
2449 3911 2584 3966 facta
2623 3910 2765 3963 bona
2813 3906 3102 3962 manifesta.
3159 3913 3302 3970 sunt,
3335 3912 3386 3959 et
3418 3918 3539 3976 quae
3567 3901 3735 3960 aliter

2142 4024 2163 4048 «
2198 4017 2257 4057 se
2287 4001 2510 4069 habent,
2547 3997 2812 4054 abscondi
2852 4012 2962 4051 non
2991 4001 3238 4067 possunt.
3277 4013 3300 4043 ι

2800 4159 3120 4200 ΕΧΡΟΒΠἹΟ.

2208 4268 2274 4321 Et
2302 4281 2370 4320 ne
2399 4263 2710 4318 Timotheus
2739 4263 2926 4332 (quem
2957 4261 3036 4316 sic
3093 4258 3405 4323 admonuit,
3460 4259 3731 4329 praecipe,

2136 4357 2285 4420 doce,
2310 4361 2438 4417 etc.,
2472 4352 2764 4406 indiscrete
2794 4351 3048 4416 doceret,
3083 4364 3192 4402 non
3234 4347 3521 4402 attendens
3549 4345 3737 4401 diver-

2137 4444 2321 4498 sitates
2351 4449 2567 4496 aetatum
2627 4447 2680 4493 et
2739 4453 2992 4504 sexuum,
3027 4435 3306 4508 subjungit
3360 4433 3557 4488 Paulus
3587 4449 3734 4504 quo-

447 4517 532 4602 (ξεί
560 4509 810 4602 ίΡδίέΨξῘο
843 4509 897 4564 in
929 4509 1034 4602 illi?
1064 4512 1310 4602 τθίμδτξτη
1362 4510 1584 4602 ξαῖξθωη
1612 4509 1806 4602 faeie}
1839 4510 2036 4602 Αξίθη·
2057 4521 2110 4580 D
2141 4532 2304 4586 modo
2329 4528 2539 4602 singula
2559 4536 2693 4583 aetas
2711 4526 2960 4582 docenda
2990 4525 3076 4590 sit,
3108 4524 3299 4579 dicens
3332 4540 3345 4576 :
3378 4522 3527 4576 Licet
3555 4521 3738 4578 dicam

447 4597 626 4653 dendo
659 4598 772 4664 tibi,
805 4614 895 4654 eos
938 4599 1114 4654 etiam
1164 4597 1342 4652 salvos
1374 4595 1541 4652 facies
1586 4611 1688 4666 per
1736 4594 2038 4651 doctrinam

449 4686 546 4760 qui
585 4690 638 4742 te
667 4687 931 4742 audiunt.

1070 4841 1296 4898 CAPUT
1331 4841 1377 4896 V
1390 4881 1403 4896 .

524 5001 548 5031 ι
585 4977 866 5034 Seniorem
896 4993 964 5032 ne
1008 4973 1399 5044 increpaveris,
1433 4973 1530 5027 sed
1586 4973 1815 5028 obsecra
1846 4980 1905 5028 ut
1934 4987 2042 5044 pa-

455 5091 478 5117 «
516 5075 675 5135 trem,
705 5067 935 5136 juvenes
981 5071 1041 5117 ut
1071 5062 1289 5129 fratres,
1323 5077 1461 5116 anus
1489 5069 1548 5116 ut
1587 5069 1811 5131 matres,
1838 5061 2041 5131 juven-

459 5181 480 5205 α
518 5156 672 5212 culas
700 5163 758 5209 ut
788 5168 1008 5208 sorores
1039 5151 1094 5205 in
1125 5149 1271 5205 omni
1289 5150 1553 5205 castitate.
1581 5150 1783 5206 Viduas
1813 5153 2040 5216 honora,

458 5268 480 5297 α
517 5261 639 5317 quae
667 5259 799 5298 vere
829 5240 1007 5294 viduae
1036 5246 1178 5292 sunt.
1213 5237 1269 5292 Si
1317 5253 1426 5311 qua
1468 5247 1647 5294 autem
1693 5239 1857 5294 vidua
1903 5237 2042 5292 filios

459 5355 480 5384 ι
515 5340 608 5388 aut
637 5337 862 5400 nepotes
891 5327 1083 5392 habet,
1126 5327 1297 5382 discat
1349 5327 1584 5398 primum
1638 5328 1857 5382 domum
1889 5342 2044 5381 suam

456 5443 484 5474 ι
511 5421 601 5492 pie
627 5433 818 5490 regere
849 5425 902 5471 et
932 5424 1169 5470 mutuam
1199 5415 1373 5471 vicem
1416 5417 1652 5472 reddere
1675 5410 2039 5486 'parentibus.

458 5533 480 5557 ει
515 5510 631 5564 Hoc
661 5505 805 5560 enim
844 5513 1126 5576 acceptum
1167 5512 1250 5558 est
1281 5519 1467 5561 coram
1510 5505 1644 5559 Deo.
1701 5503 1836 5570 Qua:
1865 5510 2044 5558 autem

459 5617 482 5648 α
517 5611 649 5651 vere
678 5593 838 5649 vidua
868 5601 950 5648 est
980 5601 1034 5648 et
1062 5593 1327 5661 desolata,
1353 5599 1532 5662 speret
1553 5592 1610 5646 in
1628 5593 1804 5647 Deum
1837 5607 1848 5645 :
1882 5599 1935 5646 et
1962 5591 2044 5645 in-

461 5705 484 5737 c
516 5690 620 5739 stet
649 5681 1118 5739 obsecrationibus
1156 5689 1211 5737 et
1249 5679 1582 5738 orationibus
1623 5688 1784 5738 nocte
1823 5695 1888 5736 ac
1929 5680 2042 5738 die.

2141 4621 2400 4694 praecipe,
2434 4618 2583 4681 doce,
2616 4616 2740 4672 vide
2762 4623 2939 4670 tamen
2966 4630 3038 4670 ne
3077 4629 3201 4668 cum
3221 4611 3534 4666 austeritate
3553 4611 3742 4665 incre-

2141 4710 2359 4782 paveris
2379 4707 2657 4762 seniorem
2686 4711 2858 4768 aetate,
2895 4703 2987 4758 sed
3017 4703 3239 4758 obsecra
3259 4715 3384 4754 cum
3429 4706 3576 4752 tanta
3604 4697 3738 4752 dili-

2143 4797 2342 4868 gentia,
2374 4799 2440 4850 ut
2468 4800 2726 4865 patrem;
2739 4793 2977 4862 juvenes
3019 4797 3200 4844 autem
3228 4791 3478 4854 obsecra,
3509 4790 3574 4840 ut
3602 4788 3737 4856 fra-

2145 4891 2294 4952 tres,-
2323 4900 2468 4938 anus
2498 4897 2649 4946 vero,
2674 4886 2738 4936 ut
2759 4884 2972 4934 matres
2987 4899 3005 4945 ;
3016 4878 3379 4949 juvencatas,
3402 4879 3470 4930 ut
3485 4890 3732 4930 sorores.

2143 4975 2209 5029 Et
2237 4973 2362 5044 quia
2391 4971 2711 5026 Timotheus
2729 4968 2946 5038 juvenis
2977 4974 3115 5032 erat,
3148 4966 3272 5021 ideo
3301 4980 3422 5018 cum
3453 4963 3521 5016 de
3543 4963 3737 5030 juven-

2144 5061 2281 5118 culis
2297 5061 2522 5126 diceret,
2541 5061 2605 5114 in
2628 5058 2784 5113 omni
2803 5057 3069 5112 castitate
3100 5052 3354 5124 apposuit
3377 5071 3391 5116 ;
3425 5049 3738 5107 rectissime

2144 5151 2288 5205 enim
2317 5149 2372 5202 in
2399 5147 2633 5218 alloquio
2657 5144 3071 5214 juvencularum
3096 5140 3314 5211 juvenis
3355 5141 3424 5195 de
3461 5138 3608 5193 omni
3637 5153 3740 5193 ca-

2145 5239 2320 5293 stitate
2348 5237 2687 5298 admonetur,
2721 5250 2788 5288 ne
2820 5233 3013 5286 saltem
3057 5230 3279 5284 minima
3323 5227 3506 5283 carnis
3546 5225 3740 5280 titilla-

2143 5327 2288 5382 tione
2308 5325 2450 5381 circa
2480 5340 2572 5379 eas
2620 5329 2920 5377 moveatur.
2978 5319 3260 5374 Timotheo
3318 5317 3580 5370 instructo
3629 5329 3742 5376 qua

2143 5413 2471 5470 discretione
2519 5412 2719 5466 docere
2766 5410 2990 5464 deberet
3037 5406 3222 5461 subdit
3275 5410 3607 5475 praeceptum
3669 5402 3741 5458 de

2143 5503 2350 5569 viduis,
2404 5499 2774 5556 determinans
2822 5514 2943 5567 quae
2985 5496 3054 5550 de
3103 5493 3260 5549 bonis
3315 5491 3578 5546 Ecclesiae
3634 5490 3740 5545 de-

2147 5593 2310 5646 beant
2365 5587 2674 5652 sustentari,
2705 5593 2758 5640 et
2791 5601 2914 5656 quze
2965 5599 3075 5640 non
3099 5626 3112 5649 ,
3161 5578 3742 5636 dicenszluvenculas

2145 5678 2223 5734 sic
2277 5679 2547 5739 obsecra;
2602 5673 2799 5730 Viduas
2852 5687 2980 5728 vero
3063 5669 3444 5741 confugientes
3501 5666 3570 5720 ad
3629 5667 3744 5726 Ec-
