3932 6420
192 365 296 420 ιω

762 354 1141 414 EXPOSITIO
1199 355 1273 411 IN
1329 353 1716 412 EPISTOLAS
1769 354 1997 412 PAULI.
2051 383 2122 396 —
2180 349 2254 410 IN
2291 349 2511 411 EPIST.
2570 349 2726 410 [AD
2788 349 2928 411 TIM.

3404 358 3508 413 ιεο

200 487 394 543 clesias
443 484 666 541 honora
719 498 786 538 eo
834 483 998 537 modo
1069 497 1177 553 quo
1243 481 1582 536 honorandae
1631 487 1755 534 sunt
1790 479 2008 540 :Abus
2055 479 2329 546 exhibuit;
2363 495 2474 535 non
2515 479 2819 535 formidans
2867 479 3044 534 minas
3095 489 3513 552 persecutorum

206 574 440 631 327
466 573 654 627 dando
677 571 880 627 scilicet
897 572 1096 625 victum
1124 578 1176 624 et
1202 569 1582 624 vestimentum
1605 568 1711 622 illis
1730 584 1813 622 so-

202 665 315 719 lum
338 679 460 736 qua:
482 665 622 716 sunt
645 677 766 714 vere
785 659 983 724 viduce,
1009 658 1256 713 nolentes
1274 658 1502 712 ulterius
1515 657 1718 711 reverti
1741 657 1809 710 ad

207 768 270 808 ea
302 768 424 822 qua:
453 748 645 803 mundi
674 755 827 812 sunt,
874 754 931 800 ut
960 747 1190 818 amplius
1221 747 1427 801 nubere
1458 746 1661 810 velint;
1706 745 1810 798 illis

203 840 369 895 etiam
402 854 523 909 quae
554 844 681 890 sunt
722 835 996 903 desolatae,
1031 836 1175 907 quod
1205 835 1386 889 subdit
1416 833 1662 889 inferius.
1697 835 1810 888 Dc-

211 928 418 983 solatas
447 934 611 981 vocat
643 941 764 996 qure
793 923 932 978 ﬁlios
959 923 1045 978 vel
1074 932 1334 994 parentes
1363 939 1470 976 non
1493 922 1697 976 habent
1718 923 1809 992 qui

213 1032 305 1071 eas
337 1021 642 1068 sustentare
689 1020 908 1084 queant,
957 1011 1041 1066 vel
1092 1027 1216 1067 cum
1255 1012 1452 1082 quibus
1482 1011 1615 1080 ipsa:
1646 1010 1812 1064 rebus

211 1104 341 1172 suis,
377 1103 424 1157 si
455 1117 591 1174 quas
630 1101 848 1168 habent,
897 1099 1109 1170 possint
1157 1099 1253 1167 uti,
1301 1107 1354 1154 et
1384 1100 1654 1153 instruere
1692 1114 1808 1153 eos.

212 1193 455 1255 Honora,
510 1191 752 1261 inquam,
798 1205 889 1243 eas
937 1205 1058 1259 quae
1095 1205 1222 1242 vere
1252 1196 1374 1242 sunt
1402 1187 1598 1253 viduae,
1634 1188 1730 1242 sed
1762 1188 1811 1242 si

211 1298 320 1354 qua
352 1280 521 1336 vidua
545 1279 873 1346 habetﬁlios
904 1283 1005 1332 aut
1037 1282 1286 1349 nepotes,
1322 1278 1438 1331 haec
1475 1277 1657 1347 utique
1687 1277 1813 1347 quia

210 1369 461 1424 desolata
488 1383 597 1421 non
629 1374 729 1430 est,
765 1367 944 1420 discat
968 1365 1224 1436 (primum
1245 1381 1409 1436 quam
1431 1373 1677 1435 sumptus
1708 1365 1813 1419 Ec-

211 1457 394 1511 clesiae
421 1455 672 1525 accipiat)
721 1454 1027 1523 specialiter
1072 1470 1262 1525 regere
1292 1454 1519 1510 domum
1549 1469 1731 1516 suam,
1759 1452 1812 1506 id

211 1553 292 1599 est
324 1543 468 1598 ﬁlios
515 1559 577 1596 ac
625 1550 854 1610 nepotes
888 1562 905 1597 :
938 1550 990 1596 et
1021 1542 1066 1596 si
1096 1551 1352 1612 parentes
1401 1543 1577 1596 adhuc
1606 1541 1808 1604 habet;

210 1633 385 1687 discat
415 1630 646 1687 reddere
677 1636 941 1686 mutuam
974 1633 1152 1686 vicem
1179 1632 1530 1702 parentibus,
1566 1631 1658 1700 qui
1690 1645 1810 1684 eam

219 1721 473 1775 aluerunt
503 1737 625 1776 cum
654 1720 834 1775 infans
865 1728 1030 1774 esset.
1067 1718 1398 1785 Benefaciat,
1433 1718 1672 1789 inquam,
1706 1733 1812 1788 pa-

217 1810 469 1863 rentibus
496 1810 625 1881 quia
656 1810 776 1874 hoc,
811 1808 864 1862 id
894 1816 975 1862 est
1007 1815 1059 1862 et
1084 1823 1213 1862 suos
1260 1807 1565 1877 specialiter
1595 1823 1808 1878 regere,
1841 1833 1894 1892 Β

210 1902 510 1969 acceptum
539 1903 626 1954 est
655 1915 845 1955 coram
876 1899 983 1952 Deo
1011 1896 1188 1968 magis
1219 1913 1376 1966 quam
1410 1895 1455 1950 si
1476 1904 1729 1966 parentes
1760 1894 1814 1947 in

213 1986 522 2042 calamitate
571 1987 873 2042 desereret.
924 1985 1102 2039 Vidua
1149 2001 1270 2056 quae
1312 1983 1453 2039 ﬁlios
1499 1985 1660 2038 habet
1706 1998 1812 2038 non

210 2082 456 2130 transeat
478 2075 546 2129 ad
569 2075 890 2142 Ecclesiam,
912 2075 1006 2129 sed
1026 2073 1120 2127 illa
1141 2091 1262 2145 qua:
1285 2089 1409 2129 vere
1429 2073 1598 2128 vidua
1620 2077 1704 2128 est
1725 2088 1819 2126 no-

211 2163 328 2218 lens
358 2164 595 2234 amplius
627 2163 828 2218 reverti
860 2162 926 2216 ad
959 2162 1272 2232 conjugium
1301 2181 1314 2226 ;
1350 2166 1404 2216 ct
1424 2178 1544 2232 quae
1562 2169 1643 2215 est
1663 2161 1818 2216 deso-

214 2253 332 2306 lata
351 2267 462 2306 non
481 2252 688 2306 habens
707 2251 847 2306 ﬁlios
863 2259 952 2304 aut
973 2258 1219 2321 nepotes,
1244 2249 1333 2303 illa
1350 2255 1535 2321 speret
1555 2251 1616 2304 in
1639 2251 1817 2304 Deum

212 2339 268 2394 id
295 2349 379 2394 est
409 2347 746 2395 sustentetur
774 2339 930 2394 bonis
960 2338 1244 2403 Ecclesia,
1278 2343 1333 2393 et
1366 2338 1436 2391 ibi
1455 2339 1637 2394 instet
1657 2339 1816 2393 obse-

217 2430 570 2484 crationibus
599 2433 656 2484 et
686 2427 1035 2482 orationibus
1065 2431 1229 2482 nocte
1271 2431 1326 2481 et
1355 2427 1466 2481 die.

287 2517 384 2571 Vel
422 2517 581 2572 aliter
626 2525 686 2570 ut
728 2517 784 2570 in
827 2517 933 2570 hoc
976 2531 1141 2570 versu
1169 2515 1564 2569 determinetur
1597 2531 1719 2586 quae
1749 2515 1818 2568 sit

216 2621 346 2660 vere
385 2605 572 2660 vidua.
607 2605 742 2660 Dico
771 2605 997 2659 alendas
1034 2604 1104 2658 ab
1145 2604 1395 2658 Ecclesia
1424 2621 1554 2658 vere
1585 2604 1815 2669 viduas;

217 2709 285 2748 ne
316 2702 500 2749 autem
531 2693 823 2761 decipiaris
855 2693 909 2746 in
937 2692 1064 2758 illis,
1099 2692 1234 2747 scito
1272 2693 1418 2764 quod
1449 2692 1542 2746 illa
1573 2709 1702 2748 vere
1730 2691 1816 2748 vi-

220 2782 322 2836 dua
353 2791 434 2837 est
475 2790 529 2838 et
559 2782 818 2847 desolata,
852 2798 974 2852 quae
1004 2789 1186 2852 sperat
1213 2781 1270 2834 in
1301 2782 1473 2835 Deum
1494 2824 1506 2845 ,
1543 2789 1594 2836 et
1623 2797 1732 2835 non
1763 2780 1819 2834 in

222 2871 356 2925 ﬁlios
386 2878 483 2925 aut
531 2879 778 2940 nepotes,
829 2877 881 2924 et
913 2886 1034 2940 quae
1063 2869 1225 2924 instat
1264 2869 1734 2924 obsecrationibus
1766 2877 1820 2923 et

223 2960 556 3014 orationibus
583 2967 743 3014 nocte
775 2966 828 3013 et
847 2957 955 3013 die.
989 2958 1122 3027 Quae
1142 2974 1272 3013 vere
1291 2958 1453 3012 vidua
1473 2966 1554 3012 est
1584 2959 1700 3014 hac
1730 2973 1818 3012 so-

221 3047 327 3101 lum
360 3055 550 3119 sperat
581 3047 636 3101 in
665 3049 858 3112 Deum,
893 3047 979 3102 vel
1009 3055 1212 3117 speret.
1236 3047 1376 3101 Nam
1395 3046 1484 3100 illa
1505 3047 1672 3102 vidua
1697 3063 1821 3119 qua:

219 3142 299 3192 est
323 3139 384 3191 in
407 3138 629 3192 deliciis
651 3136 851 3201 carnis,
875 3137 1065 3192 vivens
1082 3136 1306 3203 mundo,
1332 3141 1560 3191 mortua
1581 3140 1664 3191 est
1679 3136 1815 3202 Deo,

220 3232 271 3280 et
300 3225 424 3279 talis
455 3240 569 3279 non
607 3225 768 3279 debet
810 3224 980 3295 recipi
1027 3225 1083 3278 in
1132 3224 1460 3279 Ecclesiam.
1506 3226 1615 3281 Hoc
1655 3223 1817 3279 etiam

215 3314 458 3386 praecipe
477 3313 549 3368 de
579 3312 757 3368 viduis
786 3313 931 3384 quod
961 3328 1084 3368 cum
1115 3312 1226 3366 sint
1258 3329 1387 3368 vere
1423 3313 1601 3368 viduae
1634 3321 1684 3367 et
1715 3313 1820 3368 de-

221 3402 423 3467 solatas,
455 3403 578 3457 sint
606 3409 660 3456 et
687 3401 1236 3473 irreprehensibiles,
1271 3401 1324 3454 id
1366 3408 1448 3456 est
1479 3417 1581 3458 nec
1611 3402 1820 3456 crimen

223 3490 506 3555 habentes,
560 3505 664 3546 nec
710 3489 1057 3546 occasionem
1104 3489 1424 3545 criminandi
1466 3507 1525 3545 se
1555 3490 1609 3544 in
1639 3491 1820 3563 aliquo

225 3579 547 3634 tribuentes.
584 3578 755 3634 Vidua
788 3595 907 3649 quae
937 3579 1103 3633 habet
1131 3577 1272 3633 ﬁlios
1301 3586 1392 3633 aut
1421 3586 1650 3650 nepotes
1666 3586 1823 3652 regat

227 3682 337 3734 eos,
361 3668 495 3740 quia
519 3667 571 3722 si
590 3684 698 3738 qua
717 3667 878 3722 vidua
900 3683 1016 3722 non
1035 3667 1199 3722 habet
1219 3683 1417 3722 curam
1428 3683 1662 3722 suorum
1685 3682 1820 3739 quos

228 3771 421 3828 regere
441 3755 628 3821 debet,
650 3762 702 3809 et
727 3756 977 3810 maxime
993 3771 1104 3825 pra
1119 3755 1330 3811 caeteris
1352 3771 1537 3812 curam
1568 3756 1823 3811 domesti-

227 3859 434 3912 corum,
466 3844 524 3898 id
545 3852 630 3898 est
646 3842 880 3898 filiorum
896 3851 988 3898 aut
1006 3852 1288 3914 nepotum,
1312 3844 1429 3900 haec
1448 3843 1572 3899 talis
1594 3846 1822 3915 negavit

225 3932 406 4000 ﬁdem,
439 3948 607 4004 quam
638 3933 888 4002 promisit
933 3932 1068 3987 Deo.
1104 3932 1330 3987 Planum
1363 3940 1446 3987 est
1476 3933 1622 3988 enim
1652 3931 1818 4004 quod,

227 4035 408 4075 curam
458 4021 693 4092 proximi
733 4036 840 4097 non
869 4021 1098 4090 habens,
1130 4021 1438 4092 proximum
1468 4037 1576 4076 non
1608 4021 1820 4076 dilexe-

229 4109 314 4174 rit,
347 4119 400 4164 et
429 4110 512 4166 sic
541 4124 646 4165 nec
668 4110 839 4165 Deum
861 4109 1056 4180 diligit.
1080 4108 1183 4177 Qui
1206 4110 1353 4164 enim
1375 4126 1486 4165 non
1507 4109 1685 4181 diligit
1712 4108 1823 4164 fra-

226 4204 382 4263 trem,
415 4215 582 4270 quem
611 4198 776 4266 videt,
802 4199 996 4265 Deum,
1033 4214 1191 4269 quem
1214 4214 1323 4253 non
1350 4198 1517 4265 videt,
1544 4197 1821 4270 quomodo

229 4294 401 4355 potest
418 4287 696 4360 diligere?
716 4286 856 4355 Quia
877 4287 922 4340 si
944 4301 1047 4342 nec
1067 4287 1240 4342 Deum
1263 4286 1458 4360 diligit,
1483 4286 1642 4342 ﬁdem
1657 4287 1821 4358 plane

231 4375 464 4445 negavit.
490 4377 593 4431 Est
611 4377 786 4431 etiam
807 4375 1052 4431 deterior
1080 4376 1321 4444 inﬁdeli,
1345 4376 1437 4447 qui
1458 4391 1739 4446 nunquam
1767 4374 1824 4429 ﬁ-

233 4461 350 4518 dem
366 4463 575 4530 habuit,
607 4463 734 4535 quia
754 4480 877 4519 reus
907 4471 990 4518 est
1018 4463 1163 4534 pacti
1194 4463 1338 4535 quod
1369 4465 1485 4518 Deo
1506 4464 1733 4537 pepigit,
1769 4472 1822 4519 et

1912 568 2001 639 qui
2029 568 2366 623 damnabant
2396 584 2751 640 quoscunque
2783 568 3157 624 ministrantes
3191 571 3431 638 sanctis;
3465 573 3515 628 si

1912 657 2076 710 etiam
2109 657 2566 712 subministravit
2589 658 2944 728 patientibus
2979 659 3432 724 tribulationem,
3457 659 3513 715 id

1909 753 1992 799 est
2022 746 2223 800 sanctis
2271 745 2646 800 incarceratis.
2695 746 2762 801 Ut
2803 747 2985 801 omnia
3015 748 3508 818 comprehendam,

1910 836 1961 889 si
1979 831 2277 889 subsecuta
2306 838 2390 888 est
2418 850 2584 889 omne
2614 833 2820 891 bonum
2857 850 3015 906 Opus,
3050 835 3304 906 eligatur.

1984 922 2173 976 Vidua:
2204 921 2489 992 sexaginta
2509 937 2771 976 annorum
2795 922 3085 994 eligantur,
3111 925 3510 983 adolescentio-

1911 1026 2002 1066 res
2030 1015 2225 1065 autem
2272 1011 2482 1077 viduas,
2519 1027 2638 1082 qua:
2670 1027 2780 1066 non
2810 1020 2935 1065 sunt
2964 1019 3039 1066 tot
3067 1028 3352 1083 annorum,
3384 1013 3510 1070 illas

1911 1099 2037 1155 volo
2067 1100 2294 1164 nubere,
2330 1107 2382 1153 et
2413 1099 2536 1154 ideo
2569 1098 2773 1167 devita,
2807 1116 2915 1156 non
2943 1101 3178 1172 accipias
3207 1117 3302 1157 eas
3331 1101 3388 1156 in
3408 1102 3513 1158 mi-

1911 1187 2196 1243 nisterium
2225 1187 2511 1243 Ecclesiae.
2555 1189 2748 1243 Devita
2789 1189 2913 1244 ideo
2957 1191 3088 1263 quia
3129 1193 3180 1247 si
3221 1191 3506 1263 suscipias,

1911 1294 2060 1341 cum,
2092 1277 2148 1331 id
2178 1284 2261 1331 est
2294 1284 2580 1348 postquam
2601 1279 3171 1348 fucrintluxuriatce,
3191 1279 3246 1334 id
3267 1289 3350 1336 est
3369 1297 3508 1352 prae-

1911 1365 2080 1419 nimia
2101 1365 2434 1419 abundantia
2452 1365 2819 1434 lascivientes,
2846 1369 3042 1422 volunt
3066 1369 3293 1424 nubere.
3320 1371 3385 1424 Et
3405 1370 3508 1426 hoc

1911 1454 1974 1507 in
2011 1453 2246 1518 Christo,
2281 1453 2335 1506 id
2357 1461 2437 1508 est
2457 1453 2708 1526 legaliter
2729 1471 2837 1509 non
2860 1456 3216 1523 meretricari,
3244 1457 3380 1512 tales
3399 1457 3508 1514 illae

1915 1541 2181 1596 habentes
2211 1541 2658 1608 damnationem,
2683 1543 2816 1614 quia
2838 1543 2916 1598 sic
2936 1543 3237 1616 frangendo
3259 1554 3399 1611 vota,
3431 1549 3510 1618 fe-

1913 1633 2117 1683 cerunt
2133 1630 2364 1684 irritam
2388 1629 2548 1684 etiam
2575 1631 2823 1701 primam
2843 1631 3032 1699 ﬁdem,
3057 1647 3221 1702 quam
3241 1631 3295 1686 in
3313 1633 3512 1704 baptis-

1913 1733 2003 1770 mo
2020 1717 2274 1787 pollicitae
2298 1717 2532 1786 fuerant,
2558 1718 2648 1771 ubi
2671 1734 2702 1772 a
2714 1717 2934 1773 diabolo
2956 1736 3014 1774 se
3030 1721 3412 1777 abrenuntiare
3429 1722 3511 1777 di-

1914 1813 2121 1870 xerant,
2147 1804 2234 1860 cui
2267 1805 2570 1877 frangendo
2590 1814 2773 1861 votum
2796 1807 3138 1863 continentiae
3160 1825 3319 1880 quam
3342 1827 3514 1866 vove-

1915 1901 2056 1961 rant,
2093 1910 2152 1948 se
2183 1894 2373 1948 iterum
2404 1894 2875 1965 mancipaverunt,
2912 1905 3158 1966 patenter
3199 1897 3508 1968 innuentes,

1917 1983 2046 2053 quia
2073 1991 2298 2053 egentes
2328 1983 2686 2055 confugerunt
2719 1983 2787 2038 ad
2817 1984 3060 2040 subsidia
3092 1985 3370 2055 Ecclesim,
3404 2003 3514 2042 non

1916 2086 2100 2125 amore
2133 2071 2507 2142 continentize.
2535 2070 2669 2139 Qum
2689 2088 2798 2127 non
2829 2073 3005 2128 solum
3037 2073 3276 2130 328
3310 2075 3516 2132 nubere

1916 2159 2104 2214 volunt
2132 2174 2144 2212 :
2167 2160 2263 2214 sed
2278 2159 2435 2213 etiam
2457 2160 2630 2215 simul
2650 2170 3000 2234 congregatae
3017 2163 3245 2218 discunt
3269 2165 3515 2223 circuire

1919 2248 2132 2303 domos.
2172 2248 2242 2302 Et
2273 2249 2377 2303 hoc
2407 2248 2531 2303 ideo
2560 2249 2686 2320 quia
2716 2252 2910 2304 otiosa:
2931 2257 3074 2315 sunt,
3106 2259 3158 2305 et
3185 2269 3301 2308 non
3329 2253 3516 2308 solum

1917 2339 2126 2402 otiosae,
2152 2344 2246 2392 sed
2276 2337 2451 2392 etiam
2481 2336 2740 2403 verbosas,
2774 2337 3112 2408 inquirentes
3143 2355 3390 2395 rumores
3418 2358 3515 2395 ur-

1918 2425 2020 2478 bis.
2057 2427 2375 2498 Loquentes
2404 2426 2568 2480 etiam
2599 2425 2834 2490 curiose,
2856 2435 2905 2481 et
2928 2443 3047 2481 cum
3065 2428 3232 2483 multo
3251 2429 3432 2485 studio
3448 2446 3515 2485 ea

1918 2531 2039 2586 qua:
2061 2529 2176 2568 non
2199 2518 2436 2584 oportet,
2469 2513 2676 2568 scilicet
2705 2515 2957 2584 quaelibet
2978 2515 3270 2586 impudica.
3295 2519 3361 2572 Et
3390 2518 3516 2589 quia

1917 2609 2143 2672 propter
2167 2602 2336 2656 otium
2369 2603 2421 2656 in
2449 2609 2650 2656 tantam
2678 2603 2977 2672 perniciem
3006 2604 3352 2671 delabuntur,
3377 2622 3514 2680 ergo

1917 2699 2142 2761 pr0pter
2174 2691 2276 2745 hoc
2305 2691 2425 2747 volo
2446 2692 2707 2761 juniores
2735 2692 2953 2758 viduas,
2986 2710 3108 2763 qua:
3135 2691 3392 2763 praeﬁxos
3421 2711 3517 2750 an-

1918 2795 2019 2834 nos
2041 2795 2147 2834 non
2172 2779 2388 2845 habent,
2413 2779 2558 2844 volo,
2585 2779 2826 2850 inquam,
2856 2797 2950 2836 eas
2970 2783 3197 2850 nubere,
3217 2783 3365 2851 ﬁlios
3385 2800 3514 2856 pro-

1917 2885 2131 2934 creare,
2156 2869 2628 2939 matresfamilias
2646 2885 2784 2936 esse,
2809 2877 2865 2924 ut
2889 2869 3324 2942 habeantquibus
3345 2871 3520 2928 inten-

1919 2957 2069 3020 dant,
2105 2965 2156 3011 et
2184 2972 2296 3011 non
2347 2956 2506 3011 solito
2562 2958 2727 3012 modo
2757 2957 3011 3013 otientur.
3062 2960 3128 3013 Et
3157 2959 3236 3015 sic
3265 2959 3389 3015 volo
3422 2977 3516 3016 eas

1897 3061 2037 3101 -non
2059 3046 2194 3100 dare
2213 3046 2396 3100 ullam
2415 3046 2764 3103 occasionem
2777 3047 3118 3113 adversario,
3137 3047 3193 3102 id
3210 3057 3292 3103 est
3308 3047 3516 3106 inﬁdeli

1921 3136 2109 3204 gratia
2127 3134 2436 3200 maledicti,
2466 3135 2521 3188 id
2542 3143 2625 3190 est
2646 3136 2732 3190 cui
2764 3135 2922 3191 valde
2943 3144 3160 3209 gratum
3181 3145 3282 3207 est,
3307 3138 3516 3194 habere

1919 3222 2263 3278 occasionem
2287 3223 2647 3278 maledicendi
2667 3224 2736 3278 de
2757 3222 3029 3279 ﬁdelibus.
3056 3227 3353 3297 Propterea
3375 3227 3518 3283 malo

1920 3327 2015 3367 eas
2047 3311 2256 3366 nubere
2287 3328 2448 3383 quam
2480 3311 2647 3383 recipi
2677 3312 2732 3365 in
2760 3312 3030 3379 Ecclesia,
3047 3315 3171 3384 jam
3191 3317 3346 3370 enim
3362 3333 3518 3388 qua:-

1919 3401 2051 3455 dam
2102 3409 2362 3456 voventes
2411 3400 2797 3456 continentiam
2845 3418 3130 3457 conversa:
3175 3408 3314 3459 sunt
3352 3404 3421 3458 ab
3451 3420 3518 3460 eo

1921 3489 2066 3560 quod
2094 3496 2384 3555 voverunt,
2419 3497 2611 3544 euntes
2642 3494 2797 3545 retro
2808 3494 2939 3561 post
2959 3491 3253 3546 Satanam.
3280 3491 3441 3560 Quod
3472 3494 3519 3550 si

1919 3577 2005 3632 hae
2034 3577 2213 3633 viduae
2256 3593 2364 3633 non
2414 3577 2695 3632 inveniunt
2736 3578 2822 3633 cui
2870 3578 3082 3649 possint
3120 3579 3348 3646 nubere,
3391 3581 3518 3638 volo

1921 3665 2067 3737 quod
2099 3666 2144 3720 si
2174 3682 2300 3738 qua,
2336 3666 2422 3720 vel
2451 3666 2500 3722 si
2521 3667 2646 3739 quis
2666 3667 2851 3736 ﬁdelis
2883 3666 3050 3722 habet
3069 3669 3171 3722 has
3191 3669 3409 3736 viduas,
3433 3669 3522 3726 vel

1919 3762 2169 3823 matrem,
2204 3754 2292 3810 vel
2325 3771 2568 3821 sorores,
2593 3755 2677 3810 vel
2694 3755 2854 3822 ﬁlias,
2879 3755 3276 3812 subministret
3297 3758 3437 3825 illis,
3460 3762 3518 3815 et

1921 3859 2036 3899 non
2066 3848 2336 3914 gravetur
2383 3845 2634 3900 Ecclesia
2671 3843 2726 3899 in
2758 3845 3148 3901 sustentatione
3189 3844 3425 3913 illarum,
3463 3855 3522 3903 ut

1919 3932 2095 4003 possit
2124 3931 2373 3988 sufﬁcere
2403 3932 2488 3987 his
2519 3950 2640 4005 quae
2663 3942 2930 3990 suntvere
2956 3931 3136 3990 viduae
3155 3941 3208 3990 et
3238 3935 3518 3992 desolate.

1993 4021 2130 4076 Dato
2159 4031 2431 4094 praecepto
2481 4022 2551 4077 de
2597 4021 2803 4090 viduis,
2852 4022 3090 4078 insinuat
3119 4022 3315 4095 quibus
3343 4025 3522 4081 modis

1920 4110 2228 4181 presbyteri
2248 4111 2355 4165 sint
2370 4111 2676 4166 honorandi
2698 4127 2730 4166 a
2749 4111 2971 4184 populo,
2998 4112 3186 4169 dicens
3220 4131 3234 4167 :
3260 4112 3351 4170 Sic
3378 4130 3522 4184 prae-

1921 4199 2041 4270 cipe
2063 4199 2131 4254 de
2148 4198 2344 4255 viduis.
2370 4199 2614 4271 Praecipe
2633 4199 2795 4255 etiam
2809 4209 2866 4255 ut
2883 4201 3201 4273 presbyteri
3220 4201 3524 4258 habeantur

1923 4287 2082 4358 digni
2110 4288 2331 4360 duplici
2359 4287 2588 4354 honore,
2624 4295 2677 4344 et
2720 4289 2976 4360 Spiritali,
3010 4297 3068 4344 ut
3097 4288 3388 4345 inclinetur
3417 4291 3520 4360 eis,

1923 4384 1976 4431 et
2006 4376 2297 4431 obediatur
2339 4393 2526 4432 eorum
2570 4377 2881 4449 praeceptis,
2915 4386 2968 4433 et
3001 4377 3271 4449 corporali
3298 4387 3356 4434 ut
3382 4387 3522 4435 tem-

1924 4464 2135 4536 poralia
2184 4463 2559 4519 ministrentur
2605 4464 2684 4520 eis
2724 4465 3057 4522 sufﬁcienter
3087 4483 3120 4521 a
3150 4465 3402 4522 subditis.
3452 4468 3552 4524 Hi.

235 4550 309 4606 sic
339 4553 550 4607 irritum
603 4551 749 4608 fecit.
800 4552 901 4608 Vel
926 4553 1002 4607 ita
1033 4569 1047 4607 :
1082 4551 1257 4609 Vidua
1285 4560 1439 4626 regat
1466 4551 1606 4608 ﬁlios
1635 4561 1687 4608 et
1717 4569 1820 4608 ne-
1842 4553 1896 4613 D
1924 4553 2108 4625 utique
2137 4553 2446 4625 presbyteri
2475 4553 2573 4626 qui
2601 4558 2859 4627 prcesunt
2895 4554 3051 4624 bene,
3087 4554 3144 4609 id
3176 4563 3258 4610 est
3287 4571 3522 4627 quorum

237 4649 386 4709 potes
413 4660 428 4708 ;
461 4642 508 4696 si
533 4641 656 4712 quis
676 4649 856 4696 autem
878 4656 1068 4696 eorum
1089 4641 1326 4713 expellat
1351 4649 1585 4697 matrem
1605 4641 1820 4698 viduam

232 4728 497 4786 volentem
530 4731 822 4786 sustentari
853 4730 920 4784 ab
950 4730 1077 4797 illis,
1110 4730 1255 4802 quod
1277 4731 1691 4803 aequipollenter
1709 4731 1819 4786 ait:

235 4817 288 4872 Si
315 4819 431 4890 quis
459 4835 573 4875 non
600 4819 762 4874 habet
800 4835 979 4875 curam
1014 4835 1259 4887 suorum,
1306 4819 1471 4875 ﬁdem
1499 4821 1736 4894 negavit,
1770 4829 1824 4876 et

237 4914 315 4960 est
342 4907 545 4963 inﬁdeli
587 4908 837 4964 deterior.
871 4910 1000 4965 Haec
1044 4917 1222 4964 autem
1270 4909 1431 4965 vidua
1478 4917 1580 4977 est,
1629 4909 1675 4964 si
1704 4927 1824 4981 quae

237 4997 513 5064 premissa
543 5005 669 5052 sunt
714 4997 895 5052 habet.
937 4998 1056 5053 Non
1088 5005 1270 5052 tamen
1301 4999 1547 5070 eligatur
1568 4998 1638 5053 ad
1677 4998 1823 5054 reci-

241 5083 485 5152 piendum
508 5085 561 5139 in
585 5086 831 5142 Ecclesia
851 5087 1043 5142 minus
1063 5087 1371 5158 sexaginta
1382 5103 1685 5153 annorum,
1702 5104 1826 5159 qua:

243 5171 389 5226 etiam
410 5177 593 5244 fuerit
615 5190 764 5230 uxor
784 5176 956 5230 unius
976 5176 1103 5240 viri,
1132 5190 1201 5229 ne
1220 5175 1470 5231 ducendo
1499 5175 1822 5243 secundum,

247 5272 330 5314 rea
359 5262 758 5318 incontinentiae
806 5262 1051 5330 visa'sit,
1104 5279 1226 5334 qua:
1275 5263 1433 5318 etiam
1479 5263 1670 5319 vixerit
1715 5271 1826 5318 stu-

248 5345 387 5403 diosa
398 5354 458 5406 in
472 5353 732 5424 Operibus
754 5351 927 5407 bonis.
944 5353 1159 5408 Haben:
1174 5351 1335 5406 etiam
1353 5352 1559 5409 bonum
1579 5354 1829 5410 testimo-

250 5438 400 5493 nium
419 5440 489 5494 ab
510 5439 760 5496 Ecclesia
791 5455 805 5494 :
828 5442 877 5496 si
895 5441 1040 5509 ﬁlios
1063 5441 1324 5496 educavit
1343 5440 1714 5512 spiritualibus
1736 5441 1830 5496 do-

250 5529 527 5596 cumentis;
551 5531 602 5586 si
619 5545 898 5602 pauperes
919 5529 1157 5602 hospitio
1177 5531 1421 5602 recepit;
1446 5531 1495 5585 si
1514 5530 1652 5586 lavit
1665 5529 1830 5601 pedes

251 5621 584 5690 sanctorum,
617 5618 672 5674 id
695 5625 780 5674 est
806 5617 852 5673 si
871 5633 1030 5674 omne
1049 5617 1268 5690 pietatis
1287 5633 1424 5691 Opus
1443 5617 1828 5691 praedicatori-

1921 4642 2168 4714 przelatio
2214 4642 2361 4697 utilis
2408 4650 2492 4697 est
2519 4641 2770 4710 subditis,
2808 4641 2936 4714 quia
2962 4642 3049 4698 vel
3080 4651 3276 4700 vacant
3324 4642 3522 4700 instru-

1925 4731 2091 4787 ctioni
2120 4747 2328 4798 eorum,
2363 4731 2451 4787 vel
2479 4739 2637 4788 orant
2665 4747 2766 4803 pro
2797 4730 2896 4787 eis.
2930 4731 3175 4804 Cumque
3205 4731 3296 4788 hic
3322 4731 3523 4804 duplex

1924 4819 2102 4876 honor
2130 4820 2279 4876 omni
2308 4821 2631 4894 presbytero
2651 4821 2936 4891 debeatur,
2961 4820 3047 4876 his
3064 4829 3243 4878 tamen
3265 4821 3523 4878 maxime

1925 4908 2273 4981 impendatur
2314 4911 2410 4983 qui
2449 4911 2710 4968 laborant
2747 4911 2811 4966 in
2855 4910 3018 4968 verbo
3063 4908 3210 4980 ﬁdei,
3259 4908 3524 4967 docentes

1929 4997 2059 5069 quid
2107 4999 2333 5055 credere
2377 5006 2641 5070 oporteat,
2674 5003 2731 5055 et
2757 4999 2813 5053 in
2845 5000 3129 5064 doctrina,
3162 4999 3217 5055 id
3238 5007 3320 5055 est
3349 4997 3404 5053 in
3432 4999 3522 5054 in-

1927 5087 2221 5143 structione
2252 5104 2487 5144 morum.
2521 5088 2805 5160 Duplicem
2825 5089 3091 5145 honorem
3109 5089 3241 5144 dixit
3263 5086 3525 5144 exhiben-

1927 5175 2055 5230 dum
2086 5192 2210 5231 esse
2250 5177 2609 5248 presbyteris,
2661 5192 2890 5249 quorum
2921 5177 3175 5248 alterum,
3209 5177 3264 5232 id
3292 5185 3377 5233 est
3406 5177 3524 5249 spi-

1928 5264 2160 5332 ritalem,
2193 5265 2322 5338 quia
2367 5267 2501 5322 vidit
2538 5266 2689 5322 nulla
2737 5266 2946 5322 ratione
2992 5282 3156 5338 posse
3195 5266 3420 5337 negari,
3453 5263 3526 5320 ad

1927 5368 2051 5408 eum
2079 5353 2422 5424 probandum
2452 5354 2586 5410 nihil
2623 5339 2879 5410 subdidit.
2921 5355 3029 5410 Sed
3058 5354 3288 5411 alterum
3319 5353 3529 5410 scilicet

1929 5442 1998 5498 de
2027 5443 2193 5498 rebus
2233 5444 2418 5514 populi
2467 5451 2767 5498 sustentare
2816 5443 3158 5500 sacerdotem
3189 5460 3201 5499 :
3237 5443 3365 5515 quia
3392 5441 3528 5497 vidit

1931 5531 2196 5604 quosdam
2225 5548 2419 5588 avaros
2465 5533 2570 5589 hoc
2614 5540 2928 5606 negaturos,
2981 5533 3178 5603 probat
3204 5532 3310 5587 hoc
3339 5537 3529 5586 aucto-

1913 5618 2087 5677 ritate
2121 5620 2331 5677 Veteris
2360 5629 2414 5678 et
2427 5621 2567 5678 Novi
2586 5620 2916 5688 testamenti,
2941 5620 3128 5677 dicens
3162 5638 3176 5675 :
3209 5619 3358 5676 Sicut
3377 5633 3526 5688 pm-
