3932 6414
390 310 486 364 451

922 308 984 363 S.
1038 306 1394 364 BRUNONIS
1431 303 2080 364 CARTHUSIANORUM
2116 304 2599 363 INSTITUTORIS
2638 304 2789 361 OPP.
2832 304 3028 360 PARS.
3069 303 3138 358 Il.

3568 302 3679 359 452

388 434 529 506 cipio
559 434 713 507 digni
740 432 977 488 habendi
1009 441 1133 487 sunt
1158 432 1485 505 presbyteri.
1516 432 1644 503 quia
1673 431 1802 486 dicit
1831 426 1977 486 Scri-
1998 434 2053 492 Α
2082 430 2225 487 dicio
2273 431 2568 502 quemlibet
2623 429 3039 497 examinaveris,
3097 428 3145 483 si
3209 444 3332 484 eum
3389 427 3676 500 indignum

390 530 587 594 putura
614 539 626 577 :
648 524 765 578 Non
788 522 1048 593 alligabis
1068 539 1127 577 os
1150 521 1269 578 bovi
1292 522 1601 577 trituranti
1621 520 1809 592 (Deut.
1835 534 1977 587 xxv,

391 613 453 678 ις
486 612 513 664 1
528 610 646 667 Cor.
680 626 759 677 ix,
793 612 869 680 9).
902 611 1017 664 Mos
1064 609 1163 664 fuit
1189 609 1460 665 veteribus
1490 610 1565 679 (et
1609 609 1786 663 adhuc
1816 615 1896 662 est
1925 607 1981 661 in

391 698 662 770 aliquibus
691 698 956 770 partibus)
986 706 1043 752 ut
1073 706 1289 769 segetes
1319 698 1374 751 in
1406 713 1535 752 area
1562 696 1770 768 positas
1802 703 1982 751 conte-

392 794 578 843 rerent
608 788 798 853 boves,
832 794 886 841 et
913 795 1110 842 caetera
1139 786 1301 841 docta
1320 786 1388 839 ad
1410 787 1513 840 hoc
1532 801 1669 856 opus
1689 784 1941 839 animalia
1966 801 1981 851 ;

388 876 489 930 sed
518 883 701 930 tamen
745 874 1021 946 proprium
1064 874 1263 929 bovum
1311 874 1413 929 hoc
1443 882 1555 928 erat
1594 881 1651 927 ut
1682 874 1786 928 hoc
1816 872 1980 926 modo

390 963 618 1019 contrita
648 980 848 1029 messe,
881 978 1057 1036 grana
1087 962 1455 1034 seligerentur
1484 977 1517 1015 a
1537 960 1730 1032 paleis.
1756 962 1836 1015 De
1866 959 1986 1031 qui-

388 1051 491 1106 bus
520 1051 777 1122 prazcepit
809 1052 1025 1123 Moyses
1053 1066 1121 1105 ne
1151 1050 1278 1105 bovi
1310 1050 1680 1105 conterentiin
1711 1064 1839 1103 area
1860 1047 1986 1102 alli-

390 1147 608 1210 garetur
635 1155 717 1208 os,
748 1139 845 1194 sed
875 1140 944 1194 de
964 1155 1030 1194 eo
1047 1138 1103 1193 in
1124 1154 1231 1210 quo
1252 1138 1532 1193 laborabat
1553 1138 1782 1193 licenter
1802 1152 1987 1192 come—

392 1230 562 1295 deret,
590 1228 696 1285 hoc
728 1228 1096 1299 pracipiendo
1144 1227 1433 1281 intendens
1478 1226 1645 1295 aliud,
1694 1225 1902 1282 scilicet
1930 1232 1989 1279 ut

390 1317 722 1388 praedicator
764 1316 1024 1371 triturans
1064 1315 1120 1370 in
1165 1331 1294 1370 area
1325 1314 1543 1369 Domini
1570 1314 1638 1368 de
1669 1313 1857 1368 labore
1888 1329 1988 1368 suo

391 1403 712 1460 sufﬁcientia
759 1404 864 1459 sibi
912 1403 1218 1475 susciperet
1267 1403 1335 1457 ab
1366 1402 1474 1457 illis
1503 1419 1602 1473 pro
1632 1417 1865 1472 quorum
1897 1401 1988 1455 in-

394 1492 686 1549 structione
716 1491 1006 1547 laboraret.
1040 1491 1183 1547 Dicit
1222 1491 1379 1545 etiam
1421 1490 1683 1545 Dominus
1714 1489 1770 1543 in
1801 1490 1989 1544 Evan-

396 1581 561 1651 gelio.
599 1604 620 1628 ιι
655 1582 869 1652 Dignus
898 1584 983 1636 est
1019 1581 1309 1652 operarius
1336 1578 1591 1635 mercede
1611 1595 1716 1633 sua
1746 1579 1901 1647 (Luc.
1926 1591 1986 1642 x,

396 1671 473 1740 '7),
511 1690 534 1720 ι
567 1668 624 1725 id
650 1676 732 1724 est
759 1668 1084 1740 praedicator
1122 1668 1193 1723 ab
1223 1667 1309 1722 his
1338 1667 1393 1721 in
1426 1667 1624 1738 quibus
1654 1665 1990 1721 instruendis

2080 519 2383 576 sacerdotio
2412 536 2512 591 per
2541 519 2992 576 examinationem
3014 518 3311 586 inveneris,
3336 518 3485 573 nihil
3506 515 3679 572 facias

2082 608 2419 664 declinando
2448 611 2510 664 in
2530 613 2757 680 partem
2778 607 2942 662 aliam
2974 607 3043 661 ab
3073 622 3138 661 eo
3170 605 3318 677 quod
3337 604 3521 661 docuit
3549 619 3683 659 exa-

2081 697 2305 751 minatio
2340 711 2352 750 :
2385 704 2443 751 ut
2496 713 2657 767 quem
2712 695 2912 750 malum
2967 694 3333 750 examinando
3396 690 3675 759 invenisti,

2081 793 2270 856 postea
2312 784 2569 840 seductus
2598 784 2778 854 aliquo
2807 784 2972 838 modo
3000 798 3295 839 consecres
3325 781 3380 836 in
3413 781 3670 838 sacerdo-

2083 882 2212 929 tem.
2247 873 2303 928 Si
2331 888 2465 928 vero
2513 873 2777 943 probatus
2827 872 3080 927 inventus
3111 870 3180 925 sit
3209 870 3436 943 dignum
3474 885 3680 925 secun-

2083 962 2214 1016 dum
2244 960 2389 1033 quod
2431 961 2595 1015 modo
2643 962 2821 1016 visum
2869 967 2970 1026 est,
3014 968 3194 1014 tamen
3239 958 3461 1013 nemini
3490 973 3680 1013 eorum

2085 1051 2197 1106 cito
2224 1066 2431 1105 manus
2460 1050 2819 1121 imposueris,
2851 1048 2906 1103 id
2936 1055 3019 1103 est
3040 1063 3147 1102 non
3165 1046 3344 1101 statim
3365 1061 3680 1114 consecres,

2087 1139 2184 1192 sed
2213 1136 2436 1192 differas
2464 1138 2639 1192 adhuc
2669 1154 2769 1208 per
2799 1152 3100 1209 congruum
3130 1144 3364 1206 tempus,
3387 1142 3445 1189 ut
3473 1134 3521 1189 si
3541 1133 3683 1189 forte

2087 1226 2218 1298 quid
2251 1226 2382 1282 latet
2427 1225 2483 1279 in
2523 1242 2588 1280 eo
2641 1225 2787 1296 quod
2834 1224 3161 1280 examinatio
3208 1223 3351 1279 facta
3379 1238 3488 1278 non
3518 1222 3684 1277 inve-

2088 1314 2246 1382 nerit,
2277 1331 2379 1385 per
2421 1314 2739 1369 dilationem
2776 1313 3034 1384 temporis
3079 1311 3405 1368 inveniatur.
3447 1313 3517 1367 Et
3546 1309 3684 1365 nihil

2088 1402 2340 1458 faciendo
2376 1401 2493 1456 sine
2522 1401 2861 1473 praejudicio,
2894 1416 2997 1457 nec
3023 1416 3269 1472 praeceps
3296 1400 3353 1454 in
3382 1414 3681 1456 consecra-

2089 1490 2232 1546 tione
2262 1490 2492 1559 alicujus
2523 1506 2632 1544 non
2652 1491 3159 1546 communicaveris
3179 1488 3385 1545 alienis
3406 1488 3680 1559 peccatis.

2092 1579 2149 1634 Si
2177 1578 2321 1633 enim
2350 1594 2460 1633 non
2489 1577 2846 1644 examinares,
2879 1578 2967 1633 vel
2996 1577 3156 1631 nimis
3178 1577 3286 1632 cito
3305 1591 3683 1641 consecrares,

2090 1666 2364 1739 particeps
2391 1683 2544 1721 esses
2573 1666 2815 1722 omnium
2860 1665 3148 1721 criminum
3178 1682 3299 1737 qua
3326 1664 3525 1734 injuste
3554 1679 3688 1719 con-

395 1764 675 1829 Operatur,
705 1773 825 1829 quae
854 1756 1165 1813 necessaria
1194 1755 1299 1810 sibi
1328 1756 1434 1810 sint
1450 1755 1695 1826 accipiat.
1724 1753 1867 1824 Quia
1892 1754 1990 1808 ite-
2010 1784 2065 1845 B
2095 1762 2340 1810 secretus
2395 1754 2758 1810 committeret
2823 1753 2881 1808 in
2936 1753 3244 1809 sacerdotio
3279 1770 3292 1806 :
3326 1753 3501 1823 thue
3548 1750 3686 1806 alios

393 1862 514 1901 rum
542 1845 676 1901 vidit
703 1845 995 1916 Apostolus
1025 1845 1189 1916 quod,
1210 1844 1534 1915 presbytero
1556 1842 1990 1914 reprehendente

392 1934 522 1989 vitia
550 1933 907 2000 subditorum,
953 1933 1175 2005 quidam
1225 1932 1366 1987 male
1395 1941 1769 1999 moverentur,
1802 1930 1993 1986 volen-

390 2030 476 2078 tes
505 2021 811 2093 depravare
837 2020 999 2077 vitam
1028 2020 1366 2092 presbyteri,
1401 2036 1469 2075 ne
1500 2021 1605 2076 hoc
1639 2028 1845 2075 temere
1876 2035 1990 2074 cre-

396 2110 633 2177 deretur,
667 2110 744 2164 ait
777 2127 792 2164 :
823 2110 1112 2179 Presbyter
1127 2109 1205 2163 sic
1226 2110 1524 2164 honoretur
1552 2124 1585 2162 a
1608 2108 1857 2175 subditis,
1888 2109 1993 2165 ad-

395 2211 592 2251 versus
642 2210 801 2265 quem
859 2193 1252 2266 presbyterum
1300 2194 1422 2247 noli
1470 2195 1719 2265 recipere
1762 2210 1995 2249 accusa-

400 2285 615 2339 tionem
662 2284 861 2338 factam
906 2283 977 2338 de
1023 2281 1270 2350 crimine,
1322 2283 1447 2337 nisi
1492 2281 1594 2337 sub
1648 2282 1859 2339 duobus
1910 2283 1997 2338 vel

406 2371 585 2427 tribus
609 2372 863 2427 testibus.

472 2459 631 2529 Quod
661 2459 706 2514 si
733 2459 802 2515 de
822 2458 1024 2525 debito,
1046 2458 1135 2515 vel
1156 2459 1223 2514 de
1245 2459 1488 2531 qualibet
1503 2474 1561 2514 re
1582 2458 1832 2515 saeculari
1859 2475 1996 2514 con-

404 2548 639 2617 venitur,
674 2546 1003 2619 respondeat
1031 2547 1281 2618 singulis.
1303 2547 1461 2602 Nunc
1492 2546 1697 2619 utique,
1733 2546 1861 2618 quia
1888 2562 1998 2601 ma-

403 2636 491 2709 gis
520 2652 583 2692 ac
611 2636 790 2709 magis
838 2636 894 2690 in
937 2636 1180 2691 deterius
1227 2635 1366 2707 lapsi
1410 2642 1533 2689 sunt
1576 2635 1844 2702 homines,
1896 2650 2000 2692 nec

404 2724 573 2780 multo
618 2724 865 2795 pluribus
924 2725 1175 2793 testibus,
1223 2723 1540 2780 conceditur
1580 2722 1769 2790 hodie,
1804 2713 1862 2778 ut
1906 2739 1999 2778 re-

406 2812 674 2884 spondeat
700 2813 1006 2885 presbyter,
1038 2813 1145 2867 nisi
1165 2812 1538 2883 interpelletur
1558 2811 1626 2867 de
1647 2812 1864 2867 haeresi.
1889 2812 2000 2869 Sub

403 2901 618 2957 duobus
647 2901 736 2957 vel
763 2902 939 2957 tribus
975 2901 1206 2956 testibus
1252 2900 1624 2972 respondeant
1671 2901 2001 2973 presbyteri.

405 2990 463 3047 Si
488 2999 671 3046 autem
710 2993 1011 3062 peccantes
1050 2989 1175 3057 sint,
1205 2989 1263 3044 id
1292 2997 1376 3045 est
1418 2988 1465 3043 si
1511 2989 1822 3060 presbyteri
1850 2989 1907 3043 in
1934 3004 2001 3045 eo

403 3093 511 3150 quo
557 3085 881 3149 arguuntur,
926 3092 1190 3149 peccasse
1236 3077 1649 3144 convincantur,
1694 3094 1865 3149 argue
1904 3093 2001 3132 eos

404 3183 597 3223 coram
623 3168 902 3232 omnibus,
924 3173 983 3220 ut
1012 3165 1152 3221 sicut
1167 3165 1376 3221 crimen
1401 3181 1612 3232 eorum,
1638 3165 1717 3221 sic
1733 3165 2002 3236 poeniten-
2023 3135 2072 3197 θ

399 3254 477 3309 tia
504 3254 749 3310 criminis
778 3253 1031 3310 omnibus
1059 3253 1242 3325 palam
1273 3253 1365 3322 sit,
1401 3269 1471 3308 ne
1502 3253 1643 3308 forte
1674 3254 1721 3308 si
1749 3253 2006 3325 privatim

403 3344 720 3414 pcnniteant,
754 3358 866 3397 non
902 3341 1167 3413 pcenitere
1215 3349 1473 3413 putentur
1519 3341 1613 3414 qui
1644 3343 1712 3397 ab
1753 3342 2007 3398 omnibus

404 3446 667 3503 peccasse
689 3430 1018 3502 deprehensi
1039 3437 1175 3485 sunt.
1206 3431 1336 3485 Ideo
1358 3446 1540 3486 coram
1564 3430 1817 3486 omnibus
1839 3447 2008 3503 argue

406 3524 473 3576 ut
487 3520 593 3576 hoc
612 3520 733 3575 viso
756 3520 1015 3575 timorem
1039 3518 1285 3575 habeant
1322 3519 1586 3590 peccandi
1606 3522 1798 3575 caeteri
1819 3535 2008 3574 sacer-

408 3607 585 3677 dotes,
612 3606 853 3663 329
877 3606 1112 3661 scientes
1148 3605 1311 3661 simili
1331 3622 1495 3677 poena
1515 3623 1573 3662 se
1593 3607 1931 3677 plectendos,
1963 3606 2010 3661 si

410 3695 784 3767 peccaverint.
804 3694 904 3752 Vel
921 3694 1120 3761 caeteri,
1145 3694 1200 3749 id
1222 3702 1302 3750 est
1325 3695 1545 3764 subditi,
1567 3695 1659 3767 qui
1671 3696 1788 3751 viso
1811 3702 2013 3767 quanta

409 3783 749 3839 districtione
793 3790 1149 3838 coerceantur
1173 3782 1415 3854 praelati,
1447 3783 1623 3854 magis
1654 3783 1878 3839 timeant
1909 3782 2012 3838 sibi

409 3871 503 3943 qui
552 3878 673 3926 sunt
732 3870 953 3927 subditi.
1011 3872 1094 3926 Ne
1169 3879 1350 3927 autem
1406 3871 1621 3943 aliquos
1665 3872 2012 3944 presbyteros

407 3959 692 4032 contingat
721 3959 800 4016 sic
831 3960 899 4016 de
926 3967 1156 4032 peccato
1186 3960 1437 4017 convinci
1467 3960 1598 4032 (non
1620 3961 1767 4017 enim
1785 3976 2013 4033 parvum

406 4047 614 4103 malum
658 4056 739 4104 est
779 4064 876 4105 eos
915 4048 973 4104 in
1020 4049 1230 4105 scelere
1281 4049 1640 4120 deprehendi,
1696 4050 1787 4122 qui
1835 4048 2016 4105 forma

409 4136 539 4192 boni
583 4152 707 4193 esse
754 4137 955 4192 debent
990 4137 1171 4209 aliis);
1206 4153 1275 4193 ne
1318 4138 1424 4193 hoc
1465 4138 1653 4210 utique
1704 4137 2011 4211 contingat,

412 4224 669 4297 praecipio
700 4241 770 4282 ne
801 4242 966 4297 quem
998 4242 1291 4282 consecres
1341 4227 1688 4282 sacerdotem
1717 4226 1835 4281 sine
1872 4241 2018 4297 prae-

418 4313 636 4371 cedenti
698 4314 1120 4371 examinatione.
1176 4316 1246 4372 Ut
1303 4323 1482 4371 autem
1538 4315 1641 4371 hoc
1701 4314 2016 4369 mandatum

412 4403 566 4459 nulla
589 4418 757 4459 causa
787 4411 1105 4476 praetereas,
1138 4404 1385 4460 obtestor
1416 4412 1468 4459 te
1500 4418 1693 4461 coram
1723 4405 1830 4459 Deo
1861 4403 2019 4457 Patre

2093 1842 2360 1897 subtiliter
2376 1842 2670 1909 examines,
2686 1842 2852 1914 digne
2865 1857 3158 1897 consecres
3174 1859 3186 1895 :
3207 1841 3426 1897 custodi
3441 1840 3689 1911 teipsum

2092 1936 2334 1997 castum,
2366 1931 2423 1985 id
2453 1940 2535 1986 est
2562 1931 2617 1985 in
2646 1929 2794 1986 omni
2825 1930 3021 1986 virtute
3049 1930 3343 2002 integrum.

2164 2018 2301 2087 Quia
2331 2027 2513 2074 autem
2557 2020 2626 2074 de
2655 2018 2895 2074 castitate
2942 2034 3066 2073 eum
3096 2017 3397 2084 admonuit,
3431 2016 3500 2072 ob
3532 2016 3687 2086 cujus

2094 2107 2396 2163 custodiam
2438 2107 2564 2163 vino
2604 2122 2715 2163 non
2758 2107 3049 2162 utebatur:
3081 2122 3249 2177 quare
3282 2113 3332 2160 et
3380 2105 3690 2160 stomachus

2096 2197 2213 2265 ejus
2260 2195 2657 2261 debilitabatur,
2706 2211 2774 2250 ne
2815 2194 3032 2266 penitus
3062 2210 3094 2249 a
3142 2194 3269 2251 vino
3311 2191 3691 2248 abstinendum

2097 2285 2200 2340 sibi
2248 2300 2369 2340 esse
2418 2284 2688 2350 crederet,
2734 2283 2808 2338 ait
2838 2283 3032 2338 Paulus
3067 2301 3080 2336 :
3111 2284 3238 2339 Noli
3274 2282 3457 2338 bibere
3488 2296 3693 2355 aquam

2098 2374 2302 2429 adhuc.
2366 2373 2473 2427 Per
2525 2373 2630 2428 hoc
2660 2371 2810 2443 quod
2837 2372 2972 2427 dixit
3000 2371 3204 2438 adhuc,
3236 2369 3540 2443 designavit
3568 2384 3695 2424 eum

2098 2461 2253 2532 prius
2300 2460 2376 2515 uti
2424 2476 2585 2532 aqua.
2634 2460 2761 2515 Noli
2789 2459 2973 2515 bibere
3002 2475 3217 2531 aquam,
3251 2460 3349 2514 sed
3377 2462 3538 2514 utere
3583 2472 3695 2511 non

2101 2548 2292 2616 semel,
2321 2549 2418 2603 sed
2445 2548 2500 2602 in
2542 2565 2645 2603 usu
2689 2548 2847 2603 habe.
2882 2549 3062 2614 Utere,
3114 2548 3353 2619 inquam,
3389 2547 3519 2603 vino
3547 2565 3565 2601 :
3596 2543 3697 2600 sed

2098 2638 2334 2705 modico,
2381 2637 2437 2691 id
2483 2644 2566 2691 est
2628 2636 2987 2692 custodiendo
3031 2636 3278 2702 modum,
3331 2634 3539 2690 scilicet
3585 2648 3696 2688 non

2101 2733 2324 2797 pr0pter
2340 2724 2678 2792 ebrietatem,
2702 2725 2799 2780 sed
2804 2730 3040 2796 propter
3055 2724 3412 2779 stomachum
3434 2727 3620 2789 tuum,
3642 2721 3699 2776 id

2104 2823 2185 2870 est
2216 2822 2437 2886 propter
2480 2814 2734 2869 morbum
2783 2813 2979 2869 crebro
3019 2813 3298 2869 stomacho
3328 2811 3698 2878 insidentem;

2105 2908 2159 2959 et
2175 2911 2402 2974 pr0pter
2412 2906 2736 2975 frequentes
2751 2907 2879 2957 tuas
2892 2902 3282 2970 inﬁrmitates,
3300 2900 3357 2954 id
3377 2908 3461 2955 est
3476 2905 3703 2970 propter

2104 2990 2432 3062 multiplices
2464 3006 2723 3046 accessus
2752 2998 2803 3044 et
2832 2990 3175 3044 zestuationes
3201 2988 3445 3058 ejusdem
3494 2985 3693 3053 morbi,

2108 3083 2165 3129 ut
2194 3074 2423 3147 quilibet
2464 3073 2777 3129 febricitans
2824 3073 3078 3128 morbum
3127 3072 3347 3143 quidem
3396 3086 3612 3141 semper
3643 3068 3702 3124 in

2106 3180 2166 3219 se
2195 3163 2375 3229 habet,
2407 3162 2536 3217 licet
2577 3161 2741 3217 modo
2787 3161 2985 3226 acrius,
3018 3160 3181 3216 modo
3212 3159 3496 3215 remissius
3524 3157 3703 3230 patia-

2105 3259 2211 3319 tur,
2244 3252 2343 3307 sed
2386 3251 2712 3307 accedentes
2741 3259 2901 3305 aestus
2931 3248 3099 3304 febris
3128 3232 3367 3304 vicissim
3397 3247 3615 3318 patitur,
3650 3254 3707 3301 et

2106 3355 2215 3395 non
2264 3354 2500 3410 semper.
2554 3339 2642 3393 Sic
2688 3338 2791 3393 iste
2838 3337 3154 3393 Timotheus
3191 3344 3442 3390 naturam
3483 3334 3706 3406 quidem

2107 3427 2287 3482 morbi
2322 3427 2378 3481 in
2426 3428 2709 3482 stomacho
2741 3425 2949 3499 jugiter
2997 3425 3253 3492 habebat,
3301 3425 3400 3479 sed
3446 3439 3708 3479 accessus

2108 3515 2284 3571 morbi
2299 3515 2541 3572 vicissim
2557 3514 2871 3571 difﬁcillime
2893 3513 3220 3584 patiebatur.
3241 3513 3372 3568 Ideo
3393 3511 3711 3567 necessaria

2119 3612 2202 3659 est
2264 3604 2590 3659 examinatio
2633 3602 2953 3673 priusquam
2994 3601 3282 3672 presbyter
3328 3608 3704 3667 consecretur,

2112 3693 2240 3765 quia
2257 3696 2492 3764 peccata
2521 3691 2770 3763 quasdam
2799 3691 3171 3762 quorumdam
3193 3691 3489 3745 hominum
3519 3683 3712 3745 mani?

2110 3785 2261 3853 festa
2282 3785 2422 3836 sunt
2439 3779 2819 3851 praecedentia
2833 3778 2904 3833 ad
2910 3779 3196 3849 judicium
3213 3798 3231 3846 ;
3251 3778 3377 3849 quia
3390 3777 3713 3849 priusquam

2112 3869 2363 3926 veniatur
2392 3867 2461 3922 ad
2502 3866 2770 3936 judicium
2802 3866 2889 3921 vel
2915 3866 2985 3921 ad
3012 3866 3433 3933 discussionem,
3466 3881 3713 3936 praeces-

2115 3964 2306 4013 serunt
2332 3955 2737 4011 discussionem
2783 3954 2931 4009 illam
2963 3955 3208 4026 quaedam
3237 3962 3460 4025 peccata
3491 3954 3714 4009 illorum

2114 4046 2206 4117 qui
2236 4044 2503 4116 probandi
2521 4051 2646 4098 sunt
2673 4043 2806 4098 satis
2829 4043 3046 4116 cognita
3066 4060 3166 4114 per
3186 4043 3359 4099 solam
3382 4042 3603 4098 famam.
3626 4043 3713 4098 De

2114 4135 2200 4189 his
2230 4141 2413 4188 autem
2443 4149 2562 4204 quae
2610 4132 2798 4203 palam
2842 4140 2967 4187 sunt
3015 4148 3127 4187 non
3171 4139 3384 4203 oportet
3412 4132 3708 4188 discutere.

2118 4222 2396 4290 Quosdam
2430 4224 2627 4277 autem
2673 4221 3093 4293 subsequuntur
3120 4228 3340 4291 peccata
3368 4219 3717 4277 discussione

2116 4309 2258 4366 facta
2292 4325 2304 4364 :
2337 4309 2465 4381 quia
2506 4309 2825 4381 priusquam
2855 4310 2924 4364 de
2974 4309 3061 4365 his
3090 4309 3360 4365 discussio
3406 4308 3580 4375 fieret,
3612 4323 3717 4364 oc-

2116 4397 2257 4453 culta
2305 4406 2461 4454 erant
2504 4398 2736 4453 crimina
2781 4414 2901 4470 quae
2942 4414 3040 4469 per
3080 4397 3481 4454 discussionem
3526 4404 3719 4469 aperta

419 4499 480 4548 ut
510 4493 657 4548 Deus
704 4493 811 4548 hoc
860 4508 970 4548 non
1000 4507 1034 4548 a
1060 4509 1168 4559 me,
1211 4493 1310 4548 sed
1338 4493 1408 4548 de
1444 4508 1605 4546 manu
1633 4499 1725 4546 tua
1754 4491 2014 4563 requirat,
2043 4484 2262 4553 Dsunt,
2309 4494 2363 4541 et
2408 4494 2634 4558 pr0pter
2689 4488 2808 4541 haec
2857 4486 3071 4542 occulta
3116 4486 3345 4542 crimina
3395 4484 3719 4542 necessaria

418 4580 465 4636 si
496 4588 680 4637 tamen
708 4579 927 4637 feceris.
978 4582 1167 4638 Testor
1197 4581 1363 4637 etiam
1393 4596 1582 4637 coram
1618 4581 1836 4636 Christo
1865 4581 2017 4648 Iesu,

419 4669 510 4743 qui
538 4668 750 4725 futurus
780 4677 861 4725 est
884 4670 1053 4740 judex
1080 4669 1343 4736 omnium,
1375 4676 1434 4724 ut
1460 4669 1519 4724 in
1544 4667 1753 4739 judicio
1769 4682 1881 4722 non
1908 4682 2018 4733 me,

422 4757 520 4815 sed
550 4766 603 4815 te
632 4757 758 4814 inde
804 4767 1023 4832 arguat.
1055 4759 1252 4815 Testor
1280 4758 1441 4813 etiam
1473 4772 1657 4813 coram
1688 4756 1882 4812 electis
1910 4772 2023 4811 an-

421 4849 561 4920 gelis
593 4867 612 4903 :
640 4847 946 4903 ministerio
972 4862 1203 4919 quorum
1232 4846 1287 4901 in
1319 4845 1406 4900 die
1427 4845 1620 4915 judicii
1649 4843 1779 4899 boni
1806 4859 2025 4915 separa-

421 4937 627 4992 buntur
656 4937 726 4991 ab
754 4936 956 5008 impiis,
989 4943 1046 4991 ut
1074 4934 1131 4990 in
1159 4935 1248 4990 die
1274 4934 1371 4989 illo
1398 4934 1475 4988 rei
1505 4934 1664 5003 hujus
1694 4932 1825 4988 mihi
1855 4941 2024 4989 testes

424 5024 554 5091 sint,
588 5040 691 5081 nec
717 5040 806 5079 me
837 5024 961 5080 ideo
991 5023 1257 5095 repellant
1286 5036 1319 5077 a
1346 5029 1501 5093 parte
1548 5022 1783 5093 piorum.
1833 5024 2025 5079 Testor

427 5116 501 5181 te,
532 5111 771 5184 inquam,
823 5117 891 5167 ut
932 5113 1049 5168 haec
1097 5127 1220 5183 quae
1260 5109 1505 5166 dicturus
1548 5127 1669 5165 sum
1712 5110 2022 5180 custodias,

427 5200 635 5257 scilicet
662 5200 795 5255 nihil
824 5199 1017 5265 facias,
1050 5199 1107 5253 id
1137 5206 1220 5254 est
1247 5198 1522 5254 neminem
1553 5189 1643 5254 ad~
1655 5199 2026 5255 sacerdotium

426 5304 751 5360 promoveas
777 5291 902 5345 sine
945 5288 1299 5360 prcejudicio,
1328 5287 1385 5343 id
1424 5296 1505 5343 est
1548 5287 1666 5343 sine
1696 5287 2027 5360 praecedenti

429 5377 848 5434 examinatione.
926 5376 1304 5447 Praejudicium
1365 5376 1628 5448 accipitur
1694 5377 1803 5445 hic,
1873 5376 2030 5450 quasi

429 5466 751 5537 praecedens
768 5463 1027 5534 judicium
1063 5482 1076 5519 :
1109 5466 1207 5521 sed
1238 5465 1295 5520 in
1323 5466 1623 5521 canonibus
1651 5466 2028 5538 praejudicium

433 5552 766 5627 praecipitata
786 5553 1063 5628 sententia
1095 5554 1313 5612 dicitur.
1356 5555 1599 5629 Cumque
1643 5556 1926 5628 praemisso
1950 5555 2032 5625 ju-

2120 4574 2220 4630 fuit
2250 4574 2540 4631 discussio.
2595 4576 2875 4632 Similiter
2918 4584 2975 4629 ut
3003 4574 3071 4630 de
3104 4574 3259 4629 malis
3288 4575 3538 4647 quaedam
3566 4575 3720 4631 bona

2119 4667 2281 4736 facta
2309 4679 2498 4719 eorum
2528 4662 2621 4736 qui
2666 4663 2933 4735 probandi
2979 4671 3104 4718 sunt
3134 4665 3444 4735 manifesta
3471 4667 3631 4734 sunt,
3663 4670 3722 4719 et

2122 4751 2520 4808 examinatione
2550 4767 2662 4808 non
2688 4760 2872 4825 egent,
2905 4756 2963 4809 et
2990 4768 3020 4808 e
3049 4767 3319 4809 converso
3338 4752 3480 4808 bona
3508 4767 3724 4808 eorum-

2123 4841 2251 4896 dem
2280 4857 2401 4914 quae
2432 4840 2641 4896 habent
2671 4857 2728 4897 se
2759 4842 2949 4910 aliter,
2983 4841 3039 4895 id
3066 4849 3149 4897 est
3177 4858 3298 4914 quae
3327 4857 3437 4896 non
3459 4848 3582 4896 sunt
3600 4855 3724 4896 ma-

2122 4928 2339 5000 nifesta,
2389 4930 2653 4986 abscondi
2694 4945 2813 4985 non
2860 4934 3103 5002 possunt
3142 4930 3199 4985 in
3229 4929 3570 4987 discussione
3604 4944 3618 4983 :
3648 4928 3724 4984 ad

2125 5035 2245 5091 quae
2276 5019 2423 5073 bona
2452 5018 2782 5074 invenienda
2808 5026 3170 5090 opportunum
3204 5018 3303 5074 fuit
3332 5019 3621 5075 discutere.
3653 5018 3728 5072 Et

2126 5107 2254 5179 quia
2281 5107 2359 5163 sic
2376 5106 2434 5162 in
2455 5106 2783 5177 quibusdam
2803 5115 3051 5179 peccata,
3075 5108 3132 5162 in
3151 5107 3271 5162 aliis
3296 5107 3366 5163 3
3380 5107 3551 5164 30
3577 5107 3727 5162 bona

2127 5193 2271 5251 facta
2299 5195 2512 5253 occulta
2541 5203 2664 5250 sunt
2699 5213 2713 5250 :
2745 5196 2870 5252 ideo
2898 5212 3125 5252 necesse
3156 5203 3239 5251 est
3270 5212 3366 5251 eos
3399 5195 3491 5267 qui
3520 5210 3725 5252 conse-

2128 5284 2316 5341 orandi
2347 5292 2471 5338 sunt
2520 5283 2856 5352 examinare,
2906 5292 2965 5340 ut
2993 5284 3086 5357 qui
3114 5284 3242 5339 mali
3267 5284 3475 5341 inventi
3502 5283 3722 5355 fuerint,

2130 5373 2524 5445 reprobentur;
2559 5371 2651 5445 qui
2712 5390 2842 5429 vero
2900 5373 3048 5440 boni,
3102 5381 3546 5445 promoveantur.
3594 5373 3727 5429 Haec

2131 5462 2397 5518 sententia
2426 5461 2570 5517 beati
2597 5461 2887 5535 Augustini
2930 5470 3030 5518 est.
3079 5461 3403 5518 Ambrosius
3436 5468 3616 5531 autem
3647 5461 3730 5518 sic

2137 5551 2210 5607 ad
2236 5549 2544 5623 proximum
2592 5550 2759 5607 verba
2796 5550 2977 5624 jungit
3007 5569 3022 5606 :
3053 5552 3249 5608 Moneo
3294 5558 3349 5607 te
3389 5550 3466 5607 uti
3493 5549 3641 5622 vino,
3673 5549 3733 5606 in
