3932 6428
171 303 264 359 853

837 302 1214 359 EXPOSITIO
1254 303 1327 357 IN
1364 299 1747 358 EPISTOLAS
1785 298 2016 355 PAULI.
2052 327 2122 337 —
2151 297 2225 351 IN
2263 296 2484 351 EPIST.
2533 295 2556 348 Ι
2593 295 2687 350 AD
2731 293 2877 348 TIM.

3395 293 3500 346 45ι

179 445 277 500 quo
306 437 359 483 te
390 428 755 484 obedientem
787 444 907 483 esse
957 428 1159 482 bonum
1191 435 1272 481 est
1303 445 1316 481 :
1351 427 1478 499 quia
1523 427 1649 482 licet
1678 441 1786 480 non
1807 426 1862 486 Α
1896 443 1917 472 ι
1954 429 2056 476 stat
2087 420 2245 475 nobis
2266 419 2450 476 omnia
2480 419 2696 474 abunde
2719 419 2786 472 ad
2809 417 3121 485 fruendum,
3145 417 3285 471 bene
3309 431 3498 486 agere,

179 518 428 573 omnibus
459 525 730 588 appareat
760 519 862 572 hoc
892 525 942 571 te
971 517 1109 571 bene
1140 532 1328 588 agere,
1361 532 1430 570 ne
1461 516 1583 570 ideo
1613 514 1788 569 refor—

184 608 354 661 mides
385 623 399 660 :
437 607 566 676 quia
596 623 787 660 verum
820 605 1039 676 quidem
1072 613 1154 658 est
1185 605 1329 675 quod
1363 605 1614 674 quedam
1648 604 1791 656 bona

188 695 323 750 facta
353 693 655 749 manifesta
685 703 829 758 sunt,
863 701 913 748 et
942 694 1191 764 quaedam
1222 693 1364 747 facta
1395 709 1518 762 quae
1549 692 1701 745 aliter
1731 708 1791 745 se

187 784 404 848 habent,
440 783 497 837 id
532 792 616 838 est
649 800 768 854 quae
798 782 1088 836 manifesta
1116 798 1224 836 non
1255 790 1399 848 sunt,
1422 797 1534 835 non
1563 787 1793 850 possunt

187 871 450 927 abscondi
480 872 535 924 in
558 871 650 925 die
674 871 862 940 judicii
887 889 902 935 ;
927 871 996 924 ita
1028 871 1075 924 si
1103 870 1265 924 modo
1296 885 1405 924 non
1424 869 1622 923 videris
1653 868 1792 922 bene

189 976 352 1032 agere
403 960 609 1014 utendo
650 959 798 1025 vino,
832 959 956 1030 quia
1003 959 1155 1030 prius
1184 966 1452 1013 noverunt
1501 966 1549 1011 te
1599 972 1792 1011 omnes

186 1049 463 1102 abstinere
513 1048 584 1102 ab
615 1049 720 1103 hoc
759 1048 830 1102 ob
877 1047 1180 1102 custodiam
1229 1046 1556 1110 sobrietatis,
1591 1062 1659 1100 ne
1691 1062 1792 1101 cu-

189 1154 280 1192 res
313 1155 326 1191 :
359 1137 490 1208 quia
518 1136 648 1192 licet
677 1151 786 1191 non
812 1137 999 1202 modo,
1031 1144 1216 1190 tamen
1254 1135 1311 1188 in
1337 1136 1424 1190 die
1449 1134 1640 1203 judicii
1670 1149 1792 1188 ma-

189 1226 450 1281 nifestum
481 1225 585 1280 erit
612 1233 664 1280 te
711 1225 851 1280 bene
880 1224 1081 1296 egisse,
1117 1224 1266 1291 dum,
1297 1223 1430 1277 mihi
1461 1222 1788 1288 obediendo,

187 1332 323 1369 usus
353 1331 416 1370 es
443 1313 591 1369 vino.
639 1312 797 1382 Quod
844 1314 1093 1384 quaedam
1142 1313 1284 1367 bona
1331 1312 1616 1366 manifesta
1665 1312 1792 1377 sint,

187 1404 442 1474 quaedam
472 1418 604 1457 vero
633 1419 763 1467 non,
797 1410 1025 1472 apparet
1053 1418 1152 1472 per
1181 1401 1470 1467 contraria,
1501 1401 1629 1471 quia
1658 1415 1794 1474 pec-

187 1502 311 1550 cata
342 1491 705 1562 quorumdam
749 1490 1028 1545 hominum
1074 1490 1365 1544 manifesta
1412 1501 1535 1544 sunt
1582 1505 1795 1559 pra‘ce-

187 1581 378 1636 dentia
423 1579 492 1634 ad
528 1579 838 1648 judicium:
873 1578 1233 1648 quorumdam
1286 1587 1467 1633 autem
1512 1586 1564 1632 et
1608 1577 1798 1632 subse-

189 1677 452 1740 quuntur,
503 1667 645 1723 sicut
689 1666 992 1738 expositum
1040 1674 1142 1722 est.
1197 1666 1455 1722 Similiter
1499 1667 1554 1720 in
1601 1665 1795 1721 ordine

189 1758 385 1813 littera:
412 1755 631 1827 legitur.

827 1892 1050 1947 CAPUT
1081 1892 1172 1947 VI.

266 2049 290 2078 ι
326 2025 652 2096 Quicunque
683 2032 806 2079 sunt
846 2024 945 2078 sub
989 2025 1122 2096 jugo
1173 2023 1318 2078 servi
1369 2023 1620 2079 dominos
1668 2039 1799 2078 suos

187 2140 210 2164 α
250 2116 399 2172 omni
424 2117 640 2170 honore
662 2113 856 2184 dignos
887 2112 1236 2178 arbitrentur,
1259 2128 1327 2166 ne
1356 2128 1556 2167 nomen
1580 2112 1800 2167 Domini

191 2228 215 2254 ι
254 2214 308 2260 et
335 2203 590 2260 doctrina
638 2202 1060 2272 blasphemetur.
1095 2199 1200 2268 Qui
1248 2209 1429 2256 autem
1479 2200 1669 2256 ﬁdeles
1699 2203 1798 2257 ha-

188 2318 210 2342 .
252 2293 384 2348 bent
411 2292 684 2356 dominos,
719 2305 827 2345 non
857 2296 1223 2355 contemnant,
1250 2290 1375 2361 quia
1406 2289 1603 2346 fratres
1635 2298 1756 2344 sunt
1781 2308 1794 2344 :

193 2406 217 2431 ει
255 2382 354 2436 sed
394 2381 572 2453 magis
621 2379 875 2443 serviant,
911 2379 1040 2448 quia
1085 2376 1279 2432 ﬁdeles
1312 2386 1437 2432 sunt
1483 2387 1536 2434 et
1565 2379 1749 2434 dilecti
1784 2396 1798 2433 :

193 2494 216 2519 ιι
255 2471 387 2543 quia
416 2467 672 2524 beneﬁcii
701 2467 995 2538 participes
1027 2475 1171 2521 sunt.
1204 2468 1322 2522 Hoc
1351 2467 1488 2523 doce
1519 2476 1571 2522 et
1601 2468 1801 2523 exhor-

194 2585 218 2608 α
258 2568 395 2614 tare.
428 2557 485 2613 Si
514 2557 635 2629 quis
679 2556 838 2611 aliter
864 2556 1044 2622 docet,
1080 2565 1132 2611 et
1165 2571 1270 2610 non
1323 2556 1622 2626 acquiescit
1652 2557 1798 2611 sanis

196 2670 221 2699 ι
258 2646 605 2703 sermonibus
638 2644 856 2700 Domini
901 2645 1075 2699 nostri
1101 2645 1232 2699 Jesu
1264 2645 1483 2710 Christi,
1517 2653 1570 2700 et
1599 2645 1648 2700 ei
1679 2662 1801 2716 quae

197 2759 223 2789 ι
261 2736 560 2792 secundum
606 2733 864 2804 pietatem
915 2741 993 2787 est
1043 2733 1320 2798 doctrinm,
1375 2734 1646 2803 superbus
1694 2743 1794 2799 est,

199 2847 224 2876 ς
260 2825 392 2880 nihil
425 2824 625 2888 sciens,
659 2822 758 2877 sed
785 2822 1055 2892 languens
1085 2822 1230 2877 circa
1261 2822 1588 2892 quaestiones
1618 2831 1672 2878 et
1701 2840 1800 2893 pu-

200 2935 225 2966 c
259 2929 397 2985 gnas
426 2911 719 2968 verborum
754 2926 764 2964 :
794 2925 859 2965 ex
887 2910 1086 2981 quibus
1118 2910 1364 2966 oriuntur
1388 2910 1626 2977 invidiae,
1661 2927 1798 2967 con-

201 3023 226 3054 ι
261 3002 550 3067 tentiones,
584 2999 957 3070 blasphemiae,
1003 2999 1342 3069 suspiciones
1390 2999 1566 3067 malae,
1602 3000 1798 3056 conﬁi-

200 3116 223 3138 ιι
263 3091 528 3146 ctationes
582 3088 864 3144 hominum
907 3096 1089 3142 mente
1138 3096 1560 3159 corruptorum:
1595 3097 1650 3143 et
1706 3089 1799 3160 qui

199 3204 224 3228 α
260 3180 482 3237 veritate
511 3177 705 3248 privati
735 3183 880 3245 sunt,
913 3175 1333 3231 existimantium
1381 3185 1648 3247 quaastum
1679 3194 1802 3232 esse

201 3290 226 3320 ι
259 3269 536 3340 pietatem.
569 3267 667 3321 Est
695 3273 881 3321 autem
909 3272 1149 3336 quaestus
1191 3281 1444 3338 magnus,
1475 3266 1647 3336 pietas
1677 3283 1804 3322 cum

202 3379 226 3408 α
262 3356 600 3413 sufﬁcientia.
645 3355 793 3409 Nihil
839 3353 985 3409 enim
1030 3353 1305 3408 intulimus
1350 3355 1406 3408 in
1448 3356 1590 3411 hunc
1637 3373 1802 3411 mun-

201 3471 223 3494 ι
259 3447 413 3511 dum,
445 3444 590 3500 haud
616 3443 842 3498 dubium
891 3442 1016 3513 quia
1046 3458 1150 3498 nec
1197 3442 1415 3498 auferre
1446 3445 1576 3514 quid
1607 3460 1804 3514 possu-

204 3557 228 3586 ι
260 3551 405 3590 mus.
453 3533 728 3588 Habentes
775 3539 957 3587 autem
1003 3531 1257 3586 alimenta
1299 3541 1352 3587 et
1402 3532 1598 3602 quibus
1645 3542 1802 3606 tega-

201 3645 225 3675 ι
257 3639 402 3692 mur,
436 3622 521 3676 his
568 3620 807 3677 contenti
856 3619 1043 3675 simus.
1074 3620 1217 3674 Nam
1244 3620 1336 3689 qui
1383 3621 1571 3676 volunt
1607 3622 1804 3678 divites

203 3743 227 3772 ι
264 3719 404 3784 ﬁeri,
437 3718 681 3774 incidunt
711 3718 766 3772 in
816 3717 1169 3773 tentationem
1217 3724 1270 3772 et
1299 3717 1356 3772 in
1402 3717 1656 3790 laqueum
1686 3720 1804 3775 dia-

201 3833 225 3862 ι
260 3810 395 3874 boli,
428 3816 483 3863 et
511 3807 788 3864 desideria
834 3806 1006 3862 multa
1037 3813 1090 3861 et
1116 3805 1326 3860 inutilia
1354 3813 1406 3861 et
1436 3808 1650 3873 nociva,
1684 3825 1805 3880 quae

203 3921 226 3951 ι
261 3905 523 3972 mergunt
569 3896 820 3951 homines
869 3895 925 3949 in
972 3894 1247 3950 interitum
1295 3903 1349 3949 et
1416 3896 1803 3966 perditionem.

203 4009 228 4039 α
265 3987 441 4043 Radix
473 3985 615 4040 enim
645 3985 888 4040 omnium
903 3984 1175 4039 malorum
1204 3991 1286 4038 est
1311 3984 1579 4054 cupiditas
1608 4001 1804 4056 :quam

201 4098 226 4128 ι
264 4076 488 4148 quidam
533 4081 871 4145 appetentes,
905 4080 1226 4128 erraverunt
1253 4088 1284 4126 a
1315 4071 1442 4140 ﬁde,
1477 4081 1529 4128 et
1558 4073 1808 4130 inserue-

200 4189 224 4214 ι
261 4173 395 4221 runt
422 4180 482 4220 se
508 4163 789 4218 doloribus
835 4160 1036 4216 multis.
1068 4162 1148 4216 Tu
1187 4169 1388 4227 autem,
1422 4177 1455 4216 o
1486 4162 1649 4218 homo
1681 4163 1802 4230 Dei,

199 4280 222 4303 ε
261 4255 384 4310 haec
411 4252 559 4325 fuge.
595 4252 817 4308 Sectare
846 4266 975 4306 vero
998 4249 1282 4319 justitiam,
1307 4249 1583 4320 pietatem,
1617 4251 1801 4320 ﬁdem,

201 4365 224 4395 ι
262 4342 605 4407 charitatem,
628 4339 962 4411 patientiam,
991 4338 1486 4394 mansuetudinem.
1516 4339 1678 4395 Certa
1707 4341 1806 4396 bo-

199 4453 221 4486 ι
261 4447 395 4487 num
421 4437 702 4486 certamen
732 4428 862 4483 ﬁdei
895 4445 908 4481 :
942 4427 1295 4498 apprehende
1343 4427 1508 4482 vitam
1545 4437 1804 4484 aeternam

1895 533 1916 560 α
1955 511 2154 565 divites
2200 508 2319 563 ﬁeri
2375 509 2429 562 in
2489 507 2646 562 bonis
2703 506 2981 577 operibus,
3035 506 3192 562 facile
3238 505 3492 570 tribuere,

1902 621 1923 649 α
1961 598 2382 662 communicare,
2418 595 2786 651 thesaurizare
2817 596 2918 649 sibi
2952 595 3363 649 fundamentum
3394 593 3500 647 bo-

1897 709 1918 738 ι
1957 705 2087 741 num
2141 688 2195 740 in
2247 686 2507 752 futurum,
2539 693 2596 740 ut
2626 685 3035 755 apprehendant
3079 700 3263 738 veram
3311 682 3498 737 vitam.

1899 798 1920 827 α
1958 776 2003 831 Ο
2033 776 2338 840 Timothee,
2371 774 2679 845 depositum
2708 773 2941 838 custodi,
2965 772 3211 827 devitans
3243 772 3502 842 profanas

1899 887 1920 915 α
1960 881 2156 920 vocum
2222 863 2511 929 novitates,
2559 870 2612 917 et
2660 862 3032 932 oppositiones
3090 861 3211 915 falsi
3265 859 3501 914 nominis

1899 976 1920 999 ις
1958 953 2199 1007 scientia)
2233 967 2244 1006 :
2281 968 2443 1023 quam
2475 951 2695 1023 quidam
2723 950 3123 1022 promittentes,
3157 949 3300 1005 circa
3337 947 3499 1004 ﬁdem

1899 1065 1920 1088 ιι
1961 1041 2300 1097 exciderunt.
2337 1040 2528 1096 Gratia
2559 1048 2758 1096 tecum.
2792 1041 2986 1094 Amen.
3029 1062 3050 1086 ιο

2576 1206 2892 1247 EXPOSITIO.

1945 1321 2110 1390 ,Quia
2138 1322 2331 1378 iterum
2361 1323 2489 1378 vidit
2524 1323 2718 1378 Paulus
2741 1324 3007 1394 quosdam
3029 1338 3216 1379 servos
3237 1324 3306 1379 ad
3337 1323 3502 1382 ﬁdem

1900 1426 2196 1467 conversos
2253 1411 2560 1483 indignari,
2621 1428 2723 1468 nec
2787 1413 2927 1468 velle
2991 1413 3197 1468 servire
3267 1413 3502 1468 dominis

1901 1499 2015 1554 suis
2048 1498 2377 1567 inﬁdelibus,
2409 1508 2666 1570 putantes
2715 1501 3012 1556 absurdum
3042 1518 3186 1568 esse,
3219 1510 3276 1556 ut
3301 1503 3346 1556 si
3378 1503 3502 1574 quis

1901 1586 2078 1642 ﬁdelis
2127 1596 2274 1643 esset
2318 1589 2548 1644 serviret
2596 1588 2848 1644 inﬁdeli:
2883 1605 2984 1645 nec
3027 1590 3189 1644 etiam
3250 1589 3503 1646 ﬁdelibus

1901 1676 2154 1743 dominis,
2209 1677 2474 1744 dicentes,
2536 1693 2662 1734 cum
2709 1693 2899 1733 omnes
2940 1677 3130 1733 ﬁdeles
3186 1678 3241 1733 in
3287 1679 3504 1735 Christo

1818 1783 1871 1843 Β
1907 1763 1977 1820 3
1992 1765 2060 1820 3
2079 1764 2140 1821 1
2170 1765 2368 1820 fratres
2390 1766 2515 1832 sint,
2533 1767 2734 1821 debere
2755 1765 2871 1820 ﬁeri
2893 1782 3084 1822 omnes
3106 1767 3353 1835 ejusdem
3374 1783 3506 1822 con-

1902 1853 2142 1908 ditionis.
2173 1856 2239 1909 Ut
2280 1854 2484 1908 malum
2529 1855 2685 1923 hujus
2733 1854 3005 1925 opinionis
3052 1855 3343 1922 refelleret,
3377 1855 3450 1910 ait
3485 1870 3498 1910 :

1903 1941 2052 1996 Sicut
2081 1943 2310 2012 praedixi
2338 1944 2406 1998 de
2437 1943 2827 1998 consecrandis
2863 1943 3202 2014 presbyteris
3231 1945 3500 2010 observa;

1901 2030 2138 2100 prarcipe
2159 2031 2322 2085 etiam
2342 2033 2466 2096 hoc,
2491 2040 2549 2086 ut
2569 2033 2887 2104 quicunque
2915 2033 3061 2088 servi
3082 2037 3218 2087 sunt
3247 2034 3344 2089 sub
3363 2034 3503 2104 jugo

1903 2117 2204 2174 inﬁdelium
2219 2121 2586 2185 dominorum,
2606 2121 2967 2176 arbitrentur
2985 2121 3240 2176 dominos
3269 2137 3397 2178 suos
3421 2122 3506 2177 di-

1900 2223 2039 2277 gnos
2067 2209 2223 2264 omni
2255 2209 2502 2274 honore;
2535 2208 2641 2264 ﬁde
2657 2217 2840 2264 tamen
2861 2209 2917 2263 in
2937 2209 3192 2264 omnibus
3211 2209 3500 2266 custodita.

1904 2295 2033 2350 Ideo
2061 2312 2158 2366 per
2181 2297 2374 2369 jugum
2406 2297 2654 2352 inﬁdeles
2682 2297 2936 2368 signavit,
2956 2298 3052 2368 qui
3071 2297 3340 2353 difﬁcilius
3370 2315 3504 2369 pre-

1902 2383 2126 2438 mebant
2156 2401 2349 2440 servos
2379 2401 2543 2457 quam
2574 2385 2765 2441 ﬁdeles
2794 2385 3018 2440 domini.
3054 2387 3184 2442 Ideo
3214 2387 3294 2442 sic
3322 2387 3504 2442 domi-

1901 2472 1986 2526 nis
2010 2473 2381 2541 subjiciantur,
2407 2491 2500 2538 ne,
2520 2475 2566 2529 si
2588 2475 2744 2530 aliter
2764 2473 2936 2541 ﬁeret,
2961 2476 3380 2545 blasphemetur
3399 2492 3505 2531 no-

1901 2578 2034 2616 men
2064 2563 2313 2628 Domini,
2332 2563 2575 2617 dicentes
2604 2565 2780 2618 Deum
2807 2564 3084 2632 injustam,
3109 2563 3202 2634 qui
3232 2564 3506 2620 conditio-

1903 2666 2002 2704 nes
2051 2651 2358 2716 mutaverit,
2393 2659 2447 2706 et
2476 2667 2664 2708 servos
2694 2652 2786 2723 qui
2817 2668 2915 2722 pro
2961 2652 3203 2722 peccatis
3248 2653 3362 2708 suis
3409 2669 3506 2710 seu

1904 2745 2193 2808 parentum
2225 2739 2370 2795 servi
2413 2739 2539 2794 facti
2580 2748 2724 2809 sunt,
2761 2748 2819 2795 ut
2847 2741 3016 2795 Cham
3047 2739 3188 2794 ﬁlius
3212 2741 3349 2808 Noe,
3382 2757 3506 2797 cum

1901 2828 2255 2898 generatione
2287 2844 2383 2882 sua
2413 2829 2572 2898 (Gen.
2609 2844 2689 2895 ix,
2724 2833 2834 2899 25‘),
2888 2829 3013 2900 quia
3041 2829 3295 2900 pudenda
3335 2830 3506 2900 patris

1901 2915 2122 2983 detexit,
2157 2915 2368 2972 liberos
2393 2933 2504 2972 non
2536 2917 2744 2984 fecerit,
2777 2918 2902 2973 ideo
2935 2918 3099 2972 etiam
3131 2918 3370 2975 serviant
3400 2920 3506 2975 do-

1901 3005 2082 3071 minis,
2139 3021 2209 3060 ne
2268 3007 2556 3072 doctrina,
2606 3007 2661 3061 id
2705 3015 2785 3062 est
2833 3007 3149 3077 praedicatio
3192 3017 3507 3064 sanctorum

1903 3093 2314 3164 blasphemetur
2343 3103 2396 3149 et
2444 3095 2868 3166 contemptibilis
2919 3094 3031 3164 ﬁat,
3067 3097 3197 3150 dum
3245 3113 3366 3168 qua
3411 3114 3506 3152 sua

1903 3191 2047 3249 sunt,
2079 3183 2314 3238 dominis
2362 3183 2592 3238 auferat.
2627 3183 2709 3238 Illi
2733 3189 2931 3240 autem
2962 3185 3108 3241 servi
3157 3187 3252 3258 qui
3300 3186 3507 3243 habent

1901 3272 2094 3340 ﬁdeles
2124 3272 2399 3338 dominos,
2434 3289 2552 3328 non
2579 3277 2956 3329 contemnant
2991 3290 3086 3328 eos
3116 3277 3250 3346 quia
3293 3279 3510 3345 [ratres

1902 3364 2043 3416 sunt
2060 3360 2115 3414 in
2137 3361 2353 3415 Christo
2376 3379 2390 3426 ;
2415 3362 2509 3416 sed
2528 3365 2730 3431 magis,
2747 3377 2856 3417 non
2878 3363 3024 3433 quod
3036 3362 3194 3433 plura
3205 3363 3385 3418 debita
3400 3364 3509 3419 sol-

1903 3456 2049 3516 vant,
2085 3450 2182 3503 sed
2211 3449 2401 3517 majori
2449 3449 2740 3505 dilectione
2782 3451 3036 3506 serviant
3075 3451 3176 3517 eis,
3210 3452 3333 3507 ideo
3376 3453 3511 3524 quia

1902 3538 2096 3605 ﬁdeles
2126 3541 2284 3602 sunt,
2311 3541 2366 3593 et
2388 3538 2584 3593 dilecti
2603 3554 2637 3592 a
2656 3540 2791 3600 Deo.
2818 3546 2870 3593 et
2892 3538 3016 3608 quia
3035 3541 3344 3612 participes
3371 3545 3509 3596 sunt

1903 3626 2160 3695 beneﬁcii
2191 3626 2311 3691 Dei,
2333 3626 2387 3680 id
2409 3635 2490 3681 est
2505 3627 2837 3696 justitiarum
2860 3644 2981 3698 qua:
3001 3627 3270 3682 habentur
3289 3629 3346 3683 in
3365 3645 3509 3699 prae-

1903 3715 2062 3780 senti,
2113 3723 2166 3769 et
2223 3714 2418 3770 futurae
2473 3715 2844 3772 beatitudinis.
2905 3717 3016 3771 Hos
3065 3717 3273 3773 scilicet
3317 3734 3510 3774 servos

1905 3803 2182 3871 subjectos
2231 3819 2355 3858 esse
2404 3804 2639 3859 dominis
2683 3805 2817 3861 doce
2864 3821 2979 3872 eos,
3013 3806 3105 3877 qui
3148 3806 3417 3875 nesciunt,
3451 3814 3507 3863 et

1905 3892 2216 3948 exhortare
2249 3893 2537 3963 superbos,
2563 3893 2656 3964 qui
2685 3895 2864 3950 sciunt
2893 3901 2946 3949 et
2975 3894 3186 3950 servire
3205 3895 3506 3968 dedignan-

1906 3987 2011 4035 tur.
2045 3981 2106 4036 Si
2131 3982 2254 4051 quis
2280 3997 2412 4036 vero
2441 3982 2650 4052 pseudo
2679 3985 2855 4038 aliter
2883 3983 3062 4049 docet,
3088 3999 3280 4039 servos
3299 3985 3508 4041 scilicet

1903 4083 2014 4123 non
2054 4068 2258 4124 debere
2301 4070 2509 4126 servire
2556 4071 2812 4137 dominis,
2847 4076 3043 4127 etate
3087 4073 3394 4142 prohibitus
3437 4059 3508 4130 ne

1906 4157 2010 4212 hoc
2022 4157 2234 4227 doceat,
2259 4174 2373 4214 non
2394 4160 2704 4231 acquiescit
2732 4162 2889 4216 sanis
2903 4161 3260 4216 sermonibus
3279 4163 3509 4218 Domini

1905 4247 2091 4301 nostri
2111 4248 2240 4302 Jesu
2265 4248 2496 4313 Christi,
2512 4253 2568 4303 et
2588 4263 2696 4303 non
2709 4249 3070 4320 acquiescitei
3089 4249 3362 4306 doctrina:
3383 4267 3506 4322 qua:

1906 4339 1989 4389 est
2020 4335 2332 4391 secundum
2358 4338 2656 4408 pietatem.
2690 4337 2950 4393 Doctrina
2973 4337 3119 4392 enim
3149 4338 3250 4392 Dei
3278 4338 3368 4408 pia
3398 4347 3502 4410 est,

1907 4439 2017 4478 non
2035 4431 2252 4478 mutans
2283 4424 2644 4491 conditiones,
2669 4425 2802 4479 nulli
2832 4425 3027 4480 tollens
3045 4425 3190 4497 quod
3221 4442 3378 4481 suum
3399 4437 3501 4484 est.

196 4542 220 4572 α
259 4522 316 4576 in
344 4535 453 4591 qua
479 4526 704 4593 vocatus
733 4533 814 4582 es,
848 4523 900 4571 et
928 4515 1213 4572 confessus
1261 4516 1458 4571 bonam
1503 4517 1804 4574 confessio-
1831 4504 1884 4566 D
1902 4513 2076 4567 Etiam
2105 4512 2230 4569 ideo
2257 4513 2348 4583 pia
2377 4513 2505 4584 quia
2549 4529 2647 4584 per
2674 4514 2779 4568 hoc
2811 4513 3062 4569 dominos
3099 4514 3328 4569 multum
3357 4515 3502 4572 invi-

201 4631 227 4661 α
262 4625 392 4666 nem
421 4605 626 4680 [ﬁdem]
653 4621 841 4662 coram
887 4605 1070 4659 multis
1115 4605 1364 4660 testibus.
1416 4606 1676 4676 Praecipio
1706 4606 1803 4663 tibi

205 4722 228 4749 ι
261 4713 447 4756 coram
472 4697 588 4752 Deo
619 4695 712 4766 qui
739 4693 942 4751 viviﬁat
989 4693 1190 4760 omnia,
1222 4701 1275 4749 et
1305 4695 1520 4750 Christo
1547 4697 1678 4751 Jesu
1708 4697 1802 4767 qui

200 4811 225 4840 ι
262 4785 632 4844 testimonium
686 4783 924 4840 reddidit
969 4783 1070 4838 sub
1116 4782 1308 4839 Pontio
1356 4783 1543 4850 Pilato,
1600 4784 1800 4840 bonam

201 4899 226 4930 ι
261 4875 682 4941 confessionem,
729 4881 788 4928 ut
834 4889 1019 4928 serves
1062 4872 1380 4927 mandatum
1423 4872 1540 4928 sine
1583 4874 1804 4930 macula

202 4991 225 5015 α
264 4962 746 5036 irreprehensibile
776 4977 949 5033 usque
977 4961 1034 5016 in
1063 4962 1356 5018 adventum
1384 4961 1602 5016 Domini
1630 4963 1802 5019 nostri

201 5079 226 5107 ι
260 5055 392 5110 Jesu
423 5053 623 5110 Christi
656 5067 853 5123 :quem
882 5050 993 5105 suis
1025 5050 1364 5121 temporibus
1393 5052 1642 5107 ostendet
1670 5052 1801 5107 bea-

202 5166 227 5196 ι
260 5153 348 5200 tus
376 5150 429 5199 et
457 5141 608 5198 solus
635 5149 832 5212 potens
859 5139 974 5196 Rex
999 5155 1196 5212 regum
1226 5147 1280 5194 et
1319 5139 1585 5195 Dominus
1627 5141 1803 5196 domi-

203 5258 225 5281 ει
263 5233 522 5297 nantium,
557 5230 651 5302 qui
701 5229 851 5286 solus
897 5228 1061 5283 habet
1101 5228 1580 5295 immortalitatem,
1614 5236 1668 5284 et
1711 5229 1800 5284 lu-

203 5347 225 5370 ε
261 5340 378 5380 cem
416 5321 617 5377 habitat
666 5317 1148 5375 inaccessibilem:
1183 5333 1345 5389 quem
1390 5317 1570 5372 nullus
1616 5317 1800 5373 homi-

202 5436 225 5460 α
260 5429 386 5467 num
432 5411 588 5477 vidit,
623 5409 722 5465 sed
768 5422 873 5463 nec
914 5406 1103 5462 videre
1146 5415 1328 5477 potest
1361 5421 1373 5460 :
1405 5406 1494 5463 cui
1542 5407 1718 5462 honor
1747 5415 1801 5462 et

199 5523 222 5554 ι
255 5502 543 5576 imperium
606 5497 1004 5568 sempiternum
1037 5512 1050 5549 :
1082 5497 1276 5550 Amen.
1325 5495 1595 5550 Divitibus
1640 5496 1800 5564 hujus

197 5617 218 5642 ι
251 5593 432 5650 εαξοωὶ
462 5589 709 5665 principe
729 5601 842 5641 non
873 5583 1105 5638 sublime
1136 5599 1348 5655 sapere,
1373 5600 1554 5655 neque
1577 5599 1800 5654 sperare

193 5709 214 5735 ι
249 5685 304 5741 in
332 5685 544 5742 incerto
586 5675 933 5740 divitiarum,
967 5672 1066 5730 sed
1094 5671 1150 5728 in
1198 5672 1316 5730 Deo
1344 5671 1488 5741 vivo,
1522 5671 1614 5744 qui
1662 5688 1801 5744 prae-

1904 4609 1978 4657 tat
2019 4602 2090 4657 ad
2138 4602 2302 4656 ﬁdem
2333 4610 2386 4657 et
2414 4601 2600 4668 allicit,
2649 4619 2809 4673 quam
2861 4602 3050 4674 utique
3096 4603 3423 4672 doctrinam,
3457 4605 3505 4660 si

1905 4707 2096 4748 servos
2125 4691 2206 4746 eis
2235 4690 2498 4758 auferret,
2543 4690 2946 4747 intolerabilem
2985 4692 3290 4761 judicarent
3317 4701 3372 4749 et
3399 4694 3503 4749 ab-

1897 4781 2150 4850 jicerent.
2205 4780 2390 4836 Servis
2439 4781 2600 4835 etiam
2631 4797 2726 4850 per
2765 4781 2883 4836 haec
2924 4780 3012 4851 pia
3043 4789 3169 4836 est:
3204 4781 3334 4852 quia
3379 4798 3504 4840 cum

1902 4885 2000 4940 pro
2046 4869 2284 4940 peccatis
2333 4869 2465 4936 suis,
2499 4885 2596 4926 seu
2624 4877 2911 4940 parentum
2941 4869 3083 4927 servi
3125 4869 3252 4926 facti
3280 4880 3425 4940 sunt,
3461 4872 3508 4928 si

1902 4973 2122 5036 pmnam
2163 4959 2304 5015 hanc
2347 4958 2555 5030 peccati
2601 4958 2870 5029 patienter
2916 4959 3202 5026 sustinent,
3231 4968 3507 5016 merentur

1897 5046 2181 5115 justiﬁcari
2223 5064 2326 5118 per
2369 5047 2757 5115 humilitatem;
2801 5047 2848 5102 si
2891 5064 3026 5105 vero
3061 5056 3315 5116 renuunt,
3349 5049 3504 5105 dam-

1903 5143 2106 5191 nantur
2131 5151 2232 5206 per
2278 5136 2611 5206 superbiam.
2646 5136 2702 5191 Si
2751 5136 2892 5208 quis,
2925 5137 3169 5208 inquam,
3203 5137 3359 5194 aliter
3399 5138 3503 5196 do-

1903 5232 2010 5290 cet,
2037 5240 2140 5280 nec
2168 5225 2472 5295 prohibitus
2502 5225 2752 5291 desistit;
2788 5225 2876 5282 hic
2904 5226 3188 5295 abjiciatur
3217 5235 3272 5282 ut
3301 5243 3504 5300 super-

1903 5315 2004 5369 bus
2050 5321 2104 5368 et
2133 5315 2284 5370 nihil
2330 5315 2532 5378 sciens,
2564 5331 2690 5370 cum
2720 5330 2781 5369 se
2809 5322 2960 5385 putet
3005 5315 3208 5387 aliquid
3254 5316 3417 5384 scire,
3452 5324 3506 5372 et

1903 5417 2096 5456 omnes
2126 5402 2375 5456 homines
2404 5402 2565 5458 unius
2613 5402 2941 5459 conditionis
2971 5420 3094 5459 esse
3137 5412 3369 5460 asserat.
3401 5405 3507 5461 Ni-

1903 5490 2000 5556 hil,
2032 5489 2272 5562 inquam,
2307 5490 2508 5558 sciens,
2541 5491 2636 5547 sed
2687 5493 2982 5563 languens,
3015 5492 3072 5547 id
3102 5500 3185 5548 est
3207 5491 3507 5550 dissolutus

1903 5587 1958 5634 et
1988 5579 2278 5651 languidus
2307 5581 2462 5635 circa
2492 5582 2830 5651 quaestiones
2859 5597 2998 5651 quas
3027 5581 3212 5650 objicit
3232 5589 3285 5635 et
3313 5581 3502 5637 absol-

1903 5683 2034 5725 vere
2063 5668 2274 5735 nescit;
2307 5672 2364 5724 et
2395 5668 2545 5724 circa
2566 5685 2792 5741 pugnas
2819 5669 3134 5738 verborum,
3159 5668 3215 5724 id
3242 5675 3326 5724 est
3354 5668 3506 5726 circa
