3932 6460
440 341 544 396 L55

999 336 1056 390 S.
1097 332 1450 390 BRUNONIS
1488 331 2137 390 CARTHUSIANORUM
2171 335 2652 392 INSTITUTORIS
2690 336 2842 392 OPP.
2885 336 3060 391 PARS
3097 335 3163 390 Il.

3629 341 3733 394 456

438 461 739 535 pugnantia
766 459 952 522 verba,
983 464 1040 511 ut
1070 457 1200 510 illud
1235 474 1248 510 :
1287 481 1308 504 α
1346 457 1402 511 Si
1433 473 1530 512 vos
1562 457 1728 512 Filius
1757 457 2027 512 liberave-
2053 461 2107 518 Α
2136 466 2282 514 ctare
2303 459 2460 514 etiam
2479 461 2905 532 patientiam,id
2924 467 3005 515 est
3026 459 3583 529 patientersustine,si
3606 464 3729 534 quis

441 552 531 617 rit,
567 567 692 604 vere
723 547 879 602 liberi
929 545 1074 600 eritis
1103 545 1286 616 (Joan.
1335 561 1454 613 vnt,
1509 548 1600 615 36)
1633 562 1644 599 :
1683 567 1704 596 ι
1756 554 1808 601 et
1854 545 1983 600 illud
2019 560 2030 598 :

448 663 470 686 ιι
505 638 732 694 Reddite
764 634 967 690 Caesari
995 650 1114 705 quae
1143 642 1263 687 sunt
1286 634 1516 688 Caesaris
1547 636 1698 704 (Luc.
1734 649 1832 701 xx,
1865 637 1976 703 25),
2007 657 2028 680 η

441 744 562 800 quae
592 736 771 780 tamen
804 723 908 777 sibi
937 723 1203 778 contraria
1236 737 1346 777 non
1375 731 1516 776 sunt.

509 817 596 870 Ex
627 813 826 886 quibus
869 812 1069 883 pugnis
1117 811 1411 865 verborum
1465 811 1737 866 oriuntur
1779 811 2027 875 invidiw,

440 903 585 976 quod
614 901 819 956 domini
848 900 1090 954 invident
1119 898 1557 968 superbientibus
1598 899 1792 953 servis.
1827 898 2032 952 Oriun-

436 999 522 1046 tur
552 991 711 1046 etiam
741 989 1154 1052 contentiones,
1183 987 1309 1058 quia
1339 986 1542 1041 domini
1558 987 1889 1042 contendunt
1910 1003 2032 1041 cum

434 1079 608 1135 servis
635 1078 839 1132 verbis.
868 1075 1131 1131 Oriuntur
1154 1075 1322 1156 etiam.
1342 1075 1723 1148 blasphemiae,
1749 1075 1874 1146 quia
1895 1074 2033 1142 (sic-

434 1175 492 1222 ut
521 1167 721 1222 dictum
753 1166 858 1236 est)
885 1164 1298 1234 blasphematur
1327 1163 1452 1217 inde
1498 1164 1666 1229 Deus,
1701 1171 1752 1218 et
1783 1162 2032 1218 doctrina

363 1310 376 1323 ,
433 1257 570 1326 ejus.
606 1254 870 1310 Oriuntur
899 1253 1060 1307 etiam
1088 1253 1257 1306 mala:
1286 1252 1651 1322 suspiciones,
1688 1251 1816 1321 quia
1841 1259 2031 1321 putant

430 1343 638 1400 domini
667 1341 814 1414 quod
843 1341 1234 1411 praadicatores
1274 1340 1540 1409 accipiant
1587 1354 1815 1393 munera
1842 1355 1875 1393 a
1905 1355 2028 1392 ser-

431 1432 536 1487 vis.
559 1431 822 1487 Oriuntur
842 1429 1006 1484 etiam
1035 1429 1490 1496 conﬂictationes
1519 1427 1811 1482 hominum
1833 1425 2028 1496 praedi-

429 1520 665 1577 cantium
697 1520 818 1584 hoc,
853 1517 977 1588 quia
1021 1516 1184 1570 etiam
1231 1523 1476 1587 pugnant
1521 1531 1646 1569 cum
1677 1515 1761 1568 his
1801 1513 1893 1585 qui
1923 1515 2028 1568 hoc

426 1608 742 1680 praedicant.
777 1607 1081 1662 Hominum
1111 1604 1254 1669 dico,
1281 1603 1335 1657 id
1368 1611 1450 1658 est
1480 1603 1812 1673 perditorum
1834 1606 2026 1657 mente

426 1701 842 1767 corruptorum,
876 1694 932 1748 id
977 1701 1060 1747 est
1089 1693 1180 1763 qui
1224 1699 1540 1762 corruptum
1579 1691 1778 1746 habent
1806 1690 2024 1744 intelle-

427 1793 592 1850 ctum,
607 1783 872 1856 quietiam
891 1782 1108 1853 privati
1128 1783 1266 1836 sunt
1289 1780 1435 1834 omni
1454 1781 1691 1835 veritate
1710 1778 2020 1835 verborum.
2045 1807 2097 1866 Β

425 1873 729 1928 Hominum
747 1871 870 1926 dico
883 1869 1058 1924 adhuc
1079 1869 1540 1924 existimantium
1559 1867 1919 1939 pietatem,id
1942 1875 2025 1921 est

431 1961 786 2015 Christianam
819 1957 1120 2013 doctrinam
1151 1973 1265 2012 esse
1311 1961 1610 2028 quaestum,
1643 1955 1698 2009 id
1728 1963 1809 2010 est
1837 1955 1930 2026 qui
1959 1971 2024 2010 ex

424 2048 669 2104 doctrina
701 2061 800 2101 sua
828 2053 1016 2116 putant
1058 2045 1223 2099 licere
1254 2045 1356 2098 sibi
1401 2060 1501 2114 per
1531 2045 1636 2099 hoc
1683 2059 2023 2115 congregare

425 2136 663 2202 divitias,
696 2135 793 2190 sed
825 2134 963 2188 falso
993 2142 1198 2204 putant,
1233 2133 1360 2203 quia
1399 2134 1580 2204 pietas
1607 2148 1716 2186 non
1759 2140 1842 2186 est
1869 2147 2023 2203 quaa—

425 2232 542 2280 stus
574 2222 972 2294 temporalium,
1009 2223 1103 2276 sed
1133 2226 1218 2276 est
1263 2225 1514 2293 quaestus
1561 2237 1822 2290 magnus,
1857 2220 1910 2273 id
1941 2227 2024 2274 est

421 2328 636 2384 magnae
656 2319 708 2366 et
725 2309 1174 2380 incomparabilis
1195 2309 1275 2363 rei
1296 2309 1489 2379 pietas,
1507 2326 1636 2363 cum
1654 2308 2018 2379 sufficientia,

421 2401 475 2455 id
508 2408 590 2455 est
621 2415 744 2456 cum
774 2399 918 2454 victu
939 2406 992 2452 et
1021 2398 1401 2468 vestitu,quod
1432 2397 1628 2468 cuique
1651 2396 1897 2451 sufﬁcere
1929 2396 2024 2450 de-

421 2489 530 2544 bet.
558 2489 685 2542 ldeo
707 2487 835 2558 quia
855 2503 956 2542 nos
977 2486 1107 2540 nudi
1125 2486 1234 2539 nati
1261 2487 1410 2540 nihil
1443 2487 1751 2540 intulimus
1781 2486 1844 2538 in
1871 2485 2022 2538 hunc

419 2578 718 2642 mundum,
752 2581 810 2631 et
858 2576 1009 2630 haud
1059 2576 1289 2629 dubium
1340 2582 1423 2628 est
1466 2573 1595 2644 quin
1645 2580 1905 2627 exeuntes
1953 2572 2022 2626 de

415 2665 621 2720 mundo
650 2681 760 2718 non
789 2679 1084 2735 possumus
1117 2665 1346 2732 auferre
1377 2662 1509 2733 quid
1540 2661 1684 2716 inde.
1713 2661 1794 2715 Ne
1815 2667 2017 2726 autem,

417 2754 544 2825 quia
588 2769 647 2808 se
691 2753 866 2807 nudos
914 2752 1126 2806 dixerat
1168 2750 1374 2804 intrare
1421 2750 1702 2813 mundum,
1736 2748 2021 2819 nudosque

417 2841 635 2911 reverti,
669 2848 885 2911 putaret
933 2839 987 2892 in
1017 2839 1258 2894 nuditate
1311 2837 1748 2893 conversandum
1796 2852 1918 2891 esse
1965 2836 2022 2889 in

417 2910 642 2986 mundo.
673 2910 885 2984 Contra
928 2928 1035 2982 hoc
1064 2927 1138 2982 ait
1172 2943 1184 2982 :
1214 2926 1363 2981 Licet
1411 2926 1544 2980 nihil
1590 2925 1935 2979 intulerimus
1965 2924 2021 2978 in

416 3019 677 3074 mundum
714 3031 726 3071 :
761 3025 941 3071 tamen
970 3016 1097 3070 dum
1129 3016 1184 3068 in
1215 3030 1280 3070 eo
1299 3030 1580 3068 manemus
1613 3014 1784 3067 simus
1815 3012 2020 3068 haben-

420 3112 503 3163 tes
534 3107 813 3161 alimenta
843 3109 899 3159 et
929 3104 1246 3158 indumenta
1275 3103 1471 3176 quibus
1504 3107 1761 3174 tegamur
1782 3121 1799 3156 :
1827 3117 1933 3155 non
1964 3101 2019 3154 in

2137 555 2226 601 tua
2274 549 2530 618 rapuerit.
2565 549 2784 604 Sectare
2817 549 2979 603 etiam
3012 550 3528 615 mansuetudinem,
3563 551 3620 604 id
3650 561 3738 608 est

2134 635 2244 690 noli
2294 636 2507 707 litigare
2558 637 2697 692 sicut
2744 638 3011 706 cupiditas
3052 636 3194 690 facit.
3249 638 3468 691 Sectare
3510 639 3648 704 haec,
3684 649 3740 694 et

2133 729 2288 778 certa
2318 729 2607 780 certamen
2641 745 2658 780 :
2690 726 3048 795 frequentiam
3078 733 3245 778 notat.
3281 726 3568 780 Certamen
3599 729 3726 782 dico

2132 813 2282 880 ﬁdei,
2317 814 2461 884 quod
2493 815 2696 868 bonum
2728 821 2779 867 et
2810 814 2937 867 utile
2965 822 3045 867 est
3075 829 3175 882 pro
3222 811 3328 867 fide
3361 815 3560 868 Christi
3601 831 3730 870 cer-

2133 908 2278 954 tare:
2295 905 2348 955 et
2370 902 2726 973 apprehende
2750 904 2922 956 vitam
2945 903 3312 966 (εἰει-ηαννιρη
3337 919 3498 972 quam
3519 904 3734 958 haben-

2133 988 2254 1042 dam
2297 995 2525 1044 vocatus
2555 1006 2610 1044 es
2657 990 2726 1044 de
2775 988 3086 1044 infidelitate
3134 1006 3231 1059 per
3273 991 3524 1061 gratiam.
3579 992 3727 1047 Con-

2131 1079 2314 1146 fessus
2343 1094 2402 1130 es
2432 1077 2590 1130 etiam
2640 1078 2792 1147 (dum
2837 1077 2891 1130 in
2938 1078 3253 1147 episcopum
3299 1080 3726 1149 consecrareris)

2131 1181 2321 1220 coram
2350 1166 2551 1220 multis
2583 1165 2836 1229 testibus,
2863 1165 2952 1235 qui
2985 1174 3034 1219 te
3066 1181 3276 1220 mecum
3309 1168 3725 1233 consecrabant,

2131 1255 2556 1324 confessionem,
2580 1270 2610 1305 a
2632 1269 2740 1324 qua
2770 1254 3027 1308 recedere
3045 1270 3151 1308 non
3180 1254 3349 1308 debes
3377 1270 3388 1307 :
3415 1257 3541 1325 quia
3563 1258 3725 1324 bona,

2130 1341 2186 1394 id
2216 1349 2295 1394 est
2325 1341 2469 1394 utilis
2503 1349 2585 1395 est
2613 1341 2708 1394 tibi
2731 1349 2784 1395 et
2817 1341 3065 1407 subditis,
3092 1341 3136 1395 si
3158 1341 3209 1395 in
3240 1358 3304 1396 ea
3326 1359 3726 1412 perseverave-

2129 1429 2225 1482 ris.
2260 1429 2441 1483 Monui
2472 1429 2718 1499 superius
2749 1438 2804 1482 ut
2847 1431 3195 1499 cupiditatem
3226 1429 3468 1501 fugeres,
3503 1440 3555 1486 et
3584 1448 3724 1487 con-

2129 1517 2298 1570 traria
2343 1517 2621 1587 cupiditati
2677 1518 2980 1582 sectareris,
3016 1519 3162 1588 quod
3193 1527 3249 1572 ut
3282 1518 3445 1574 facias
3488 1536 3596 1574 non
3627 1536 3723 1575 so-

2128 1604 2237 1659 lum
2269 1621 2484 1672 moneo,
2518 1606 2612 1660 sed
2661 1614 2714 1660 et
2754 1608 3020 1677 pracipio
3069 1608 3187 1671 tibi,
3222 1606 3423 1661 faciens
3469 1623 3590 1662 cum
3622 1609 3727 1662 ad-

2127 1693 2421 1747 monitione
2451 1693 2798 1748 mandatum:
2822 1702 2879 1748 ut
2908 1694 2953 1748 si
2983 1695 3085 1749 hoc
3116 1695 3560 1766 transgrediaris,
3596 1713 3720 1750 reus

2127 1780 2508 1836 inobedientiae
2562 1782 2925 1838 convincaris.
2984 1783 3265 1852 Prascipio,
3324 1783 3562 1854 inquam,
3623 1785 3718 1838 tibi

2126 1870 2242 1925 haec
2272 1887 2460 1925 coram
2493 1873 2599 1926 Deo
2631 1871 2808 1935 Patre,
2843 1878 2900 1923 ut
2929 1870 3059 1924 nihil
3091 1873 3236 1925 Deus
3265 1871 3500 1941 amplius
3530 1873 3720 1943 requi-

2124 1966 2204 2010 rat
2233 1957 2301 2012 de
2331 1973 2494 2012 manu
2527 1974 2664 2024 mea,
2719 1960 2814 2030 qui
2843 1959 2990 2012 Deus
3036 1960 3282 2027 viviﬁcat
3330 1961 3539 2015 omnia.
3583 1960 3722 2015 Vide

2123 2061 2254 2117 ergo
2288 2053 2342 2098 ut
2371 2045 2672 2116 (implendo
2719 2062 2841 2116 qua:
2885 2046 3164 2116 praecipio)
3215 2047 3369 2102 vivas
3412 2047 3469 2101 in
3517 2064 3582 2102 eo
3629 2065 3730 2118 per

2123 2150 2284 2204 quem
2315 2134 2501 2188 vivunt
2531 2134 2732 2188 omnia.
2766 2135 3029 2204 Praecipio
3059 2135 3220 2189 etiam
3269 2135 3365 2189 tibi
3403 2137 3508 2191 hoc
3535 2152 3723 2192 coram

2126 2222 2345 2276 Christo
2378 2224 2526 2286 Jesu,
2559 2222 2650 2293 qui
2687 2223 2853 2290 judex
2885 2223 3127 2277 omnium
3175 2224 3304 2277 nihil
3344 2225 3539 2279 horum
3570 2241 3603 2279 a
3633 2241 3722 2280 me

2122 2310 2362 2380 requirat
2391 2310 2442 2363 in
2476 2311 2564 2364 die
2591 2311 2800 2378 judicii,
2833 2313 2931 2382 qui
2975 2311 3135 2366 Jesus
3164 2313 3408 2367 reddidit
3462 2315 3722 2370 testimo-

2122 2401 2287 2453 nium
2317 2399 2418 2453 sub
2451 2400 2654 2454 Pontio
2684 2400 2890 2454 Pilato.
2919 2401 3050 2454 Cum
3073 2399 3216 2454 enim
3240 2401 3667 2472 interrogaretur
3691 2419 3723 2456 a

2123 2486 2294 2540 Pilato
2319 2505 2331 2540 :
2357 2486 2522 2540 Filius
2553 2487 2652 2540 Dei
2683 2503 2742 2541 es
2773 2495 2827 2541 tu
2849 2488 2875 2540 ‘P
2897 2489 3178 2558 respondit
3205 2506 3217 2542 :
3243 2489 3321 2542 Tu
3350 2489 3530 2543 dixisti
3557 2508 3570 2543 :
3595 2490 3722 2560 quia

2122 2590 2314 2628 revera
2343 2574 2512 2628 Filius
2542 2575 2641 2629 Dei
2671 2591 2776 2645 ego
2799 2592 2916 2629 sum
2952 2577 3170 2644 (Matth.
3206 2592 3390 2641 xxvu,
3420 2578 3508 2646 11)
3535 2593 3545 2631 :
3571 2578 3650 2632 sic
3667 2587 3724 2633 et

2122 2671 2198 2730 tu,
2230 2663 2526 2728 Timothee,
2563 2662 2820 2719 confitere
2853 2663 3148 2731 Christum,
3178 2665 3342 2719 etiam
3374 2666 3419 2719 si
3451 2674 3723 2721 tormenta

2125 2750 2212 2806 vel
2241 2767 2391 2805 mors
2423 2751 2721 2806 immineat.

2192 2839 2466 2905 Reddidit,
2492 2839 2734 2910 inquam,
2761 2839 3150 2906 testimonium,
3176 2841 3382 2896 scilicet
3411 2843 3720 2913 confessio-

2120 2943 2252 2982 nem
2282 2929 2503 2996 bonam,
2525 2917 2591 2982 .id
2621 2937 2704 2982 est
2743 2928 2948 2995 utilem,
2983 2929 3109 3000 quid
3158 2930 3299 2983 enim
3338 2938 3442 2983 tam
3489 2930 3618 2984 utile
3647 2931 3724 2985 ad

2120 3015 2546 3086 redemptionem
2597 3032 2761 3086 quam
2791 3025 2842 3070 et
2871 3017 3015 3086 quod
3063 3017 3178 3083 fuit,
3210 3025 3264 3072 et
3307 3017 3593 3074 confessus
3631 3027 3722 3073 est

2120 3119 2180 3157 se
2211 3120 2333 3158 esse
2367 3104 2559 3158 Filium
2588 3105 2689 3158 Dei
2711 3106 2738 3158 ‘P
2760 3103 3005 3159 Profecto
3026 3105 3070 3158 si
3093 3115 3369 3177 negasset,
3402 3122 3512 3161 non
3544 3107 3725 3162 cruci-

419 3193 617 3266 quibus
669 3192 1022 3257 luxuriemus,
1058 3199 1109 3246 et
1141 3193 1227 3246 his
1275 3190 1545 3244 alimentis
1591 3198 1646 3244 et
1693 3189 2020 3261 tegumentis
2045 3165 2091 3226 C
2119 3190 2400 3264 ﬁgeretur,
2433 3208 2532 3246 nec
2581 3208 2755 3262 genus
2803 3194 3102 3246 humanum
3132 3194 3426 3249 redimeret
3457 3211 3470 3248 :
3503 3203 3555 3249 et
3585 3195 3716 3250 ideo

417 3284 596 3338 simus
625 3283 882 3337 contenti
904 3300 921 3335 :
942 3280 1065 3335 ideo
1096 3279 1218 3350 quia
1249 3278 1492 3333 videmus
1528 3278 1769 3333 332
1802 3293 1898 3332 eos
1925 3279 2020 3350 qui

419 3371 618 3427 volunt
635 3370 838 3424 divites
858 3369 984 3438 ﬁeri
998 3368 1143 3438 quod
1156 3368 1420 3423 incidunt
1437 3368 1499 3421 in
1519 3369 1897 3422 tentationem
1910 3366 2021 3420 ani-

414 3457 575 3525 mi,et
590 3474 691 3530 per
706 3458 845 3513 hanc
865 3459 928 3512 in
950 3458 1212 3528 laqueum
1233 3455 1521 3520 diaboli,id
1534 3462 1614 3510 est
1629 3455 1681 3508 in
1695 3470 1831 3525 Opus
1845 3463 2017 3509 tenta-

413 3547 596 3602 tionis.
632 3547 934 3618 Postquam
973 3545 1136 3599 etiam
1184 3543 1379 3598 divites
1426 3541 1553 3597 facti
1599 3552 1744 3609 sunt,
1775 3543 2017 3598 incidunt

414 3635 473 3689 in
498 3636 685 3690 multa
713 3635 993 3690 desideria
1015 3653 1032 3688 :
1055 3633 1276 3703 cupiunt
1305 3632 1448 3687 enim
1479 3632 1671 3687 domos
1701 3639 1754 3686 et
1783 3631 2012 3702 praedia.

411 3722 700 3780 Desideria
734 3722 857 3778 dico
886 3723 1123 3777 inutilia
1146 3740 1164 3776 :
1185 3735 1288 3777 nec
1305 3721 1480 3775 solum
1508 3720 1624 3776 sine
1645 3720 1891 3785 utilitate,
1916 3720 2014 3774 sed

414 3812 574 3868 etiam
593 3813 791 3867 nociva
813 3830 830 3866 :
851 3809 978 3882 quia
997 3813 1266 3879 mergunt
1285 3811 1538 3865 homines
1558 3809 1929 3864 desiderantes
1949 3809 2013 3862 in

414 3902 744 3966 interitum,
766 3903 820 3955 et
850 3907 974 3969 post
993 3906 1225 3954 mortem
1245 3899 1300 3952 in
1320 3905 1581 3953 aeternam
1608 3898 2007 3970 perditionem.

411 3989 555 4043 Vere
584 3988 700 4043 haec
730 3987 1002 4042 desideria
1031 3987 1110 4042 sic
1141 3995 1392 4058 mergunt
1422 3987 1691 4041 homines.
1737 3986 1877 4039 Nam
1905 4001 2010 4040 cu-

411 4077 624 4149 piditas
651 4080 738 4132 est
763 4076 934 4132 radix
963 4078 1218 4132 omnium
1247 4076 1532 4130 malorum
1555 4095 1572 4130 :
1594 4090 1703 4129 non
1733 4073 1875 4145 quod
1899 4072 2010 4126 sin-

409 4164 538 4238 gula
565 4164 711 4219 mala
740 4164 869 4218 ﬁant
889 4181 989 4235 per
1017 4160 1368 4235 cupiditatem
1393 4163 1658 4234 pecunize,
1683 4163 1780 4216 sed
1801 4160 2009 4215 nullum

409 4269 584 4324 genus
615 4260 698 4308 est
716 4252 940 4319 mali,in
971 4268 1077 4324 quo
1098 4267 1304 4324 genere
1333 4267 1443 4306 non
1473 4251 1542 4305 sit
1568 4250 1769 4306 factum
1787 4248 2008 4318 aliquod

408 4341 610 4396 malum
639 4358 737 4413 per
766 4341 1112 4413 cupiditatem
1143 4341 1474 4396 divitiarum.
1515 4341 1691 4407 Quam
1734 4337 2007 4408 cupidita-

407 4437 520 4485 tem
549 4431 778 4505 quidam
797 4434 1150 4502 appetentes,
1170 4431 1509 4485 erraverunt
1525 4443 1560 4481 a
1575 4427 1683 4496 ﬁde
1706 4445 1724 4481 :
1741 4432 2006 4496 negantes

2116 3280 2246 3334 utile
2278 3279 2377 3334 fuit
2424 3278 2670 3335 conﬁteri
2719 3281 2865 3351 quod
2910 3290 3054 3336 esset
3094 3282 3258 3336 Filius
3303 3283 3422 3337 Dei.
3458 3283 3656 3338 Pilatus
3688 3300 3722 3338 a

2117 3369 2288 3424 Ponto
2317 3368 2490 3422 insula
2542 3369 2760 3423 Pontius
2807 3370 3120 3424 vocabatur.
3156 3370 3293 3438 Quia
3340 3386 3444 3426 nec
3472 3371 3719 3428 haeretici

2115 3457 2384 3512 invertere
2412 3466 2637 3527 possent
2665 3458 2868 3512 dictum
2899 3473 3020 3512 esse
3051 3459 3120 3513 de
3148 3459 3255 3513 alio
3300 3459 3449 3526 Jesu,
3482 3459 3567 3514 vel
3605 3460 3720 3516 alio

2114 3546 2286 3600 Pilato
2321 3563 2334 3598 :
2365 3545 2519 3599 multi
2567 3546 2711 3599 enim
2756 3553 2885 3602 tunc
2927 3547 3085 3601 Jesus
3133 3547 3240 3602 dici
3285 3555 3556 3618 poterant,
3590 3547 3721 3603 ideo

2113 3632 2316 3686 Paulus
2343 3631 2549 3686 addidit
2579 3632 2788 3687 Pontio.
2823 3633 3105 3703 Praecipio,
3155 3634 3397 3705 inquam,
3429 3639 3494 3690 ut
3527 3652 3715 3691 serves

2112 3721 2217 3777 hoc
2245 3720 2585 3776 mandat-um
2615 3721 2762 3791 quod
2808 3721 3039 3792 amplius
3067 3721 3184 3776 sine
3226 3722 3386 3792 culpa
3432 3722 3714 3793 praeterire

2111 3809 2325 3878 nequis.
2362 3809 2672 3863 Mandatum
2719 3808 2842 3864 dico
2869 3811 2993 3865 sine
3023 3812 3267 3876 macula,
3303 3811 3431 3881 quia
3459 3812 3514 3865 in
3559 3811 3717 3867 nulla

2110 3904 2262 3968 parte
2290 3897 2549 3952 doctrina;
2597 3913 2735 3952 mea:
2781 3898 3067 3952 maculatio
3113 3899 3294 3970 aliqua
3339 3907 3518 3970 potest
3547 3899 3714 3954 inve-

2109 3984 2211 4039 niri
2241 4001 2254 4040 :
2289 3985 2386 4039 sed
2415 3985 2470 4039 in
2499 3986 2750 4041 doctrina
2791 3986 3167 4042 haereticorum
3197 3987 3323 4042 licet
3351 3987 3572 4058 aliquod
3604 3988 3716 4042 bo-

2110 4089 2238 4126 num
2268 4073 2645 4143 praeminatur,
2679 4082 2736 4128 ut
2765 4074 2843 4130 sic
2885 4075 3080 4129 melius
3125 4074 3329 4144 fallant,
3366 4075 3576 4131 macula
3619 4083 3714 4130 ta-

2107 4177 2236 4216 men
2267 4162 2374 4217 cito
2403 4162 2675 4217 invenitur
2703 4163 2927 4218 inserta.
2961 4163 3270 4218 Mandatum
3311 4165 3435 4220 dico
3475 4180 3583 4220 non
3614 4181 3712 4220 so-

2106 4249 2216 4304 lum
2247 4249 2363 4305 sine
2393 4251 2624 4316 macula,
2657 4251 2755 4305 sed
2783 4251 2947 4305 etiam
3001 4253 3494 4324 irreprehensibile
3527 4273 3544 4308 :
3577 4253 3714 4324 quia

2106 4354 2210 4394 nec
2262 4339 2480 4394 occasio
2513 4339 2946 4409 reprehendendi
2975 4339 3101 4395 inde
3158 4348 3334 4410 potest
3363 4340 3592 4411 concipi,
3660 4342 3713 4396 si

2107 4427 2230 4497 quis
2261 4443 2390 4481 sane
2417 4427 2678 4482 attendat.
2709 4428 2903 4482 Serves
2933 4427 3056 4482 dico
3086 4442 3256 4500 usque
3305 4430 3368 4484 in
3395 4430 3709 4485 adventum

404 4519 582 4576 Deum
612 4518 884 4575 desiderio
905 4517 1232 4584 divitiarum,
1259 4532 1392 4588 quas
1424 4523 1480 4569 ut
1500 4514 1698 4585 cupide
1717 4521 2000 4586 augerent,
2022 4519 2075 4579 D
2105 4515 2330 4570 Domini
2358 4517 2544 4570 nostri
2571 4517 2701 4571 Jesu
2742 4514 2968 4582 Christi,
3001 4516 3056 4570 id
3103 4524 3186 4571 est
3225 4533 3398 4587 usque
3447 4517 3504 4571 in
3555 4516 3707 4572 diem

405 4609 774 4664 inseruerunt
808 4624 867 4664 se
903 4608 1106 4663 multis
1156 4605 1457 4674 doloribus,
1489 4611 1750 4658 vexantes
1772 4616 2003 4671 corpora

405 4713 502 4752 sua
523 4704 576 4752 et
597 4697 828 4766 animas,
852 4711 949 4767 per
963 4711 1135 4764 mare,
1151 4710 1250 4766 per
1267 4701 1456 4748 terras.
1484 4691 1590 4760 Qui
1607 4689 1885 4762 cupiditati
1912 4706 2004 4745 va-

402 4793 547 4854 cant,
581 4793 784 4840 errant.

475 4872 583 4928 Sed
605 4878 687 4940 tu,
708 4890 740 4929 ο
763 4874 926 4930 homo
946 4873 1064 4942 Dei,
1090 4871 1390 4935 Timothee,
1415 4872 1547 4940 fuge
1567 4870 1683 4924 haec
1703 4867 1995 4933 desideria,

400 4962 521 5017 haec
549 4961 698 5035 fuge,
723 4967 938 5019 sectare
969 4977 1095 5017 vero
1115 4960 1429 5030 justitiam,
1455 4955 2000 5030 erogandotuaindi-

401 5049 656 5121 gentibus
699 5051 980 5122 proximis,
1023 5049 1170 5120 quod
1213 5046 1481 5117 cupiditas
1527 5061 1804 5118 nunquam
1850 5045 1994 5100 facit.

402 5139 620 5195 Sectare
649 5139 812 5194 etiam
855 5140 1150 5212 pietatem,
1185 5135 1309 5206 quia
1339 5135 1385 5190 si
1415 5143 1523 5189 tam
1569 5150 1691 5190 rara
1720 5135 1910 5200 habes,
1944 5141 2004 5188 ut

399 5241 510 5282 non
540 5227 667 5283 inde
695 5228 876 5298 possis
927 5226 1061 5280 dare
1107 5223 1358 5294 proximo
1407 5223 1523 5279 sine
1570 5231 1658 5278 tua
1703 5222 2002 5295 indigentia

401 5315 571 5386 (quod
603 5316 810 5371 faceres
833 5313 1044 5383 justitia
1071 5327 1182 5367 non
1207 5319 1260 5366 te
1304 5315 1570 5384 cogeret),
1604 5312 1885 5383 impertire
1916 5318 2001 5364 ta-

398 5419 528 5458 men
557 5404 606 5458 ei
635 5419 702 5459 ex
732 5403 952 5473 pietate.
984 5402 1206 5457 Sectare
1253 5400 1415 5456 etiam
1443 5403 1632 5472 ﬁdem,
1666 5416 1828 5473 quam
1876 5397 2001 5470 qui-

400 5492 528 5546 dam
555 5499 897 5564 negaverunt
925 5498 1148 5563 propter
1176 5489 1546 5561 cupiditatem.
1584 5491 1806 5547 Sectare
1835 5487 2000 5544 etiam

401 5579 767 5648 charitatem,
801 5579 857 5636 id
885 5587 968 5637 est
996 5578 1346 5637 dilectionem
1375 5580 1476 5636 Dei
1527 5588 1579 5636 et
1607 5577 1862 5652 proximi.
1894 5576 1999 5632 Se-

2100 4603 2292 4658 mortis
2339 4612 2443 4658 tuae
2469 4621 2482 4658 :
2513 4603 2726 4674 quando
2773 4604 2918 4658 enim
2962 4604 3187 4659 moritur
3232 4605 3354 4676 quis
3403 4604 3599 4670 fidelis,
3635 4622 3708 4662 eo

2100 4691 2190 4747 die
2237 4691 2435 4748 dicitur
2487 4693 2636 4747 Deus
2693 4691 2762 4746 ad
2821 4708 2943 4748 eum
2999 4692 3206 4760 venire,
3240 4693 3366 4764 quia
3422 4701 3552 4749 tunc
3605 4709 3702 4749 re-

2100 4779 2230 4851 cipit
2260 4796 2382 4835 eum
2415 4782 2562 4835 Deus
2590 4780 2645 4834 in
2675 4779 2870 4851 gloria,
2898 4797 3077 4851 quem,
3113 4781 3270 4852 quasi
3299 4781 3539 4836 alienum
3569 4797 3603 4836 a
3635 4799 3701 4838 se

2099 4869 2155 4923 in
2183 4869 2417 4924 miseriis
2437 4869 2626 4924 mundi
2646 4869 2776 4923 dum
2797 4869 3020 4934 viveret,
3039 4869 3435 4940 dereliquerat:
3459 4871 3702 4942 quandiu

2105 4957 2176 5013 3
2190 4957 2259 5013 3
2273 4957 2342 5013 3
2369 4959 2511 5012 enim
2526 4957 2701 5026 justus
2721 4957 2990 5013 detinetur
3005 4957 3058 5012 in
3077 4958 3299 5024 mundo,
3316 4958 3527 5013 videtur
3549 4960 3701 5014 Deus

2099 5061 2210 5100 non
2256 5047 2446 5102 venire
2492 5046 2561 5100 ad
2590 5063 2735 5112 eum,
2763 5045 2888 5118 quia
2915 5046 2989 5100 ibi
3034 5046 3298 5116 permittit
3335 5063 3460 5102 eum
3510 5047 3703 5121 afﬂigi,

2099 5134 2198 5189 sed
2226 5150 2350 5189 cum
2375 5136 2553 5203 justus
2595 5151 2755 5190 carne
2785 5135 3030 5200 solvitur,
3068 5135 3251 5190 venire
3285 5137 3432 5191 Deus
3477 5137 3545 5192 ad
3579 5154 3706 5192 eum

2099 5222 2311 5289 dicitur,
2365 5223 2517 5291 cujus
2574 5223 2809 5277 animam
2858 5222 3082 5294 suscipit
3126 5223 3180 5277 in
3224 5224 3428 5295 requie.
3483 5225 3709 5281 Diceret

2099 5310 2349 5365 fortassis
2376 5311 2687 5366 Timotheus
2720 5327 2732 5366 :
2769 5312 3109 5367 Sustinerem
3141 5313 3334 5378 Deum,
3369 5313 3415 5367 si
3445 5329 3553 5369 non
3585 5322 3705 5368 tar-

2100 5399 2254 5455 daret
2284 5401 2400 5468 ejus
2446 5401 2732 5456 adventus.
2785 5401 2980 5455 Contra
3008 5402 3112 5456 hoc
3166 5400 3241 5455 ait
3271 5401 3470 5456 Paulus
3508 5417 3519 5456 :
3555 5404 3708 5458 Bone

2099 5487 2200 5554 vir,
2249 5489 2455 5544 sustine
2503 5507 2516 5543 :
2565 5489 2689 5559 quia
2733 5505 2896 5560 quem
2933 5489 3231 5545 adventum
3271 5490 3522 5546 ostendet
3557 5493 3708 5546 Deus

2099 5576 2232 5646 suis,
2283 5577 2337 5631 id
2387 5585 2487 5647 est,
2537 5578 2796 5649 congruis
2867 5577 3248 5649 temporibus:
3286 5580 3504 5650 quando
3553 5580 3701 5636 enim
