3932 6430
213 344 308 397 45⁵7

833 338 1211 399 EXPOSITIO
1251 341 1325 396 IN
1364 339 1739 397 EPISTOLAS
1777 339 2002 397 PAULI.
2047 371 2116 381 —
2155 340 2229 396 IN
2265 339 2484 396 EPIST.
2529 342 2576 396 II
2615 343 2710 397 AD
2749 342 2891 398 TIM.

3411 345 3514 400 458

217 474 427 537 tempus
457 464 725 521 idoneum
755 467 966 532 viderit,
1008 466 1261 522 adveniet
1290 466 1406 520 tibi.
1441 468 1674 522 Causam
1705 481 1809 536 po—
1839 468 1892 526 A
1915 465 2078 521 homo
2108 465 2333 531 dormit',
2367 466 2618 536 corporei
2668 482 2864 522 sensus
2907 466 3040 521 nihil
3071 473 3197 522 tunc
3228 466 3464 522 sentiunt
3499 483 3513 524 :

219 554 294 608 nit
323 570 490 625 quare
538 554 812 609 sustinere
861 555 1055 610 debeat
1100 555 1289 610 dicens
1324 572 1336 608 :
1374 555 1606 610 Servare
1642 555 1812 609 debes

219 642 336 704 hoc.
369 643 550 698 donec
581 645 729 698 Deus
764 643 1036 708 adveniat,
1071 643 1195 714 quia
1223 643 1314 698 ille
1347 644 1545 699 beatus
1573 642 1809 697 beatitu-

221 730 396 785 dinem
427 731 578 786 dabit
606 731 702 785 tibi
728 731 773 786 si
807 731 1071 786 sustineas
1104 749 1117 786 :
1151 740 1204 786 et
1220 731 1310 786 ille
1330 733 1483 786 solus
1503 735 1699 802 potens
1720 747 1813 801 po-

221 827 417 874 tentem
475 827 529 874 te
588 819 752 876 faciet
810 836 975 890 super
1031 835 1222 874 omnes
1263 826 1661 890 persecutores.
1695 822 1812 876 Rea:

219 909 372 962 etiam
401 925 599 979 regum
647 924 836 980 regem
865 916 916 963 te
960 907 1121 963 faciet
1154 926 1166 962 :
1203 909 1330 979 quia
1361 923 1464 963 nec
1493 915 1810 978 persecuto-

218 1012 349 1060 rem,
407 1013 514 1053 nec
543 1001 895 1052 tentationem
925 1013 1048 1052 cum
1078 1013 1144 1052 eo
1186 996 1395 1066 positus
1422 995 1636 1050 timebis
1671 1010 1683 1049 :
1719 995 1811 1066 qui

217 1085 374 1139 etiam
406 1087 677 1141 Dominus
706 1093 788 1140 est
819 1086 1240 1140 dominantium
1263 1104 1280 1139 :
1303 1092 1356 1139 et
1375 1083 1536 1139 faciet
1557 1091 1608 1139 te
1629 1083 1810 1138 domi-

217 1174 334 1228 nari
362 1173 707 1228 inimicorum
736 1167 978 1228 tuorum.

283 1262 424 1318 Nota
455 1262 600 1333 quod
630 1262 854 1334 quidam
881 1268 1131 1332 potentes
1176 1267 1318 1325 sunt,
1351 1275 1452 1315 nec
1493 1267 1672 1314 tamen
1705 1260 1810 1315 do-

213 1349 494 1404 minantur
522 1350 774 1405 aliorum.
814 1350 916 1418 Qui
937 1350 1085 1404 Deus
1105 1350 1258 1404 solus
1280 1348 1445 1403 habet
1467 1349 1810 1402 immortali-

216 1442 413 1503 tatem,
474 1438 530 1492 id
589 1447 672 1493 est
718 1436 1212 1491 immutabilitatem
1246 1455 1259 1490 :
1294 1435 1416 1506 quia
1482 1451 1699 1499 semper
1754 1435 1808 1488 in

209 1527 402 1582 eodem
424 1534 567 1580 statu
587 1534 874 1597 permanet
898 1543 909 1581 :
928 1525 1019 1596 qui
1041 1525 1205 1579 etiam
1228 1524 1448 1580 habitat
1472 1525 1676 1579 lucem.
1700 1524 1809 1578 Lo-

211 1615 394 1686 quitur
421 1615 494 1669 de
523 1617 640 1670 Deo
683 1631 717 1669 a
757 1613 1110 1669 similitudine
1152 1613 1294 1667 illius
1336 1612 1430 1684 qui
1458 1612 1724 1666 habitaret
1754 1611 1810 1664 in

211 1703 496 1774 splendida
543 1703 790 1773 regione.
846 1701 1079 1767 Habitat,
1135 1701 1378 1772 inquam,
1422 1699 1598 1755 lucem
1635 1716 1646 1754 :
1682 1699 1809 1770 quia

208 1792 384 1847 omnis
415 1807 548 1847 vera
577 1792 666 1846 lux
696 1791 899 1845 habitat
918 1790 972 1844 in
991 1805 1077 1844 eo.
1112 1790 1313 1844 Lucem
1344 1788 1466 1844 dico
1496 1790 1808 1844 inaccessi-

211 1880 398 1947 bilem,
432 1880 493 1934 id
523 1889 604 1934 est
633 1879 703 1934 ad
733 1895 893 1950 quam
935 1879 1114 1932 lucem
1166 1876 1578 1947 intelligendam
1624 1876 1807 1930 nullus

208 1969 477 2024 accedere
507 1975 687 2038 potest
721 1985 734 2021 :
768 1967 913 2038 quod
932 1965 1051 2036 ipse
1071 1965 1396 2020 determinat
1416 1964 1624 2033 ,dicens
1644 1965 1809 2019 inac-

208 2057 542 2122 cessibilem,
577 2057 719 2121 ideo,
752 2055 874 2126 quia
901 2069 1067 2125 quam
1097 2054 1274 2109 lucem
1303 2053 1360 2106 in
1380 2054 1517 2118 Deo,
1541 2052 1627 2107 vel
1647 2068 1810 2123 quem

210 2146 384 2198 Deum
417 2144 474 2198 in
503 2145 642 2210 luce,
676 2145 874 2199 nullus
894 2143 1189 2199 hominum
1211 2141 1511 2197 secundum
1533 2141 1810 2195 hominem

208 2233 370 2300 vidit,
405 2233 504 2288 sed
545 2249 650 2288 nec
677 2232 745 2286 de
794 2230 971 2285 futuro
1017 2230 1316 2285 secundum
1363 2229 1508 2300 quod
1540 2229 1701 2284 homo
1730 2236 1812 2282 est

209 2322 394 2377 videre
413 2325 602 2392 potest
636 2340 655 2377 :
687 2321 781 2376 cui
806 2320 922 2374 Deo
953 2327 1035 2373 est
1080 2317 1256 2391 gloria
1305 2316 1605 2372 secundum
1634 2316 1810 2371 deita-

208 2419 368 2476 tem;
461 2409 660 2472 honor,
733 2408 1030 2464 secundum
1097 2406 1411 2470 hominem;
1481 2406 1805 2476 imperium,

207 2499 513 2553 secundum
541 2496 809 2565 judicium
840 2511 948 2566 quo
989 2494 1214 2564 judicat,
1267 2502 1320 2548 et
1360 2493 1702 2562 judicaturus
1728 2499 1811 2547 est

208 2585 728 2656 omnes.lmperium
745 2585 866 2640 dico
888 2585 1201 2637 duraturum
1224 2582 1278 2636 in
1299 2583 1810 2654 sempiternummt

209 2676 350 2747 quod
380 2682 515 2746 opto
544 2682 601 2728 ut
632 2673 700 2727 sit
721 2673 770 2727 ei
787 2672 958 2743 gloria
980 2680 1032 2726 et
1055 2673 1251 2739 honor,
1278 2672 1474 2734 Amen,
1495 2669 1549 2722 id
1571 2674 1810 2748 estcerte

210 2763 281 2817 ita
301 2763 406 2818 erit
426 2771 482 2818 et
505 2762 702 2817 deesse
724 2759 927 2831 nequit.
952 2760 1093 2814 Nota
1110 2759 1254 2830 quod
1272 2757 1400 2813 dicit
1418 2757 1612 2812 Nullus
1633 2753 1810 2810 homi-

208 2868 333 2906 num
367 2853 549 2906 Deum
581 2849 751 2904 vidit:
782 2848 838 2903 in
869 2862 934 2903 eo
965 2847 1111 2918 quod
1128 2849 1290 2901 homo
1315 2854 1397 2901 est
1417 2845 1592 2915 accipi
1613 2844 1804 2898 debet:

209 2941 334 3011 quia
362 2948 416 2994 et
446 2938 654 2994 Paulus
683 2945 870 3007 raptus
899 2943 981 2990 est
1006 2935 1074 2989 ad
1105 2934 1325 2990 tertium
1353 2934 1569 3001 cmlum,
1591 2932 1684 2986 ubi
1705 2947 1809 2985 au-

209 3029 337 3083 divit
366 3043 494 3098 quaa
526 3042 639 3081 non
681 3024 878 3080 licebat
925 3023 1113 3078 audire
1168 3022 1375 3077 homini
1409 3037 1421 3075 :
1457 3037 1582 3077 cum
1628 3029 1810 3074 tamen

207 3116 402 3171 Paulus
434 3124 491 3170 et
525 3126 817 3185 antequam
847 3119 1146 3182 raperetur,
1171 3119 1224 3165 et
1253 3117 1395 3180 post,
1428 3110 1592 3165 homo
1620 3107 1804 3164 fuerit.

207 3205 273 3259 Et
301 3221 425 3260 cum
457 3203 532 3258 de
561 3203 769 3256 Joanne
797 3199 1136 3271 evangelista
1162 3198 1306 3253 idem
1338 3198 1540 3253 factum
1565 3197 1652 3263 sit,
1686 3197 1811 3252 ideo

205 3293 366 3348 homo
397 3291 707 3347 secundum
737 3289 879 3360 quod
909 3297 992 3343 est
1036 3289 1220 3352 homo,
1254 3287 1433 3342 lucem
1465 3285 1694 3340 Deitatis
1724 3285 1809 3341 vi-

205 3381 335 3436 dere
364 3397 481 3435 non
512 3377 714 3434 suﬁicit
745 3394 758 3430 :
790 3377 917 3448 quia
962 3375 1142 3430 anima
1189 3374 1423 3430 hominis
1472 3374 1811 3429 iucarcerata

201 3469 531 3539 deprimitur
587 3466 643 3520 in
701 3480 880 3530 carne,
938 3465 1171 3535 ideoque
1230 3477 1337 3518 nec
1382 3462 1590 3533 aliquid
1620 3461 1809 3516 videre

203 3565 397 3628 potest,
430 3556 524 3612 vel
553 3553 821 3626 cogitare,
881 3552 986 3607 nisi
1031 3551 1267 3607 excitata
1313 3551 1496 3621 aliquo
1544 3565 1810 3621 corporeo

206 3661 388 3711 sensu,
422 3645 570 3709 visu,
601 3642 690 3697 vel
720 3641 923 3708 auditu,
942 3640 1028 3694 vel
1050 3639 1380 3708 hujusmodi.
1402 3637 1540 3706 Quia
1561 3638 1606 3691 si
1629 3653 1809 3708 quan-

205 3733 295 3788 diu
323 3733 506 3787 anima
534 3731 591 3786 in
623 3745 846 3788 carcere
876 3728 1055 3784 carnis
1083 3727 1375 3792 clauditur,
1407 3725 1594 3796 nequit
1626 3724 1809 3780 facere

205 3821 498 3891 quidquam
536 3838 551 3886 ;
585 3819 634 3873 si
662 3833 772 3873 non
820 3816 1086 3890 excitetur
1114 3831 1210 3885 per
1239 3829 1534 3884 corporeos
1562 3829 1758 3867 sensus
1791 3829 1805 3866 :

204 3908 271 3964 de
298 3909 502 3980 quibus
525 3907 745 3978 planum
778 3913 879 3970 est,
920 3903 1064 3976 quod
1110 3903 1200 3956 vix
1248 3918 1442 3972 parum
1470 3901 1540 3956 de
1571 3901 1688 3955 Deo
1718 3900 1806 3954 in-

205 3998 454 4068 telligunt
487 4013 501 4052 :
534 3993 871 4051 credendum
903 4000 986 4048 est
1015 3991 1161 4063 quod
1183 4006 1286 4046 nec
1332 3989 1509 4044 anima
1546 3988 1803 4053 hominis,

207 4085 445 4157 quandiu
476 4085 535 4138 in
565 4081 788 4138 homine
821 4088 922 4147 est,
954 4080 1010 4134 in
1039 4079 1349 4150 cognitione
1380 4077 1480 4132 Dei
1511 4092 1808 4147 corporeos

207 4190 395 4229 sensus
423 4171 666 4229 excedit.
701 4165 757 4224 Si
785 4177 961 4224 autem
987 4167 1166 4222 anima
1221 4166 1390 4234 Pauli,
1423 4182 1520 4220 seu
1560 4163 1803 4230 Joannis,

207 4262 272 4318 de
298 4262 415 4317 Deo
439 4260 583 4316 vidit
612 4258 759 4330 quod
787 4257 973 4313 videre
1018 4254 1225 4310 homini
1270 4269 1379 4310 non
1424 4253 1606 4314 locuit,
1654 4251 1808 4307 credi

208 4357 416 4421 Oportet
455 4347 607 4420 quod
637 4346 724 4402 vel
753 4345 934 4401 anima
964 4344 1080 4412 ejus
1106 4343 1324 4414 penitus
1367 4341 1456 4395 illa
1505 4342 1639 4395 hora
1678 4355 1805 4394 cor-

205 4453 305 4509 pus
362 4435 631 4503 deseruit,
683 4433 770 4490 vel
840 4434 886 4488 si
933 4433 990 4487 in
1033 4447 1265 4502 corpore
1324 4429 1552 4497 mansit,
1613 4443 1805 4483 omnes

1914 553 2092 608 anima
2122 571 2254 610 vero
2276 563 2401 609 tunc
2431 555 2548 610 sola
2577 555 2787 625 vigilat.

1987 642 2126 710 Quia
2158 643 2409 713 superius
2431 643 2643 698 dixerat
2666 643 2865 698 Paulus
2891 661 2902 696 :
2929 643 3235 698 Habeamus
3256 643 3516 700 alimenta

1912 739 1966 786 et
1997 731 2315 786 indumenta
2346 732 2544 803 quibus
2592 739 2846 803 tegamur
2875 751 2889 798 ;
2921 748 2990 786 ne
3031 732 3154 787 ideo
3198 733 3515 789 Timotheus

1914 819 2269 874 arbitraretur
2311 835 2580 890 pauperes
2630 828 2833 874 tantum
2901 820 3265 890 recipiendos,
3321 822 3516 877 divites

1913 924 2046 962 vero
2082 908 2151 961 ab
2179 907 2428 962 Ecclesia
2466 908 2833 978 repellendos,
2862 915 3054 963 contra
3093 910 3197 964 hoc
3236 909 3307 962 ait
3334 910 3516 965 :Licet

1917 996 2190 1050 alimentis
2221 1003 2274 1050 et
2305 996 2633 1068 tegumentis
2680 1004 2965 1051 contentos
3012 1012 3114 1051 nos
3161 1013 3283 1052 esse
3314 998 3516 1054 debere

1911 1083 2163 1152 dixerim,
2225 1100 2296 1140 ne
2339 1093 2524 1138 tamen
2573 1084 2798 1153 abjicias
2845 1085 3060 1151 divites,
3107 1085 3205 1140 scd
3251 1086 3516 1143 divitibus

1912 1172 2081 1243 hujus
2113 1174 2308 1228 διεσαιὶ
2338 1174 2578 1245 prcccipe
2610 1189 2723 1229 non
2743 1189 2939 1245 sapere
2960 1174 3216 1240 sublime,
3238 1173 3291 1228 id
3308 1182 3514 1229 estnon

1912 1268 2139 1330 propter
2168 1260 2384 1315 divitias
2406 1261 2690 1331 superbire
2713 1279 2726 1328 ;
2749 1278 2927 1333 neque
2944 1278 3204 1332 seperare
3220 1263 3281 1316 in
3295 1264 3514 1318 incerto

1913 1349 2272 1414 divitiarum,
2306 1349 2359 1402 id
2390 1357 2473 1403 est
2505 1349 2558 1402 in
2579 1349 2803 1404 incertis
2823 1349 3046 1414 divitiis,
3068 1350 3224 1421 quasi
3245 1351 3334 1421 qui
3351 1349 3514 1405 hodie

1909 1437 2092 1501 habet,
2126 1453 2251 1491 cras
2283 1436 2518 1492 fortasse
2538 1453 2647 1493 non
2670 1438 2956 1492 habiturus
2977 1446 3078 1506 est,
3094 1439 3188 1494 sed
3203 1454 3430 1509 sperare
3450 1439 3515 1493 in

1909 1527 2017 1580 Deo
2038 1545 2057 1592 ;
2075 1533 2126 1580 et
2137 1541 2362 1580 causam
2383 1527 2561 1580 subdit
2575 1541 2775 1597 quare:
2799 1530 2894 1599 qui
2918 1528 3063 1581 Deus
3078 1531 3322 1598 praestat
3355 1527 3514 1583 nobis

1909 1616 2102 1668 omnia
2131 1615 2353 1670 abunde
2370 1630 2387 1664 :
2406 1629 2515 1669 non
2537 1614 2712 1668 solum
2744 1615 2811 1668 ad
2832 1615 3109 1681 utendum,
3136 1615 3233 1670 sed
3255 1615 3419 1669 etiam
3440 1615 3513 1670 ad

1909 1702 2238 1772 fruendum,
2273 1703 2329 1756 id
2355 1710 2455 1768 est,
2490 1702 2962 1772 cumjucunditate
2993 1712 3207 1757 utamur
3235 1702 3361 1758 illis.
3384 1702 3513 1758 Frui

1828 1821 1881 1884 B
1911 1789 2140 1844 dicimus
2169 1790 2238 1844 de
2270 1806 2325 1845 re
2357 1806 2478 1860 quae
2510 1790 2694 1845 suavis
2716 1798 2796 1845 est
2819 1798 2872 1845 et
2891 1790 3035 1845 utilis
3060 1807 3072 1846 :
3099 1791 3173 1845 uti
3190 1808 3318 1846 vero
3339 1791 3407 1846 de
3429 1808 3512 1861 re,

1915 1895 2055 1949 quae,
2088 1878 2215 1933 licet
2246 1878 2392 1933 utilis
2422 1878 2509 1944 sit,
2545 1893 2790 1933 amarum
2820 1887 3005 1933 tamen
3035 1896 3192 1933 usum
3221 1879 3380 1934 habet
3417 1887 3515 1947 ;ut

1911 1965 2093 2036 plures
2121 1967 2426 2037 potationes
2457 1984 2579 2038 qua:
2623 1983 2871 2021 amarum
2921 1975 3139 2040 gustum
3190 1967 3408 2034 habent,
3460 1974 3516 2022 et

1911 2054 2072 2109 utiles
2121 2062 2264 2108 sunt.
2315 2055 2556 2126 Prmcipe
2612 2055 2772 2110 etiam
2816 2055 3074 2110 divitibus
3122 2057 3258 2111 bene
3307 2072 3511 2127 agere:

1913 2157 2116 2213 eosque
2144 2143 2273 2212 ﬁeri
2301 2143 2501 2199 divites
2537 2145 2598 2198 in
2631 2143 2789 2198 bonis
2811 2146 3068 2216 aperibus
3099 2164 3116 2199 :
3147 2160 3268 2215 quae
3299 2159 3432 2199 auro
3460 2151 3514 2198 et

1911 2238 2141 2301 argento
2170 2231 2378 2301 potiora
2412 2231 2654 2287 334
2706 2239 2847 2285 sunt.
2883 2232 3122 2302 Prencipe
3153 2233 3312 2286 etiam
3343 2233 3515 2303 facile

1914 2319 2160 2373 tribuere
2190 2335 2286 2373 sua
2313 2319 2646 2390 pauperibus
2679 2337 2692 2384 ;
2719 2335 2821 2374 nec
2851 2319 2954 2374 hoc
2992 2319 3185 2386 solum,
3213 2320 3309 2374 sed
3351 2321 3513 2374 etiam

1911 2407 1965 2460 in
1985 2407 2143 2461 bonis
2161 2407 2272 2461 suis
2293 2408 2714 2463 communicare
2725 2407 3146 2478 pauperibus,ut
3167 2407 3383 2462 divitias
3405 2423 3515 2463 non

1910 2495 2089 2566 magis
2121 2494 2318 2548 iaciant
2377 2495 2630 2566 proprias
2686 2496 2808 2561 sibi,
2861 2510 3022 2566 quam
3084 2495 3318 2566 egenis;
3353 2503 3405 2550 et
3435 2495 3516 2552 sic

1912 2583 2286 2637 distribuendo
2305 2599 2420 2648 sua,
2448 2583 2683 2652 pra'cipe
2698 2583 2820 2636 illos
2845 2583 3232 2639 thesaurizare
3253 2583 3359 2639 sibi
3378 2587 3515 2654 fun-

1913 2671 2268 2736 damentum,
2303 2670 2358 2724 id
2391 2679 2473 2724 est
2503 2671 2730 2725 virtutes
2763 2671 2817 2724 in
2840 2671 3038 2742 quibus
3063 2671 3286 2725 firmiter
3306 2670 3516 2726 fundati

1914 2758 2038 2813 sint.
2075 2757 2178 2826 Qui
2215 2758 2357 2813 enim
2390 2759 2552 2813 hodie
2593 2766 2774 2814 castus
2824 2766 2923 2822 est,
2956 2774 3081 2814 cras
3131 2759 3393 2825 incestus,
3427 2759 3517 2814 hic

1913 2846 2065 2918 quasi
2097 2846 2150 2899 in
2180 2847 2387 2902 lubrico
2443 2855 2496 2901 et
2525 2863 2635 2901 non
2667 2846 2721 2900 in
2772 2845 3122 2901 fundamento
3152 2863 3270 2901 eam
3303 2847 3512 2902 habuit.

1913 2934 2348 2989 Fundamentum
2379 2935 2501 2989 dico
2533 2936 2758 3001 bonum,
2784 2935 2840 2989 id
2861 2943 2944 2989 est
2966 2935 3115 3001 utile,
3133 2936 3193 2990 in
3211 2938 3516 3006 futurum;

1910 3023 1978 3077 ad
1998 3023 2102 3078 hoc
2118 3027 2184 3078 ut
2203 3023 2446 3095 perillud
2467 3023 2900 3094 apprehendant
2921 3024 3100 3080 vitam
3122 3027 3403 3078 aeternam
3424 3024 3517 3094 qui

1910 3111 1999 3166 hic
2030 3111 2086 3164 in
2114 3111 2402 3166 virtutibus
2426 3111 2636 3165 fundati
2667 3119 2812 3165 sunt.
2847 3112 2915 3166 Ut
2945 3119 3125 3166 autem
3159 3111 3227 3166 de
3262 3111 3520 3166 divitibus

1843 3173 1890 3232 Ο
1911 3207 1964 3254 et
1995 3199 2062 3253 de
2093 3199 2348 3254 omnibus
2375 3217 2495 3270 qua:
2523 3199 2756 3270 praacepi
2791 3215 2981 3253 sanam
3004 3199 3404 3255 observantiam
3445 3199 3524 3253 fa-

1911 3287 2234 3353 cias,ideo,o
2269 3287 2569 3352 Timothee,
2588 3288 2810 3342 custodi
2829 3287 3166 3359 depositum,
3193 3287 3246 3340 id
3274 3295 3357 3342 est
3378 3303 3523 3342 com-

1910 3376 2139 3428 missum
2169 3383 2221 3429 et
2251 3375 2518 3430 creditum
2561 3375 2659 3428 tibi
2690 3376 2888 3429 donum
2925 3374 3160 3444 Spiritus
3195 3375 3392 3430 sancti.
3425 3375 3522 3430 Ut-

1910 3479 2015 3534 que
2048 3463 2187 3518 bene
2235 3463 2533 3527 custodias,
2579 3471 2695 3517 esto
2728 3463 2983 3518 dcvitans
3015 3463 3320 3528 novitates,
3351 3462 3408 3516 id
3435 3470 3520 3517 est

1909 3551 2149 3606 alternas
2200 3550 2634 3622 tequipollentias
2682 3566 2877 3605 vocum
2934 3549 3059 3604 fidei
3108 3558 3310 3604 nostra
3344 3567 3358 3603 :
3391 3549 3521 3621 quia

1908 3638 2154 3708 profanae
2184 3647 2329 3692 sunt.
2364 3637 2615 3693 Haeretici
2645 3639 2790 3692 enim
2820 3653 2986 3693 voces
3010 3637 3207 3708 quibus
3234 3637 3396 3692 ﬁdem
3418 3637 3520 3692 Dei

1909 3727 2252 3794 conﬁtemur,
2288 3735 2519 3794 mutant,
2553 3727 2808 3797 ponendo
2846 3725 3261 3797 azquipollentes
3293 3741 3306 3778 :
3341 3726 3517 3781 donec

1909 3815 2114 3870 sensim
2145 3832 2245 3886 per
2277 3815 2378 3869 has
2408 3814 2839 3886 mquipollentias
2868 3815 3144 3869 incautum
3167 3813 3382 3868 ﬁdelem
3412 3813 3516 3869 de-

1909 3903 2154 3973 ceperint
2187 3921 2199 3956 :
2237 3919 2404 3974 quare
2435 3902 2684 3973 praecipit
2726 3901 2996 3957 novitates
3029 3918 3221 3958 vocum
3246 3901 3511 3957 devitarc.

1909 3991 2104 4046 Devita
2133 3990 2289 4046 etiam
2345 3992 2738 4062 oppositiones,
2792 3989 2844 4043 id
2877 3997 2958 4044 est
2989 3989 3383 4060 disputationes
3414 4005 3512 4044 so-

1905 4079 2226 4150 phistarum.
2265 4078 2653 4150 Oppositiones
2684 4077 2808 4132 dico
2829 4079 3087 4134 scientias
3112 4095 3233 4149 quae
3263 4085 3345 4132 est
3374 4079 3513 4149 falsi

1907 4168 2156 4222 nominis
2187 4186 2203 4220 :
2237 4165 2375 4220 falso
2407 4165 2552 4220 enim
2584 4173 2809 4220 vocatur
2835 4165 3080 4234 scientia,
3115 4166 3241 4236 quia
3264 4181 3396 4219 vero
3412 4181 3510 4220 no-

1905 4255 2049 4308 mine
2079 4262 2367 4310 vocaretur
2405 4253 2734 4324 insipientia.
2773 4253 2951 4319 Quam
3001 4252 3194 4306 falsam
3227 4252 3512 4308 scientiam

1905 4341 2627 4416 quidampromittentes,id
2647 4349 2728 4395 est
2738 4341 3007 4409 jactantes
3032 4356 3092 4394 se
3113 4341 3334 4405 habere,
3357 4342 3510 4396 exci-

1906 4432 2116 4486 derunt
2148 4431 2302 4485 circa
2321 4430 2512 4498 ﬁdem,
2546 4429 2600 4482 id
2631 4437 2712 4483 est
2743 4428 3020 4498 perierunt
3060 4427 3189 4498 :qui
3221 4427 3510 4482 noluerunt

205 4542 395 4581 sensus
443 4523 699 4595 corporis
757 4521 1008 4588 excessit,
1065 4527 1121 4575 et
1163 4518 1466 4576 secundum
1512 4518 1627 4572 haec
1657 4523 1878 4583 extraD
1907 4514 2118 4587 ingredi
2153 4513 2218 4568 ad
2250 4512 2435 4567 ﬁdem.
2487 4513 2556 4565 Et
2597 4519 2654 4565 ut
2703 4512 2808 4566 hoc
2859 4510 3164 4580 depositum
3210 4511 3506 4578 custodias,

205 4613 482 4670 hominem
521 4612 670 4668 fuit:
704 4610 828 4682 quia
883 4618 1010 4664 tunc
1074 4607 1335 4678 temporis
1396 4605 1552 4678 quasi
1607 4603 1809 4659 mortui

205 4701 348 4758 fuere
375 4699 635 4772 corporei
675 4714 889 4754 sensus.
903 4697 1059 4753 Unde
1078 4696 1318 4752 visiones
1339 4694 1519 4766 magis
1539 4691 1812 4748 dormien-

203 4791 340 4846 tibus
405 4789 775 4847 ostenduntur
827 4802 992 4858 quam
1046 4784 1415 4856 vigilantibus.
1471 4784 1610 4838 Dum
1667 4781 1811 4837 enim

1906 4605 2098 4676 gratia
2117 4603 2217 4657 Dei
2239 4601 2307 4654 sit
2331 4604 2539 4667 tecum,
2564 4600 2764 4665 Amen,
2791 4598 2843 4653 id
2865 4597 3036 4653 estita
3056 4605 3202 4653 certe
3225 4598 3326 4653 erit
3350 4617 3364 4666 ;
3385 4598 3510 4655 vide

1909 4700 2094 4746 tamen
2125 4697 2183 4745 ut
2212 4704 2556 4761 perseveres.

209 4916 3502 4948 Μ

829 5029 1319 5087 ARGUMENTUM
1356 5028 1430 5083 IN
1465 5025 1862 5082 EPISTOLAM
1899 5022 2281 5080 SECUNDAM
2316 5022 2412 5077 AD
2450 5019 2889 5077 TIMOTHEUM.

275 5163 403 5217 Item
431 5158 724 5216 Timotheo
757 5153 943 5212 scribit
971 5153 1038 5210 de
1069 5152 1440 5209 exhortatione
1468 5149 1749 5222 martyrii,
1775 5155 1828 5205 et
1857 5149 2034 5222 oman
2059 5146 2267 5219 regulae
2296 5145 2539 5204 veritatis
2573 5159 2585 5200 :
2620 5153 2671 5200 et
2701 5145 2831 5218 quid
2873 5143 3114 5200 futurum
3144 5141 3212 5198 sit
3241 5142 3504 5216 tempori-

212 5232 306 5288 bus
333 5229 653 5289 novissimis
687 5245 700 5282 :
734 5234 787 5282 et
815 5227 884 5281 de
913 5241 1014 5281 sua
1040 5225 1317 5296 passione,
1351 5222 1596 5278 scribens
1612 5219 1674 5275 'ei
1704 5220 1773 5274 ab
1802 5220 1938 5274 urbe
1968 5219 2158 5273 Roma.

227 5349 2272 5378 __________________________________

1066 5451 1510 5514 PROLOGUS
1553 5451 1631 5510 B.
1677 5446 2096 5509 BRUNONIS
2138 5446 2221 5506 IN
2263 5445 2629 5505 EAMDEM.

282 5590 570 5647 Premissa
599 5586 844 5658 Epistola
872 5602 905 5642 a
937 5587 1110 5643 Roma
1144 5584 1311 5640 missa
1339 5582 1538 5639 dicitur
1568 5597 1692 5637 esse
1715 5580 1804 5636 Ti-

217 5680 429 5735 motheo
457 5695 490 5733 a
518 5674 714 5733 Paulo.
750 5673 885 5744 Quia
913 5674 960 5730 si
987 5674 1221 5747 primam
1263 5678 1492 5740 constat,
1524 5668 1648 5741 quia
1694 5675 1748 5724 et
1774 5683 1806 5723 a

340 5776 587 5833 PATROL.
632 5773 814 5830 CLIII.

1915 5580 2089 5635 Roma
2115 5578 2254 5633 hanc
2285 5576 2582 5633 secundam
2610 5573 2776 5630 misit.
2817 5573 3107 5644 Postquam
3139 5573 3284 5629 enim
3315 5573 3509 5629 Paulus

1913 5668 2144 5724 Romam
2171 5665 2351 5732 venit,
2384 5665 2510 5720 inde
2538 5678 2649 5719 non
2677 5660 2931 5717 discessit
2961 5661 3137 5716 donec
3162 5676 3264 5732 pro
3295 5661 3512 5716 Christo

3273 5759 3340 5810 15
