3932 6426
162 324 260 378 461

795 327 1176 387 EXPOSITIO
1216 331 1289 388 IN
1324 331 1706 390 EPISTOLAS
1745 333 1969 390 PAULI.
2000 365 2069 376 —
2097 335 2170 390 IN
2205 335 2425 392 EPIST.
2468 339 2516 394 II
2552 339 2648 394 AD
2687 339 2828 395 TIM.

3384 335 3490 401 462

179 447 428 538 336
453 451 680 508 nomine
701 453 916 509 Christi.
937 456 1146 511 Memor
1173 456 1351 512 illius:
1372 458 1498 528 quia
1528 460 1671 514 Deus
1699 460 1791 514 de-
1813 458 1861 519 A
1892 459 1982 528 plo
2027 458 2172 514 illius
2219 461 2430 516 custodi
2498 462 2804 533 depositum
2829 507 2842 530 ,
2895 464 2950 520 id
2995 473 3078 520 est
3127 466 3493 538 episcopalem

176 537 261 592 dit
280 540 442 594 nobis
473 540 739 611 Spiritum
767 551 1013 598 sanctum
1047 562 1060 598 :
1093 561 1210 600 non
1231 547 1514 616 spiritum
1566 548 1789 602 timoris

179 627 274 682 sed
299 630 557 694 virtutis,
591 630 647 684 id
689 638 772 686 est
817 620 1136 688 constantiae
1170 651 1183 688 :
1215 642 1273 687 ut
1311 635 1553 688 virtuose
1584 636 1788 689 tolere—

182 731 366 770 remus
413 717 639 783 omnia;
692 726 744 774 et
793 719 1039 790 spiritum
1087 721 1408 778 dilectionis
1459 723 1577 777 Dei.
1630 722 1791 777 Dedit

183 803 345 858 etiam
376 805 626 874 spiritum
653 807 994 874 sobrietatis,
1013 808 1068 862 id
1091 817 1173 863 est
1201 810 1598 879 temperantiae.
1636 812 1791 865 Tem-

182 892 427 962 perantia
456 893 601 948 enim
633 895 802 949 nutrit
831 895 1197 963 dilectionem,
1231 896 1451 953 dilectio
1483 897 1737 952 virtutem
1771 916 1784 952 :

179 979 274 1034 ubi
304 981 448 1036 enim
477 981 718 1048 dilectio,
748 982 825 1037 ibi
852 982 1096 1054 profecto
1143 999 1251 1040 non
1299 993 1382 1040 est
1433 985 1616 1040 timor.
1649 987 1787 1040 Per-

177 1067 316 1124 fecta
346 1069 490 1123 enim
516 1061 757 1126 charitas
787 1070 930 1126 foras
982 1071 1143 1126 mittit
1185 1072 1455 1127 timorem.
1489 1073 1624 1128 Vide
1654 1089 1787 1146 ergo

178 1164 259 1224 ut,
293 1157 430 1213 sicut
459 1158 644 1214 socius
672 1159 804 1213 mihi
826 1159 976 1214 fuisti
1022 1159 1354 1230 suscipiendi
1406 1160 1630 1233 gratiam
1659 1161 1786 1231 Spi-

179 1244 321 1299 ritus
368 1245 576 1312 sancti,
610 1247 689 1302 sic
751 1246 990 1302 imitator
1036 1248 1112 1302 sis
1157 1247 1474 1319 passionum
1517 1265 1783 1304 mearum.

180 1332 252 1386 Et
281 1333 726 1405 quandoquidem
769 1335 1038 1406 spiritum
1081 1336 1318 1391 virtutis
1373 1339 1430 1391 et
1465 1337 1788 1392 dilectionis

175 1435 395 1475 mecum
411 1422 671 1492 accepisti
691 1437 704 1476 :
729 1422 909 1494 itaque
920 1424 1041 1478 noli
1051 1423 1372 1479 erubescere
1392 1426 1786 1480 testimonium

177 1508 409 1564 Domini
435 1511 620 1566 nostri
646 1512 777 1566 Jesu
820 1511 1049 1566 Christi.
1104 1509 1245 1578 Quia
1293 1511 1338 1565 si
1384 1511 1786 1582 imprOperatur

175 1596 277 1650 tibi
307 1596 450 1667 quod
502 1596 821 1654 cruciﬁxum
876 1599 1092 1664 adores,
1145 1597 1405 1654 conﬁtere
1447 1599 1610 1670 plane
1657 1599 1786 1670 quia

177 1683 263 1740 sic
292 1685 512 1740 adoras.
543 1686 728 1758 Neque
749 1686 908 1742 etiam
932 1687 1226 1742 erubescas
1245 1703 1336 1742 me
1359 1689 1619 1743 vinctum
1639 1689 1779 1758 ejus.

1889 547 2123 618 gratiam
2153 549 2247 602 tibi
2277 551 2644 605 commissam.
2701 554 2812 607 Hoc
2841 554 2984 608 enim
3033 554 3350 624 depositum
3393 556 3491 610 bo-

1889 651 2038 702 num,
2072 636 2124 689 id
2157 645 2239 690 est
2269 638 2416 703 utile,
2450 647 2554 708 est,
2586 640 2632 693 si
2664 641 3018 695 custodiatur.
3050 642 3242 712 Neque
3270 643 3374 699 hoc
3403 645 3490 700 vi-

1890 723 2042 777 ribus
2071 724 2177 778 tuis
2200 726 2474 782 custodire
2506 736 2557 782 te
2587 743 2746 796 posse
2789 729 3050 798 cpineris,
3112 731 3208 784 sed
3264 747 3361 801 per
3389 747 3490 788 co-

1889 812 2232 880 adjuvantem
2266 814 2524 884 Spiritum
2575 823 2824 872 sanctum
2858 817 2950 887 qui
2981 818 3188 872 habitat
3216 819 3271 872 in
3309 819 3487 875 nobis.

1889 899 2067 970 thue
2094 900 2401 971 depositum
2426 903 2567 957 bene
2597 904 2890 968 custodias,
2939 909 3057 961 esto
3108 906 3315 962 habens
3363 911 3488 977 for-

1887 1003 2040 1043 mam
2070 1004 2342 1045 sanorum
2373 992 2682 1057 verborum,
2719 1008 2843 1062 quae
2862 1010 2896 1047 a
2923 1009 3010 1048 me
3041 993 3276 1061 audisti,
3320 994 3376 1049 id
3405 1003 3489 1050 est

1888 1074 2028 1130 adeo
2057 1091 2317 1146 expresse
2366 1077 2712 1133 conformare
2769 1079 2923 1144 mihi,
2974 1089 3032 1135 ut
3080 1080 3318 1136 videaris
3365 1097 3490 1138 esse

1888 1161 2110 1218 Paulus.
2145 1164 2398 1218 Formam
2429 1181 2606 1220 meam
2635 1166 2828 1238 utique
2863 1167 3000 1222 habe
3029 1169 3093 1222 in
3121 1169 3228 1236 ﬁde
3257 1184 3490 1224 conser-

1888 1251 2066 1305 vanda
2087 1256 2142 1306 et
2174 1254 2237 1307 in
2268 1253 2572 1310 dilectione
2601 1255 2856 1309 habenda
2891 1270 2903 1308 :
2937 1273 3058 1326 quae
3101 1255 3236 1311 fides
3265 1265 3319 1312 et
3347 1257 3488 1314 dile-

1889 1337 1996 1392 ctio
2028 1347 2153 1393 sunt
2183 1341 2245 1395 in
2282 1342 2499 1397 Christo
2531 1343 2682 1398 Iesu.
2716 1342 3013 1398 Plurimum
3054 1351 3231 1399 autem
3262 1361 3490 1401 necesse

1888 1434 1970 1480 est
1999 1433 2057 1480 ut
2087 1434 2144 1481 tu
2199 1428 2516 1499 depositum
2539 1431 2822 1485 custodias
2853 1451 2870 1486 :
2901 1447 2961 1487 eo
2984 1432 3130 1502 quod
3147 1435 3322 1488 eversi
3350 1438 3491 1490 sunt

1887 1530 1922 1568 a
1951 1530 2040 1570 me
2061 1531 2255 1571 omnes
2283 1517 2556 1588 discipuli,
2589 1521 2702 1590 qui,
2735 1534 2824 1573 me
2846 1519 3055 1586 relicto,
3080 1525 3217 1575 sunt
3235 1523 3295 1576 in
3318 1523 3450 1577 Asia
3473 1541 3491 1577 :

1887 1609 1938 1656 et
1969 1603 2072 1659 hoc
2101 1603 2246 1658 idem
2273 1612 2331 1658 tu
2364 1605 2504 1660 bene
2532 1607 2642 1662 scis
2678 1625 2696 1662 :
2717 1623 2792 1663 ea:
2812 1606 3009 1679 quibus
3039 1613 3123 1663 est
3149 1609 3406 1666 Philetas
3435 1614 3492 1666 et

1884 1687 2271 1758 Hermogenes.

177 1771 323 1840 Quia
353 1773 398 1827 si
427 1773 549 1844 quis
578 1774 776 1828 iterum
797 1774 1130 1845 improperat
1161 1792 1174 1828 :
1209 1776 1351 1830 Ecce
1371 1775 1635 1847 magister
1661 1784 1783 1830 tuus
1811 1803 1864 1863 B
1959 1774 2072 1829 Hos
2098 1775 2222 1830 ideo
2253 1776 2582 1832 determinat
2611 1777 2714 1832 sibi
2763 1794 2827 1833 ex
2875 1778 3114 1849 nomine,
3146 1795 3215 1834 ne
3261 1781 3308 1834 si
3339 1781 3492 1836 veni-

173 1859 234 1914 in
287 1860 517 1916 vinculis
568 1861 855 1917 damnatus
911 1869 1032 1929 est;
1064 1878 1133 1917 ne
1181 1862 1308 1918 ideo
1361 1863 1781 1929 verecunderis,

175 1963 276 2003 sea
297 1949 890 2020 collaboraEvangelio
912 1958 965 2005 et
980 1950 1218 2021 praedica
1239 1965 1450 2007 mecum
1473 1951 1786 2007 secundum

173 2037 453 2092 virtutem
480 2037 599 2105 Dei,
635 2037 691 2092 id
719 2046 820 2104 est,
841 2039 1121 2109 sequendo
1142 2039 1504 2094 constantiam
1529 2055 1691 2109 quam
1713 2039 1788 2092 di-

174 2123 342 2180 lectio
369 2125 470 2180 Dei
497 2126 665 2180 nutrit
698 2143 713 2180 :
745 2127 842 2198 qui
870 2127 1018 2182 Deus
1043 2127 1302 2182 liberavit
1330 2143 1430 2182 nos
1459 2142 1493 2181 a
1517 2127 1651 2198 jugo
1675 2126 1792 2182 dia-

176 2211 310 2276 boli,
341 2217 397 2268 et
430 2215 644 2269 vocavit
676 2229 778 2269 nos
807 2217 1099 2270 vocatione
1123 2231 1228 2270 sua
1255 2219 1478 2283 sancta,
1517 2214 1573 2268 id
1602 2223 1685 2268 est
1713 2215 1785 2270 ad

173 2300 281 2355 hoc
309 2309 367 2355 ut
394 2317 644 2356 essemus
675 2301 866 2358 sancti.
916 2303 984 2357 Et
1011 2302 1082 2358 ad
1129 2304 1270 2357 hanc
1299 2302 1643 2358 sanctitatem
1674 2318 1784 2358 non

173 2391 391 2444 vocavit
402 2404 503 2445 nos
523 2390 719 2445 merito
739 2405 968 2460 operum
990 2399 1321 2455 nostrorum,
1347 2390 1445 2445 sed
1464 2390 1780 2446 secundum

172 2478 525 2548 propositum
544 2494 730 2544 suum,
757 2477 810 2532 id
825 2486 906 2533 est
925 2479 1235 2533 secundum
1249 2478 1618 2548 provisionem
1631 2494 1783 2533 suam

177 2581 285 2635 qua
314 2580 416 2619 nos
436 2565 867 2622 misericorditer
886 2565 1134 2636 praevidit
1154 2566 1382 2621 idoneos
1405 2565 1509 2619 sibi
1530 2565 1741 2621 futuros
1766 2582 1780 2620 :

177 2659 235 2706 et
262 2652 402 2708 sicut
440 2653 668 2719 vocatio,
705 2653 783 2709 sic
809 2669 910 2708 nec
957 2653 1196 2724 provisio
1241 2653 1335 2707 fuit
1363 2669 1429 2708 ex
1459 2653 1642 2724 aliquo
1668 2669 1783 2708 me-

177 2741 304 2806 rito,
338 2741 436 2795 sed
465 2741 764 2797 secundum
809 2743 1076 2813 gratiam,
1111 2757 1232 2814 qua:
1274 2741 1410 2796 data
1457 2745 1562 2810 est,
1614 2741 1668 2795 id
1699 2748 1782 2795 est

179 2845 304 2900 qua:
333 2829 697 2899 praeordinata
725 2837 807 2885 est
835 2829 991 2886 nobis
1020 2829 1138 2883 dari
1156 2830 1220 2884 in
1245 2828 1462 2884 Christo
1483 2831 1610 2884 Iesu
1643 2832 1781 2884 ante

182 2921 437 2987 tempora
466 2918 785 2983 saecularia,
821 2917 876 2972 id
906 2925 988 2972 est
1015 2917 1082 2971 ab
1113 2924 1319 2972 aeterno
1339 2925 1466 2972 ante
1498 2917 1614 2971 haec
1643 2924 1780 2971 tem-

179 3018 318 3074 pora
347 3013 551 3071 nostra,
587 3021 710 3077 quas
737 3004 1026 3060 volvuntur
1072 3021 1173 3074 per
1220 3003 1420 3060 saecula
1466 3003 1611 3058 Olim
1648 3019 1779 3074 pro-

175 3093 349 3147 missa
378 3092 476 3147 fuit
502 3094 621 3149 haec
668 3092 846 3165 gratia
894 3092 1011 3147 dari
1057 3092 1237 3148 nobis.
1291 3094 1451 3149 Nunc
1498 3100 1679 3148 autem
1723 3091 1779 3146 in

188 3189 435 3252 tempore
458 3181 656 3258 Christi
669 3149 1070 3252 :nani/estata,
1104 3180 1160 3235 id
1189 3188 1273 3235 est
1297 3180 1522 3251 impleta
1553 3188 1654 3246 est,
1685 3180 1788 3236 sic—
1807 3149 1854 3209 Ο

175 3277 237 3323 ut
257 3269 529 3339 promissa
544 3269 720 3324 fuerat
733 3269 1336 3340 perillumiaationem
1357 3268 1666 3324 Saluatoris
1686 3283 1786 3323 no-

175 3359 289 3412 stri
317 3359 447 3414 Jesu
481 3358 709 3423 Christi,
733 3357 788 3411 id
819 3365 900 3412 est
928 3373 1029 3428 per
1079 3356 1347 3411 Christum
1377 3356 1432 3410 in
1460 3355 1663 3410 lumine
1693 3371 1782 3410 co-

175 3445 437 3518 gnitionis
463 3453 661 3502 nostra
685 3444 922 3517 positum
951 3461 1052 3517 per
1071 3452 1409 3516 assumptam
1439 3443 1545 3498 sibi
1579 3444 1780 3498 huma-

177 3534 429 3590 nitatem.

247 3623 332 3678 Ad
363 3623 510 3694 quod
532 3621 669 3679 forte
699 3622 908 3678 diceret
937 3621 1250 3677 Timotheus
1283 3637 1296 3675 :
1321 3619 1460 3676 Nolo
1489 3618 1651 3685 mori,
1685 3618 1785 3674 sed

177 3727 404 3766 manere
432 3711 488 3765 in
527 3712 632 3767 hac
676 3710 1088 3766 illuminatione.
1139 3710 1334 3765 Contra
1381 3709 1487 3764 hoc
1534 3707 1779 3762 Paulus:

175 3800 258 3856 Ne
304 3801 494 3855 timeas
537 3799 710 3867 mori;
761 3798 886 3872 quia
933 3798 1180 3854 Christus
1227 3796 1515 3852 moriendo
1563 3795 1782 3866 quidem

177 3888 472 3945 destruxit
496 3892 758 3955 mortem,
791 3895 844 3942 et
865 3887 1028 3943 etiam
1058 3887 1335 3941 destructa
1364 3892 1540 3939 morte
1561 3884 1784 3938 illumi-

180 3980 365 4042 navit,
400 3977 455 4032 id
485 3983 567 4032 est
595 3975 860 4032 revelavit
889 3982 941 4030 et
968 3975 1245 4046 cognitam
1295 3971 1440 4037 fecit,
1474 3974 1651 4028 vitam
1672 3986 1783 4026 non

188 4065 578 4130 transitoriam,
613 4065 712 4119 sed
742 4064 1245 4136 incorruptionem,
1289 4061 1344 4115 id
1375 4068 1457 4115 est
1503 4060 1671 4116 vitam
1701 4058 1783 4112 in-

177 4152 608 4225 corruptibilem,
659 4151 714 4206 in
761 4167 870 4222 qua
932 4149 1300 4222 impassibiles
1348 4156 1402 4204 et
1443 4147 1783 4202 immortales

177 4242 402 4298 erimus.
434 4241 789 4296 Illuminavit
805 4239 928 4295 dico
953 4255 1055 4312 per
1082 4232 1450 4307 Evangelium
1482 4251 1638 4290 suum
1675 4249 1687 4287 :
1719 4235 1783 4289 in

176 4347 283 4402 quo
302 4328 604 4402 Evangelio
615 4327 959 4399 praedicando
982 4343 1080 4397 ego
1088 4327 1308 4397 positus
1328 4340 1358 4379 a
1380 4325 1496 4379 Deo
1508 4323 1787 4395 praedica-

182 4423 291 4483 tor,
311 4422 370 4474 et
393 4417 702 4489 apostolus,
726 4416 1068 4485 etmagister
1086 4415 1343 4485 gentium
1364 4432 1382 4467 :
1405 4427 1568 4482 quem
1589 4426 1687 4482 pro
1706 4418 1785 4465 tot

1889 1869 2010 1916 rent
2037 1863 2109 1917 ad
2139 1878 2282 1930 eum,
2316 1871 2515 1934 putans
2545 1865 2724 1920 adhuc
2756 1881 2850 1921 eos
2870 1864 3080 1933 fideles,
3114 1866 3329 1923 facilius
3357 1884 3493 1939 pos-

1889 1957 2009 2004 sent
2035 1951 2266 2006 suadere
2296 1950 2421 2022 ipsi,
2473 1961 2526 2007 et
2574 1953 2728 2024 quasi
2776 1969 2841 2008 ex
2888 1962 3037 2023 parte
3086 1955 3237 2009 Pauli
3284 1955 3490 2011 fallere.

1885 2037 2138 2108 Ephesus
2174 2038 2320 2093 enim
2351 2039 2406 2093 in
2432 2040 2564 2094 Asia
2594 2047 2729 2094 erat.
2755 2041 2822 2095 Hi
2841 2041 3020 2097 aversi
3043 2050 3166 2096 sunt
3194 2057 3227 2096 a
3255 2059 3361 2109 me,
3397 2044 3496 2098 Sed

1893 2124 2280 2196 Onesiphorus
2307 2128 2608 2197 permansit
2643 2143 2655 2182 :
2691 2137 2743 2183 et
2788 2129 2914 2184 ideo
2961 2132 3056 2185 det
3086 2131 3357 2186 Dominus
3386 2146 3497 2186 non

1887 2212 2008 2278 soli,
2064 2213 2162 2268 sed
2203 2214 2364 2270 etiam
2394 2215 2586 2271 domui
2641 2216 2975 2288 Onesiphori
3024 2218 3491 2286 misericordiam,

1886 2300 1942 2354 id
2019 2309 2100 2355 est
2187 2302 2596 2357 retributionem
2660 2303 3048 2359 misericordias
3121 2320 3285 2375 quam
3365 2305 3497 2359 mihi

1891 2387 2128 2444 337
2158 2388 2283 2445 fecit
2320 2407 2332 2443 :
2367 2392 2500 2462 quia
2530 2407 2675 2462 saepe
2709 2393 3069 2462 refrigeravit
3089 2409 3198 2457 me,
3224 2400 3278 2446 et
3305 2391 3362 2446 in
3387 2391 3495 2448 ﬁde

1885 2475 2241 2542 consolando,
2279 2485 2333 2532 et
2365 2478 2680 2532 necessaria
2711 2479 3070 2548 ministrando
3101 2497 3115 2533 :
3147 2484 3202 2534 et
3216 2496 3330 2535 non
3359 2495 3496 2536 eru-

1887 2564 2010 2619 buit
2045 2569 2311 2620 catenam
2341 2581 2546 2620 meam.
2586 2567 2717 2621 Vide
2755 2583 2824 2621 ne
2855 2575 2907 2620 et
2933 2574 2990 2620 tu
3019 2567 3317 2623 erubescas
3347 2585 3360 2621 :
3397 2568 3497 2623 sed

1884 2651 2266 2722 amplectaris.
2303 2653 2426 2707 Non
2453 2655 2640 2723 utique
2670 2654 2886 2709 erubuit
2920 2672 2932 2708 :
2966 2655 3062 2710 sed
3091 2672 3220 2710 cum
3249 2656 3495 2711 venisset

1885 2741 2138 2806 Romam,
2161 2741 2410 2796 sollicite
2430 2743 2690 2812 quaesivit
2716 2758 2825 2809 me,
2850 2746 2906 2796 et
2935 2743 3220 2813 quaesitum
3249 2744 3490 2799 invenit.

1883 2827 1951 2881 Et
1981 2827 2106 2899 quia
2133 2843 2222 2881 me
2252 2827 2476 2896 invenit,
2510 2830 2601 2884 det
2633 2830 2725 2884 illi
2749 2831 3020 2884 Dominus
3051 2831 3209 2884 Pater
3236 2832 3493 2887 invenire

1882 2915 2339 2971 misericordiam
2365 2959 2377 2981 ,
2413 2917 2467 2970 id
2497 2924 2578 2972 est
2607 2915 2840 2972 fructum
2888 2917 3049 2987 hujus
3079 2918 3487 2986 misericordiae,

1882 3020 1918 3058 a
1945 3005 2073 3070 Deo,
2105 3003 2159 3058 id
2191 3012 2271 3059 est
2305 3021 2334 3058 a
2365 3005 2577 3060 Christo
2621 3005 2824 3074 judice,
2876 3007 2940 3059 in
2989 3007 3093 3061 illa
3143 3007 3252 3075 die,
3277 3007 3488 3075 judicii.

1882 3093 2069 3147 Roma:
2118 3092 2172 3145 in
2222 3092 2454 3148 vinculis
2501 3093 2582 3148 sic
2638 3092 2987 3148 ministravit.
3053 3095 3275 3162 Quanta
3331 3095 3493 3149 etiam

1886 3179 2087 3252 Ephesi
2109 3180 2486 3247 ministravit,
2515 3185 2580 3235 tu
2598 3181 2750 3237 nosti
2778 3183 3005 3248 melius,
3041 3197 3201 3251 quam
3231 3182 3346 3237 haec
3374 3198 3494 3253 quae

1886 3268 2050 3322 modo
2103 3267 2485 3324 ministravit:
2543 3267 2649 3334 vel,
2709 3268 2906 3324 melius
2959 3284 3124 3341 quam
3172 3268 3266 3324 alii
3323 3269 3494 3325 disci-

1883 3354 2016 3426 puli.

2517 3425 2744 3482 CAPUT
2777 3427 2846 3480 II.

1958 3553 1980 3578 «ι
2017 3531 2096 3586 Tu
2125 3546 2281 3603 ergo,
2309 3529 2385 3585 ﬁli
2414 3531 2510 3600 mi,
2563 3530 2870 3586 confortare
2901 3530 2956 3584 in
2996 3529 3189 3601 gratia,
3242 3547 3363 3601 qua:
3411 3539 3496 3586 est

1887 3618 1992 3673 «in
2022 3619 2238 3674 Christo
2286 3619 2416 3674 Jesu
2449 3636 2462 3672 :
2497 3627 2550 3672 et
2600 3635 2720 3690 quae
2767 3617 2963 3672 audisti
2993 3633 3027 3672 a
3079 3633 3168 3673 me
3211 3634 3313 3688 per
3354 3618 3494 3672 mul-

1887 3728 1909 3754 ιι
1946 3713 2031 3760 tos
2062 3714 2245 3772 testes,
2287 3707 2406 3762 haec
2463 3705 2785 3761 commenda
2853 3704 3102 3760 ﬁdelibus
3156 3704 3488 3774 hominibus,

1887 3816 1909 3842 α
1944 3794 2036 3865 qui
2091 3794 2274 3849 idonei
2328 3802 2482 3848 erunt
2537 3803 2589 3849 et
2645 3794 2785 3848 alios
2835 3794 3055 3849 docere.
3105 3793 3318 3849 Labora
3353 3792 3493 3849 sicut

1887 3902 1909 3931 ι
1946 3881 2122 3936 bonus
2151 3882 2310 3936 miles
2341 3881 2540 3936 Christi
2568 3882 2717 3936 Jesu.
2751 3882 2926 3936 Nemo
2955 3881 3194 3936 militans
3239 3882 3354 3937 Deo
3382 3881 3492 3935 im-

1887 3992 1908 4015 «
1945 3969 2108 4040 plicat
2147 3986 2206 4025 se
2254 3969 2488 4040 negotiis
2537 3969 2910 4034 saecularibus,
2961 3978 3018 4022 ut
3065 3968 3116 4023 ei
3160 3967 3376 4039 placeat
3405 3968 3494 4024 cui

1888 4077 1911 4107 α
1944 4057 2216 4127 probavit.
2247 4057 2388 4111 Nam
2437 4066 2488 4112 et
2529 4057 2622 4128 qui
2673 4064 2846 4112 certat
2897 4056 2951 4111 in
3001 4072 3198 4128 agone,
3243 4072 3354 4111 non
3399 4072 3493 4112 co-

1888 4165 1911 4194 ι
1946 4151 2172 4199 ronatur
2241 4145 2346 4198 nisi
2405 4143 2648 4216 legitime
2731 4143 3041 4199 certaverit.
3131 4143 3492 4198 Laborantem

1889 4254 1909 4278 α
1943 4231 2244 4304 agricolam
2291 4239 2506 4301 Oportet
2551 4231 2787 4301 primum
2816 4231 2886 4286 de
2933 4231 3200 4285 fructibus
3243 4230 3492 4301 accipere

1887 4342 1908 4368 υ
1945 4318 2292 4391 [percipere].
2327 4318 2578 4390 Intellige
2610 4335 2731 4388 quae
2770 4318 2927 4382 dico;
2988 4317 3136 4372 dabit
3191 4317 3336 4371 enim
3393 4318 3492 4372 tibi

1889 4429 1910 4458 α
1946 4409 2211 4462 Dominus
2269 4406 2324 4460 in
2379 4406 2631 4460 omnibus
2687 4404 3042 4459 intellectum.
3103 4406 3313 4458 Memor
3371 4413 3490 4460 esto

175 4505 591 4562 auctoritatibus
615 4505 822 4573 justum
851 4510 953 4572 est,
985 4510 1044 4558 ut
1088 4517 1198 4557 non
1229 4501 1526 4556 erubescas
1559 4498 1776 4553 imitari.
1798 4497 1851 4557 D
1886 4518 1908 4544 α
1945 4496 2235 4551 Dominum
2262 4495 2449 4549 Jesum
2490 4493 2765 4548 Christum
2807 4491 3173 4546 resurrexisse
3204 4507 3235 4545 a
3263 4492 3490 4546 mortuis

179 4595 254 4651 0b
286 4610 455 4667 quam
484 4608 735 4660 causam,
767 4592 823 4646 id
852 4599 935 4647 est
965 4591 1093 4662 quia
1137 4590 1242 4646 hoc
1288 4587 1647 4659 Evangelium
1677 4587 1781 4642 do-

171 4684 262 4740 cui
291 4690 507 4755 gentes,
537 4697 732 4754 passus
763 4697 885 4735 sum
934 4679 1122 4734 multa.
1177 4679 1300 4733 Here
1353 4676 1516 4731 etiam
1564 4673 1784 4730 vincula

179 4788 325 4828 nunc
351 4773 542 4844 patior
571 4790 590 4826 :
618 4770 711 4827 sed
741 4777 925 4824 tamen
954 4783 1073 4823 non
1099 4766 1438 4837 confundor,
1475 4763 1530 4818 id
1562 4771 1644 4818 est
1674 4777 1781 4818 non

178 4860 467 4925 erubesco,
499 4858 598 4914 sed
626 4857 838 4930 gaudeo
865 4855 972 4926 pati
1003 4869 1104 4926 pro
1137 4853 1354 4909 Christo
1388 4866 1400 4905 :
1434 4851 1512 4907 sic
1544 4857 1598 4906 et
1629 4857 1684 4904 tu
1713 4865 1783 4905 ne

179 4949 495 5005 erubescas.
531 4945 661 5002 Ideo
690 4945 905 5016 patiens
946 4959 1056 4999 non
1106 4940 1450 4998 confundor:
1501 4937 1625 5010 quia
1669 4937 1783 4993 scio

181 5038 266 5093 cui
292 5035 522 5105 credidi,
558 5035 614 5090 id
645 5040 730 5090 est
758 5032 814 5087 in
863 5047 970 5103 quo
1015 5029 1179 5086 ﬁdem
1226 5028 1393 5084 habui
1427 5042 1440 5081 :
1474 5026 1682 5082 scilicet
1728 5025 1785 5080 in

181 5128 315 5183 Deo.
348 5127 446 5182 Vel
475 5125 548 5180 ita
583 5141 596 5178 :
631 5122 756 5180 Scio
784 5121 879 5176 cui
906 5119 1140 5188 credidi,
1185 5117 1241 5172 id
1289 5124 1372 5172 est
1417 5116 1502 5171 cui
1535 5112 1786 5170 commisi

181 5215 458 5286 passiones
487 5228 648 5269 meas
679 5217 734 5266 et
759 5223 928 5279 opera
947 5225 959 5262 :
978 5212 1035 5263 et
1065 5210 1256 5263 certus
1274 5221 1399 5260 sum
1429 5204 1497 5258 de
1527 5201 1783 5257 mercede

184 5305 362 5360 horum
388 5325 402 5373 ;
433 5307 569 5379 quia
602 5299 698 5355 ille
727 5296 816 5354 cui
838 5295 1084 5352 commisi
1102 5298 1304 5367 potens
1328 5297 1414 5348 est
1443 5291 1781 5364 depositum,

180 5393 229 5449 id
241 5404 317 5451 est
332 5393 721 5453 commissum,
748 5401 933 5441 meum
945 5385 1166 5440 servare
1182 5397 1358 5452 usque
1374 5383 1435 5436 in
1447 5381 1615 5435 illum
1636 5379 1784 5433 diem

174 5479 628 5542 remunerationis
662 5473 930 5532 omnium.
975 5473 1042 5527 Et
1073 5471 1201 5543 quia
1247 5469 1400 5526 vides
1446 5468 1590 5540 quod
1638 5468 1784 5520 Deus

167 5576 395 5636 custodit
426 5569 585 5647 quod
615 5577 800 5639 penes
829 5576 952 5617 eum
981 5558 1289 5632 deponitur,
1321 5564 1378 5612 tu
1406 5556 1572 5631 igitur
1601 5567 1783 5610 exem-

1887 4607 1910 4633 α
1947 4601 2012 4640 ex
2042 4583 2251 4640 semine
2280 4582 2476 4648 David,
2501 4580 2796 4637 secundum
2814 4579 3173 4651 Evangelium
3202 4595 3406 4646 meum,
3431 4579 3487 4634 in

1889 4693 1908 4726 ι
1946 4688 2054 4744 quo
2084 4672 2269 4727 laboro
2299 4686 2470 4742 usque
2496 4669 2566 4724 ad
2596 4667 2828 4733 vincula,
2853 4666 3010 4737 quasi
3039 4666 3183 4721 male
3213 4682 3446 4737 operans
3468 4687 3488 4722 :

1889 4783 1911 4812 α
1946 4762 2044 4816 sed
2076 4761 2304 4817 verbum
2333 4759 2433 4814 Dei
2461 4773 2570 4813 non
2619 4764 2702 4811 est
2757 4755 3058 4826 alligatum.
3113 4755 3243 4810 Ideo
3299 4755 3485 4810 omnia

1889 4872 1910 4897 ιι
1947 4849 2189 4905 sustineo
2217 4855 2439 4918 propter
2468 4846 2671 4901 electos
2703 4861 2716 4900 :
2749 4853 2807 4898 ut
2835 4851 2887 4898 et
2936 4843 3040 4914 ipsi
3088 4842 3317 4898 salutem
3348 4858 3485 4898 con-

1888 4961 1909 4986 α
1947 4946 2262 5008 sequantur,
2293 4951 2412 5006 quae
2450 4942 2534 4989 est
2588 4933 2643 4987 in
2697 4932 2912 4987 Christo
2958 4933 3088 4986 Jesu
3146 4947 3267 4987 cum
3306 4931 3486 5003 gloria

1889 5049 1910 5073 α
1948 5025 2176 5082 caelesti.
2209 5023 2413 5077 Fidelis
2444 5037 2645 5077 sermo.
2669 5021 2809 5076 Nam
2837 5021 2884 5074 si
2915 5019 3242 5076 commortui
3271 5035 3481 5086 sumus,

1890 5137 1912 5162 «
1949 5121 2002 5169 et
2035 5112 2386 5168 convivemus
2439 5125 2452 5163 :
2513 5109 2558 5164 si
2616 5109 2966 5176 sustinemus,
3025 5116 3076 5162 et
3115 5107 3484 5178 conregnabi-

1890 5223 1913 5255 «
1949 5217 2070 5256 mus
2103 5219 2116 5254 :
2151 5200 2197 5254 si
2224 5195 2631 5270 negaverimus,
2659 5206 2711 5252 et
2742 5197 2833 5252 ille
2864 5197 3084 5268 negabit
3113 5211 3215 5251 nos
3252 5212 3264 5250 :
3298 5197 3344 5249 si
3372 5212 3482 5251 non

1889 5310 1912 5340 ι
1947 5287 2240 5353 credimus,
2275 5287 2367 5340 ille
2415 5285 2594 5341 ﬁdelis
2641 5293 2939 5356 permanet,
2993 5301 3196 5355 negare
3244 5284 3484 5354 seipsum

1891 5401 1911 5425 «
1947 5392 2057 5431 non
2086 5383 2282 5446 potest.
2317 5375 2445 5429 Haec
2476 5389 2762 5429 commone
2792 5371 3154 5444 [commoneo]
3184 5370 3482 5435 testificaris

1888 5489 1909 5512 «ι
1946 5479 2135 5519 coram
2163 5464 2300 5518 Deo.
2333 5462 2457 5518 Noli
2475 5462 2806 5518 contendere
2838 5460 3043 5527 verbis,
3073 5459 3142 5514 ad
3173 5458 3482 5514 subversio-

1889 5571 1911 5596 κ
1944 5564 2070 5604 nem
2126 5546 2478 5603 audientium.
2539 5545 2778 5602 Sollicito
2829 5552 3008 5600 autem
3061 5559 3191 5620 cura
3245 5543 3480 5614 teipsum
