3932 6432
450 346 554 398 L63

1002 341 1056 393 S.
1099 337 1453 395 BRUNONIS
1491 334 2139 394 CARTHUSIANORUM
2177 335 2656 394 INSTITUTORIS
2695 337 2848 393 OPP.
2890 335 3084 391 PARS.
3129 336 3193 390 ll.

3640 336 3745 390 LGL

455 490 478 514 α
514 465 852 536 probabilem
884 464 1145 518 exhibere
1174 464 1290 518 Deo
1328 463 1635 534 Operarium
1682 461 2038 518 inconfusibi-
2071 461 2404 520 Amilitans
2443 464 2565 526 Deo,
2597 462 2855 532 implicat
2883 476 2942 515 se
2987 458 3352 515 saecularibus
3382 458 3644 528 negotiis,
3682 457 3737 510 id

456 582 478 602 ιι
515 555 644 618 lem,
676 560 822 608 recte
852 559 1164 606 tractantem
1207 551 1432 605 verbum
1490 551 1746 605 veritatis.
1810 549 2046 605 Profana

460 664 482 693 ι
519 651 696 696 autem
728 648 780 694 et
811 639 1124 709 vaniloquia
1171 638 1372 692 devita.
1422 638 1642 692 Multum
1691 638 1832 692 enim
1875 635 2046 707 proﬁ-

459 753 481 782 ι
518 729 663 784 ciunt
693 728 763 782 ad
794 727 1143 796 impietatem,
1179 734 1227 780 et
1287 741 1466 780 sermo
1523 741 1706 779 eorum
1737 733 1794 778 ut
1849 739 2047 779 cancer

457 841 479 870 α
515 817 702 887 serpit.
735 816 816 869 Ex
840 814 1036 885 quibus
1083 820 1166 868 est
1203 814 1527 882 Hymenaeus
1564 821 1614 866 et
1653 813 1909 878 Philetas,
1955 810 2046 881 qui

457 927 479 957 ι
515 922 548 960 a
604 903 827 961 veritate
886 900 1222 964 exciderunt,
1292 900 1534 955 dicentes
1591 899 2045 954 resurrectionem

457 1018 478 1042 ε
513 1008 634 1049 esse
658 992 773 1060 jam
802 989 1014 1055 factam,
1045 996 1098 1042 et
1137 987 1519 1041 subverterunt
1570 986 1930 1058 quorumdam
1985 984 2047 1038 ﬁ-

455 1105 478 1130 .
514 1081 660 1136 dem.
692 1078 800 1132 Sed
830 1075 1046 1130 ﬁrmum
1075 1074 1482 1128 fundamentum
1540 1074 1638 1128 Dei
1689 1082 1810 1138 stat,
1842 1073 2048 1127 habens

455 1191 478 1220 ι
514 1165 857 1239 signaculum
886 1165 991 1218 hoc
1020 1181 1033 1216 :
1067 1162 1320 1234 cognovit
1342 1161 1603 1216 Dominus
1633 1161 1726 1232 qui
1754 1168 1879 1215 sunt
1907 1161 2043 1228 ejus,

454 1279 477 1308 ι
514 1263 568 1312 et
594 1253 825 1310 discedit
853 1251 921 1305 ab
950 1250 1226 1321 iniquitate
1256 1249 1432 1302 omnis
1463 1249 1551 1319 qui
1609 1248 1823 1303 invocat
1853 1247 2048 1319 [nomi-

455 1367 478 1396 ε
516 1343 629 1414 nat]
653 1357 847 1396 nomen
878 1338 1111 1393 Domini.
1145 1339 1204 1390 In
1236 1351 1438 1408 magna
1492 1344 1674 1391 autem
1720 1336 1883 1390 domo
1939 1350 2046 1389 non

463 1450 484 1483 ι
514 1432 688 1486 solum
717 1435 840 1484 sunt
869 1441 1000 1482 vasa
1031 1440 1200 1480 aurea
1231 1431 1283 1478 et
1311 1431 1586 1494 argentea,
1638 1423 1735 1478 sed
1765 1431 1816 1477 et
1863 1422 2048 1494 lignea

459 1544 481 1568 υ
515 1527 568 1575 et
597 1516 775 1573 ﬁctilia
809 1531 821 1568 :
855 1522 909 1569 et
937 1512 1184 1586 quaedam
1215 1512 1432 1582 quidem
1473 1512 1526 1565 in
1575 1512 1861 1575 honorem,
1895 1525 2046 1580 qure-

455 1630 477 1654 ιι
513 1607 638 1661 dam
659 1612 838 1660 autem
867 1603 921 1654 in
947 1599 1350 1656 contumeliam.
1388 1599 1444 1654 Si
1491 1599 1612 1670 quis
1661 1614 1794 1670 ergo
1851 1613 2046 1651 emun-

457 1719 478 1742 ιι
515 1693 723 1749 daverit
750 1707 811 1745 se
843 1690 912 1743 ab
941 1689 1078 1754 istis,
1138 1687 1237 1742 erit
1267 1703 1362 1740 vas
1400 1687 1454 1739 in
1513 1687 1776 1740 honorem
1807 1683 2046 1739 sanctiﬁ-

2145 557 2363 602 estnon
2404 549 2631 603 intendit
2674 547 3105 603 discussionibus
3149 545 3492 602 saecularium
3538 559 3742 600 causa-

2144 626 2286 701 rum,
2320 637 2415 691 sed
2446 636 2826 706 spiritualium.
2872 636 3045 689 Habet
3091 634 3234 689 enim
3283 634 3519 688 mundus
3567 648 3744 687 saecu-

2144 723 2291 777 lares
2318 724 2549 792 judices,
2603 724 2693 794 qui
2739 723 2984 791 judicent
3029 723 3097 776 de
3143 721 3552 792 temporalibus.
3601 720 3740 790 Epi-

2146 811 2295 881 scopi
2328 819 2508 866 autem
2556 827 2754 866 vocare
2796 811 2992 865 debent
3041 809 3300 864 doctrinis
3347 808 3737 880 spiritualibus.

2149 898 2243 953 Vel
2276 898 2343 952 ita
2378 916 2390 952 :
2424 899 2656 952 Militans
2688 899 2802 952 Deo
2829 913 2936 953 non
2967 913 3027 953 se
3073 896 3312 968 implicat
3359 897 3592 967 negotiis
3637 911 3741 950 sae-

2146 986 2439 1050 cularibus,
2490 994 2547 1040 ut
2603 986 2657 1040 in
2695 985 3079 1056 praedicatione
3153 1000 3249 1039 sua
3309 985 3620 1056 negotietur
3685 990 3741 1038 et

2146 1075 2344 1128 vendat
2375 1090 2512 1139 eam,
2545 1074 2828 1144 requirens
2857 1074 2980 1128 ideo
3009 1073 3245 1144 pretium
3273 1073 3344 1127 ab
3374 1072 3736 1128 auditoribus.

2148 1160 2276 1216 Ideo
2305 1161 2542 1216 militans
2575 1163 2709 1227 Deo,
2743 1178 2802 1216 se
2830 1177 2940 1216 non
2959 1159 3199 1231 implicat
3218 1160 3303 1214 his
3319 1165 3383 1216 ut
3406 1162 3634 1233 placeat
3663 1163 3738 1227 ei,

2148 1249 2353 1304 scilicet
2381 1250 2516 1315 Deo,
2551 1250 2637 1305 cui
2667 1249 2808 1304 bene
2855 1249 3088 1304 vivendo
3133 1249 3328 1303 bonam
3378 1249 3740 1304 existimatio-

2146 1354 2272 1392 nem
2310 1337 2378 1391 de
2409 1353 2467 1391 se
2500 1337 2814 1406 praebendo,
2846 1352 2948 1406 per
2991 1344 3292 1391 anteactam
3339 1335 3504 1391 vitam
3531 1337 3742 1407 proba-

2147 1425 2221 1479 vit
2244 1441 2303 1478 se
2353 1423 2698 1494 placiturum.
2750 1424 2951 1478 Probat
2994 1423 3064 1478 ab
3108 1439 3174 1478 eo
3215 1423 3362 1495 quod
3409 1424 3588 1479 minus
3616 1433 3740 1494 est,

2147 1513 2382 1566 militans
2445 1513 2562 1566 Deo
2635 1527 2744 1566 non
2791 1511 3032 1581 implicat
3088 1527 3148 1566 se
3203 1511 3528 1580 mundanis,
3575 1521 3635 1567 ut
3661 1513 3744 1568 sic

2146 1600 2358 1670 placeat
2402 1600 2537 1654 Deo.
2589 1600 2730 1654 Nam
2773 1599 2934 1654 etiam
2964 1599 3132 1670 (quod
3169 1599 3345 1652 minus
3389 1604 3494 1669 est)
3524 1599 3615 1654 ille
3643 1601 3743 1672 qui

2147 1692 2329 1744 certat
2362 1688 2424 1741 in
2455 1704 2653 1756 agone,
2685 1687 2739 1740 id
2778 1695 2861 1742 est
2907 1687 2962 1741 in
3012 1686 3294 1743 certamini
3343 1687 3545 1759 aliquo,
3589 1696 3648 1742 ut
3683 1688 3741 1743 in

455 1807 478 1829 ι
512 1789 689 1836 catum
720 1786 774 1833 et
801 1777 932 1831 utile
964 1774 1194 1830 Domino
1223 1774 1290 1826 ad
1322 1789 1483 1828 omne
1535 1789 1674 1843 opus
1722 1773 1921 1826 bonum
1951 1787 2045 1841 pa-
2074 1798 2126 1858 B
2148 1771 2402 1841 palaestra
2430 1771 2517 1824 vel
2547 1771 2601 1824 in
2632 1770 2824 1833 stadio,
2856 1770 2945 1824 hic
2972 1771 3088 1825 nisi
3115 1772 3416 1825 certaverit
3467 1772 3738 1842 legitime,

460 1890 482 1915 α
513 1875 713 1922 ratum.
745 1863 1006 1919 Juvenilia
1038 1869 1216 1916 autem
1278 1861 1549 1915 desideria
1597 1860 1724 1932 fuge
1761 1875 1774 1914 :
1835 1867 2046 1914 sectare

459 1976 481 2002 ιι
518 1968 649 2007 vero
673 1950 958 2019 justitiam,
990 1947 1172 2011 ﬁdem,
1206 1963 1381 2016 spem,
1413 1946 1724 2000 charitatem
1757 1954 1807 2000 et
1838 1960 2043 2014 pacem,

461 2065 482 2088 ιι
518 2055 643 2095 cum
674 2039 758 2092 his
788 2037 878 2108 qui
909 2037 1162 2090 invocant
1209 2034 1497 2088 Dominum
1546 2032 1764 2104 [nomen
1811 2031 2049 2102 Domini]

456 2151 478 2176 ιι
514 2128 583 2182 de
613 2126 780 2182 corde
808 2139 963 2195 puro.
1000 2123 1200 2176 Stultas
1247 2130 1428 2175 autem
1481 2128 1534 2175 et
1589 2121 1704 2174 sine
1761 2119 2049 2189 disciplina

463 2237 482 2268 ι
515 2213 843 2286 quaestiones
898 2211 1096 2276 devita,
1159 2209 1340 2264 sciens
1375 2208 1520 2279 quod
1594 2216 1858 2278 generant
1905 2207 2044 2261 lites.

457 2325 478 2349 α
517 2303 747 2356 Servum
776 2307 955 2352 autem
985 2296 1200 2366 Domini
1231 2312 1339 2349 non
1397 2303 1610 2364 oportet
1663 2295 1896 2365 litigare,
1949 2293 2048 2347 sed

457 2413 478 2436 ιι
513 2395 852 2442 mansuetum
883 2402 1004 2440 esse
1035 2384 1104 2438 ad
1133 2399 1342 2449 omnes,
1374 2382 1682 2447 docibilem,
1733 2382 2045 2452 patientem,

456 2498 479 2527 ι
515 2492 639 2531 cum
669 2473 935 2528 modestia
965 2471 1350 2541 corripientem
1383 2486 1478 2524 eos
1509 2470 1600 2540 qui
1659 2470 1919 2524 resistunt
1948 2485 2046 2522 ve-

457 2585 480 2615 ι
515 2564 662 2617 ritati
699 2577 710 2615 :
746 2578 814 2615 ne
845 2560 1064 2631 quando
1095 2559 1186 2612 det
1215 2558 1322 2610 illis
1354 2559 1500 2612 Deus
1551 2557 1942 2627 pcenitentiam,
1977 2555 2046 2610 ad

460 2675 481 2698 α
516 2649 952 2720 cognoscendam
1000 2647 1298 2709 veritatem,
1354 2655 1404 2699 et
1435 2647 1755 2716 resipiscant
1786 2661 1818 2699 a
1848 2643 2047 2698 diaboli

458 2760 480 2789 α
516 2738 747 2809 laqueis,
781 2751 813 2790 a
842 2751 950 2806 quo
980 2733 1178 2804 captivi
1221 2741 1468 2787 tenentur
1525 2733 1594 2787 ad
1647 2733 1816 2803 ipsius
1865 2731 2049 2786 volun-

455 2845 478 2875 ι
512 2833 694 2880 tatem.
734 2844 756 2873 ι

1119 2907 1436 2948 EXPOSITIO.

525 2997 667 3066 Quia
695 3005 918 3068 prOpter
948 2997 1292 3051 aversionem
1338 2994 1695 3067 quorumdam
1735 2992 1913 3064 magis
1944 3006 2045 3044 ne-

454 3086 732 3142 cessarius
763 3101 822 3138 es
856 3103 870 3138 :
905 3085 1032 3154 quia
1061 3085 1220 3138 etiam
1279 3081 1528 3152 exemplo
1583 3078 2045 3151 perseverantium

456 3174 525 3227 de
548 3172 861 3227 fortitudine
877 3171 1186 3225 admoneris
1220 3186 1232 3224 :
1269 3187 1394 3242 ergo
1418 3175 1500 3230 tu,
1523 3170 1612 3238 ﬁli
1638 3171 1719 3222 mi
1746 3167 2047 3228 Timothee,

457 3263 804 3330 confortare,
837 3259 890 3312 id
918 3267 1001 3313 est
1031 3258 1187 3313 fortis
1217 3267 1354 3323 esto,
1413 3247 1518 3311 rion
1572 3271 1792 3326 paveas.
1825 3253 2048 3308 Confor-

457 3356 594 3414 tare,
629 3347 868 3417 inquam,
901 3349 964 3401 in
992 3347 1181 3416 gratia
1213 3362 1332 3417 quae
1354 3349 1440 3400 est
1465 3345 1528 3398 in
1563 3343 1779 3398 Christo
1809 3343 1960 3405 Iesu,
1993 3341 2048 3395 id

458 3443 541 3490 est
571 3435 622 3487 in
651 3432 948 3505 pontiﬁcali
1001 3433 1268 3497 doctrina,
1334 3433 1486 3499 cujus
1543 3431 1770 3502 gratiam
1826 3428 2049 3484 contulit

455 3521 552 3576 tibi
581 3523 748 3576 Deus.
779 3521 897 3586 Vel,
931 3519 1240 3576 confortare
1271 3519 1325 3572 in
1350 3517 1548 3589 gratia.
1592 3518 1645 3572 id
1675 3525 1757 3570 est
1783 3517 1837 3570 in
1866 3516 2049 3570 remis-

456 3609 610 3664 sione
660 3617 1026 3679 peccatorum,
1102 3616 1154 3661 et
1209 3607 1319 3662 vita
1397 3613 1606 3660 aeterna
1675 3603 2042 3673 praedicanda.

457 3697 584 3750 Haec
613 3696 755 3750 enim
787 3704 869 3750 est
898 3695 1073 3765 gratia
1101 3711 1222 3765 qua:
1269 3701 1352 3747 est
1393 3708 1490 3762 per
1527 3693 1713 3746 Jesum
1752 3692 2042 3746 Christum.

457 3785 632 3853 thue
661 3782 996 3838 confortatus
1053 3781 1230 3851 magis
1271 3779 1542 3851 proﬁcias,
1606 3778 1720 3834 haec
1775 3795 1896 3849 quae
1953 3777 2048 3831 tibi

458 3869 707 3924 docenda
735 3869 1077 3937 commendo,
1120 3868 1451 3923 commenda
1490 3875 1542 3921 et
1589 3875 1642 3920 tu
1686 3867 1959 3935 ﬁdelibus,
1992 3865 2047 3920 id

456 3964 541 4011 est
570 3957 833 4011 constitue
863 3957 964 4009 sub
995 3964 1044 4010 te
1074 3955 1482 4025 praedicatores,
1545 3953 1637 4024 qui
1686 3963 1862 4009 tecum
1907 3968 2049 4024 pra;-

455 4043 639 4098 dicent
667 4043 869 4113 p0pulo
899 4043 998 4097 Dei
1030 4057 1042 4095 :
1076 4043 1130 4096 hi
1159 4051 1338 4096 autem
1368 4042 1474 4095 sint
1506 4057 1652 4096 sanae
1682 4039 1808 4096 ﬁdei
1841 4059 1853 4095 :
1889 4057 2046 4095 cum-

459 4147 564 4201 que
585 4130 691 4184 sint
720 4128 926 4196 ﬁdeles,
962 4137 1174 4199 oportet
1205 4145 1328 4184 esse
1351 4129 1487 4183 tales
1517 4131 1612 4200 qui
1659 4133 1830 4184 erant
1860 4129 2049 4184 idonei

459 4225 508 4272 et
539 4217 766 4273 scientia
795 4225 848 4271 et
905 4218 1084 4289 gratia
1141 4217 1462 4287 eloquentiae
1521 4216 1714 4272 docere
1771 4218 1915 4271 alios
1944 4214 2048 4269 sibi

456 4305 796 4360 commissos.
825 4305 1061 4368 Talibus,
1093 4305 1332 4374 inquam,
1389 4305 1710 4359 commenda
1763 4305 1880 4359 haec
1925 4318 2047 4375 quae

456 4399 512 4446 tu
543 4393 756 4447 audisti
783 4409 816 4446 a
837 4407 944 4458 me,
977 4391 1030 4445 id
1061 4399 1142 4445 est
1170 4407 1290 4462 quae
1344 4408 1448 4462 ego
1502 4392 1662 4447 docui
1706 4399 1778 4458 te,
1840 4407 2045 4462 appro-

2148 1858 2202 1912 id
2232 1866 2315 1913 est
2344 1857 2641 1912 secundum
2671 1857 2848 1928 legem
2880 1858 2996 1925 ejus
3025 1857 3354 1924 certaminis,
3378 1875 3492 1914 non
3513 1874 3746 1914 corona-

2152 1950 2267 2012 tur,
2299 1946 2353 1998 id
2385 1952 2466 2000 est
2497 1960 2606 1999 non
2637 1945 2834 2014 accipit
2862 1945 3075 1998 laudem
3104 1945 3190 2000 vel
3229 1945 3498 2000 bravium.

2218 2033 2300 2087 Ne
2351 2033 2514 2087 modo
2555 2033 2866 2102 opinaretur
2920 2034 3230 2088 Timotheus
3275 2034 3402 2104 quia
3447 2034 3744 2090 interdixe-

2150 2128 2228 2174 rat
2259 2120 2310 2174 ei
2349 2121 2569 2190 negotia
2597 2121 2901 2187 szecularia,
2933 2121 3065 2174 nihil
3097 2121 3149 2175 in
3181 2121 3571 2192 temporalibus
3597 2123 3744 2179 acci-

2147 2207 2405 2278 piendum
2431 2224 2552 2262 esse
2582 2223 2614 2262 a
2645 2208 2892 2272 subditis,
2926 2209 3000 2262 ait
3042 2207 3242 2262 Paulus
3274 2224 3286 2262 :
3320 2209 3468 2265 Licet
3511 2211 3741 2265 interdi-

2147 2311 2264 2350 cam
2295 2296 2390 2349 tibi
2420 2295 2703 2351 saecularia
2733 2296 2969 2367 negotia,
3020 2303 3202 2351 tamen
3248 2297 3372 2352 volo
3411 2305 3462 2352 te
3490 2297 3743 2368 accipere

2148 2383 2216 2437 de
2247 2382 2423 2436 fructu
2453 2382 2856 2452 praedicationis
2902 2383 3240 2454 temporalia.
3274 2385 3349 2438 Te
3396 2385 3540 2440 enim
3592 2386 3743 2442 labo-

2148 2474 2376 2524 rantem
2398 2471 2452 2523 in
2482 2469 2692 2524 cultura
2710 2471 2978 2526 Dominici
3007 2471 3125 2542 agri
3157 2476 3372 2543 oportet
3393 2474 3645 2544 accipere
3673 2473 3744 2528 de

2145 2558 2431 2627 fructibus
2462 2559 2635 2612 altius
2663 2559 2806 2627 agri,
2839 2558 2893 2612 id
2915 2567 2996 2612 est
3015 2559 3329 2629 temporalia
3359 2576 3481 2630 qua:
3511 2576 3662 2630 ager,
3685 2561 3746 2615 id

2145 2652 2228 2699 est
2256 2645 2507 2715 populus,
2540 2645 2673 2700 dare
2702 2653 2900 2715 potest.
2941 2646 3202 2716 Accipiat,
3235 2647 3474 2718 inquam,
3506 2647 3747 2718 primum

2145 2732 2215 2786 de
2243 2731 2420 2787 fructu
2473 2733 2616 2804 quod
2666 2733 2769 2792 sibi
2814 2733 3041 2788 sufﬁciat
3073 2751 3086 2787 :
3119 2743 3172 2788 et
3219 2735 3265 2788 si
3313 2735 3745 2806 superabundat,

2147 2819 2473 2874 secundario
2503 2820 2769 2890 accipiant
2811 2836 3098 2890 pauperes.
3139 2821 3240 2876 Vel
3276 2821 3528 2892 primum,
3561 2823 3617 2877 id
3660 2831 3750 2878 est

2144 2906 2373 2960 multum
2420 2907 2546 2960 inde
2607 2907 2834 2977 accipiat
2868 2922 2880 2961 :
2912 2900 3036 2978 quia
3084 2923 3171 2963 res
3231 2925 3392 2980 quam
3451 2909 3742 2975 ministrat,

2142 2992 2435 3061 plurimum
2467 2994 2634 3064 digna
2680 3002 2782 3050 est.
2832 2995 3096 3065 Accipere
3145 3004 3326 3052 autem
3353 2997 3422 3051 de
3469 2997 3746 3068 praedica-

2144 3079 2289 3135 tione
2315 3081 2460 3151 quod
2493 3081 2744 3147 sufficiat,
2779 3097 2886 3137 non
2916 3091 2998 3138 est
3018 3083 3296 3154 negotium
3327 3085 3608 3140 seeculare.
3642 3085 3747 3141 Vel

2148 3167 2226 3221 ita
2248 3169 2548 3240 jungamus
2583 3185 2596 3223 :
2628 3170 2763 3225 Dico
2810 3187 2919 3225 non
2966 3171 3214 3241 implices
3261 3180 3314 3227 te
3369 3173 3745 3244 saecularibus,

2149 3270 2252 3310 nec
2281 3272 2510 3312 necesse
2542 3258 2636 3311 tibi
2668 3266 2751 3312 est
2777 3277 2792 3324 ;
2825 3259 2948 3328 quia
2969 3259 3038 3314 de
3058 3259 3322 3314 fructibus
3348 3261 3750 3330 pradicationis

2145 3341 2202 3395 in
2235 3359 2339 3414 qua
2369 3344 2608 3410 laboras,
2640 3345 2873 3416 accipies
2904 3363 3025 3417 quae
3063 3355 3369 3416 opportuna
3397 3347 3594 3403 fuerint
3625 3349 3745 3405 tibi.

2149 3431 2309 3498 Quod
2338 3432 2753 3503 aequipollenter
2781 3435 2878 3502 ait,
2910 3451 2979 3489 ne
3013 3433 3149 3489 forte
3196 3435 3508 3491 Timotheus
3538 3437 3744 3492 absur-

2151 3520 2279 3573 dum
2303 3521 2574 3587 judicaret
2605 3521 2784 3576 vivere
2813 3522 2883 3576 de
2911 3522 3291 3592 praedicatione
3327 3539 3339 3576 :
3372 3525 3496 3595 quia
3543 3525 3746 3581 Paulus

2147 3623 2258 3661 non
2287 3607 2376 3674 ita,
2411 3609 2508 3662 sed
2536 3609 2604 3663 de
2632 3625 2884 3664 manuum
2916 3610 3104 3665 labore
3131 3611 3356 3666 viveret.
3386 3613 3476 3666 Ait
3503 3613 3702 3668 Paulus
3729 3631 3744 3668 :

2151 3697 2226 3750 Ea
2246 3712 2369 3767 qua:
2395 3695 2536 3762 dico,
2568 3697 2621 3750 id
2650 3705 2732 3752 est
2760 3705 2814 3752 te
2843 3698 2913 3752 de
2962 3698 3140 3754 fructu
3187 3699 3587 3770 praedicationis
3635 3716 3744 3772 op-

2146 3789 2374 3852 portuna
2404 3784 2656 3854 accipere
2683 3827 2696 3848 ,
2729 3785 2987 3855 intellige
3015 3801 3232 3841 causam
3251 3802 3421 3858 quare
3458 3803 3567 3843 non
3596 3789 3746 3844 acci-

2147 3869 2289 3939 piam
2321 3871 2466 3941 quod
2503 3871 2721 3940 jubeam
2759 3881 2812 3926 te
2859 3873 3129 3943 accipere.
3178 3875 3349 3943 Hujus
3390 3875 3472 3930 rei
3517 3891 3744 3931 causam

2147 3956 2332 4012 dicunt
2374 3974 2497 4013 esse
2535 3959 2726 4023 sancti,
2781 3961 2926 4030 quod
2971 3961 3096 4031 quia
3142 3962 3453 4018 Timotheus
3497 3962 3746 4020 inﬁrmus

2147 4053 2280 4111 erat,
2333 4053 2387 4100 et
2434 4045 2499 4111 si,
2546 4047 2820 4102 laboraret
2881 4049 3132 4104 manibus
3155 4091 3169 4114 ,
3214 4049 3584 4119 praedicationi
3629 4067 3745 4108 non

2147 4140 2333 4201 posset
2361 4133 2614 4189 insistere
2646 4149 2658 4188 :
2695 4134 2889 4190 Paulus
2919 4144 3120 4205 autem,
3152 4136 3306 4192 fortis
3335 4145 3388 4193 et
3415 4138 3738 4207 laboriosus,

2148 4227 2264 4273 erat
2290 4220 2359 4274 ad
2403 4229 2691 4293 utrumque
2741 4222 3032 4291 sufficiens,
3084 4225 3208 4279 ideo
3255 4226 3372 4295 ipse
3414 4226 3548 4281 nihil
3587 4228 3742 4282 acci-

2147 4307 2348 4376 piebat,
2381 4315 2436 4362 et
2462 4309 2588 4364 ideo
2618 4311 2869 4380 accipere
2896 4311 3233 4366 Timotheum
3262 4313 3494 4368 volebat.
3530 4315 3742 4370 Poteris

2147 4394 2334 4464 utique
2361 4410 2581 4450 causam
2612 4397 2754 4452 hanc
2783 4399 3088 4470 intelligere
3123 4417 3136 4454 :
3169 4399 3296 4471 quia
3326 4402 3596 4457 Dominus
3641 4404 3746 4458 da-

454 4479 636 4534 bando
666 4495 728 4534 ea
752 4496 852 4550 per
879 4480 1091 4532 multos
1123 4483 1305 4543 testes,
1331 4479 1385 4533 id
1433 4488 1517 4534 est
1559 4496 1658 4549 per
1698 4480 1869 4534 multa
1899 4479 2042 4534 testi-
2065 4473 2116 4532 D
2146 4481 2228 4536 bit
2272 4483 2380 4537 tibi
2422 4485 2802 4548 intellectum,
2855 4494 2907 4540 et
2953 4487 3008 4540 in
3045 4488 3148 4542 hac
3203 4504 3265 4542 re
3293 4497 3348 4543 et
3384 4489 3441 4542 in
3485 4489 3743 4545 omnibus

453 4567 632 4621 monia
659 4566 797 4638 legis
827 4566 1064 4621 33S
1089 4573 1142 4620 et
1170 4569 1577 4636 prophetarum.
1627 4567 1784 4634 Quod
1815 4567 1959 4621 enim
1989 4576 2040 4621 te

452 4655 520 4708 de
549 4654 655 4708 ﬁde
680 4654 878 4708 Christi
906 4654 1086 4719 docui,
1145 4661 1315 4708 totum
1372 4656 1427 4708 in
1482 4655 1606 4724 lege
1653 4663 1706 4709 et
1758 4657 2039 4725 prOphetis

451 4742 838 4811 praesignatum
867 4741 1098 4796 ostendi.
1132 4743 1212 4795 Ne
1267 4741 1402 4796 forte
1457 4743 1771 4796 Timotheus
1824 4751 2042 4812 putaret

450 4845 510 4883 se
540 4830 703 4883 modo
731 4845 894 4898 posse
923 4830 1225 4899 quiescere,
1260 4829 1564 4884 constitutis
1607 4829 1708 4883 sub
1746 4846 1805 4884 se
1833 4831 2038 4900 praedi-

447 4917 740 4980 catoribus,
784 4925 970 4971 contra
1013 4917 1117 4970 hoc
1173 4916 1248 4970 ait
1300 4915 1498 4970 Paulus
1533 4930 1545 4968 :
1578 4916 1722 4971 Licet
1777 4919 2038 4988 quosdam

445 5011 504 5057 ut
531 5003 758 5057 doceant
786 5003 922 5057 alios
950 4999 1276 5073 praefece’ris,
1312 5019 1379 5056 ne
1422 5011 1604 5056 tamen
1646 5002 1769 5057 ideo
1817 5014 1873 5058 tu
1919 5012 2038 5060 tor-

445 5105 580 5160 peas
618 5091 756 5144 :sed
791 5091 981 5147 labora
1010 5091 1159 5146 sicut
1205 5091 1371 5145 miles
1420 5089 1632 5144 Christi
1678 5093 1830 5157 Jesu,
1875 5093 1929 5146 id
1959 5100 2041 5147 est

443 5193 656 5233 memor
701 5187 817 5232 esto
866 5187 916 5232 te
954 5178 1190 5232 militare
1236 5182 1294 5230 in
1341 5177 1532 5231 castris
1589 5178 1806 5233 Christi.
1858 5180 2038 5236 Labor

442 5275 621 5320 autem
651 5266 898 5336 congruit
935 5264 1205 5330 militanti,
1252 5279 1359 5318 non
1407 5264 1597 5319 otium.
1645 5265 1852 5320 Labora
1901 5268 2040 5323 sicut

443 5354 600 5408 miles
628 5355 820 5418 bonus,
854 5353 906 5406 id
937 5361 1019 5406 est
1051 5352 1214 5405 utilis.
1251 5350 1535 5420 Quomodo
1579 5353 1754 5410 bonus
1782 5355 2039 5410 determi-

441 5449 534 5495 nat
561 5442 616 5495 in
647 5440 1027 5511 sequentibus,
1079 5439 1266 5493 dicens
1299 5457 1312 5492 :
1347 5439 1404 5493 Si
1452 5440 1612 5495 miles
1645 5442 1819 5497 bonus
1849 5443 2037 5510 fueris,

437 5528 790 5584 saecularibus
820 5525 1056 5596 negotiis
1083 5541 1191 5581 non
1243 5527 1552 5601 implicabis
1583 5537 1656 5586 te.
1692 5531 1861 5588 Nemo
1893 5532 2038 5587 enim

2139 4570 2290 4624 More
2320 4570 2448 4626 boni
2474 4572 2661 4626 militis
2703 4571 2892 4629 labora
2935 4574 3072 4630 sicut
3113 4575 3435 4646 praemonui.
3483 4579 3549 4632 Et
3579 4586 3638 4632 ut
3661 4578 3744 4633 ita

2139 4657 2378 4727 labores,
2427 4675 2638 4714 memor
2675 4668 2792 4716 esto
2847 4664 3264 4718 resurrectionis
3307 4664 3503 4719 Christi
3537 4683 3552 4719 :
3592 4673 3645 4720 et
3685 4675 3741 4722 te

2141 4759 2264 4800 cum
2291 4761 2358 4800 eo
2386 4747 2456 4815 (si
2485 4747 2624 4802 bene
2657 4748 3016 4821 laboraveris)
3063 4760 3512 4808 resurrecturum.
3547 4753 3737 4823 Spem,

2138 4831 2380 4903 inquam,
2412 4834 2622 4890 habens
2651 4837 2990 4908 resurgendi,
3021 4854 3236 4895 memor
3281 4844 3400 4895 esto
3450 4841 3742 4898 Christum

2139 4921 2330 4977 Iesum
2396 4924 2778 4979 resurrexisse
2827 4941 2863 4980 a
2904 4929 3172 4982 mortuis.
3229 4926 3387 4982 Solus
3429 4928 3677 4984 Christus
3705 4944 3744 4984 a

2139 5007 2369 5062 mortuis
2416 5011 2710 5066 resurrexit
2745 5026 2757 5064 :
2804 5013 2933 5083 quia
2975 5022 3162 5083 postea
3209 5029 3312 5070 nec
3357 5024 3540 5072 actum
3587 5033 3742 5073 mor-

2137 5095 2360 5150 talitatis
2424 5097 2649 5164 habuit,
2699 5115 2803 5155 nec
2883 5101 3022 5156 mori
3070 5103 3280 5172 potuit:
3349 5105 3448 5160 sed
3506 5105 3741 5161 Lazarus

2139 5191 2192 5236 et
2258 5183 2566 5256 quicunque
2629 5187 2958 5255 resuscitati,
3023 5197 3257 5246 mortem
3321 5191 3514 5247 iterum
3587 5195 3740 5264 passi

2139 5279 2282 5326 sunt.

2211 5359 2427 5414 Diceret
2472 5359 2722 5417 fortassis
2768 5364 3082 5420 Timotheus
3114 5383 3128 5420 :
3161 5365 3295 5435 Quia
3353 5369 3503 5423 Deus
3532 5368 3650 5435 fuit,
3685 5378 3742 5426 ct

2137 5447 2309 5515 potuit
2337 5464 2647 5521 resurgere.
2683 5452 2884 5506 Contra
2921 5453 3026 5509 hoc
3074 5454 3274 5510 Paulus
3307 5473 3320 5512 :
3355 5457 3743 5514 Resurrexisse

2137 5533 2258 5589 dico
2286 5537 2472 5591 Jesum
2502 5554 2576 5593 ea:
2600 5540 2817 5596 semine
2845 5541 3042 5609 David,
3066 5541 3122 5598 id
3153 5550 3238 5599 est
3272 5543 3573 5602 secundum
3594 5547 3744 5618 quod
