3932 6440
170 381 262 437 465

800 385 1176 443 EXPOSITIO
1215 387 1288 441 IN
1324 387 1707 444 EPISTOLAS
1746 389 1969 446 PAULI.
2003 420 2070 430 —

2135 391 2207 446 ΙΝ
2238 392 2453 447 EPIST.
2498 394 2545 447 II
2581 394 2676 448 AD
2710 394 2850 449 TIM.
3389 389 3492 446 466

173 505 330 562 horto
362 507 474 562 fuit
499 527 516 572 ς
553 509 686 580 quia
714 510 1011 565 secundum
1041 525 1261 566 carnem
1293 511 1469 565 solum
1497 510 1640 566 ﬁlius
1670 513 1783 566 Da-
1815 514 1863 573 A
1888 513 2357 587 buendo.Negare
2372 516 2626 571 enimDei
2642 524 2724 571 est
2740 517 3093 572 bonaaeterna
3107 531 3214 572 non
3227 513 3486 570 tribuere.

182 593 266 648 vid
295 594 421 650 fuit.
475 598 795 653 Resurrexit
827 599 1010 669 utique
1057 599 1368 655 secundum
1423 601 1793 670 Evangelium

187 699 392 748 meum,
428 684 485 738 id
520 693 605 739 est
634 686 932 741 secundum
951 686 1096 758 quod
1126 703 1232 758 ego
1253 687 1524 757 praedico;
1559 687 1644 743 cui
1676 703 1793 742 cre-

195 770 429 826 dendum
463 780 569 838 est,
603 774 727 844 quia
748 774 1026 844 apostolus
1063 791 1093 828 a
1143 775 1259 830 Deo
1288 775 1488 829 missus
1519 792 1657 829 sum.
1693 775 1791 830 Vel

196 857 266 912 ita
298 873 310 911 :
345 860 426 913 Ex
459 860 670 915 semine
700 861 873 916 David
897 861 995 916 fuit
1011 861 1259 916 Christus
1280 862 1579 917 secundum
1602 863 1791 916 Evan-

195 945 394 1016 gelium
423 963 606 1002 meum
643 962 654 1001 :
696 949 758 1002 in
800 965 903 1018 quo
935 948 1057 1022 quia
1101 949 1413 1014 resurrexit,
1448 950 1792 1019 praedicando

197 1049 298 1105 ego
322 1034 512 1089 laboro
536 1051 709 1106 usque
728 1037 799 1090 ad
821 1037 1068 1092 vincula.
1094 1037 1388 1107 Pr0pterea
1404 1037 1548 1092 enim
1569 1037 1696 1108 quia
1713 1038 1792 1094 sic

193 1122 451 1192 praedico,
478 1122 534 1176 in
569 1123 799 1178 vinculis
821 1124 1030 1194 positus
1070 1125 1437 1195 constringor,
1463 1126 1623 1198 quasi
1641 1127 1792 1181 male

191 1225 449 1280 operans,
481 1210 720 1266 339
745 1212 797 1266 id
815 1213 1071 1284 estquasi
1109 1213 1481 1283 deprehensus
1519 1213 1572 1266 in
1608 1213 1791 1284 aliquo

190 1298 442 1352 crimine.
480 1298 652 1366 Quasi
687 1300 891 1355 diceret
923 1319 936 1354 :
973 1301 1043 1355 Et
1067 1316 1282 1372 poenam
1309 1300 1506 1371 patior,
1543 1301 1615 1370 (et
1647 1302 1790 1372 quod

190 1385 427 1456 amplius
449 1390 663 1459 gravat)
685 1389 1000 1459 opprobria.
1027 1389 1084 1444 Si
1108 1389 1249 1444 enim
1290 1396 1534 1459 putarent
1563 1405 1651 1443 me
1681 1390 1791 1460 pati

187 1490 293 1544 pro
317 1474 548 1542 justitia,
584 1475 776 1531 solatio
821 1477 953 1530 mihi
1009 1477 1191 1532 ﬁeret.
1261 1478 1327 1531 Et
1357 1492 1462 1549 ego
1492 1477 1711 1548 quidem
1736 1478 1792 1531 in

187 1561 424 1618 vinculis
449 1571 637 1618 teneor
657 1565 782 1620 :sed
812 1565 1040 1621 verbum
1060 1566 1160 1620 Dei
1188 1581 1302 1620 non
1333 1569 1417 1620 est
1447 1566 1748 1635 alligatum
1771 1585 1789 1620 :

190 1649 319 1722 quia
341 1650 502 1704 etiam
521 1651 575 1704 in
598 1651 826 1707 vinculis
846 1652 1108 1722 pradico.
1131 1652 1267 1707 Vide
1287 1653 1471 1722 igitur,
1494 1667 1562 1706 ne
1584 1660 1634 1705 et
1656 1653 1709 1706 in
1740 1661 1790 1707 te

188 1738 358 1792 timor
386 1737 574 1811 alliget
603 1741 828 1795 verbum
860 1741 978 1796 Dei.
1010 1741 1219 1795 Memor
1256 1757 1378 1795 esse
1426 1741 1596 1796 debes
1628 1741 1790 1795 Chri-

188 1835 336 1881 stum
367 1827 673 1884 surrexisse
709 1843 722 1882 :
756 1827 883 1899 quia
937 1828 1058 1885 ideo
1087 1829 1232 1899 quod
1263 1844 1474 1883 memor
1503 1845 1644 1898 sum,
1676 1829 1786 1885 sci-
1818 1865 1870 1924 B

187 1916 321 1972 licet
369 1916 788 1972 resurrectionis
819 1916 984 1981 illius,
1017 1917 1181 1971 credo
1210 1933 1277 1971 ne
1304 1926 1734 1972 resurrecturum
1771 1933 1784 1971 :

187 2026 296 2081 per
323 2024 467 2071 eum,
497 2007 748 2061 sustineo
781 2007 972 2060 omnia
1003 2004 1219 2059 vincula
1265 2013 1315 2058 et
1343 2005 1652 2074 opprobria.
1687 2005 1785 2059 Di-

189 2106 347 2155 ceret
399 2095 594 2166 aliquis
628 2111 640 2147 :
675 2093 850 2148 Etiam
883 2093 928 2148 si
958 2095 1074 2148 haec
1128 2110 1237 2147 non
1268 2093 1590 2159 sustineres,
1623 2110 1785 2147 mun-

189 2187 328 2241 ditia
357 2185 481 2240 vitae
527 2191 579 2238 et
609 2181 746 2237 ﬁdes
802 2197 933 2236 sana
983 2180 1275 2236 sufﬁceret.
1310 2181 1505 2236 Contra
1534 2183 1637 2237 hoc
1667 2181 1742 2235 ait
1770 2195 1783 2236 :

187 2277 455 2332 Sustineo
487 2271 674 2342 utique
729 2275 963 2343 propter
988 2271 1190 2325 electos
1220 2270 1319 2324 Dei
1352 2269 1640 2324 salvandos
1674 2287 1688 2323 :
1722 2273 1787 2324 ut

187 2366 246 2418 et
267 2364 379 2433 ipsi
398 2358 676 2430 praeelecti
702 2374 732 2412 a
750 2359 866 2412 Deo
884 2361 1304 2428 consequantur
1332 2358 1598 2424 salutem,
1623 2357 1677 2411 id
1707 2365 1787 2412 est

181 2448 631 2520 justiﬁcationem
662 2462 694 2502 a
723 2446 964 2517 peccatis
994 2446 1049 2499 in
1077 2445 1352 2516 praesenti,
1377 2461 1500 2518 qua:
1528 2445 1674 2500 salus
1705 2450 1788 2501 est

191 2540 260 2594 in
291 2537 510 2592 Christo
539 2537 689 2591 Iesu.
720 2535 1150 2605 Consequentur,
1185 2532 1425 2604 inquam,
1457 2533 1597 2588 hanc
1636 2533 1786 2587 salu-

188 2634 300 2682 tem
329 2641 460 2682 cum
490 2625 699 2681 caelesti
717 2624 898 2694 gloria
932 2641 948 2678 :
980 2622 1102 2692 quia
1135 2638 1231 2692 per
1253 2621 1629 2677 remissionem
1651 2636 1787 2691 pec-

188 2721 460 2779 catorum,
485 2729 607 2784 quae
626 2711 714 2766 hic
735 2709 810 2776 ﬁt,
835 2710 1150 2781 pervenitur
1166 2710 1233 2763 ad
1251 2718 1510 2764 aeternam
1530 2709 1783 2780 gloriam.

189 2803 295 2858 Hic
323 2811 499 2856 autem
559 2815 742 2856 sermo
802 2815 964 2870 quem
1011 2798 1141 2865 dixi,
1186 2798 1540 2852 laborandum
1581 2798 1787 2853 scilicet

188 2907 316 2946 esse
345 2906 442 2960 spe
499 2886 940 2952 resurrectionis,
972 2887 1156 2956 ﬁdelis
1187 2894 1268 2941 est
1291 2895 1342 2940 et
1372 2886 1511 2942 bene
1544 2885 1786 2942 credibi-

186 2978 278 3034 lis.
311 2978 494 3034 Fidele
527 2985 610 3032 est
638 2976 820 3048 utique
851 2983 904 3030 et
932 2975 1070 3030 bene
1108 2974 1370 3030 credibile
1407 2992 1418 3028 :
1453 2974 1595 3046 quod
1629 2974 1675 3029 si
1703 2974 1786 3029 le-

185 3067 378 3140 gitime
426 3066 676 3135 laboras,
725 3080 981 3136 resurges
1030 3063 1490 3134 quemadmodum
1522 3063 1783 3118 Christus.

184 3157 328 3212 Nam
350 3157 402 3211 si
429 3171 627 3211 sumus
657 3153 1013 3220 commortui,
1046 3152 1489 3222 derelinquentes
1520 3160 1674 3207 actus
1694 3167 1787 3206 ve-

182 3245 320 3302 teris
350 3243 585 3298 hominis
616 3242 765 3307 Adaa,
825 3243 1183 3298 convivemus
1241 3240 1404 3295 etiam
1461 3255 1585 3295 cum
1642 3239 1781 3310 ipso,
1819 3214 1864 3274 Ο

186 3333 315 3390 facti
343 3330 714 3403 impassibiles
743 3338 796 3384 et
823 3328 1158 3384 immortales
1188 3335 1242 3383 ut
1258 3328 1379 3394 ille;
1413 3328 1663 3382 Christus
1684 3329 1785 3381 uti-

185 3438 292 3494 que
324 3419 563 3492 quandiu
594 3419 650 3472 in
678 3418 879 3473 mundo
909 3425 1261 3472 conversatus
1291 3425 1392 3482 est,
1413 3424 1566 3472 actus
1595 3431 1785 3471 omnes

183 3509 386 3565 veteris
417 3507 653 3562 hominis
701 3514 920 3577 (praeter
949 3507 1255 3576 peccatum)
1286 3504 1494 3559 habuit.
1547 3504 1786 3558 Esurivit

181 3597 328 3653 enim
361 3597 582 3668 (Matth.
617 3597 718 3666 IV),
751 3594 915 3649 sitivit
942 3595 1105 3649 Joan.
1139 3595 1285 3663 xxx),
1313 3593 1570 3664 fatigatus
1592 3599 1694 3655 est,
1729 3599 1785 3645 ut

181 3695 332 3758 patet
353 3686 408 3739 in
424 3684 727 3755 Evangelio
773 3683 998 3738 Joannis
1030 3683 1212 3750 (Joan.
1246 3697 1322 3746 iv,
1359 3682 1433 3750 6),
1467 3681 1534 3734 ad
1563 3688 1785 3751 puteum

179 3792 306 3832 cum
341 3774 650 3828 Chananaza
682 3773 864 3841 (Joan.
899 3772 977 3840 iv)
997 3770 1228 3842 loquens
1257 3769 1348 3841 qui
1379 3785 1508 3824 vere
1540 3767 1786 3823 mortalis

188 3873 239 3918 et
264 3861 542 3934 passibilis
566 3868 700 3916 erat.
727 3859 833 3915 Sed
855 3867 1144 3931 postquam
1167 3866 1393 3912 mortem
1413 3873 1509 3928 pro
1532 3856 1787 3911 omnibus

177 3951 423 4024 pertulit,
458 3966 634 4021 neque
665 3964 914 4013 manum,
949 3963 1127 4017 neque
1159 3947 1372 4017 pedem,
1406 3945 1474 4000 ad
1503 3952 1655 4000 actus
1686 3961 1784 3998 ve-

177 4041 312 4097 teris
336 4039 570 4094 hominis
601 4036 839 4092 extendit
866 4053 879 4090 :
903 4035 1078 4091 factus
1104 4033 1456 4106 impassibilis
1487 4041 1539 4088 et
1561 4033 1785 4087 immor-

177 4130 327 4185 talis.
353 4128 408 4182 Si
433 4142 559 4183 vero
581 4141 681 4180 nos
698 4124 1081 4180 commorimur
1112 4123 1160 4179 ei
1179 4124 1236 4177 in
1264 4123 1610 4193 baptismate,
1641 4121 1785 4192 quod

177 4219 233 4272 in
279 4232 445 4273 cruce
475 4215 543 4269 ad
560 4212 1002 4282 justiﬁcationem
1020 4211 1299 4266 hominum
1319 4209 1678 4273 consecravit,
1700 4207 1786 4262 ef-

177 4306 420 4360 fundens
442 4319 635 4375 aquam
665 4301 735 4356 de
758 4301 922 4356 latere
945 4316 1063 4365 suo,
1097 4307 1146 4353 et
1161 4297 1437 4368 justiﬁcati
1468 4314 1567 4368 per
1590 4297 1788 4368 baptis-

182 4409 334 4449 mum
357 4391 579 4447 ulterius
608 4390 677 4446 ad
709 4397 864 4445 actus
895 4387 1092 4443 veteris
1123 4387 1378 4450 hominis,
1398 4386 1452 4440 id
1482 4393 1564 4440 est
1594 4386 1664 4440 ad
1692 4384 1789 4439 mi-

177 4482 359 4540 serias
380 4479 606 4551 peccati,
627 4493 820 4532 sensus
837 4484 1053 4532 nostros
1069 4491 1176 4532 non
1196 4475 1610 4530 extenderemus
1632 4491 1643 4527 :
1661 4489 1787 4528 con-

1968 602 2182 658 Diceret
2211 603 2461 658 fortassis
2508 605 2821 659 Timotheus
2857 619 2868 658 :
2902 604 3223 659 Incredibile
3251 603 3485 669 videtur,

1895 690 2040 760 quod
2070 692 2215 745 Deus
2245 699 2465 762 pr0pter
2493 700 2778 762 peccatum
2807 692 3040 764 abneget
3060 709 3178 747 eum
3204 691 3295 762 qui
3326 689 3488 746 ﬁdem

1896 777 1945 832 ei
1974 777 2260 834 confessus
2293 779 2382 833 sit.
2418 781 2620 835 Contra
2649 781 2752 836 hoc
2800 781 3000 835 Paulus
3033 796 3044 834 :
3079 781 3134 834 Si
3165 796 3276 835 non
3306 779 3488 834 credi-

1893 881 2015 919 mus
2045 867 2190 937 quod
2221 875 2512 938 negantem
2545 884 2605 922 se
2631 869 2699 921 sit
2754 876 3048 938 negaturus
3079 869 3244 933 Deus,
3277 869 3378 922 ille
3397 874 3487 920 ta-

1891 969 2016 1008 men
2047 959 2346 1025 permanet
2375 955 2577 1024 ﬁdelis,
2609 955 2664 1009 id
2694 962 2776 1010 est
2807 970 2967 1009 verax
2999 963 3047 1010 et
3079 954 3376 1020 credibilis,
3399 953 3491 1025 qui

1893 1041 2014 1096 ait:
2052 1063 2073 1091 α
2137 1041 2238 1109 Qui
2297 1042 2569 1097 erubuerit
2610 1059 2697 1097 me
2753 1058 2938 1098 coram
2993 1042 3322 1107 hominibus,
3382 1057 3488 1111 ego

1893 1129 2217 1184 erubescam
2269 1146 2391 1184 eum
2437 1146 2623 1185 coram
2673 1132 2830 1186 Patre
2853 1146 2976 1185 meo
3007 1132 3161 1200 (Luc.
3195 1145 3276 1198 IX,
3307 1129 3420 1199 26).
3459 1152 3480 1176 »

1893 1217 1983 1271 Sic
2013 1225 2192 1271 autem
2220 1217 2711 1287 permanetﬁdelis,
2735 1218 2880 1289 quod
2895 1218 3230 1288 impossibile
3251 1225 3334 1272 est
3362 1233 3487 1271 eum

1891 1321 2000 1359 non
2022 1321 2277 1360 veracem
2299 1322 2440 1359 esse.
2468 1307 2586 1361 Non
2609 1305 2753 1361 enim
2771 1310 2958 1377 potest
2979 1322 3184 1377 negare
3213 1310 3482 1377 seipsum,

1890 1393 1944 1447 id
1976 1401 2058 1447 est
2113 1409 2172 1447 se
2203 1409 2326 1448 esse
2388 1394 2558 1448 Deum
2593 1412 2606 1448 :
2640 1394 2685 1448 si
2724 1394 2866 1448 enim
2924 1394 3261 1454 mentiretur.
3304 1393 3488 1464 utique

1892 1482 2038 1536 Deus
2070 1496 2178 1534 non
2205 1489 2369 1536 esset.
2402 1484 2530 1546 Hoc,
2581 1482 2806 1550 scilicet,
2838 1489 2895 1536 ut
2926 1481 3300 1537 commoriaris
3330 1479 3486 1535 Chri-

1891 1577 1995 1634 sto,
2029 1577 2080 1624 et
2103 1569 2179 1624 sic
2209 1569 2412 1624 doceas
2439 1569 2575 1623 alios
2597 1585 2693 1640 spe
2721 1570 3047 1626 convivendi
3081 1569 3204 1641 ipsi,
3243 1584 3487 1626 commo-

1892 1673 2014 1725 neo,
2046 1661 2100 1712 te
2134 1659 2464 1726 testiﬁcans,
2500 1658 2603 1713 hoc
2633 1658 2726 1712 tibi
2755 1675 2947 1714 coram
2982 1660 3110 1723 Deo,
3146 1673 3214 1712 ne
3255 1656 3488 1726 amplius

1893 1745 2135 1814 requirat
2171 1746 2319 1800 Deus
2351 1745 2671 1817 sanguinem
2701 1746 2968 1801 Timothei
2996 1746 3065 1800 de
3093 1761 3256 1799 manu
3314 1743 3482 1798 Pauli.

1890 1832 2096 1888 Etlicet
2127 1841 2178 1888 te
2203 1840 2351 1887 tanta
2367 1832 2704 1888 districtione
2732 1849 3126 1899 commoneam,
3154 1841 3335 1887 tamen
3365 1832 3488 1886 noli

1889 1922 2226 1976 contendere
2248 1921 2444 1985 verbis,
2469 1921 2826 1976 immoderate
2847 1921 3095 1976 docendo
3117 1920 3262 1992 quod
3291 1920 3483 1974 doceo.

1889 2007 1991 2063 Vel
2018 2008 2087 2062 ita
2122 2026 2134 2062 :
2166 2010 2294 2074 Hoc,
2352 2009 2406 2063 id
2435 2017 2517 2063 est
2575 2008 3043 2064 commoriendum
3089 2024 3214 2062 esse
3271 2007 3487 2062 Christo

1889 2112 1986 2166 spe
2014 2096 2370 2164 convivendi,
2403 2113 2692 2153 com-mone
2730 2096 2865 2152 alios
2886 2139 2898 2162 ,
2936 2095 3231 2152 testiﬁcans
3262 2094 3377 2151 haec
3406 2095 3488 2150 eis

1890 2199 2070 2240 coram
2100 2186 2214 2239 Deo
2248 2199 2260 2238 :
2296 2200 2364 2239 ne
2394 2185 2615 2255 sanguis
2673 2201 2859 2240 eorum
2883 2185 2952 2239 de
2981 2199 3146 2239 manu
3177 2192 3268 2238 tua
3297 2183 3486 2254 requi-

1893 2280 2056 2327 ratur.
2089 2273 2158 2327 Et
2187 2272 2240 2326 in
2290 2273 2689 2328 commonendo
2719 2274 2843 2327 noli
2895 2273 3233 2328 contendere
3283 2271 3482 2337 verbis,

1889 2361 1961 2416 ad
1979 2361 2129 2416 nihil
2152 2363 2302 2415 enim
2325 2362 2469 2416 utile
2484 2365 2569 2415 est
2591 2360 2829 2432 litigare,
2849 2361 2962 2415 nisi
2983 2360 3054 2414 ad
3070 2361 3484 2415 subversionem

1889 2450 2246 2504 audientum.
2293 2449 2349 2503 Si
2381 2447 2525 2503 enim
2579 2449 2900 2518 insipientes
2959 2447 3181 2502 audiunt
3210 2446 3484 2518 quoslibet

1887 2537 2121 2609 litigare,
2151 2553 2246 2592 eos
2275 2537 2367 2608 qui
2394 2537 2570 2607 magis
2625 2535 2851 2590 clamosi
2881 2543 3024 2602 sunt,
3076 2542 3260 2605 putant
3281 2534 3482 2603 justic-

1888 2641 2004 2679 rem
2035 2641 2256 2681 causam
2287 2626 2510 2680 habere.
2557 2624 2855 2678 Stultorum
2886 2631 2968 2678 est
2998 2624 3140 2678 enim
3172 2621 3350 2677 stultis
3378 2622 3481 2676 ad-

1888 2715 2113 2768 herere.
2149 2713 2203 2767 Si
2236 2729 2367 2767 vero
2398 2721 2591 2768 neuter
2618 2713 2942 2782 litigantium
2990 2712 3228 2766 clamore
3258 2726 3484 2781 supera-

1887 2801 2043 2866 verit,
2069 2800 2308 2856 340
2324 2801 2569 2855 dubitant
2589 2800 2882 2870 simplices,
2898 2799 3004 2854 utri
3020 2799 3194 2869 magis
3210 2799 3485 2852 adhaeren-

1887 2890 2016 2943 dum
2049 2889 2136 2944 sit.
2173 2890 2296 2944 Noli
2326 2889 2664 2944 contendere
2691 2908 2708 2942 :
2739 2889 2834 2943 sed
2875 2889 3118 2944 sollicite
3149 2904 3288 2942 cura
3318 2887 3484 2942 exhi-

1889 2978 2014 3033 bere
2037 2979 2282 3049 teipsum
2298 2984 2486 3041 totum,
2511 2985 2562 3031 et
2583 2991 2815 3046 corpore
2845 2984 2898 3030 et
2919 2976 3101 3030 animo
3115 2974 3478 3046 probabilem,

1887 3066 1942 3120 id
1976 3075 2058 3120 est
2085 3065 2416 3119 laudabilem
2435 3066 2568 3118 Deo.
2605 3065 2669 3118 Ut
2689 3071 2868 3119 autem
2890 3063 2964 3118 sis
2983 3061 3299 3133 probabilis,
3323 3077 3484 3132 Opor-

1887 3162 1962 3208 tet
1990 3162 2041 3209 te
2071 3169 2194 3208 esse
2250 3154 2573 3223 operarium
2621 3152 3084 3222 inconfusibilem
3129 3171 3146 3206 :
3193 3149 3340 3221 quod
3370 3165 3481 3204 non

1885 3243 2181 3298 erubescas
2212 3241 2505 3311 prmdicare
2538 3255 2758 3296 crucem
2792 3239 3011 3306 Christi,
3053 3247 3157 3294 etc.
3200 3240 3268 3292 Et
3304 3241 3478 3305 recte,

1884 3331 1938 3385 id
1969 3338 2051 3384 est
2080 3329 2196 3384 sine
2228 3329 2573 3385 contentione
2597 3369 2610 3395 ,
2645 3344 2770 3384 cum
2799 3328 2944 3382 omni
2975 3326 3268 3392 modestia,
3331 3330 3482 3380 trac-

1887 3422 2105 3473 tantem
2132 3418 2358 3472 verbum
2379 3417 2658 3472 veritatis.
2683 3418 2748 3471 Ut
2764 3423 2943 3470 autem
2979 3423 3127 3470 recte
3149 3429 3316 3482 queas
3332 3419 3480 3468 trac-

1886 3515 2000 3561 tare
2036 3505 2261 3560 verbum
2291 3505 2410 3569 Dei,
2445 3505 2632 3559 devita
2659 3506 2922 3576 profana,
2948 3503 3002 3556 id
3035 3510 3117 3557 est
3144 3502 3236 3556 illa
3265 3501 3480 3571 penitus

1885 3593 2268 3649 abominanda.
2301 3592 2490 3647 Devita
2512 3591 2672 3647 etiam
2695 3591 3068 3662 inaniloquia,
3090 3590 3242 3644 idest
3272 3605 3394 3660 qua:
3433 3587 3480 3642 si

1885 3698 1992 3736 non
2013 3682 2086 3736 ita
2107 3681 2336 3751 profana
2358 3689 2500 3749 sunt,
2526 3679 2730 3734 inutilia
2747 3687 2928 3734 tamen
2946 3686 3089 3732 sunt.
3117 3677 3308 3732 Devita
3333 3676 3477 3740 ideo,

1886 3771 2018 3842 quia
2040 3771 2155 3824 ilth
2172 3769 2353 3823 inania
2375 3769 2540 3823 verba
2559 3769 2807 3822 multum
2825 3766 3124 3838 proﬁcient
3142 3766 3212 3819 ad
3229 3764 3485 3835 impieta-

1889 3863 2000 3913 tem
2020 3857 2456 3928 persuadendam
2479 3860 2566 3912 :et
2582 3872 2764 3911 sermo
2794 3871 3006 3921 eorum,
3039 3853 3219 3906 inania
3249 3852 3482 3923 loquen-

1887 3946 2038 4014 tium,
2053 3946 2229 4017 serpit
2249 3945 2512 4015 paulatim
2527 3948 2592 3999 ut
2615 3960 2838 4011 cancer,
2855 3942 2946 4013 qui
2966 3941 3192 3996 morbus
3208 3939 3485 4011 paululum

1888 4034 2070 4089 carnis
2101 4033 2330 4104 primum
2361 4039 2611 4102 occupat,
2646 4030 2745 4086 sed
2776 4029 3032 4100 paulatim
3065 4028 3242 4099 magis
3270 4043 3332 4082 ac
3362 4042 3485 4081 ma-

1887 4122 1974 4194 gis
2021 4129 2420 4193 augmentatur,
2471 4121 2647 4174 donec
2693 4118 2921 4173 occidat.
2983 4117 3051 4171 Et
3106 4117 3186 4171 sic
3243 4114 3486 4170 hieretici

1887 4210 2037 4281 prius
2067 4208 2258 4265 callide
2288 4208 2582 4272 inducunt,
2617 4206 2766 4278 quod
2811 4221 2912 4261 nec
2952 4205 3217 4276 prodesse
3248 4218 3349 4258 nec
3379 4218 3484 4256 no-

1887 4314 2014 4353 cere
2042 4297 2311 4362 videatur,
2348 4303 2400 4350 et
2429 4294 2625 4350 dehinc
2655 4293 2978 4348 alternando
2999 4292 3255 4355 rationes,
3281 4289 3488 4344 sensim

1886 4387 1940 4440 in
1971 4385 2260 4439 maximam
2302 4383 2552 4438 haeresim
2583 4381 2846 4436 excrescit
2876 4379 3120 4434 doctrina
3152 4392 3362 4432 eorum.
3396 4378 3486 4432 Ea:

1887 4475 2084 4547 quibus
2104 4471 2408 4542 vaniloquis
2443 4475 2529 4526 est
2570 4473 2924 4541 Hymenaeus,
2957 4470 3013 4522 et
3063 4467 3342 4532 Philetas,
3389 4464 3486 4536 qui

181 4574 436 4627 vivemus
466 4567 541 4622 illi
577 4582 589 4620 :
623 4566 750 4622 facti
781 4578 906 4621 cum
936 4581 1002 4620 eo
1033 4563 1401 4634 impassibiles
1432 4571 1484 4617 et
1514 4562 1858 4626 immorta-D
1890 4561 2231 4619 exciderunt
2259 4577 2294 4614 a
2325 4560 2566 4614 veritate
2597 4556 2743 4610 ﬁdei.

184 4659 291 4716 les.
316 4658 371 4712 Si
390 4672 522 4712 vero
539 4657 699 4724 hujus
721 4655 913 4709 mortis
931 4653 1221 4724 participes
1243 4667 1352 4706 non
1370 4650 1654 4716 fuerimus,
1687 4665 1790 4706 nec

182 4748 312 4803 vita:
357 4747 474 4814 ejus
531 4743 998 4815 participabimur.
1034 4742 1090 4797 Si
1121 4740 1462 4796 solummodo
1493 4738 1788 4795 commori-

181 4852 311 4890 mur
339 4835 389 4890 ei
424 4851 436 4888 :
471 4833 717 4887 vivemus
745 4847 867 4887 cum
899 4845 984 4885 eo.
1019 4829 1076 4884 Si
1105 4844 1237 4884 vero
1285 4826 1452 4898 (quod
1481 4827 1653 4894 majus
1684 4825 1790 4896 est)

183 4923 624 4986 sustinebimus,
674 4929 731 4974 ut
787 4926 1080 4988 martyres,
1140 4917 1336 4988 quibus
1383 4915 1522 4970 mori
1552 4914 1791 4986 peccatis

184 5029 298 5068 non
332 5011 463 5066 satis
485 5009 601 5075 fuit,
627 5008 725 5063 sed
747 5023 847 5078 pro
862 5005 1066 5075 justitia
1089 5005 1372 5060 voluerunt
1396 5003 1504 5074 pati
1530 5020 1542 5056 :
1567 5018 1667 5057 nos
1696 5001 1791 5055 uti-

185 5118 293 5173 que
322 5101 447 5174 quia
503 5095 915 5162 sustinebimus,
955 5093 1442 5164 conregnabimus,
1476 5091 1532 5146 id
1569 5099 1649 5145 est
1682 5105 1789 5143 non

181 5190 357 5246 solum
389 5189 658 5251 vivemus,
686 5184 785 5240 sed
816 5184 982 5239 etiam
1039 5182 1221 5253 palma
1253 5189 1305 5235 et
1337 5180 1558 5252 quidam
1593 5178 1790 5233 trium—

182 5276 322 5346 phus
353 5273 445 5329 ﬁet
485 5271 644 5327 nobis
676 5285 776 5341 pro
796 5267 1060 5339 dignitate
1081 5265 1347 5336 martyrii.
1375 5263 1520 5319 Licet
1539 5262 1791 5317 omnibus

179 5381 304 5421 esse
333 5380 456 5420 cum
492 5359 712 5416 Christo
761 5354 1006 5421 sufﬁciat,
1041 5363 1224 5409 tamen
1253 5353 1306 5406 in
1338 5353 1428 5406 illa
1459 5350 1793 5407 beatitudine

175 5453 540 5510 discretiones
570 5455 699 5504 sunt
729 5444 1072 5515 dignitatum.
1109 5443 1246 5500 Vere
1295 5440 1340 5494 si
1385 5439 1788 5505 commorimur,

166 5545 532 5601 convivemus
552 5558 571 5594 :
590 5535 724 5608 quia
749 5534 800 5588 si
830 5532 1219 5603 negaverimus
1249 5531 1422 5584 Deum
1445 5571 1455 5593 ,
1481 5527 1620 5581 male
1633 5541 1794 5597 agen~

162 5635 279 5694 do:
307 5633 412 5690 ille
436 5630 604 5686 etiam
647 5621 878 5696 negabit
898 5637 1018 5690 nos,
1042 5619 1208 5675 vitam
1241 5625 1500 5673 aeternam
1536 5631 1642 5671 non
1691 5613 1792 5672 tri-

1961 4647 2297 4704 Determinat
2328 4661 2450 4717 quae
2477 4645 2546 4699 sit
2574 4642 2801 4701 haeresis
2832 4657 3038 4706 eorum,
3071 4649 3125 4696 ut
3155 4638 3201 4693 si
3231 4637 3369 4693 forte
3391 4653 3484 4693 ve-

1888 4738 2070 4793 nerint
2092 4736 2158 4790 ad
2192 4736 2549 4800 Timotheum,
2582 4737 2885 4803 praecaveat
2933 4729 3038 4783 sibi
3071 4746 3084 4782 :
3116 4729 3368 4784 dicentes
3397 4742 3484 4781 re-

1890 4825 2303 4882 surrectionem
2324 4823 2446 4894 jam
2477 4837 2594 4878 esse
2629 4823 2867 4891 factam,
2919 4817 3003 4873 vel
3041 4817 3094 4871 in
3125 4815 3210 4869 his
3240 4815 3331 4886 qui
3361 4829 3484 4869 cum

1893 4914 2108 4969 Christo
2130 4919 2504 4975 surrexerunt,
2530 4909 2616 4964 vel
2642 4908 2698 4962 in
2718 4907 3006 4977 baptismo,
3030 4904 3082 4958 in
3111 4919 3218 4975 quo
3248 4917 3280 4957 a
3310 4909 3484 4956 morte

1892 5002 2098 5073 peccati
2145 5001 2214 5055 ad
2253 4999 2419 5055 vitam
2477 4998 2730 5052 virtutum
2787 4993 3144 5066 resurgimus.
3206 4991 3302 5045 llla
3339 4989 3486 5045 enim

1893 5091 2032 5144 trina
2062 5088 2372 5153 immersio,
2436 5085 2769 5156 sepulturam
2805 5081 3002 5138 Christi
3035 5081 3199 5135 trium
3228 5078 3443 5134 dierum
3475 5093 3490 5133 :

1893 5177 2123 5234 elevatio
2153 5192 2310 5242 vero,
2371 5173 2824 5229 resurrectionem
2856 5169 3053 5225 Christi
3098 5166 3385 5239 signiﬁcat.
3421 5166 3493 5221 Et

1893 5267 1972 5323 sic
2000 5266 2244 5321 dicentes
2274 5263 2608 5318 subvertant
2630 5261 2796 5329 ﬁdem
2826 5257 3217 5330 quorumdam.
3243 5256 3348 5310 Sed
3368 5253 3493 5309 licet

1893 5355 1969 5409 illi
2009 5354 2342 5416 subvertant,
2375 5359 2554 5404 tamen
2585 5349 3033 5419 fundamentum
3063 5346 3182 5413 Dei,
3234 5341 3290 5396 id
3321 5348 3406 5396 est
3434 5341 3490 5395 in

1893 5443 2092 5514 quibus
2114 5440 2250 5496 ﬁdes
2283 5441 2422 5494 bene
2453 5437 2675 5492 fundata
2714 5439 2817 5500 est,
2851 5443 2905 5489 et
2938 5433 3032 5505 qui
3061 5448 3090 5486 e
3134 5445 3403 5486 converso
3435 5429 3492 5482 in

1894 5530 2001 5585 ﬁde
2030 5545 2130 5600 per
2173 5530 2344 5582 Deum
2393 5525 2602 5581 fundati
2633 5531 2756 5578 sunt
2790 5540 2802 5576 :
2838 5523 2962 5586 hoc,
3009 5520 3246 5590 inquam,
3282 5517 3496 5588 funda-

1895 5623 2153 5676 mentum
2174 5624 2254 5672 cst
2273 5616 2505 5685 ﬁrmum
2522 5613 2727 5670 habens
2742 5611 3126 5681 signaculum.
3151 5606 3267 5663 Hoc
3288 5604 3492 5660 dictum
